{"host":"4e3fxqp5hzyqu39k","time":1612119472,"event":{"mods":["BaseMod","Minty Spire (QoL Compilation)"],"gold_per_floor":[119,130,130,141,141,141,172,172,218,234,64,77,89,117,117,220,220,234,254,106,106,116,116,116,127,206,206,206,206,206],"floor_reached":29,"language":"ENG","playtime":2195,"items_purged":["Strike_P"],"score":260,"play_id":"98dd1d2d-27a3-49ea-ac22-1afc3a190808","local_time":"20210131135752","is_ascension_mode":false,"campfire_choices":[{"data":"Perseverance","floor":6.0,"key":"SMITH"},{"floor":8.0,"key":"REST"},{"floor":15,"key":"REST"},{"floor":23,"key":"REST"}],"circlet_count":0,"master_deck":["Strike_P","Strike_P","Defend_P","Defend_P+1","Defend_P","Defend_P+1","Eruption+1","Vigilance","Evaluate+1","Perseverance+1","ClearTheMind","Adaptation","Halt","Crescendo","FlurryOfBlows","Consecrate","DeusExMachina","Alpha","CurseOfTheBell","WaveOfTheHand","EmptyBody+1","Ragnarok"],"relics":["PureWater","CultistMask","Lantern","Tiny Chest","Juzu Bracelet","Calling Bell","Omamori","Frozen Egg 2","Mango","War Paint","Mummified Hand","MealTicket","Gremlin Horn"],"acts_visited":["Exordium","TheCity"],"potions_floor_usage":[14],"damage_taken":[{"damage":7.0,"enemies":"2 Louse","floor":1.0,"turns":4.0},{"damage":0.0,"enemies":"Cultist","floor":2.0,"turns":3.0},{"damage":0.0,"enemies":"Small Slimes","floor":4.0,"turns":4.0},{"damage":34.0,"enemies":"Lagavulin","floor":7.0,"turns":13.0},{"damage":3.0,"enemies":"2 Fungi Beasts","floor":10.0,"turns":5.0},{"damage":1.0,"enemies":"Large Slime","floor":12.0,"turns":5.0},{"damage":0,"enemies":"Gremlin Gang","floor":13,"turns":9},{"damage":16,"enemies":"Gremlin Nob","floor":14,"turns":4},{"damage":15,"enemies":"The Guardian","floor":16,"turns":19},{"damage":6,"enemies":"Chosen","floor":18,"turns":6},{"damage":12,"enemies":"Shell Parasite","floor":19,"turns":7},{"damage":19,"enemies":"Snake Plant","floor":22,"turns":6},{"damage":29,"enemies":"Sentry and Sphere","floor":25,"turns":10},{"damage":61,"enemies":"Cultist and Chosen","floor":29,"turns":5}],"seed_played":"1729788863658788858","potions_obtained":[{"floor":1.0,"key":"LiquidMemories"},{"floor":4.0,"key":"Weak Potion"},{"floor":12.0,"key":"Energy Potion"},{"floor":13,"key":"Weak Potion"},{"floor":18,"key":"SteroidPotion"}],"is_trial":false,"path_per_floor":["M","M","?","M","?","R","E","R","T","M","$","M","M","E","R","B",null,"M","M","$","?","M","R","?","M","T","?","T","M"],"character_chosen":"WATCHER","items_purchased":["Halt","Crescendo","War Paint"],"campfire_rested":3,"item_purchase_floors":[11,11,20],"current_hp_per_floor":[65,65,65,65,65,65,31,52,52,49,49,48,48,32,53,38,86,80,68,68,51,32,59,59,30,30,30,30,0,0],"gold":206,"neow_bonus":"UPGRADE_CARD","is_daily":false,"chose_seed":false,"campfire_upgraded":1,"win_rate":0.0,"timestamp":1612119472,"path_taken":["M","M","?","M","?","R","E","R","T","M","$","M","M","E","R","BOSS","M","M","$","?","M","R","?","M","T","?","?","M"],"items_purchased_type":["Card","Card","Relic"],"build_version":"2020-12-22","purchased_purges":1,"victory":false,"max_hp_per_floor":[72,72,72,72,72,72,72,72,72,72,72,72,72,72,72,72,86,86,86,86,91,91,91,91,91,91,91,91,91,91],"card_choices":[{"not_picked":["BattleHymn","EmptyFist"],"picked":"Evaluate","floor":1.0},{"not_picked":["ThirdEye","BattleHymn","Evaluate"],"picked":"SKIP","floor":2.0},{"not_picked":["CutThroughFate","Collect"],"picked":"Perseverance","floor":4.0},{"not_picked":["Conclude","Fasting2"],"picked":"ClearTheMind","floor":7.0},{"not_picked":["Evaluate","FlyingSleeves"],"picked":"Adaptation","floor":10.0},{"not_picked":["Protect","TalkToTheHand"],"picked":"FlurryOfBlows","floor":12.0},{"not_picked":["Evaluate","Worship"],"picked":"Consecrate","floor":13},{"not_picked":["BattleHymn","Prostrate"],"picked":"DeusExMachina","floor":14},{"not_picked":["DevaForm","Scrawl"],"picked":"Alpha","floor":16},{"not_picked":["PathToVictory","Consecrate+1"],"picked":"WaveOfTheHand","floor":18},{"not_picked":["Weave","SignatureMove"],"picked":"EmptyBody+1","floor":19},{"not_picked":["Halt","BowlingBash","CarveReality"],"picked":"SKIP","floor":22},{"not_picked":["SashWhip","Prostrate"],"picked":"Ragnarok","floor":25}],"player_experience":249765,"relics_obtained":[{"floor":7.0,"key":"Lantern"},{"floor":9.0,"key":"Tiny Chest"},{"floor":14,"key":"Juzu Bracelet"},{"floor":17,"key":"Omamori"},{"floor":17,"key":"Frozen Egg 2"},{"floor":17,"key":"Mango"},{"floor":26,"key":"Mummified Hand"},{"floor":28,"key":"Gremlin Horn"}],"event_choices":[{"damage_healed":0.0,"max_hp_gain":0.0,"max_hp_loss":0.0,"gold_gain":0.0,"event_name":"Living Wall","player_choice":"Grow","floor":3.0,"gold_loss":0.0,"damage_taken":0.0,"cards_upgraded":["Evaluate"]},{"damage_healed":0.0,"max_hp_gain":0.0,"max_hp_loss":0.0,"gold_gain":0.0,"event_name":"FaceTrader","player_choice":"Trade","floor":5.0,"gold_loss":0.0,"damage_taken":0.0,"relics_obtained":["CultistMask"]},{"damage_healed":0,"gold_gain":0,"player_choice":"Shed Blood","damage_taken":22,"max_hp_gain":5,"max_hp_loss":0,"event_name":"Forgotten Altar","floor":21,"gold_loss":0},{"cards_removed":["Strike_P"],"damage_healed":0,"gold_gain":0,"player_choice":"Purged","damage_taken":0,"max_hp_gain":0,"max_hp_loss":0,"event_name":"Purifier","floor":24,"gold_loss":0},{"damage_healed":0,"gold_gain":0,"player_choice":"Opened","damage_taken":0,"relics_obtained":["MealTicket"],"max_hp_gain":0,"max_hp_loss":0,"event_name":"The Mausoleum","floor":27,"gold_loss":0,"cards_obtained":["Writhe"]}],"is_beta":false,"boss_relics":[{"not_picked":["Runic Dome","Fusion Hammer"],"picked":"Calling Bell"}],"items_purged_floors":[11],"is_endless":false,"potions_floor_spawned":[1,4,12,13,18],"killed_by":"Cultist and Chosen","ascension_level":0}}