{"host":"2nhpogk5xa0u9xre","time":1612099765,"event":{"mods":["Aspiration","BaseMod","Colored Powertips","Googly Eyes","Hubris","Infinite Spire","Minty Spire (QoL Compilation)","Rare Cards Sparkle","Replay The Spire","StSLib","The Construct","The Hayseed","The Hierophant","The Runesmith","The Senshi","everything is the same but u backflip on backflip"],"gold_per_floor":[119,130,130,149,164,164,195,195,222,242,252,269,301,85,85,186,186,204,222,186,202,202,202,202],"floor_reached":23,"language":"ENG","playtime":984,"items_purged":[],"score":205,"play_id":"4e0c18d5-0ead-4d1d-a591-424c6efa08dd","local_time":"20210131082925","is_ascension_mode":false,"campfire_choices":[{"data":"theSenshi:MoonPrismPowerMakeUp","floor":6,"key":"SMITH"},{"data":"theSenshi:MoonKick","floor":8,"key":"SMITH"},{"floor":15,"key":"REST"}],"circlet_count":0,"master_deck":["theSenshi:SailorKick+1","theSenshi:SailorKick+1","theSenshi:SailorKick","theSenshi:SailorKick","theSenshi:SailorBlock","theSenshi:SailorBlock","theSenshi:SailorBlock","theSenshi:SailorBlock","theSenshi:RoseThrow","theSenshi:MoonPrismPowerMakeUp+1","theSenshi:MoonKick+1","theSenshi:NeptunesGrace","construct:Enhance","theSenshi:SailorVenusAssists","theSenshi:SilverCrystal","theSenshi:MoonKick","theSenshi:SailorSaturnAssists","construct:MetalShell","theSenshi:MoonKick","theSenshi:CrisisMakeUp","theSenshi:Overload","theSenshi:SailorChibiMoonAssists","theSenshi:SaturnsMystery","theSenshi:SailorVenusAssists","theSenshi:LateForSchool+1","theSenshi:FatedKiss","construct:FocusedBeam","construct:Failsafe","theSenshi:MoonCrystalPowerMakeUp","theSenshi:UranusStrength","infinitespire:Fortify"],"relics":["theSenshi:TransformationBroochRelic","Replay:Rubber Ducky","hubris:DisguiseKit","Anchor","Whetstone","Gremlin Food","Orrery","Ring of Chaos"],"acts_visited":["Exordium","TheCity"],"potions_floor_usage":[16,19],"damage_taken":[{"damage":0,"enemies":"2 Louse","floor":1,"turns":4},{"damage":4,"enemies":"Jaw Worm","floor":2,"turns":4},{"damage":0,"enemies":"Cultist","floor":4,"turns":2},{"damage":14,"enemies":"3 Louse","floor":5,"turns":4},{"damage":19,"enemies":"Gremlin Nob","floor":7,"turns":5},{"damage":0,"enemies":"Large Slime","floor":10,"turns":4},{"damage":1,"enemies":"Blue Slaver","floor":11,"turns":3},{"damage":0,"enemies":"3 Louse","floor":12,"turns":3},{"damage":12,"enemies":"3 Sentries","floor":13,"turns":8},{"damage":22,"enemies":"Slime Boss","floor":16,"turns":11},{"damage":15,"enemies":"Spheric Guardian","floor":18,"turns":4},{"damage":0,"enemies":"Chosen","floor":19,"turns":4},{"damage":49,"enemies":"Shelled Parasite and Fungi","floor":21,"turns":8},{"damage":9,"enemies":"Replay:Snechameleon","floor":23,"turns":4}],"seed_played":"8154009269719899776","potions_obtained":[{"floor":4,"key":"Milkshake"},{"floor":5,"key":"Weak Potion"},{"floor":10,"key":"Elixir"},{"floor":13,"key":"Adrenaline Potion"},{"floor":18,"key":"Toxic Potion"}],"is_trial":false,"path_per_floor":["M","M","?","M","M","R","E","R","T","M","M","M","E","$","R","B",null,"M","M","$","M","?","E"],"character_chosen":"THE_SENSHI","items_purchased":["theSenshi:CrisisMakeUp","Orrery","theSenshi:MoonCrystalPowerMakeUp"],"campfire_rested":1,"item_purchase_floors":[14,14,20],"current_hp_per_floor":[75,71,71,71,57,57,38,38,38,38,37,42,35,35,57,58,75,60,60,60,33,15,6,6],"gold":202,"neow_bonus":"RANDOM_COMMON_RELIC","is_daily":false,"chose_seed":false,"campfire_upgraded":2,"win_rate":0.0,"timestamp":1612099765,"path_taken":["M","M","?","M","M","R","E","R","T","M","M","M","E","$","R","BOSS","M","M","$","M","?","E"],"items_purchased_type":["Card","Relic","Card"],"build_version":"2020-12-22","purchased_purges":0,"victory":false,"max_hp_per_floor":[75,75,75,75,75,75,75,75,75,75,75,75,75,75,75,75,75,75,75,75,75,75,75,75],"card_choices":[{"not_picked":["theSenshi:TuxedoSmokingBomber","theSenshi:MoonHealingEscalation"],"picked":"theSenshi:MoonKick","floor":1},{"not_picked":["theSenshi:SailorStarMakerAssists","theSenshi:MoonPower"],"picked":"theSenshi:NeptunesGrace","floor":2},{"not_picked":["theSenshi:TallSilhouette","theSenshi:SailorChibiMoonAssists","theSenshi:SailorVenusAssists"],"picked":"construct:Enhance","floor":4},{"not_picked":["theSenshi:MoonPower","theSenshi:SailorPlanetAttack","construct:Construct_Overclock"],"picked":"theSenshi:SailorVenusAssists","floor":5},{"not_picked":["theSenshi:MarsPride","theSenshi:SailorStarFighterAssists","construct:Dampening"],"picked":"theSenshi:SilverCrystal","floor":7},{"not_picked":["theSenshi:MoonsReflection","theSenshi:SailorChibiMoonAssists","construct:Anticipate"],"picked":"theSenshi:MoonKick","floor":10},{"not_picked":["theSenshi:TallSilhouette","theSenshi:SailorMarsAssists","construct:Construct_Overclock"],"picked":"theSenshi:SailorSaturnAssists","floor":11},{"not_picked":["theSenshi:SailorMarsAssists","theSenshi:LateForSchool","theSenshi:SailorStarMakerAssists"],"picked":"construct:MetalShell","floor":12},{"not_picked":["theSenshi:MoonsReflection","theSenshi:Sidestep","construct:Zapper"],"picked":"theSenshi:MoonKick","floor":13},{"not_picked":["theSenshi:MoonPrincessHalation","theSenshi:SailorV","construct:Backfire"],"picked":"theSenshi:Overload","floor":14},{"not_picked":["theSenshi:Sidestep","theSenshi:SchoolBag","construct:Backfire"],"picked":"theSenshi:SailorChibiMoonAssists","floor":14},{"not_picked":["theSenshi:LateForSchool","theSenshi:MoonGorgeousMeditation","construct:OmegaCannon"],"picked":"theSenshi:SaturnsMystery","floor":14},{"not_picked":["theSenshi:SchoolBag","theSenshi:SupersonicWaves","construct:Versatility"],"picked":"theSenshi:SailorVenusAssists","floor":14},{"not_picked":["theSenshi:MoonKick","theSenshi:EncouragingSpeech","construct:Zapper"],"picked":"theSenshi:LateForSchool","floor":14},{"not_picked":["theSenshi:SailorPlutoAssists","theSenshi:LunaSensingAllies","construct:ShieldBurst"],"picked":"theSenshi:FatedKiss","floor":16},{"not_picked":["theSenshi:SupersonicWaves","theSenshi:SailorJupiterAssists","theSenshi:SchoolBag"],"picked":"construct:FocusedBeam","floor":18},{"not_picked":["theSenshi:MoonPower+1","theSenshi:MercurysCunning","theSenshi:SailorPlanetAttack"],"picked":"construct:Failsafe","floor":19},{"not_picked":["theSenshi:LunasBite","theSenshi:TallSilhouette","construct:CripplingShot"],"picked":"theSenshi:UranusStrength","floor":21},{"not_picked":["infinitespire:Menacing","infinitespire:DeathsTouch"],"picked":"infinitespire:Fortify","floor":22}],"player_experience":260619,"relics_obtained":[{"floor":7,"key":"Anchor"},{"floor":9,"key":"Whetstone"},{"floor":13,"key":"Gremlin Food"}],"event_choices":[],"is_beta":false,"boss_relics":[{"not_picked":["Replay:Drink Me","theSenshi:MoonKaleidoScopeRelic"],"picked":"Ring of Chaos"}],"items_purged_floors":[],"is_endless":false,"potions_floor_spawned":[4,5,10,13,18],"killed_by":"Replay:Snechameleon","ascension_level":0}}