{"host":"kdt6w7ix8lwe69i9","time":1612077986,"event":{"mods":["100% Spire Juice","BaseMod","ChefMod","Evolution","Minty Spire (QoL Compilation)","Poor People Problems","Reimu（博丽灵梦）","Robot Space Explorer","Shade Mod","StSLib","The Dragonkin","The Gatherer","TheSurvivalist"],"gold_per_floor":[117,136,17,31,31,31,42,61,61,71,71,71,71],"floor_reached":12,"language":"ENG","playtime":1733,"items_purged":[],"score":122,"play_id":"bf132b71-4896-4c76-be17-36d254deca93","local_time":"20210131022626","is_ascension_mode":false,"campfire_choices":[{"data":"survmod:FlareBarrage","floor":6,"key":"SMITH"}],"circlet_count":0,"master_deck":["survmod:NockAnArrow","survmod:NockAnArrow","survmod:NockAnArrow","survmod:NockAnArrow","survmod:DuckAndFlare","survmod:DuckAndFlare","survmod:DuckAndFlare","survmod:DuckAndFlare","survmod:VersatileOffense","survmod:Sprint","survmod:BearTrap","survmod:FlareBarrage+1","survmod:ComplexMutation","survmod:TwinShot","survmod:AcidArrow","survmod:SurpriseTrap","survmod:SkillfulManeuver","survmod:MarkTrap"],"relics":["EVO:Axolotl","Velvet Choker","Dead Branch","White Beast Statue"],"acts_visited":["Exordium"],"potions_floor_usage":[],"damage_taken":[{"damage":0,"enemies":"2 Louse","floor":1,"turns":2},{"damage":0,"enemies":"Cultist","floor":2,"turns":3},{"damage":0,"enemies":"Jaw Worm","floor":4,"turns":2},{"damage":3,"enemies":"Large Slime","floor":7,"turns":5},{"damage":2,"enemies":"Blue Slaver","floor":8,"turns":3},{"damage":0,"enemies":"3 Louse","floor":10,"turns":2},{"damage":51,"enemies":"Gremlin Nob","floor":12,"turns":5}],"seed_played":"5653511706641434491","potions_obtained":[{"floor":1,"key":"SkillPotion"},{"floor":2,"key":"Strength Potion"},{"floor":8,"key":"BlessingOfTheForge"},{"floor":10,"key":"FearPotion"}],"is_trial":false,"path_per_floor":["M","M","$","M","?","R","M","M","T","M","?","E"],"character_chosen":"THE_SURVIVOR","items_purchased":["survmod:ComplexMutation","survmod:TwinShot"],"campfire_rested":0,"item_purchase_floors":[3,3],"current_hp_per_floor":[54,54,54,54,54,54,51,49,49,49,49,0,0],"gold":71,"neow_bonus":"BOSS_RELIC","is_daily":false,"chose_seed":false,"campfire_upgraded":1,"win_rate":0.0,"timestamp":1612077986,"path_taken":["M","M","$","M","?","R","?","M","T","M","?","E"],"items_purchased_type":["Card","Card"],"build_version":"2020-12-22","purchased_purges":0,"victory":false,"max_hp_per_floor":[54,54,54,54,54,54,54,54,54,54,54,54,54],"card_choices":[{"not_picked":["survmod:Adaptability","survmod:SwiftKick"],"picked":"survmod:BearTrap","floor":1},{"not_picked":["survmod:AimForTheLiver","survmod:SwiftKick"],"picked":"survmod:FlareBarrage","floor":2},{"not_picked":["survmod:PinningSnipe","survmod:PenetratingShot"],"picked":"survmod:AcidArrow","floor":4},{"not_picked":["survmod:UnfortunateEscape","survmod:HiddenTactic"],"picked":"survmod:SurpriseTrap","floor":7},{"not_picked":["survmod:UnleashTheTraps","survmod:SwiftKick"],"picked":"survmod:SkillfulManeuver","floor":8},{"not_picked":["survmod:DuckAndFlare","survmod:HiddenTactic"],"picked":"survmod:MarkTrap","floor":10}],"player_experience":1162871,"relics_obtained":[{"floor":9,"key":"White Beast Statue"}],"event_choices":[{"damage_healed":0,"gold_gain":0,"player_choice":"Gave Potion","damage_taken":0,"relics_obtained":["Dead Branch"],"max_hp_gain":0,"max_hp_loss":0,"event_name":"WeMeetAgain","floor":5,"gold_loss":0},{"damage_healed":0,"gold_gain":0,"player_choice":"Ignored","damage_taken":0,"max_hp_gain":0,"max_hp_loss":0,"event_name":"Golden Wing","floor":11,"gold_loss":0}],"is_beta":false,"boss_relics":[],"items_purged_floors":[],"is_endless":false,"potions_floor_spawned":[1,2,8,10],"killed_by":"Gremlin Nob","ascension_level":0}}