{"host":"w05x4i13f2m9joq1","time":1612074628,"event":{"mods":["Act Like it!","Bard","BaseMod","Better Altar","Better Match","Better Note","Better Sensory Stone","Better Skull","Better Third Choice","BetterRewards","CapriCore","Colored Map","Colored Powertips","Decade(???)","Defective Defect","Duelist Mod","Gensokyo","GifTheSpireLib","Googly Eyes","Infinite Spire","Ironclad Rager","Lobotomy","LobotomyExtend","Marisa????????","Melee Mod","Minty Spire (QoL Compilation)","Morshu Shopkeeper - ENHANCED","MostiFishMod","Quick Restart","Rare Cards Sparkle","Replay The Spire","Shop Mod","Spicy Shops","Spire Birthday Party","StSLib","Td1madao Mod","The Construct","The IronCluck","TheBandit","Uncapped","everything is the same but u backflip on backflip","slay the spire mod where everything is the same but ironclad has a cowboy hat"],"gold_per_floor":[11,11,11,11,25,52,52,52,52,52,52,66,86,149,149,249,249,268,11,11,70,90,116,116,41,68,78,78,93,110,10,10,114,114,134,146,163,177,177,177,197,197,197,208,220,220,251,263,263,263,263,263,263,15,40,40],"floor_reached":57,"language":"ENG","playtime":2899,"items_purged":[],"score":1329,"play_id":"08d9eece-902e-4946-bbb5-d058e4ffa836","local_time":"20210131013028","is_ascension_mode":false,"campfire_choices":[{"floor":7.0,"key":"REST"},{"floor":10.0,"key":"RECALL"},{"floor":15.0,"key":"REST"},{"floor":24.0,"key":"REST"},{"data":"Replay:Cycle","floor":28.0,"key":"SMITH"},{"data":"MostiFishMod:LegendTransform","floor":32.0,"key":"SMITH"},{"floor":40.0,"key":"REST"},{"data":"DevaForm","floor":49.0,"key":"SMITH"},{"data":"ReplayTheSpireMod:Private Reserves","floor":53,"key":"SMITH"}],"circlet_count":0,"master_deck":["Eruption+1","Vigilance","FollowUp","FollowUp","FollowUp","FollowUp","ThirdEye","ThirdEye","ThirdEye","MostiFishMod:FrostNova","MostiFishMod:WinterMarkForm+1","Tantrum+1","Halt","Replay:Cycle","JustLucky","Consecrate","Consecrate","MasterReality","Evaluate","Replay:Cycle+1","Replay:ManipulateFuture","Replay:BluntJabs","MostiFishMod:LegendTransform+1","Replay:BluntJabs","EmptyMind","MostiFishMod:LegendTransform+1","DevaForm+1","Replay:Hum+1","JustLucky","Crescendo+1","ReplayTheSpireMod:Private Reserves+1","Trip","FlyingSleeves","Scrawl","Replay:Battleflow+1"],"relics":["PureWater","DaveBox","FrostBlade","SynthV:TestCard","LetterFromLob","infinitespire:Beetle Shell","ArrowTower","CaptainsWheel","Replay:Bronze Core","Bottled Tornado","infinitespire:ShieldingShard","Centennial Puzzle","ChiXiaoBlade","Shuriken","Regal Pillow","infinitespire:Bottled Soul","Orichalcum"],"acts_visited":["Exordium","TheCity","TheBeyond","TheEnding"],"potions_floor_usage":[50],"damage_taken":[{"damage":5.0,"enemies":"Small Slimes","floor":1.0,"turns":3.0},{"damage":3.0,"enemies":"2 Louse","floor":5.0,"turns":2.0},{"damage":0.0,"enemies":"Gremlin Nob","floor":6.0,"turns":3.0},{"damage":0.0,"enemies":"Jaw Worm","floor":12.0,"turns":1.0},{"damage":0.0,"enemies":"Lots of Slimes","floor":13.0,"turns":1.0},{"damage":18.0,"enemies":"3 Sentries","floor":14.0,"turns":2.0},{"damage":3.0,"enemies":"The Guardian","floor":16.0,"turns":3.0},{"damage":0.0,"enemies":"Spheric Guardian","floor":18.0,"turns":2.0},{"damage":7.0,"enemies":"Shell Parasite","floor":22.0,"turns":2.0},{"damage":0.0,"enemies":"theDuelist:KaibaA2","floor":23.0,"turns":3.0},{"damage":0.0,"enemies":"Centurion and Healer","floor":27.0,"turns":2.0},{"damage":9.0,"enemies":"Snake Plant","floor":29.0,"turns":3.0},{"damage":0.0,"enemies":"Cultist and Chosen","floor":30.0,"turns":3.0},{"damage":27.0,"enemies":"Automaton","floor":33.0,"turns":5.0},{"damage":0.0,"enemies":"Orb Walker","floor":35.0,"turns":2.0},{"damage":0.0,"enemies":"3 Darklings","floor":36.0,"turns":3.0},{"damage":0.0,"enemies":"Transient","floor":37.0,"turns":4.0},{"damage":19.0,"enemies":"Jaw Worm Horde","floor":38.0,"turns":2.0},{"damage":0.0,"enemies":"4 Shapes","floor":41.0,"turns":2.0},{"damage":0.0,"enemies":"Spire Growth","floor":44.0,"turns":2.0},{"damage":5.0,"enemies":"3 Darklings","floor":45.0,"turns":3.0},{"damage":0.0,"enemies":"Giant Head","floor":47.0,"turns":2.0},{"damage":0.0,"enemies":"Jaw Worm Horde","floor":48.0,"turns":2.0},{"damage":34,"enemies":"infinitespire:MassOfShapes","floor":50,"turns":3},{"damage":0,"enemies":"Shield and Spear","floor":55,"turns":3},{"damage":8,"enemies":"The Heart","floor":56,"turns":4}],"seed_played":"-6496477725510004411","potions_obtained":[{"floor":5.0,"key":"BottledMiracle"},{"floor":16.0,"key":"Energy Potion"},{"floor":21.0,"key":"Reflective Coating"},{"floor":22.0,"key":"Weak Potion"},{"floor":23.0,"key":"Weak Potion"},{"floor":29.0,"key":"ColorlessPotion"},{"floor":33.0,"key":"ColorlessPotion"},{"floor":36.0,"key":"Weak Potion"},{"floor":44.0,"key":"construct:ShiftPotion"},{"floor":45.0,"key":"Venom Potion"}],"is_trial":false,"path_per_floor":["M","?","?","?","M","E","R","$","T","R","E","M","M","?","R","B",null,"M","$","?","?","M","E","R","?","T","M","R","M","M","$","R","B",null,"M","M","M","M","?","R","M","?","T","M","M","?","E","M","R","B",null,null,"R","$","E","B",null],"character_chosen":"WATCHER","items_purchased":["Bottled Tornado","MostiFishMod:LegendTransform","infinitespire:Bottled Soul"],"campfire_rested":4,"item_purchase_floors":[19,31,54],"current_hp_per_floor":[42,29,29,29,26,26,45,45,45,45,45,45,45,27,46,43,65,65,65,65,49,42,42,61,61,61,61,61,52,52,52,52,25,65,65,65,65,46,46,65,65,65,65,65,60,60,60,60,60,26,26,62,62,62,62,54],"gold":40,"neow_bonus":"WATCHER_SHAOLIN","is_daily":false,"chose_seed":false,"campfire_upgraded":4,"win_rate":0.0,"timestamp":1612074628,"path_taken":["M","?","?","?","?","E","R","?","T","R","E","?","M","?","R","BOSS","M","$","?","?","?","E","R","?","T","M","R","M","M","?","R","BOSS","M","M","M","M","?","R","M","?","T","?","M","?","E","M","R","BOSS","R","$","E","BOSS"],"items_purchased_type":["Relic","Card","Relic"],"build_version":"2020-12-22","purchased_purges":0,"victory":true,"max_hp_per_floor":[65,65,65,65,65,65,65,65,65,65,65,65,65,65,65,65,65,65,65,65,65,65,65,65,65,65,65,65,65,65,65,65,65,65,65,65,65,65,65,65,65,65,65,65,65,62,62,62,62,62,62,62,62,62,62,62],"card_choices":[{"not_picked":["SashWhip","MostiFishMod:Speedup"],"picked":"Tantrum","floor":1.0},{"not_picked":["Vengeance","FlyingSleeves","WreathOfFlame","ClearTheMind"],"picked":"Halt","floor":5.0},{"not_picked":["MostiFishMod:FlowState","Study","CrushJoints","CutThroughFate"],"picked":"Replay:Cycle","floor":6.0},{"not_picked":["Tantrum","Vengeance","Protect","BowlingBash"],"picked":"JustLucky","floor":12.0},{"not_picked":["Replay:Hum","ClearTheMind","CrushJoints","PathToVictory"],"picked":"Consecrate","floor":13.0},{"not_picked":["LessonLearned","Pray","Wallop","ThirdEye"],"picked":"Consecrate","floor":14.0},{"not_picked":["DevaForm","MostiFishMod:Moonprays","MostiFishMod:DisColor","MostiFishMod:OutWit"],"picked":"MasterReality","floor":16.0},{"not_picked":["MostiFishMod:Clarity","ReachHeaven","EmptyBody","BowlingBash"],"picked":"Evaluate","floor":18.0},{"not_picked":["BowlingBash","ICR:YinYang","Halt","CrushJoints+1"],"picked":"Replay:Cycle","floor":21.0},{"not_picked":["ThirdEye","Brilliance","SashWhip","Replay:AtTheReady+1"],"picked":"Replay:ManipulateFuture","floor":22.0},{"not_picked":["ReachHeaven","BowlingBash+1","Replay:Cycle+1","BattleHymn"],"picked":"Replay:BluntJabs","floor":23.0},{"not_picked":["MostiFishMod:FlowState","Pray+1","JustLucky","Protect"],"picked":"MostiFishMod:LegendTransform+1","floor":27.0},{"not_picked":["LikeWater","Protect","FlurryOfBlows","EmptyBody"],"picked":"Replay:BluntJabs","floor":29.0},{"not_picked":["SashWhip+1","MostiFishMod:Nomercy","ThirdEye","Protect"],"picked":"EmptyMind","floor":30.0},{"not_picked":["MostiFishMod:Adaptation","MostiFishMod:Unraveling","LessonLearned","MasterReality"],"picked":"DevaForm","floor":33.0},{"not_picked":["Halt","EmptyFist+1","Worship+1","Fasting2"],"picked":"Replay:Hum+1","floor":35.0},{"not_picked":["PathToVictory+1","Worship","BattleHymn","Consecrate+1"],"picked":"JustLucky","floor":36.0},{"not_picked":["BowlingBash+1","Consecrate","CrushJoints","ClearTheMind"],"picked":"Crescendo+1","floor":37.0},{"not_picked":["CarveReality+1","MostiFishMod:FlowState","BowlingBash+1","Crescendo","FlurryOfBlows+1"],"picked":"SKIP","floor":38.0},{"not_picked":["Enlightenment","Poisoned Strike","Blind","MostiFishMod:Awakening"],"picked":"ReplayTheSpireMod:Private Reserves","floor":39.0},{"not_picked":["Discovery","Thinking Ahead","Finesse","Panacea"],"picked":"Trip","floor":39.0},{"not_picked":["PathToVictory","ThirdEye+1","Replay:ManipulateFuture","Adaptation"],"picked":"FlyingSleeves","floor":41.0},{"not_picked":["EmptyBody","Sanctity","CrushJoints+1","MostiFishMod:ScryFuture+1","BowlingBash+1"],"picked":"SKIP","floor":44.0},{"not_picked":["Replay:ManipulateFuture+1","ThirdEye+1","Sanctity+1","WindmillStrike+1"],"picked":"Scrawl","floor":45.0},{"not_picked":["Replay:Hum","Evaluate+1","Adaptation","Halt+1"],"picked":"Replay:Battleflow+1","floor":47.0},{"not_picked":["ClearTheMind","CutThroughFate","Replay:ManipulateFuture","Wallop+1","EmptyFist+1"],"picked":"SKIP","floor":48.0},{"not_picked":["Replay:Anticipation","FlurryOfBlows","CutThroughFate","ClearTheMind+1","Halt+1"],"picked":"SKIP","floor":55}],"player_experience":159883,"relics_obtained":[{"floor":1.0,"key":"SynthV:TestCard"},{"floor":1.0,"key":"LetterFromLob"},{"floor":6.0,"key":"infinitespire:Beetle Shell"},{"floor":9.0,"key":"ArrowTower"},{"floor":14.0,"key":"CaptainsWheel"},{"floor":21.0,"key":"infinitespire:ShieldingShard"},{"floor":23.0,"key":"Centennial Puzzle"},{"floor":43.0,"key":"Shuriken"},{"floor":47.0,"key":"Regal Pillow"},{"floor":55,"key":"Orichalcum"}],"event_choices":[{"damage_healed":42.0,"max_hp_gain":0.0,"max_hp_loss":65.0,"gold_gain":0.0,"event_name":"betterThird:BetterShining","player_choice":"Upgrade","floor":2.0,"gold_loss":0.0,"damage_taken":13.0,"cards_upgraded":["MostiFishMod:WinterMarkForm","Tantrum"]},{"damage_healed":0.0,"max_hp_gain":0.0,"max_hp_loss":0.0,"gold_gain":0.0,"event_name":"Living Wall","player_choice":"Grow","floor":3.0,"gold_loss":0.0,"damage_taken":0.0,"cards_upgraded":["Eruption"]},{"damage_healed":0.0,"max_hp_gain":0.0,"max_hp_loss":0.0,"gold_gain":0.0,"event_name":"Golden Idol","player_choice":"Ignored","floor":4.0,"gold_loss":0.0,"damage_taken":0.0},{"damage_healed":0.0,"max_hp_gain":0.0,"max_hp_loss":0.0,"gold_gain":0.0,"event_name":"Dead Adventurer","player_choice":"Searched \u00271\u0027 times","floor":14.0,"gold_loss":0.0,"damage_taken":0.0},{"damage_healed":0.0,"max_hp_gain":0.0,"max_hp_loss":0.0,"gold_gain":0.0,"event_name":"betterNote:BetterNote","player_choice":"Ignored","floor":20.0,"gold_loss":0.0,"damage_taken":0.0,"cards_obtained":["MostiFishMod:Overload"]},{"cards_removed":["ReplayTheSpireMod:Restless Dread"],"damage_healed":0.0,"max_hp_gain":0.0,"max_hp_loss":0.0,"gold_gain":0.0,"event_name":"Beggar","player_choice":"Gave Gold","floor":25.0,"gold_loss":75.0,"damage_taken":0.0},{"damage_healed":0.0,"max_hp_gain":0.0,"max_hp_loss":0.0,"gold_gain":3.0,"event_name":"betterStone:BetterStone","player_choice":"1","floor":39.0,"gold_loss":0.0,"damage_taken":0.0},{"cards_removed":["ThirdEye"],"damage_healed":0.0,"max_hp_gain":0.0,"max_hp_loss":0.0,"gold_gain":0.0,"event_name":"Bonfire Elementals","player_choice":"Offered Basic","floor":42.0,"gold_loss":0.0,"damage_taken":0.0},{"damage_healed":0.0,"max_hp_gain":0.0,"max_hp_loss":3.0,"gold_gain":0.0,"event_name":"Winding Halls","player_choice":"Max HP","floor":46.0,"gold_loss":0.0,"damage_taken":0.0}],"is_beta":false,"boss_relics":[{"not_picked":["TimeKeys","Ectoplasm"],"picked":"Replay:Bronze Core"},{"not_picked":["JellyFishMachine","Cursed Key"],"picked":"ChiXiaoBlade"}],"items_purged_floors":[],"is_endless":false,"potions_floor_spawned":[5,16,22,23,29,33,36,37,44,45,47],"ascension_level":0}}