{"host":"ee5exjejqz6r5zx9","time":1612105178,"event":{"mods":["ATMod(阿瑾Mod)","Act Like it!","BaseMod","Card Forge","Colored Powertips","Custom Start","Gensokyo","HololiveMod","Minty Spire (QoL Compilation)","MostiFishMod","Pale of the Ancients","Quick Restart","Rare Cards Sparkle","Remove Card Discount Mod","Reorder Act Four","Replay The Spire","RumiaBox-露米娅的神秘盒子","Shop Mod","StSLib","TestMod","Yakumo Yukari mod","【功能Mod】混沌之环修复补丁","【遗物卡牌】REMEMod"],"gold_per_floor":[3333,3263,3123,2629,2643,2669,2682,2682,2682,2682,2682,2721,2721,2743,2743,2846,2846,2865,2573,2573,2260,2660,2660,2680,2719,2742,2742,2742,2778,2778,2801,2801,2915,2915,2915,2938,2624,2641,2486,2524,2524,2524,2550,2584,2584,2584,2524,2563,2563,2573,2573,2501,2501,2543,2556],"floor_reached":56,"language":"ZHS","playtime":2363,"items_purged":["Defend_purpleEX","Defend_purpleEX","Defend_purpleEX","AT_purpleEX","Defend_purpleEX+1","Observe_purple_1+1","AT_EmpoweredMortalDraw+1"],"score":1956,"play_id":"54a679b5-0963-4daa-8b54-74fae116a589","local_time":"20210131225938","is_ascension_mode":true,"campfire_choices":[{"floor":11.0,"key":"RECALL"},{"floor":15.0,"key":"DIG"},{"data":"AT_EmpoweredMortalDraw","floor":23.0,"key":"SMITH"},{"data":"Fancifulhole_purple","floor":28.0,"key":"SMITH"},{"floor":32.0,"key":"REST"},{"floor":42,"key":"REST"},{"floor":49,"key":"REST"},{"data":"OpenedBox_purple","floor":53,"key":"SMITH"}],"circlet_count":0,"master_deck":["Observe_purple_2+1","Venomology+1","RuleDissolution_purple+1","DimensionStaggered_purple+1","Charmbait_purple+1","Human_Monster_Realm_purple+1","MostiFishMod:SparklingWater+1","MostiFishMod:FantasySummer+1","MostiFishMod:NightSea+1","Nest_LightFlightworm_purple+1","DimensionStaggered_purple+1","Fancifulhole_purple+1","ProofOfUnderstanding_purple+1","Gensokyo:CustomPotion","OpenedBox_purple+1"],"relics":["Boundary_crack","Memoryfragments_purpleEX","Hammer of Thor","Seething Fire","Anvil of the Gods","testmod-TestBox","REME_ComplimentaryCards","AT_ATBox","testmod-DeterminationOfClimber","DSteel32","SynthV:TestCard","Gambling Chip","REME_CardOfGreed","Replay:Bottled Snecko","Lizard Tail","AT_BladeRuinedKing","MagicDraw4","MoonlightInvasionPlan","Ancient Tea Set","Orrery","Gensokyo:SongOfSouls","Ying","Guide Book","Replay:Ringing Soul","Juzu Bracelet","PlanX","Runic Pyramid","OrangePellets","BrkXgEgg","AT_SunfireAegis","Bottled Tornado","DaveBox","Lizard Tail","Strawberry","Replay:Wax Seal","AT_SpeedBoots","Pondfish Scales"],"acts_visited":["Gensokyo:Gensokyo","Gensokyo:Gensokyoer","Gensokyo:Gensokyoest","TheEnding"],"potions_floor_usage":[36,36,44,44,44,50,55,55],"damage_taken":[{"damage":0.0,"enemies":"Gensokyo:2_Kodama","floor":1.0,"turns":1.0},{"damage":0.0,"enemies":"Gensokyo:3_Fairies","floor":5.0,"turns":1.0},{"damage":21.0,"enemies":"Gensokyo:Mamizou","floor":6.0,"turns":1.0},{"damage":0.0,"enemies":"Gensokyo:Gryphon","floor":7.0,"turns":2.0},{"damage":17.0,"enemies":"Gensokyo:Cirno","floor":12.0,"turns":4.0},{"damage":0.0,"enemies":"Gensokyo:5_Fairies","floor":14.0,"turns":2.0},{"damage":0.0,"enemies":"Gensokyo:Reimu","floor":16.0,"turns":4.0},{"damage":0.0,"enemies":"Gensokyo:3_Dogs","floor":18.0,"turns":2.0},{"damage":0.0,"enemies":"Gensokyo:2_Gloops","floor":24.0,"turns":1.0},{"damage":0.0,"enemies":"Gensokyo:Tenshi","floor":25.0,"turns":1.0},{"damage":0.0,"enemies":"Gensokyo:Koishi","floor":29.0,"turns":2.0},{"damage":0.0,"enemies":"Gensokyo:Wraith","floor":31.0,"turns":1.0},{"damage":0.0,"enemies":"Gensokyo:Eternal_Rivals","floor":33.0,"turns":2.0},{"damage":0,"enemies":"Gensokyo:AncientGuardian","floor":36,"turns":1},{"damage":0,"enemies":"Gensokyo:3_Boulders","floor":38,"turns":1},{"damage":0,"enemies":"Gensokyo:Kasen","floor":40,"turns":2},{"damage":0,"enemies":"Gensokyo:Doremy","floor":44,"turns":2},{"damage":0,"enemies":"Gensokyo:Marisa","floor":48,"turns":1},{"damage":0,"enemies":"Gensokyo:Yuyuko","floor":50,"turns":2},{"damage":0,"enemies":"Shield and Spear","floor":54,"turns":1},{"damage":0,"enemies":"The Heart","floor":55,"turns":4}],"seed_played":"1967982299090855552","potions_obtained":[{"floor":5.0,"key":"Regen Potion"},{"floor":7.0,"key":"EntropicBrew"},{"floor":31.0,"key":"SpeedPotion"},{"floor":33.0,"key":"SpeedPotion"},{"floor":44,"key":"REME_GoldPotion"}],"is_trial":false,"path_per_floor":["M","?","?","$","M","E","M","COS","T","?","R","E","?","M","R","B",null,"M","$","?","COS","?","R","M","E","T","?","R","E","T","M","R","B",null,"R","M","COS","M","$","E","?","R","T","E","?","?","?","E","R","B",null,"$","R","E","B",null],"character_chosen":"Youkari","items_purchased":["DimensionStaggered_purple","Charmbait_purple","REME_CardOfGreed","Replay:Bottled Snecko","Ancient Tea Set","Orrery","AT_SunfireAegis","OpenedBox_purple"],"campfire_rested":3,"item_purchase_floors":[4,4,4,4,19,19,39,52],"current_hp_per_floor":[70,70,70,70,70,49,54,54,54,54,54,46,39,52,52,64,70,70,70,70,70,70,70,70,73,73,73,73,73,73,73,73,76,76,76,76,76,76,76,76,76,76,83,83,83,83,86,86,86,86,86,89,89,89,89],"gold":2556,"neow_bonus":"THREE_ENEMY_KILL","is_daily":false,"chose_seed":false,"campfire_upgraded":3,"win_rate":0.0,"timestamp":1612105178,"path_taken":["M","?","?","$","M","E","M","COS","T","?","R","E","?","M","R","BOSS","M","$","?","COS","?","R","M","E","T","?","R","E","?","M","R","BOSS","M","M","COS","M","$","E","?","R","T","E","?","?","?","E","R","BOSS","$","R","E","BOSS"],"items_purchased_type":["Card","Card","Relic","Relic","Relic","Relic","Relic","Card"],"build_version":"2020-12-22","purchased_purges":7,"victory":true,"max_hp_per_floor":[70,70,70,70,70,70,70,70,70,70,70,70,70,70,70,70,70,70,70,70,70,70,70,70,73,73,73,73,73,73,73,73,76,76,76,76,76,76,76,76,76,76,83,83,83,83,86,86,86,86,86,89,89,89,89],"card_choices":[{"not_picked":["Mirror_FourBoundary_purple","ButterflyHabitatTemple_purple"],"picked":"RuleDissolution_purple","floor":1.0},{"not_picked":["ExistenceContinue_purple","Worldmountain_purple","SfantasyHide_purple","OmniscientAndOmnipotent_Monster_purple","RuleDissolution_purple"],"picked":"SKIP","floor":5.0},{"not_picked":["WorldDissolvedintheRealm_purple","WeekHit_purple","CommonSense_AntiCommonSense_purple","Boundary_DynamicStaticEquilibrium_purple"],"picked":"Human_Monster_Realm_purple","floor":6.0},{"not_picked":["DimensionStaggered_purple","Shallow_ocean_purpleEX","AdvanceAttack_purple","MetroBOOM_purple","Erosivefilter_purple"],"picked":"SKIP","floor":7.0},{"not_picked":["WorldDissolvedintheRealm_purple","Erosivefilter_purple","RuleDissolution_purple","SharpContractionReality_purple"],"picked":"Bait_HighSpeedFlying_purple","floor":12.0},{"not_picked":["Mirror_FourBoundary_purple","Umbrella_purple","WeekHit_purple","Photoelasticity_Doppler_Effect_purple","ExternalForce_HighSpeedFlying_purple"],"picked":"SKIP","floor":14.0},{"not_picked":["Monsters_DoubleDeathButterfly_purple","ContainerChange_purple","Computing_the_future_purpleEX","WangLiang_OokamiKakushi_purple"],"picked":"LoveAcrossDimensions_purple","floor":16.0},{"not_picked":["SharpContractionReality_purple","DarkRealmRedLine_purple","AdvanceAttack_purple","Line_surface_state_purple"],"picked":"Nest_LightFlightworm_purple+1","floor":18.0},{"not_picked":["Mirror_Drifter_purple+1","StateErode_purple","RuptureOfTimeAndSpace_purple","AdvanceAttack_purple"],"picked":"DimensionStaggered_purple+1","floor":19.0},{"not_picked":["RuleDissolution_purple","SfantasyHide_purple+1","Worldmountain_purple","DimensionStaggered_purple","RuptureOfTimeAndSpace_purple+1"],"picked":"SKIP","floor":24.0},{"not_picked":["StateErode_purple","ExternalForce_HighSpeedFlying_purple+1","MeetDecomposer_purple+1","StateDuplicate_purple+1"],"picked":"Fancifulhole_purple","floor":25.0},{"not_picked":["Erosivefilter_purple+1","StateErode_purple","OpenedBox_purple","Worldmountain_purple","Boundary_DreamRealityDamnation_purple"],"picked":"SKIP","floor":29.0},{"not_picked":["MonsterNeedle_purple","Fantasy_PerpetualMotionMachine_purple","Photoelasticity_Doppler_Effect_purple","MeetDecomposer_purple+1","StateErode_purple"],"picked":"SKIP","floor":31.0},{"not_picked":["Computing_the_future_purpleEX","Price_of_realm_purpleEX","Boundary_LifeAndDeath_purple","GluttonyofRealm_purpleEX"],"picked":"ProofOfUnderstanding_purple","floor":33.0},{"not_picked":["Boundary_LightAndDark_purple+1","StretchesForeverDream_purple+1","SfantasyHide_purple+1","RuleDissolution_purple+1","ExistenceContinue_purple"],"picked":"SKIP","floor":36},{"not_picked":["Mirror_FormAndEmptin_purple+1","Realm_recovery_purpleEX+1","RuleDissolution_purple","Anti_communist_purple+1","Mirror_Drifter_purple+1"],"picked":"SKIP","floor":38},{"not_picked":["MNeedle_purple","RuleDissolution_purple+1","Mirror_FormAndEmptin_purple","MonsterNeedle_purple+1","ButterflyHabitatTemple_purple+1"],"picked":"SKIP","floor":40},{"not_picked":["MNeedle_purple","RuleDissolution_purple+1","Mirror_FormAndEmptin_purple","MonsterNeedle_purple+1","ButterflyHabitatTemple_purple+1"],"picked":"SKIP","floor":40},{"not_picked":["ProofOfUnderstanding_purple+1","Fancifulhole_purple+1","CommonSense_AntiCommonSense_purple+1","UniverseChoice_purple+1","Realm_recovery_purpleEX"],"picked":"SKIP","floor":44},{"not_picked":["DimensionStaggered_purple+1","RuleDissolution_purple","Mirror_FormAndEmptin_purple","Photoelasticity_Doppler_Effect_purple","Boundary_DynamicStaticEquilibrium_purple+1"],"picked":"SKIP","floor":48},{"not_picked":["ExistenceContinue_purple+1","Realm_recovery_purpleEX","AdvanceAttack_purple+1","OmniscientAndOmnipotent_Monster_purple","Umbrella_purple+1"],"picked":"SKIP","floor":54}],"player_experience":448336,"relics_obtained":[{"floor":1.0,"key":"SynthV:TestCard"},{"floor":6.0,"key":"Lizard Tail"},{"floor":12.0,"key":"AT_BladeRuinedKing"},{"floor":15.0,"key":"MagicDraw4"},{"floor":25.0,"key":"Replay:Ringing Soul"},{"floor":26.0,"key":"Juzu Bracelet"},{"floor":30.0,"key":"PlanX"},{"floor":40,"key":"Bottled Tornado"},{"floor":43,"key":"Strawberry"},{"floor":44,"key":"Replay:Wax Seal"},{"floor":48,"key":"AT_SpeedBoots"},{"floor":54,"key":"Pondfish Scales"}],"event_choices":[{"damage_healed":0.0,"max_hp_gain":0.0,"max_hp_loss":0.0,"gold_gain":400.0,"event_name":"恩洛斯的盘子","player_choice":"Sell","floor":22.0,"relics_lost":["NeowsBlessing"],"gold_loss":0.0,"damage_taken":0.0},{"damage_healed":0,"gold_gain":0,"player_choice":"Swap Relic","damage_taken":0,"relics_obtained":["DaveBox"],"max_hp_gain":0,"max_hp_loss":0,"event_name":"给自己的盒子","floor":41,"relics_lost":["DaveBox"],"gold_loss":0}],"is_beta":false,"boss_relics":[{"not_picked":["ReplayTheSpireMod:DimensionalGlitch","PatriotShield"],"picked":"MoonlightInvasionPlan"},{"not_picked":["NightmareShop","ChewingGum"],"picked":"Runic Pyramid"}],"items_purged_floors":[4,4,4,4,19,52,52],"is_endless":false,"potions_floor_spawned":[5,7,18,25,31,33,38,44],"ascension_level":3}}