{"host":"yfdtuf6ojcxn06xg","time":1612068757,"event":{"mods":["2.2 Compatiblity","AchievementEnabler","BaseMod","Colored Map","Colored Powertips","Curses Come First","Hermit","JesterMod","Jorbs\u0027s Wanderer Trilogy","Minty Spire (QoL Compilation)","Quick Restart","Rare Cards Sparkle","Relic Stats","Replay The Spire","StSLib","The Cursed","The Disciple","The Hierophant","The Jungle","The Marked","The Necromancer","The Servant 0.9.4"],"gold_per_floor":[113,123,139,139,150,176,176,240,240,274,274,274,301,376,376,471,471,481,481,24,24,44,44,44,44],"floor_reached":24,"language":"ENG","playtime":1380,"items_purged":["Strike_B"],"score":249,"play_id":"5b976970-e084-4ea0-888f-f6deed8dfafb","local_time":"20210130235237","is_ascension_mode":true,"campfire_choices":[{"data":"Zap","floor":7,"key":"SMITH"},{"data":"Loop","floor":11,"key":"SMITH"},{"data":"Redo","floor":15,"key":"SMITH"},{"data":"Loop","floor":23,"key":"SMITH"}],"circlet_count":0,"master_deck":["Strike_B","Strike_B","Strike_B","Defend_B","Defend_B","Defend_B","Defend_B","Zap+1","Dualcast","FTL","Double Energy","Beam Cell","Steam","Chill","Chill","Loop+1","Redo+1","Thunder Strike","Genetic Algorithm","Consume","Loop+1","Pot Of Greed","Pot Of Greed"],"relics":["Cracked Core","NeowsBlessing","Cables","Pear","InkBottle","Pantograph","DataDisk","Replay:Grab Bag","Replay:Bronze Core","Replay:Fungal Core","Black Star","Anchor","Grinning Jar"],"acts_visited":["Exordium","TheCity"],"potions_floor_usage":[6,6,8,10,16,24],"damage_taken":[{"damage":0,"enemies":"Cultist","floor":1,"turns":1},{"damage":0,"enemies":"Jaw Worm","floor":2,"turns":1},{"damage":0,"enemies":"Small Slimes","floor":3,"turns":1},{"damage":3,"enemies":"3 Louse","floor":5,"turns":3},{"damage":20,"enemies":"Lagavulin","floor":6,"turns":8},{"damage":15,"enemies":"Lagavulin Event","floor":8,"turns":4},{"damage":0,"enemies":"3 Sentries","floor":10,"turns":8},{"damage":3,"enemies":"Lagavulin","floor":13,"turns":8},{"damage":10,"enemies":"The Guardian","floor":16,"turns":7},{"damage":22,"enemies":"Shell Parasite","floor":18,"turns":11},{"damage":23,"enemies":"Spheric Guardian","floor":22,"turns":8},{"damage":50,"enemies":"Gremlin Leader","floor":24,"turns":9}],"seed_played":"-140731347326823409","potions_obtained":[{"floor":1,"key":"Languid Potion"},{"floor":4,"key":"BlessingOfTheForge"},{"floor":4,"key":"Block Potion"},{"floor":5,"key":"Dexterity Potion"},{"floor":6,"key":"ColorlessPotion"},{"floor":13,"key":"DuplicationPotion"},{"floor":22,"key":"Milkshake"}],"is_trial":false,"path_per_floor":["M","M","M","?","M","E","R","?","T","E","R","?","E","?","R","B",null,"M","?","$","?","M","R","E"],"character_chosen":"DEFECT","items_purchased":["Loop","Anchor","Grinning Jar"],"campfire_rested":0,"item_purchase_floors":[20,20,20],"current_hp_per_floor":[75,75,75,75,72,52,52,47,47,47,47,75,72,61,61,75,85,63,63,63,63,40,40,0,0],"gold":44,"neow_bonus":"THREE_ENEMY_KILL","is_daily":false,"chose_seed":false,"campfire_upgraded":4,"win_rate":0.0,"timestamp":1612068757,"path_taken":["M","M","?","?","?","E","R","?","T","E","R","?","E","?","R","BOSS","M","?","$","?","M","R","E"],"items_purchased_type":["Card","Relic","Relic"],"build_version":"2020-12-22","purchased_purges":1,"victory":false,"max_hp_per_floor":[75,75,75,75,75,75,75,85,85,85,85,85,85,85,85,85,85,85,85,85,85,85,85,85,85],"relic_stats":{"counters":[12,68],"Pantograph":24,"Black Star":0,"obtain_stats":[{"Pear":8,"NeowsBlessing":0,"Replay:Fungal Core":17,"Replay:Grab Bag":17,"Cables":6,"DataDisk":13,"Anchor":20,"Pantograph":10,"Replay:Bronze Core":17,"Black Star":17,"Grinning Jar":20,"Cracked Core":0,"InkBottle":9},{"Pear":6,"NeowsBlessing":0,"Replay:Fungal Core":9,"Replay:Grab Bag":9,"Cables":5,"DataDisk":8,"Anchor":10,"Pantograph":7,"Replay:Bronze Core":9,"Black Star":9,"Grinning Jar":10,"Cracked Core":0,"InkBottle":6},{"Pear":18,"NeowsBlessing":0,"Replay:Fungal Core":40,"Replay:Grab Bag":40,"Cables":14,"DataDisk":33,"Anchor":51,"Pantograph":26,"Replay:Bronze Core":40,"Black Star":40,"Grinning Jar":51,"Cracked Core":0,"InkBottle":18}],"InkBottle":[24],"Cables":[50,29,21,0,0]},"card_choices":[{"not_picked":["Panic Button","Redo"],"picked":"FTL","floor":1},{"not_picked":["Recycle","Turbo"],"picked":"Double Energy","floor":2},{"not_picked":["Go for the Eyes","Force Field"],"picked":"Beam Cell","floor":3},{"not_picked":["ReplayTheSpireMod:Repulse","Glacier"],"picked":"Steam","floor":5},{"not_picked":["ReplayTheSpireMod:System Scan","ReplayTheSpireMod:Reroute Power"],"picked":"Chill","floor":6},{"not_picked":["Ball Lightning","Hologram"],"picked":"Chill","floor":8},{"not_picked":["Fusion","Redo"],"picked":"Loop","floor":10},{"not_picked":["Lockon","Coolheaded"],"picked":"Redo","floor":13},{"not_picked":["Multi-Cast","Machine Learning"],"picked":"Thunder Strike","floor":16},{"not_picked":["Leap","Rebound"],"picked":"Genetic Algorithm","floor":18},{"not_picked":["ReplayTheSpireMod:GoodbyeWorld","Gash","Streamline"],"picked":"SKIP","floor":22}],"player_experience":238077,"relics_obtained":[{"floor":6,"key":"Cables"},{"floor":8,"key":"Pear"},{"floor":9,"key":"InkBottle"},{"floor":10,"key":"Pantograph"},{"floor":13,"key":"DataDisk"}],"event_choices":[{"damage_healed":0,"gold_gain":0,"player_choice":"Got Potions","damage_taken":0,"max_hp_gain":0,"max_hp_loss":0,"event_name":"Lab","floor":4,"gold_loss":0},{"damage_healed":0,"gold_gain":0,"player_choice":"Searched \u00272\u0027 times","damage_taken":0,"max_hp_gain":0,"max_hp_loss":0,"event_name":"Dead Adventurer","floor":8,"gold_loss":0},{"damage_healed":28,"gold_gain":0,"player_choice":"Banana","damage_taken":0,"max_hp_gain":0,"max_hp_loss":0,"event_name":"Big Fish","floor":12,"gold_loss":0},{"damage_healed":0,"gold_gain":75,"player_choice":"Gather Gold","damage_taken":11,"max_hp_gain":0,"max_hp_loss":0,"event_name":"World of Goop","floor":14,"gold_loss":0},{"damage_healed":0,"gold_gain":0,"player_choice":"Read","damage_taken":0,"max_hp_gain":0,"max_hp_loss":0,"event_name":"The Library","floor":19,"gold_loss":0,"cards_obtained":["Consume"]},{"damage_healed":0,"gold_gain":0,"player_choice":"Ignored","damage_taken":0,"max_hp_gain":0,"max_hp_loss":0,"event_name":"Vampires","floor":21,"gold_loss":0}],"is_beta":false,"boss_relics":[{"not_picked":["SacredBark","Runic Dome"],"picked":"Replay:Grab Bag"},{"not_picked":["Ectoplasm","Sozu"],"picked":"Replay:Bronze Core"},{"not_picked":["ReplayTheSpireMod:Onyx Gauntlets","Fusion Hammer"],"picked":"Replay:Fungal Core"},{"not_picked":["Replay:Drink Me","Calling Bell"],"picked":"Black Star"}],"items_purged_floors":[20],"is_endless":false,"potions_floor_spawned":[1,5,6,13,22],"killed_by":"Gremlin Leader","ascension_level":1}}