{"host":"axuns55dzq466eei","time":1612088239,"event":{"mods":["BaseMod","Colored Map","Keyboard Shortcuts","Minty Spire (QoL Compilation)","StSLib","SuperFastMode"],"gold_per_floor":[118,118,43,60,79,112,126,176,225,237,254,269,293,293,293,293,293],"floor_reached":16,"language":"KOR","playtime":302,"items_purged":[],"score":208,"play_id":"626db4e3-bb74-49e6-87db-52f1d3ad54fa","local_time":"20210131191719","is_ascension_mode":true,"campfire_choices":[{"floor":15,"key":"REST"}],"circlet_count":0,"master_deck":["AscendersBane","Strike_R","Strike_R","Strike_R","Defend_R","Defend_R","Defend_R","Defend_R","Bash","Cleave","Sword Boomerang","Pommel Strike","Pommel Strike","Second Wind","Shrug It Off","Rage","Fiend Fire"],"relics":["Burning Blood","NeowsBlessing","Shuriken","Dream Catcher","Centennial Puzzle","Odd Mushroom"],"acts_visited":["Exordium"],"potions_floor_usage":[10,11,13,13],"damage_taken":[{"damage":0,"enemies":"2 Louse","floor":1,"turns":1},{"damage":0,"enemies":"Small Slimes","floor":4,"turns":1},{"damage":0,"enemies":"Cultist","floor":5,"turns":1},{"damage":61,"enemies":"Lagavulin","floor":6,"turns":7},{"damage":17,"enemies":"Looter","floor":7,"turns":4},{"damage":1,"enemies":"2 Fungi Beasts","floor":10,"turns":3},{"damage":20,"enemies":"Large Slime","floor":11,"turns":5},{"damage":6,"enemies":"Blue Slaver","floor":12,"turns":4},{"damage":12,"enemies":"The Mushroom Lair","floor":13,"turns":2},{"damage":42,"enemies":"Slime Boss","floor":16,"turns":9}],"seed_played":"8003524180511017444","potions_obtained":[{"floor":6,"key":"BloodPotion"},{"floor":7,"key":"Fruit Juice"},{"floor":10,"key":"ColorlessPotion"},{"floor":11,"key":"Explosive Potion"}],"is_trial":false,"path_per_floor":["M","?","?","M","M","E","M","?","T","M","M","M","?","?","R","B"],"character_chosen":"IRONCLAD","items_purchased":[],"campfire_rested":1,"item_purchase_floors":[],"current_hp_per_floor":[74,69,69,75,75,20,9,9,9,19,21,21,15,15,39,0,0],"gold":293,"neow_bonus":"THREE_ENEMY_KILL","is_daily":false,"chose_seed":false,"campfire_upgraded":0,"win_rate":0.0,"timestamp":1612088239,"path_taken":["M","?","?","M","M","E","M","?","T","?","M","M","?","?","R","BOSS"],"items_purchased_type":[],"build_version":"2020-12-22","purchased_purges":0,"victory":false,"max_hp_per_floor":[75,75,75,75,75,75,75,75,75,80,80,80,80,80,80,80,80],"card_choices":[{"not_picked":["Warcry","Body Slam"],"picked":"Cleave","floor":1},{"not_picked":["Shrug It Off","Dropkick"],"picked":"Sword Boomerang","floor":4},{"not_picked":["Fire Breathing","Clash"],"picked":"Pommel Strike","floor":5},{"not_picked":["Whirlwind","Offering"],"picked":"Pommel Strike","floor":6},{"not_picked":["Havoc","Dark Embrace","Flex"],"picked":"SKIP","floor":7},{"not_picked":["Heavy Blade","Wild Strike"],"picked":"Second Wind","floor":10},{"not_picked":["Clash","Havoc"],"picked":"Shrug It Off","floor":11},{"not_picked":["Shockwave","Power Through"],"picked":"Rage","floor":12},{"not_picked":["Clash","Body Slam"],"picked":"Fiend Fire","floor":15}],"player_experience":1102607,"relics_obtained":[{"floor":6,"key":"Dream Catcher"},{"floor":9,"key":"Centennial Puzzle"},{"floor":13,"key":"Odd Mushroom"}],"event_choices":[{"damage_healed":0,"gold_gain":0,"player_choice":"Success","damage_taken":5,"relics_obtained":["Shuriken"],"max_hp_gain":0,"max_hp_loss":0,"event_name":"Scrap Ooze","floor":2,"gold_loss":0},{"cards_removed":["Strike_R"],"damage_healed":0,"gold_gain":0,"player_choice":"Card Removal","damage_taken":0,"max_hp_gain":0,"max_hp_loss":0,"event_name":"The Cleric","floor":3,"gold_loss":75},{"damage_healed":0,"gold_gain":50,"player_choice":"Pray","damage_taken":0,"max_hp_gain":0,"max_hp_loss":0,"event_name":"Golden Shrine","floor":8,"gold_loss":0},{"damage_healed":0,"gold_gain":0,"player_choice":"Fought Mushrooms","damage_taken":0,"max_hp_gain":0,"max_hp_loss":0,"event_name":"Mushrooms","floor":13,"gold_loss":0},{"cards_removed":["Strike_R"],"damage_healed":0,"gold_gain":0,"player_choice":"Forget","damage_taken":0,"max_hp_gain":0,"max_hp_loss":0,"event_name":"Living Wall","floor":14,"gold_loss":0}],"is_beta":false,"boss_relics":[],"items_purged_floors":[],"is_endless":false,"potions_floor_spawned":[6,7,10,11,12],"killed_by":"Slime Boss","ascension_level":20}}