{"host":"pe7ycb8t2t906so2","time":1612117546,"event":{"mods":["BaseMod","Colored Map","Highlight Path","Minty Spire (QoL Compilation)"],"gold_per_floor":[114,114,124,142,28,28,28,28,28,47,79,79,96,46,46,120,120,139,139,156,206,206,206,222,222,222,222,257,9,27,42,42,42,42],"floor_reached":33,"language":"FRA","playtime":1859,"items_purged":["Defend_B","Strike_B","Strike_B"],"score":477,"play_id":"f4a73aa5-d0c0-4388-98b7-65f7f5ee6b02","local_time":"20210131132546","is_ascension_mode":true,"campfire_choices":[{"data":"Zap","floor":6,"key":"SMITH"},{"data":"Dualcast","floor":8,"key":"SMITH"},{"data":"Coolheaded","floor":15,"key":"SMITH"},{"data":"Electrodynamics","floor":23,"key":"SMITH"},{"data":"Self Repair","floor":25,"key":"SMITH"},{"floor":27,"key":"REST"},{"floor":32,"key":"RECALL"}],"circlet_count":0,"master_deck":["AscendersBane","Strike_B","Defend_B","Defend_B","Defend_B","Zap+1","Dualcast+1","Go for the Eyes","Echo Form","Steam","Conserve Battery","Self Repair+1","Coolheaded+1","Ball Lightning","Leap","Electrodynamics+1","Self Repair","Loop"],"relics":["Cracked Core","NeowsBlessing","Cables","Dead Branch","Smiling Mask","Busted Crown","NlothsMask","Nunchaku","ClockworkSouvenir"],"acts_visited":["Exordium","TheCity"],"potions_floor_usage":[11,28,28,31],"damage_taken":[{"damage":0,"enemies":"Jaw Worm","floor":1,"turns":1},{"damage":0,"enemies":"Cultist","floor":3,"turns":1},{"damage":0,"enemies":"2 Louse","floor":4,"turns":1},{"damage":0,"enemies":"Exordium Thugs","floor":10,"turns":5},{"damage":27,"enemies":"3 Sentries","floor":11,"turns":10},{"damage":1,"enemies":"Exordium Wildlife","floor":13,"turns":3},{"damage":19,"enemies":"Hexaghost","floor":16,"turns":6},{"damage":21,"enemies":"2 Thieves","floor":18,"turns":3},{"damage":8,"enemies":"Spheric Guardian","floor":20,"turns":4},{"damage":12,"enemies":"Chosen and Byrds","floor":24,"turns":5},{"damage":34,"enemies":"Book of Stabbing","floor":28,"turns":7},{"damage":32,"enemies":"Snake Plant","floor":30,"turns":4},{"damage":6,"enemies":"Shelled Parasite and Fungi","floor":31,"turns":5},{"damage":39,"enemies":"Automaton","floor":33,"turns":10}],"seed_played":"6179312513584992345","potions_obtained":[{"floor":1,"key":"Strength Potion"},{"floor":3,"key":"SneckoOil"},{"floor":4,"key":"Regen Potion"},{"floor":16,"key":"Swift Potion"},{"floor":18,"key":"FearPotion"},{"floor":28,"key":"Fruit Juice"},{"floor":30,"key":"SkillPotion"}],"is_trial":false,"path_per_floor":["M","?","M","M","$","R","?","R","T","M","E","?","M","$","R","B",null,"M","?","M","?","?","R","M","R","T","R","E","$","M","M","R","B"],"character_chosen":"DEFECT","items_purchased":["Self Repair","ClockworkSouvenir","Self Repair"],"campfire_rested":1,"item_purchase_floors":[5,29,29],"current_hp_per_floor":[64,64,64,64,64,64,64,64,64,71,66,66,71,71,71,59,68,47,47,46,46,46,46,41,41,41,62,43,43,28,32,32,0,0],"gold":42,"neow_bonus":"THREE_ENEMY_KILL","is_daily":false,"chose_seed":false,"campfire_upgraded":5,"win_rate":0.0,"timestamp":1612117546,"path_taken":["M","?","?","M","$","R","?","R","T","M","E","?","M","$","R","BOSS","M","?","M","?","?","R","?","R","T","R","E","$","M","?","R","BOSS"],"items_purchased_type":["Card","Relic","Card"],"build_version":"2020-12-22","purchased_purges":3,"victory":false,"max_hp_per_floor":[71,71,71,71,71,71,71,71,71,71,71,71,71,71,71,71,71,71,71,71,71,71,71,71,71,71,71,76,76,76,76,76,76,76],"card_choices":[{"not_picked":["Steam Power","Recycle"],"picked":"Go for the Eyes","floor":1},{"not_picked":["Streamline","Turbo"],"picked":"Steam","floor":3},{"not_picked":["Streamline","Leap"],"picked":"Conserve Battery","floor":4},{"not_picked":["Fusion","Storm"],"picked":"Coolheaded","floor":10},{"not_picked":["Cold Snap","Redo"],"picked":"Ball Lightning","floor":11},{"not_picked":["Thunder Strike","Cold Snap"],"picked":"Leap","floor":13},{"not_picked":["Thunder Strike","Reboot"],"picked":"Electrodynamics","floor":16},{"not_picked":["Undo+1"],"picked":"SKIP","floor":18},{"not_picked":["Steam"],"picked":"SKIP","floor":20},{"not_picked":["Genetic Algorithm"],"picked":"SKIP","floor":24},{"not_picked":["Steam"],"picked":"SKIP","floor":28},{"not_picked":[],"picked":"Loop","floor":30},{"not_picked":["Reprogram"],"picked":"SKIP","floor":31}],"player_experience":985372,"relics_obtained":[{"floor":9,"key":"Cables"},{"floor":11,"key":"Dead Branch"},{"floor":28,"key":"Nunchaku"}],"event_choices":[{"damage_healed":0,"gold_gain":0,"cards_transformed":["Strike_B"],"player_choice":"Transformed","damage_taken":0,"max_hp_gain":0,"max_hp_loss":0,"event_name":"Transmorgrifier","floor":2,"gold_loss":0,"cards_obtained":["Echo Form"]},{"damage_healed":0,"gold_gain":0,"player_choice":"Ignored","damage_taken":0,"max_hp_gain":0,"max_hp_loss":0,"event_name":"Golden Idol","floor":7,"gold_loss":0},{"damage_healed":0,"gold_gain":0,"player_choice":"Gave Potion","damage_taken":0,"relics_obtained":["Smiling Mask"],"max_hp_gain":0,"max_hp_loss":0,"event_name":"WeMeetAgain","floor":12,"gold_loss":0},{"damage_healed":0,"gold_gain":0,"player_choice":"Ignored","damage_taken":0,"max_hp_gain":0,"max_hp_loss":0,"event_name":"Ghosts","floor":19,"gold_loss":0},{"damage_healed":0,"gold_gain":50,"player_choice":"Stole From Cult","damage_taken":0,"max_hp_gain":0,"max_hp_loss":0,"event_name":"Nest","floor":21,"gold_loss":0},{"damage_healed":0,"gold_gain":0,"player_choice":"Trade","damage_taken":0,"relics_obtained":["NlothsMask"],"max_hp_gain":0,"max_hp_loss":0,"event_name":"FaceTrader","floor":22,"gold_loss":0}],"is_beta":false,"boss_relics":[{"not_picked":["Pandora\u0027s Box","Coffee Dripper"],"picked":"Busted Crown"}],"items_purged_floors":[5,14,29],"is_endless":false,"potions_floor_spawned":[1,3,4,16,18,28,30],"killed_by":"Automaton","ascension_level":16}}