{"host":"qzpuxnheibnu7155","time":1612105802,"event":{"mods":["Act Like it!","BaseMod","Displayed Cursed Tome","Downfall","FoggyMod","Gensokyo","Minty Spire (QoL Compilation)","MostiFishMod","Pale of the Ancients","Remilia（蕾米莉亚）","RumiaBox-露米娅的神秘盒子","StSLib","TestMod","UnlockEverythingMod","Waifu the Spire","【功能Mod】Neow奖励","【遗物卡牌】REMEMod","没有小屋子和绿帽子啦"],"gold_per_floor":[367,367,467,547,547,767,1167,923,946,946,946,373,373,191,191,270,270,286,286,286,118,135,165,165],"floor_reached":23,"language":"ZHS","playtime":1033,"items_purged":["Defend_RM","Strike_RM","Defend_RM"],"score":396,"play_id":"15d0b8d2-6788-481a-bbe9-1a566107f70e","local_time":"20210131231002","is_ascension_mode":true,"campfire_choices":[{"data":"MostiFishMod:KingOfFree","floor":13,"key":"SMITH"},{"floor":15,"key":"RECALL"}],"circlet_count":0,"master_deck":["AscendersBane","Strike_RM","RedMoon","ScarletShoot","REME_Cut+1","DiffusionOfMisfortune","MastersStateliness","MostiFishMod:KingOfFree+1","MastersStateliness","QueenOfMidnight","UltimateOffering","Gensokyo:FourOfAKind","Gensokyo:FourOfAKind","Gensokyo:FourOfAKind","Gensokyo:FourOfAKind","Gensokyo:TarnishedGold","Gensokyo:Shovel","Gensokyo:BlemishedSteel","Maim"],"relics":["ScarletHat","DaveBox","REME_ComplimentaryCards","testmod-Alchemist","MostiFishMod:Haymaker","SynthV:TestCard","Baka","Gensokyo:PerfectCherryBlossom","GodSword6","testmod-Fanaticism"],"acts_visited":["Gensokyo:Gensokyo","Gensokyo:Gensokyoer"],"potions_floor_usage":[],"damage_taken":[{"damage":3,"enemies":"Gensokyo:3_Fairies","floor":1,"turns":7},{"damage":1,"enemies":"Gensokyo:2_Kodama","floor":6,"turns":6},{"damage":2,"enemies":"Gensokyo:Reimu","floor":16,"turns":7},{"damage":15,"enemies":"Gensokyo:CosmicMonolith","floor":18,"turns":2},{"damage":31,"enemies":"Gensokyo:AngelMirror","floor":22,"turns":2},{"damage":0,"enemies":"Gensokyo:Tenshi","floor":23,"turns":1}],"seed_played":"9040109011227084893","potions_obtained":[{"floor":6,"key":"FearPotion"},{"floor":22,"key":"REME_GoldPotion"}],"is_trial":false,"path_per_floor":["M","?","?","?","?","M","?","$","T","?","?","$","R","$","R","B",null,"M","?","?","COS","M","E"],"character_chosen":"REMILIA","items_purchased":["Strawberry","GodSword6","MostiFishMod:KingOfFree","MastersStateliness"],"campfire_rested":0,"item_purchase_floors":[8,12,12,14],"current_hp_per_floor":[42,8,8,8,8,11,11,18,18,18,18,18,18,18,18,27,65,75,75,51,51,47,47,47],"gold":165,"neow_bonus":"TWO_FIFTY_GOLD","is_daily":false,"chose_seed":false,"campfire_upgraded":1,"win_rate":0.0,"timestamp":1612105802,"path_taken":["M","?","?","?","?","?","?","$","T","?","?","$","R","?","R","BOSS","M","?","?","COS","?","E"],"items_purchased_type":["Relic","Relic","Card","Card"],"build_version":"2020-12-22","purchased_purges":3,"victory":false,"max_hp_per_floor":[70,70,70,70,70,70,70,77,77,77,77,77,77,77,77,77,77,77,77,51,51,51,51,51],"card_choices":[{"not_picked":["SuperhumanBloodyKnife","CharismaGuard"],"picked":"DiffusionOfMisfortune","floor":1},{"not_picked":["BombardNight","NightDance","CharismaGuard","NightLord"],"picked":"MastersStateliness","floor":6},{"not_picked":["HeartBreak","BloodRain","ScarletMeister","EquivalentExchange"],"picked":"QueenOfMidnight","floor":16},{"not_picked":["Stigmanizer","ScarletImprint","VampireKiss","BloodyTrap"],"picked":"UltimateOffering","floor":18},{"not_picked":["NightLord","BombardNight","RedRainbow","VampireKiss"],"picked":"Maim","floor":22}],"player_experience":618352,"relics_obtained":[{"floor":1,"key":"SynthV:TestCard"},{"floor":1,"key":"Baka"}],"event_choices":[{"damage_healed":0,"gold_gain":400,"player_choice":"Sell","damage_taken":0,"max_hp_gain":0,"max_hp_loss":0,"event_name":"恩洛斯的盘子","floor":7,"relics_lost":["testmod-TestBox"],"gold_loss":0}],"is_beta":false,"boss_relics":[{"not_picked":["Snecko Eye","PatriotShield"],"picked":"testmod-Fanaticism"}],"items_purged_floors":[8,12,14],"is_endless":false,"potions_floor_spawned":[6,22],"killed_by":"Gensokyo:Tenshi","ascension_level":20}}