{"host":"h3ybbam5olp21xet","time":1612053221,"event":{"mods":["BaseMod","Downfall","Hermit","Hubris","Infinite Spire","Minty Spire (QoL Compilation)","StSLib","The Bug Knight"],"gold_per_floor":[99,112,129,35,52,65,65,65,65,65,86,119,138,46,59,159,159,159,175,9,24,36,36,63,120,138,150,150,150,150,170,189,287,287,287,299,316,334,334,334,334,334],"floor_reached":40,"language":"ENG","playtime":2246,"items_purged":["bronze:Defend"],"score":392,"play_id":"6f3ecf2b-be38-4248-bfab-dc4fd68a8657","local_time":"20210130183341","is_ascension_mode":false,"campfire_choices":[{"data":"bronze:Goto","floor":1,"key":"SMITH"},{"data":"bronze:Replicate","floor":8,"key":"SMITH"},{"floor":10,"key":"REST"},{"data":"bronze:BronzeOrb","floor":18,"key":"SMITH"},{"data":"bronze:BronzeOrb","floor":23,"key":"SMITH"},{"data":"expansioncontent:QuickStudy","floor":28,"key":"SMITH"},{"floor":30,"key":"REST"},{"data":"bronze:AlphaBuild","floor":35,"key":"SMITH"}],"circlet_count":0,"master_deck":["bronze:Strike","bronze:Strike","bronze:Strike","bronze:Strike","bronze:Defend","bronze:Defend","bronze:Defend","bronze:Replicate+1","bronze:Goto+1","bronze:BronzeOrb+1","bronze:Overheat","bronze:WhirlingStrike","bronze:Flail+1","bronze:ChosenStrike","bronze:ClassDefault","bronze:WhirlingStrike","bronze:Flail","bronze:Repair","bronze:BronzeOrb+1","bronze:ThunderWave","bronze:WhirlingStrike+1","bronze:FineTuning","bronze:Iterate","bronze:ChosenStrike","expansioncontent:QuickStudy+1","bronze:ClassDefault","bronze:DelayedSlice","bronze:AlphaBuild+1","bronze:Optimize"],"relics":["bronze:BronzeCore","Ornamental Fan","Odd Mushroom","Vajra","Runic Dome","bronze:SilverBullet","Nloth\u0027s Gift","SlaversCollar","hubris:Icosahedron"],"acts_visited":["Exordium","TheCity","TheBeyond"],"potions_floor_usage":[16,16,16],"damage_taken":[{"damage":1,"enemies":"Cultist","floor":2,"turns":3},{"damage":0,"enemies":"2 Louse","floor":3,"turns":3},{"damage":0,"enemies":"downfall:FleeingMerchant","floor":4,"turns":4},{"damage":5,"enemies":"Jaw Worm","floor":5,"turns":2},{"damage":21,"enemies":"Exordium Thugs","floor":6,"turns":4},{"damage":14,"enemies":"The Mushroom Lair","floor":11,"turns":3},{"damage":10,"enemies":"Gremlin Nob","floor":12,"turns":3},{"damage":2,"enemies":"Red Slaver","floor":13,"turns":2},{"damage":11,"enemies":"downfall:FleeingMerchant","floor":14,"turns":4},{"damage":1,"enemies":"Exordium Thugs","floor":15,"turns":3},{"damage":8,"enemies":"IC_STATUS_ARCHETYPE","floor":16,"turns":4},{"damage":6,"enemies":"Spheric Guardian","floor":19,"turns":3},{"damage":16,"enemies":"downfall:FleeingMerchant","floor":20,"turns":4},{"damage":0,"enemies":"Chosen","floor":21,"turns":3},{"damage":8,"enemies":"Centurion and Healer","floor":22,"turns":3},{"damage":21,"enemies":"downfall:FleeingMerchant","floor":25,"turns":4},{"damage":3,"enemies":"Snecko","floor":26,"turns":3},{"damage":0,"enemies":"Chosen and Byrds","floor":27,"turns":2},{"damage":10,"enemies":"Centurion and Healer","floor":31,"turns":3},{"damage":0,"enemies":"Shelled Parasite and Fungi","floor":32,"turns":2},{"damage":85,"enemies":"DF_ARCHETYPE_CLAW","floor":33,"turns":7},{"damage":0,"enemies":"3 Shapes","floor":36,"turns":1},{"damage":0,"enemies":"Orb Walker","floor":37,"turns":2},{"damage":62,"enemies":"Writhing Mass","floor":38,"turns":6},{"damage":16,"enemies":"3 Darklings","floor":40,"turns":2}],"seed_played":"8301801376615693619","potions_obtained":[{"floor":6,"key":"bronze:BurnAndBuffPotion"},{"floor":12,"key":"SteroidPotion"},{"floor":16,"key":"Regen Potion"},{"floor":19,"key":"SteroidPotion"},{"floor":21,"key":"DuplicationPotion"},{"floor":22,"key":"Swift Potion"},{"floor":38,"key":"DistilledChaos"}],"is_trial":false,"path_per_floor":["R","M","M","$","M","M","T","R","?","R","?","E","M","$","M","B",null,"R","M","$","M","M","R","T","$","M","M","R","?","R","M","M","B",null,"R","M","M","M","?","M"],"character_chosen":"THE_AUTOMATON","items_purchased":["bronze:Flail","DuplicationPotion","bronze:SilverBullet","bronze:ChosenStrike","expansioncontent:QuickStudy"],"campfire_rested":2,"item_purchase_floors":[4,14,20,25,25],"current_hp_per_floor":[77,76,76,76,71,50,50,50,50,73,59,49,47,43,49,48,77,77,71,62,69,61,61,61,47,51,58,58,58,77,67,67,30,77,77,77,77,15,15,0,0,0],"gold":334,"neow_bonus":"TEN_PERCENT_HP_BONUS","is_daily":false,"chose_seed":false,"campfire_upgraded":6,"win_rate":0.0,"timestamp":1612053221,"path_taken":["R","M","?","$","?","M","T","R","?","R","?","E","M","$","M","BOSS","R","M","$","M","M","R","T","$","M","M","R","?","R","M","M","BOSS","R","M","?","M","?","M"],"items_purchased_type":["Card","Potion","Relic","Card","Card"],"build_version":"2020-12-22","purchased_purges":1,"victory":false,"max_hp_per_floor":[77,77,77,77,77,77,77,77,77,77,77,77,77,77,77,77,77,77,77,77,77,77,77,77,77,77,77,77,77,77,77,77,77,77,77,77,77,77,77,77,77,77],"card_choices":[{"not_picked":["bronze:ChildClass","bronze:CloningBeam"],"picked":"bronze:BronzeOrb","floor":2},{"not_picked":["bronze:ForceShield","bronze:ChildClass"],"picked":"bronze:Overheat","floor":3},{"not_picked":["bronze:Branch","bronze:FineTuning"],"picked":"bronze:WhirlingStrike","floor":4},{"not_picked":["bronze:Optimize","bronze:Iterate"],"picked":"bronze:ChosenStrike","floor":5},{"not_picked":["bronze:Optimize","bronze:Philosophize"],"picked":"bronze:ClassDefault","floor":6},{"not_picked":["bronze:DelayedGuard","bronze:Overheat"],"picked":"bronze:WhirlingStrike","floor":11},{"not_picked":["bronze:CleanCode","bronze:Frontload"],"picked":"bronze:Flail","floor":12},{"not_picked":["bronze:Philosophize","bronze:OilSpill"],"picked":"bronze:Repair","floor":13},{"not_picked":["bronze:Deprecate","bronze:ChildClass"],"picked":"bronze:BronzeOrb","floor":14},{"not_picked":["bronze:Branch","bronze:BuggyMess","bronze:DelayedGuard"],"picked":"SKIP","floor":15},{"not_picked":["bronze:Break","bronze:FindAndReplace"],"picked":"bronze:ThunderWave","floor":16},{"not_picked":["bronze:BitShift","bronze:ItsAFeature"],"picked":"bronze:WhirlingStrike+1","floor":19},{"not_picked":["bronze:MaxOutput","bronze:BuggyMess+1","bronze:DelayedGuard"],"picked":"SKIP","floor":20},{"not_picked":["bronze:Shield+1","bronze:OilSpill+1","bronze:Repulsor"],"picked":"SKIP","floor":21},{"not_picked":["bronze:Fortify","bronze:BitShift"],"picked":"bronze:FineTuning","floor":22},{"not_picked":["bronze:SpaghettiCode","bronze:BitShift"],"picked":"bronze:Iterate","floor":25},{"not_picked":["bronze:DelayedGuard+1","bronze:Shield","bronze:Overheat"],"picked":"SKIP","floor":26},{"not_picked":["bronze:DelayedGuard","bronze:Frontload+1"],"picked":"bronze:ClassDefault","floor":27},{"not_picked":["bronze:Shield","bronze:BugBarrage","bronze:DarkDash+1"],"picked":"SKIP","floor":31},{"not_picked":["bronze:Fortify+1","bronze:ChosenStrike"],"picked":"bronze:DelayedSlice","floor":32},{"not_picked":["bronze:ThunderWave","bronze:Break"],"picked":"bronze:AlphaBuild","floor":33},{"not_picked":["bronze:DelayedGuard","bronze:Allocate","bronze:BitShift+1"],"picked":"SKIP","floor":36},{"not_picked":["bronze:Iterate","bronze:Deprecate","bronze:Repair"],"picked":"SKIP","floor":37},{"not_picked":["bronze:DelayedSlice+1","bronze:WildBeam+1"],"picked":"bronze:Optimize","floor":38}],"player_experience":611923,"relics_obtained":[{"floor":7,"key":"Ornamental Fan"},{"floor":11,"key":"Odd Mushroom"},{"floor":12,"key":"Vajra"},{"floor":24,"key":"Orichalcum"}],"event_choices":[{"damage_healed":0,"gold_gain":0,"player_choice":"Grow","damage_taken":0,"max_hp_gain":0,"max_hp_loss":0,"event_name":"Living Wall","floor":9,"gold_loss":0,"cards_upgraded":["bronze:Flail"]},{"damage_healed":0,"gold_gain":0,"player_choice":"Fought Mushrooms","damage_taken":0,"max_hp_gain":0,"max_hp_loss":0,"event_name":"Mushrooms","floor":11,"gold_loss":0}],"is_beta":false,"boss_relics":[{"not_picked":["hubris:TerracottaHorce","Snecko Eye"],"picked":"Runic Dome"},{"not_picked":["Cursed Key","Fusion Hammer"],"picked":"SlaversCollar"}],"items_purged_floors":[25],"is_endless":false,"potions_floor_spawned":[6,12,16,19,21,22,27,32,38],"killed_by":"3 Darklings","ascension_level":0}}