{"host":"at5b10nm0iti0w4x","time":1612127035,"event":{"mods":["AchievementEnabler","BaseMod","Bestiary","Block Reminder","Colored Map","Colored Powertips","Highlight Path","Keyboard Shortcuts","Minty Spire (QoL Compilation)","Relic Stats","StSLib","SuperFastMode"],"gold_per_floor":[11,22,22,40,51,51,85,85,162,172,188,216,226,13,13,114,164,178,204,216,5,22,22,40,40,40,55,55,55],"floor_reached":28,"language":"ENG","playtime":1202,"items_purged":["Strike_R"],"score":234,"play_id":"3f44c2c1-0957-45f5-aad5-2983388faeaf","local_time":"20210131160355","is_ascension_mode":false,"campfire_choices":[{"data":"Inflame","floor":6,"key":"SMITH"},{"floor":8,"key":"REST"},{"floor":15,"key":"REST"},{"data":"Limit Break","floor":23,"key":"SMITH"},{"floor":25,"key":"REST"}],"circlet_count":0,"master_deck":["Strike_R","Strike_R","Strike_R+1","Strike_R","Defend_R","Defend_R","Defend_R","Defend_R","Bash","Limit Break+1","Inflame+1","Pommel Strike","Perfected Strike","Flex","Perfected Strike","Warcry","Warcry","Cleave","Limit Break+1","Heavy Blade","Inflame","Armaments","Clothesline","Whirlwind+1","True Grit"],"relics":["Burning Blood","Champion Belt","Shuriken","Boot","Membership Card","Tiny House","Red Mask","Vajra","MealTicket","Bottled Flame"],"acts_visited":["Exordium","TheCity"],"potions_floor_usage":[11,16,24,24],"damage_taken":[{"damage":1,"enemies":"Cultist","floor":1,"turns":4},{"damage":12,"enemies":"Small Slimes","floor":2,"turns":3},{"damage":11,"enemies":"2 Louse","floor":4,"turns":3},{"damage":11,"enemies":"Blue Slaver","floor":5,"turns":4},{"damage":31,"enemies":"Lagavulin","floor":7,"turns":6},{"damage":2,"enemies":"Exordium Wildlife","floor":10,"turns":3},{"damage":33,"enemies":"Exordium Thugs","floor":11,"turns":5},{"damage":12,"enemies":"Gremlin Nob","floor":12,"turns":3},{"damage":0,"enemies":"3 Louse","floor":13,"turns":3},{"damage":53,"enemies":"Hexaghost","floor":16,"turns":9},{"damage":11,"enemies":"Chosen","floor":18,"turns":6},{"damage":34,"enemies":"Masked Bandits","floor":19,"turns":4},{"damage":34,"enemies":"Spheric Guardian","floor":20,"turns":5},{"damage":40,"enemies":"Chosen and Byrds","floor":22,"turns":6},{"damage":13,"enemies":"Snecko","floor":24,"turns":5},{"damage":23,"enemies":"Snake Plant","floor":27,"turns":5},{"damage":22,"enemies":"Colosseum Slavers","floor":28,"turns":3}],"seed_played":"756327439138818324","potions_obtained":[{"floor":4,"key":"PowerPotion"},{"floor":5,"key":"FairyPotion"},{"floor":7,"key":"EntropicBrew"},{"floor":11,"key":"SpeedPotion"},{"floor":13,"key":"LiquidBronze"},{"floor":17,"key":"AttackPotion"},{"floor":22,"key":"EssenceOfSteel"}],"is_trial":false,"path_per_floor":["M","M","?","M","M","R","E","R","T","M","M","E","M","$","R","B",null,"M","?","M","$","M","R","M","R","T","M","?"],"character_chosen":"IRONCLAD","items_purchased":["Membership Card","Cleave","Vajra","MealTicket","Inflame","Armaments"],"campfire_rested":3,"item_purchase_floors":[14,14,21,21,21,21],"current_hp_per_floor":[80,74,74,69,64,64,39,63,63,67,40,34,40,40,64,17,85,80,52,24,24,18,18,11,36,36,19,0,0],"gold":55,"neow_bonus":"THREE_RARE_CARDS","is_daily":false,"chose_seed":false,"campfire_upgraded":2,"win_rate":0.0,"timestamp":1612127035,"path_taken":["M","?","?","M","M","R","E","R","T","M","M","E","M","$","R","BOSS","M","?","M","$","M","R","M","R","T","M","?"],"items_purchased_type":["Relic","Card","Relic","Relic","Card","Card"],"build_version":"2020-12-22","purchased_purges":1,"victory":false,"max_hp_per_floor":[80,80,80,80,80,80,80,80,80,80,80,80,80,80,80,80,85,85,85,85,85,85,85,85,85,85,85,85,85],"relic_stats":{"counters":[17,77],"Shuriken":[1],"MealTicket":0,"Champion Belt":[6],"Boot":[2],"obtain_stats":[{"Bottled Flame":26,"Tiny House":17,"Shuriken":9,"Vajra":21,"MealTicket":21,"Red Mask":19,"Champion Belt":7,"Membership Card":14,"Boot":12,"Burning Blood":0},{"Bottled Flame":15,"Tiny House":10,"Shuriken":5,"Vajra":13,"MealTicket":13,"Red Mask":12,"Champion Belt":5,"Membership Card":9,"Boot":8,"Burning Blood":0},{"Bottled Flame":69,"Tiny House":43,"Shuriken":20,"Vajra":58,"MealTicket":58,"Red Mask":53,"Champion Belt":20,"Membership Card":34,"Boot":31,"Burning Blood":0}],"Burning Blood":91},"card_choices":[{"not_picked":["Offering","Berserk"],"picked":"Limit Break","floor":0},{"not_picked":["Shrug It Off","Battle Trance"],"picked":"Inflame","floor":1},{"not_picked":["Wild Strike","Seeing Red"],"picked":"Pommel Strike","floor":2},{"not_picked":["Dropkick","Sever Soul"],"picked":"Perfected Strike","floor":4},{"not_picked":["Body Slam","Wild Strike","Infernal Blade"],"picked":"SKIP","floor":5},{"not_picked":["Fire Breathing","Rage"],"picked":"Flex","floor":7},{"not_picked":["Clothesline","True Grit","Dropkick"],"picked":"SKIP","floor":10},{"not_picked":["Blood for Blood","Flex"],"picked":"Perfected Strike","floor":11},{"not_picked":["Clash","Dual Wield"],"picked":"Warcry","floor":12},{"not_picked":["Perfected Strike","Thunderclap"],"picked":"Warcry","floor":13},{"not_picked":["Double Tap","Feed"],"picked":"Limit Break","floor":16},{"not_picked":["Cleave","True Grit"],"picked":"Heavy Blade","floor":18},{"not_picked":["Clothesline","Carnage","Clash"],"picked":"SKIP","floor":20},{"not_picked":["Clash","Feel No Pain"],"picked":"Clothesline","floor":22},{"not_picked":["Shockwave+1","Wild Strike+1"],"picked":"Whirlwind+1","floor":24},{"not_picked":["Thunderclap","Dark Embrace"],"picked":"True Grit","floor":27}],"player_experience":9146,"relics_obtained":[{"floor":7,"key":"Champion Belt"},{"floor":9,"key":"Shuriken"},{"floor":12,"key":"Boot"},{"floor":19,"key":"Red Mask"},{"floor":26,"key":"Bottled Flame"}],"event_choices":[{"damage_healed":0,"gold_gain":0,"player_choice":"Grow","damage_taken":0,"max_hp_gain":0,"max_hp_loss":0,"event_name":"Living Wall","floor":3,"gold_loss":0,"cards_upgraded":["Limit Break"]},{"damage_healed":0,"gold_gain":0,"player_choice":"Fought Bandits","damage_taken":0,"max_hp_gain":0,"max_hp_loss":0,"event_name":"Masked Bandits","floor":19,"gold_loss":0},{"damage_healed":0,"gold_gain":0,"player_choice":"Fight","damage_taken":0,"max_hp_gain":0,"max_hp_loss":0,"event_name":"Colosseum","floor":28,"gold_loss":0}],"is_beta":false,"boss_relics":[{"not_picked":["Snecko Eye","Calling Bell"],"picked":"Tiny House"}],"items_purged_floors":[14],"is_endless":false,"potions_floor_spawned":[4,5,7,11,13,22],"killed_by":"Colosseum Slavers","ascension_level":0}}