{"host":"zwuytn9vh5b8tdl7","time":1612069845,"event":{"mods":["AchievementEnabler","BaseMod","Colored Powertips","GifTheSpireLib","Minty Spire (QoL Compilation)","Rare Cards Sparkle","StSLib","The Animator"],"gold_per_floor":[127,127,52,83,83,118,118,155,179,191,222,252,264,308,320,455,492,514,538,565,588,600,552,564,564],"floor_reached":24,"language":"ENG","playtime":890,"items_purged":["Regret"],"score":233,"play_id":"9a71f28d-307a-4aed-8aac-f80ad061ee8e","local_time":"20210131001045","is_ascension_mode":false,"campfire_choices":[{"floor":10.0,"key":"REST"},{"floor":13.0,"key":"REST"},{"floor":15.0,"key":"REST"}],"circlet_count":0,"master_deck":["animator:Strike_Fate","animator:Defend_Fate","animator:Strike","animator:Strike","animator:Defend","animator:Defend","animator:Defend","animator:Alexander","animator:Rider","animator:Konayuki","animator:RinTohsaka","animator:SakuraMatou","animator:Vesta","animator:DolaSchwi","animator:Gilgamesh+2","animator:EmiyaShirou","animator:Berserker","animator:SakuraMatou","animator:Lancer","animator:Emonzaemon","animator:Jibril","animator:Cocytus"],"relics":["animator:LivingPicture","animator:TheMissingPiece","NeowsBlessing","TungstenRod","Question Card","StoneCalendar","Bronze Scales","MawBank","animator:RacePiece","InkBottle"],"acts_visited":["Exordium","TheCity"],"potions_floor_usage":[],"damage_taken":[{"damage":0.0,"enemies":"Jaw Worm","floor":1.0,"turns":1.0},{"damage":0.0,"enemies":"Small Slimes","floor":4.0,"turns":2.0},{"damage":0.0,"enemies":"Lagavulin","floor":6.0,"turns":1.0},{"damage":51.0,"enemies":"Gremlin Nob","floor":8.0,"turns":6.0},{"damage":1.0,"enemies":"Cultist","floor":11.0,"turns":4.0},{"damage":13.0,"enemies":"2 Fungi Beasts","floor":12.0,"turns":4.0},{"damage":10.0,"enemies":"3 Louse","floor":14.0,"turns":4.0},{"damage":24.0,"enemies":"Slime Boss","floor":16.0,"turns":7.0},{"damage":1.0,"enemies":"3 Byrds","floor":18.0,"turns":4.0},{"damage":8.0,"enemies":"Chosen","floor":19.0,"turns":4.0},{"damage":45.0,"enemies":"Shelled Parasite and Fungi","floor":20.0,"turns":6.0},{"damage":15.0,"enemies":"Chosen and Byrds","floor":21.0,"turns":7.0},{"damage":3,"enemies":"Snake Plant","floor":24,"turns":1}],"seed_played":"5252640259471838854","potions_obtained":[{"floor":6.0,"key":"AttackPotion"},{"floor":8.0,"key":"AttackPotion"},{"floor":11.0,"key":"SneckoOil"},{"floor":18.0,"key":"Strength Potion"}],"is_trial":false,"path_per_floor":["M","?","$","M","?","E","?","E","T","R","M","M","R","M","R","B",null,"M","M","M","M","?","?","M"],"character_chosen":"THE_ANIMATOR","items_purchased":[],"campfire_rested":3,"item_purchase_floors":[],"current_hp_per_floor":[66,66,66,66,66,67,67,16,16,36,36,23,43,33,53,29,68,69,62,18,3,3,3,0,0],"gold":564,"neow_bonus":"THREE_ENEMY_KILL","is_daily":false,"chose_seed":false,"campfire_upgraded":0,"win_rate":0.0,"timestamp":1612069845,"path_taken":["M","?","$","M","?","E","?","E","T","R","M","?","R","M","R","BOSS","M","M","M","M","?","?","M"],"items_purchased_type":[],"build_version":"2020-12-22","purchased_purges":1,"victory":false,"max_hp_per_floor":[66,66,66,66,66,67,67,67,67,67,68,68,68,68,68,68,68,70,71,72,72,72,72,72,72],"card_choices":[{"not_picked":["animator:Hakurou","animator:SakuraMatou"],"picked":"animator:Konayuki","floor":1.0},{"not_picked":["animator:Millim","animator:Caster"],"picked":"animator:ShinjiMatou","floor":4.0},{"not_picked":["animator:Azekura","animator:Tatsumaki"],"picked":"animator:RinTohsaka","floor":6.0},{"not_picked":["animator:Berserker","animator:Caster","animator:RinTohsaka"],"picked":"animator:Illya","floor":8.0},{"not_picked":["animator:Boros","animator:ZankiKiguchi","animator:Shuna"],"picked":"animator:SakuraMatou","floor":11.0},{"not_picked":["animator:Demiurge","animator:Konayuki","animator:Gillette"],"picked":"animator:Vesta","floor":12.0},{"not_picked":["animator:Alexander","animator:DolaRiku","animator:Tet"],"picked":"animator:DolaSchwi","floor":14.0},{"not_picked":["animator:HigakiRinne","animator:Biyorigo","animator:Saitama"],"picked":"animator:Gilgamesh","floor":16.0},{"not_picked":["animator:Caster","animator:ShinjiMatou","animator:Illya"],"picked":"animator:Lancer","floor":18.0},{"not_picked":["animator:Berserker","animator:AcuraShin","animator:Jibril"],"picked":"animator:Emonzaemon","floor":19.0},{"not_picked":["animator:RinTohsaka","animator:ChaikaBohdan+1","animator:MetalKnight"],"picked":"animator:Jibril","floor":20.0},{"not_picked":["animator:ChaikaBohdan","animator:Berserker","animator:Jibril"],"picked":"animator:Cocytus","floor":21.0}],"player_experience":351254,"relics_obtained":[{"floor":6.0,"key":"Question Card"},{"floor":7.0,"key":"StoneCalendar"},{"floor":8.0,"key":"Bronze Scales"},{"floor":9.0,"key":"MawBank"}],"event_choices":[{"damage_healed":0.0,"max_hp_gain":0.0,"max_hp_loss":0.0,"gold_gain":0.0,"event_name":"Big Fish","player_choice":"Box","floor":2.0,"gold_loss":0.0,"damage_taken":0.0,"relics_obtained":["TungstenRod"],"cards_obtained":["Regret"]},{"damage_healed":0.0,"max_hp_gain":0.0,"max_hp_loss":0.0,"gold_gain":0.0,"event_name":"Golden Wing","player_choice":"Ignored","floor":5.0,"gold_loss":0.0,"damage_taken":0.0},{"damage_healed":0.0,"max_hp_gain":0.0,"max_hp_loss":0.0,"gold_gain":0.0,"event_name":"Wheel of Change","player_choice":"Relic","floor":7.0,"gold_loss":0.0,"damage_taken":0.0},{"damage_healed":0.0,"max_hp_gain":0.0,"max_hp_loss":0.0,"gold_gain":0.0,"event_name":"Beggar","player_choice":"Ignored","floor":22.0,"gold_loss":0.0,"damage_taken":0.0},{"damage_healed":0.0,"max_hp_gain":0.0,"max_hp_loss":0.0,"gold_gain":0.0,"event_name":"Addict","player_choice":"Obtained Relic","floor":23.0,"gold_loss":85.0,"damage_taken":0.0,"relics_obtained":["InkBottle"]}],"is_beta":false,"boss_relics":[{"not_picked":["Velvet Choker","Empty Cage"],"picked":"animator:RacePiece"}],"items_purged_floors":[3],"is_endless":false,"potions_floor_spawned":[6,8,11,18],"killed_by":"Snake Plant","ascension_level":0}}