{"host":"iirf6tm60n5v4e3j","time":1612086158,"event":{"mods":["Act Like it!","BaseMod","Gensokyo","Marisa????????","Minty Spire (QoL Compilation)","StSLib","The Marked"],"gold_per_floor":[116,116,116,135,148,177,177,207,207,235,235,270,270,97,97,217,217,236,55,90,205,232,278,278,278,302,337,337,368,368,368,368,488,488,514,559,559,559,571,621,640,371,371,371,399,399,416,434,434,434,434,434,79,104,104],"floor_reached":56,"language":"ENG","playtime":4630,"items_purged":["Defend_MRS","Defend_MRS","WitchOfGreed","Strike_MRS"],"score":1628,"play_id":"d93c2217-96d3-449b-846e-306ea7b71557","local_time":"20210131014238","is_ascension_mode":true,"campfire_choices":[{"data":"AsteroidBelt","floor":7.0,"key":"SMITH"},{"data":"BinaryStars","floor":11.0,"key":"SMITH"},{"data":"MilkyWay","floor":13.0,"key":"SMITH"},{"data":"DeepEcoloBomb","floor":15.0,"key":"SMITH"},{"data":"ManaRampage","floor":25,"key":"SMITH"},{"data":"Gensokyo:FourOfAKind","floor":28,"key":"SMITH"},{"data":"Gensokyo:FourOfAKind","floor":32,"key":"SMITH"},{"floor":44,"key":"RECALL"},{"data":"FinalSpark","floor":46,"key":"SMITH"},{"data":"Gensokyo:FourOfAKind","floor":49,"key":"SMITH"},{"data":"CasketOfStar","floor":52,"key":"SMITH"}],"circlet_count":0,"master_deck":["Strike_MRS","Strike_MRS","Defend_MRS+1","Defend_MRS+1","MasterSpark","UpSweep","MilkyWay+1","AsteroidBelt+1","BinaryStars+1","PropBag","AsteroidBelt","DeepEcoloBomb+1","ManaRampage+1","SuperPerseids+1","OortCloud","GalacticHalo","MilkyWay+1","Gensokyo:FourOfAKind+1","Gensokyo:FourOfAKind+1","Gensokyo:FourOfAKind","Gensokyo:FourOfAKind+1","FinalSpark+1","Acceleration+1","DoubleSpark","DoubleSpark","CasketOfStar+1","PropBag+1","CollectingQuirk"],"relics":["MiniHakkero","Gensokyo:CelestialsFlawlessClothing","Gensokyo:OccultBall","War Paint","Letter Opener","White Beast Statue","HornCleat","Bag of Preparation","SacredBark","Turnip","Torii","FossilizedHelix","Potion Belt","Tiny Chest","Du-Vu Doll","Peace Pipe","SlaversCollar","Lizard Tail","Thread and Needle","Chemical X","Ginger","Art of War","Anchor","Vajra"],"acts_visited":["Exordium","Gensokyo:Gensokyo","Gensokyo:Gensokyoer","TheEnding"],"potions_floor_usage":[16,16,20,21,21,23,23,27,29,29,33,33,36,40,41,41,45,50,54,55,55,55],"damage_taken":[{"damage":2.0,"enemies":"Gensokyo:Python","floor":1.0,"turns":3.0},{"damage":4.0,"enemies":"Gensokyo:2_Kodama","floor":4.0,"turns":3.0},{"damage":0.0,"enemies":"Gensokyo:3_Fairies","floor":5.0,"turns":4.0},{"damage":9.0,"enemies":"Gensokyo:Aya","floor":6.0,"turns":4.0},{"damage":16.0,"enemies":"Gensokyo:Mamizou","floor":8.0,"turns":10.0},{"damage":16.0,"enemies":"Gensokyo:Cirno","floor":10.0,"turns":6.0},{"damage":4.0,"enemies":"Gensokyo:Mamizou","floor":12.0,"turns":8.0},{"damage":6,"enemies":"Gensokyo:Reimu","floor":16,"turns":12},{"damage":11,"enemies":"Gensokyo:3_Dogs","floor":18,"turns":3},{"damage":0,"enemies":"Gensokyo:CosmicMonolith","floor":20,"turns":8},{"damage":0,"enemies":"Gensokyo:CosmicMonolith","floor":21,"turns":8},{"damage":49,"enemies":"Gensokyo:Slime_Group","floor":22,"turns":8},{"damage":1,"enemies":"Gensokyo:Koishi","floor":23,"turns":11},{"damage":0,"enemies":"Gensokyo:Reisen","floor":27,"turns":6},{"damage":24,"enemies":"Gensokyo:Tenshi","floor":29,"turns":4},{"damage":4,"enemies":"Gensokyo:Kaguya","floor":33,"turns":15},{"damage":0,"enemies":"Gensokyo:AncientGuardian","floor":35,"turns":6},{"damage":1,"enemies":"Gensokyo:3_Boulders","floor":36,"turns":5},{"damage":10,"enemies":"Gensokyo:4_Bats","floor":39,"turns":1},{"damage":8,"enemies":"Gensokyo:Marisa","floor":40,"turns":3},{"damage":0,"enemies":"Gensokyo:Rafflesia","floor":41,"turns":6},{"damage":0,"enemies":"Gensokyo:Doremy","floor":45,"turns":3},{"damage":0,"enemies":"Gensokyo:SeedOfUnknown","floor":47,"turns":2},{"damage":0,"enemies":"Gensokyo:3_Boulders","floor":48,"turns":3},{"damage":0,"enemies":"Gensokyo:Scarlet_Devils","floor":50,"turns":7},{"damage":0,"enemies":"Shield and Spear","floor":54,"turns":2},{"damage":6,"enemies":"The Heart","floor":55,"turns":6}],"seed_played":"-6149407553168566148","potions_obtained":[{"floor":4.0,"key":"Dexterity Potion"},{"floor":8.0,"key":"DuplicationPotion"},{"floor":10.0,"key":"Ancient Potion"},{"floor":12.0,"key":"SteroidPotion"},{"floor":16,"key":"Ancient Potion"},{"floor":16,"key":"StarNLove"},{"floor":18,"key":"BottledSpark"},{"floor":20,"key":"SteroidPotion"},{"floor":20,"key":"PowerPotion"},{"floor":21,"key":"Dexterity Potion"},{"floor":22,"key":"SpeedPotion"},{"floor":23,"key":"SteroidPotion"},{"floor":23,"key":"Dexterity Potion"},{"floor":27,"key":"SkillPotion"},{"floor":29,"key":"Fire Potion"},{"floor":33,"key":"Fire Potion"},{"floor":35,"key":"Energy Potion"},{"floor":36,"key":"SkillPotion"},{"floor":36,"key":"LiquidMemories"},{"floor":36,"key":"Ancient Potion"},{"floor":39,"key":"SpeedPotion"},{"floor":40,"key":"AttackPotion"},{"floor":41,"key":"SmokeBomb"},{"floor":45,"key":"FairyPotion"},{"floor":47,"key":"SteroidPotion"},{"floor":48,"key":"Fruit Juice"},{"floor":54,"key":"Weak Potion"}],"is_trial":false,"path_per_floor":["M","?","?","M","M","E","R","E","T","E","R","E","R","$","R","B",null,"M","$","M","?","M","E","?","R","T","E","R","E","T","T","R","B",null,"M","M","?","T","M","E","M","$","T","R","E","R","M","M","R","B",null,"R","$","E","B",null],"character_chosen":"MARISA","items_purchased":["DeepEcoloBomb","WitchOfGreed","OortCloud","Chemical X","PowerPotion","Anchor"],"campfire_rested":0,"item_purchase_floors":[14,14,19,42,53,53],"current_hp_per_floor":[73,55,55,51,51,46,46,34,34,22,22,22,22,22,22,20,61,54,54,58,62,17,20,20,20,20,24,24,53,53,53,53,49,52,53,52,45,45,35,27,31,31,31,31,35,35,35,35,35,45,59,59,59,59,53],"gold":104,"neow_bonus":"REMOVE_CARD","is_daily":false,"chose_seed":false,"campfire_upgraded":10,"win_rate":0.0,"timestamp":1612086158,"path_taken":["M","?","?","?","M","E","R","E","T","E","R","E","R","$","R","BOSS","M","?","M","?","M","E","?","R","T","E","R","E","?","?","R","BOSS","M","M","?","?","M","E","M","$","T","R","E","R","M","?","R","BOSS","R","$","E","BOSS"],"items_purchased_type":["Card","Card","Card","Relic","Potion","Relic"],"build_version":"2020-12-22","purchased_purges":4,"victory":true,"max_hp_per_floor":[75,75,75,75,75,75,75,75,75,75,75,75,75,75,75,75,75,75,75,75,75,75,75,53,53,53,53,53,53,53,53,53,53,53,53,53,53,53,53,53,53,53,53,53,53,53,53,53,53,63,63,63,63,63,63],"card_choices":[{"not_picked":["AsteroidBelt","MilkyWay"],"picked":"OneTimeOff","floor":1.0},{"not_picked":["MeteoricShower","ChargeUpSpray"],"picked":"MilkyWay","floor":4.0},{"not_picked":["LuminesStrike","ChargingUp"],"picked":"EarthLightRay","floor":5.0},{"not_picked":["MysteriousBeam","Acceleration"],"picked":"AsteroidBelt","floor":6.0},{"not_picked":["PowerUp","BlazingStar"],"picked":"BinaryStars","floor":8.0},{"not_picked":["ChargeUpSpray","SprinkleStarSeal"],"picked":"PropBag","floor":10.0},{"not_picked":["NonDirectionalLaser","6A"],"picked":"AsteroidBelt","floor":12.0},{"not_picked":["CollectingQuirk","MaximisePower"],"picked":"ManaRampage","floor":16},{"not_picked":["DarkSpark","ChargeUpSpray"],"picked":"SuperPerseids+1","floor":18},{"not_picked":["PulseMagic","GrandCross+1"],"picked":"GalacticHalo","floor":20},{"not_picked":["DC","LuminesStrike+1"],"picked":"MilkyWay+1","floor":22},{"not_picked":["ShootTheMoon","WitchLeyline","ShootingEcho"],"picked":"SKIP","floor":23},{"not_picked":["WitchLeyline","PropBag","NonDirectionalLaser+1"],"picked":"SKIP","floor":27},{"not_picked":["ShootingEcho","MaximisePower","DC"],"picked":"SKIP","floor":29},{"not_picked":["ManaRampage","BlazingStar"],"picked":"FinalSpark","floor":33},{"not_picked":["SuperPerseids+1","LuminesStrike+1"],"picked":"Acceleration+1","floor":35},{"not_picked":["GrandCross","AsteroidBelt"],"picked":"DoubleSpark","floor":36},{"not_picked":["GravityBeat","NonDirectionalLaser+1","MeteoricShower"],"picked":"SKIP","floor":39},{"not_picked":["IllusionStar","DragonMeteor","ChargeUpSpray+1"],"picked":"SKIP","floor":40},{"not_picked":["WitchLeyline+1","WitchOfGreed+1"],"picked":"DoubleSpark","floor":41},{"not_picked":["LuminesStrike","AbsoluteMagnitude"],"picked":"CasketOfStar","floor":45},{"not_picked":["PulseMagic+1","AsteroidBelt+1","SporeBomb"],"picked":"SKIP","floor":47},{"not_picked":["UnstableBomb","IllusionStar"],"picked":"PropBag+1","floor":48},{"not_picked":["Occultation+1","Orbital"],"picked":"CollectingQuirk","floor":54}],"player_experience":184703,"relics_obtained":[{"floor":6.0,"key":"War Paint"},{"floor":8.0,"key":"Letter Opener"},{"floor":9.0,"key":"White Beast Statue"},{"floor":10.0,"key":"HornCleat"},{"floor":12.0,"key":"Bag of Preparation"},{"floor":16,"key":"Gensokyo:OccultBall"},{"floor":21,"key":"Turnip"},{"floor":21,"key":"Torii"},{"floor":23,"key":"FossilizedHelix"},{"floor":26,"key":"Potion Belt"},{"floor":27,"key":"Tiny Chest"},{"floor":29,"key":"Du-Vu Doll"},{"floor":31,"key":"Peace Pipe"},{"floor":33,"key":"Gensokyo:OccultBall"},{"floor":38,"key":"Lizard Tail"},{"floor":40,"key":"Thread and Needle"},{"floor":41,"key":"Gensokyo:OccultBall"},{"floor":43,"key":"Ginger"},{"floor":45,"key":"Art of War"},{"floor":48,"key":"Gensokyo:OccultBall"},{"floor":54,"key":"Vajra"}],"event_choices":[],"is_beta":false,"boss_relics":[{"not_picked":["Ectoplasm","Cursed Key"],"picked":"SacredBark"},{"not_picked":["Snecko Eye","Calling Bell"],"picked":"SlaversCollar"}],"items_purged_floors":[14,19,42,53],"is_endless":false,"potions_floor_spawned":[4,8,10,12,16,18,20,21,22,23,27,29,33,35,36,39,40,41,45,47,48,54],"ascension_level":5}}