{"host":"yqkaigvm5ejtkgd3","time":1612121619,"event":{"mods":["AlwaysNeverKeys","Aspiration","BaseMod","BetterRewards","Colored Powertips","Conspire","Custom Start","Defuse TimeMaze Blight","Energized Spire","GifTheSpireLib","Minty Spire (QoL Compilation)","Permanent Neow","Reliquary","Replay The Spire","Reworked Bosses","SacredBarkPlus","Shop Mod","StSLib","The Forsaken","The IronCluck","Transform Curses"],"gold_per_floor":[113,125,152,152,3,16,16,44,44,71,71,32,63,76,76,180,180,191,37,37,37,37],"floor_reached":21,"language":"ENG","playtime":1651,"items_purged":[],"score":255,"play_id":"da2a36f2-855e-4c1f-b4ad-e4234782e252","local_time":"20210131203339","is_ascension_mode":true,"campfire_choices":[{"data":"Uppercut","floor":7.0,"key":"SMITH"},{"data":"Bash","floor":11,"key":"SMITH"},{"data":"Metallicize","floor":15,"key":"SMITH"}],"circlet_count":0,"master_deck":["conspire:GhostlyStrike","conspire:GhostlyStrike","conspire:GhostlyStrike","conspire:GhostlyStrike","conspire:GhostlyStrike","conspire:GhostlyDefend","conspire:GhostlyDefend","conspire:GhostlyDefend","conspire:GhostlyDefend","Bash+1","Uppercut+1","Thunderclap","Flex","Carnage","Metallicize+1","Battle Trance","Carnage","Armaments","Hemogenesis","Rage+1"],"relics":["Burning Blood","reliquary:PartyBalloon","Chemical X","Tiny Chest","Darkstone Periapt","reliquary:WeakTea","reliquary:PurpleTingedLeaf","energizedSpire:DeadBattery","reliquary:FerryPass"],"acts_visited":["Exordium","TheCity"],"potions_floor_usage":[10],"damage_taken":[{"damage":3.0,"enemies":"conspire:RoseBush","floor":1.0,"turns":3.0},{"damage":6.0,"enemies":"Jaw Worm","floor":2.0,"turns":3.0},{"damage":15.0,"enemies":"conspire:MimicChest","floor":3.0,"turns":4.0},{"damage":4.0,"enemies":"2 Louse","floor":6.0,"turns":2.0},{"damage":26.0,"enemies":"Lagavulin","floor":8.0,"turns":5.0},{"damage":3,"enemies":"3 Sentries","floor":10,"turns":6},{"damage":11,"enemies":"Replay:BlueRogue","floor":13,"turns":5},{"damage":0,"enemies":"conspire:2 RoseBushes","floor":14,"turns":3},{"damage":59,"enemies":"Fading Forest","floor":16,"turns":11},{"damage":7,"enemies":"3 Byrds","floor":18,"turns":6},{"damage":0,"enemies":"conspire:FuzzyDice","floor":21,"turns":1}],"seed_played":"5542816400208405000","potions_obtained":[{"floor":0.0,"key":"Strength Potion"},{"floor":0.0,"key":"Strength Potion"},{"floor":0.0,"key":"Cursed Concoction"},{"floor":2.0,"key":"DistilledChaos"},{"floor":14,"key":"BloodPotion"},{"floor":16,"key":"LiquidBronze"},{"floor":18,"key":"Energy Potion"}],"is_trial":false,"path_per_floor":["M","M","?","?","$","M","R","E","T","E","R","$","E","M","R","B",null,"M","$","?","M"],"character_chosen":"IRONCLAD","items_purchased":["Chemical X","Carnage","reliquary:FerryPass"],"campfire_rested":0,"item_purchase_floors":[5,12,19],"current_hp_per_floor":[80,80,71,71,71,73,73,53,53,56,56,56,51,57,57,17,80,79,79,80,80,80],"gold":37,"neow_bonus":"THREE_SMALL_POTIONS","is_daily":false,"chose_seed":false,"campfire_upgraded":3,"win_rate":0.0,"timestamp":1612121619,"path_taken":["M","M","?","?","$","M","R","E","T","E","R","$","E","M","R","BOSS","M","$","?","M"],"items_purchased_type":["Relic","Card","Relic"],"build_version":"2020-12-22","purchased_purges":0,"victory":false,"max_hp_per_floor":[80,80,80,80,80,80,80,80,80,80,80,80,80,80,80,80,80,80,80,80,80,80],"card_choices":[{"not_picked":["Replay:Undeath\u0027s Touch","Thunderclap"],"picked":"Uppercut","floor":1.0},{"not_picked":["Disarm","Life Link"],"picked":"Thunderclap","floor":2.0},{"not_picked":["ReplayTheSpireMod:Corrosion Curse","Wild Strike"],"picked":"Flex","floor":3.0},{"not_picked":["Eclipse","Cleave"],"picked":"Carnage","floor":6.0},{"not_picked":["Replay:Undeath\u0027s Touch","Warcry"],"picked":"Metallicize","floor":8.0},{"not_picked":["Pommel Strike","Barricade"],"picked":"Battle Trance","floor":10},{"not_picked":["Havoc","Body Slam"],"picked":"Armaments","floor":13},{"not_picked":["Havoc","Searing Blow","Clash"],"picked":"SKIP","floor":14},{"not_picked":["conspire:Purge","Brutality"],"picked":"Hemogenesis","floor":16},{"not_picked":["Run Through","Abandon"],"picked":"Rage+1","floor":18}],"player_experience":317218,"relics_obtained":[{"floor":3.0,"key":"reliquary:PartyBalloon"},{"floor":8.0,"key":"Tiny Chest"},{"floor":9.0,"key":"Darkstone Periapt"},{"floor":10,"key":"reliquary:WeakTea"},{"floor":13,"key":"reliquary:PurpleTingedLeaf"}],"event_choices":[{"damage_healed":0.0,"max_hp_gain":0.0,"max_hp_loss":0.0,"gold_gain":0.0,"event_name":"conspire:LoneGhost","player_choice":"Agree","floor":4.0,"gold_loss":0.0,"damage_taken":0.0},{"damage_healed":26,"gold_gain":0,"player_choice":"Heal","damage_taken":0,"max_hp_gain":0,"max_hp_loss":0,"event_name":"The Library","floor":20,"gold_loss":0}],"is_beta":false,"boss_relics":[{"not_picked":["Black Blood","reliquary:Ember"],"picked":"energizedSpire:DeadBattery"}],"items_purged_floors":[],"is_endless":false,"potions_floor_spawned":[2,14,16,18],"killed_by":"conspire:FuzzyDice","ascension_level":1}}