{"host":"9tzam4717zt8ei1o","time":1612100332,"event":{"mods":["BaseMod","Colored Map","Keyboard Shortcuts","Minty Spire (QoL Compilation)","Quick Restart","StSLib","SuperFastMode"],"gold_per_floor":[114,20,30,30,47,82,82,100,125,300,300,332,342,356,356,356,356],"floor_reached":16,"language":"KOR","playtime":316,"items_purged":[],"score":190,"play_id":"84065929-dc45-4f35-9634-92e9ca7c37a0","local_time":"20210131223852","is_ascension_mode":true,"campfire_choices":[{"floor":7,"key":"REST"},{"data":"Accuracy","floor":15,"key":"SMITH"}],"circlet_count":0,"master_deck":["AscendersBane","Strike_G","Strike_G","Strike_G","Strike_G","Defend_G","Defend_G","Defend_G+1","Defend_G","Defend_G","Survivor","Neutralize","Accuracy","Cloak And Dagger","Finesse+1","Blade Dance","Doubt","Accuracy+1"],"relics":["Ring of the Snake","Snake Skull","Bag of Marbles","Bronze Scales","Anchor"],"acts_visited":["Exordium"],"potions_floor_usage":[6,16],"damage_taken":[{"damage":22,"enemies":"Cultist","floor":1,"turns":7},{"damage":0,"enemies":"Small Slimes","floor":3,"turns":4},{"damage":6,"enemies":"Jaw Worm","floor":5,"turns":4},{"damage":17,"enemies":"3 Sentries","floor":6,"turns":14},{"damage":5,"enemies":"3 Louse","floor":8,"turns":3},{"damage":34,"enemies":"Gremlin Nob","floor":12,"turns":5},{"damage":1,"enemies":"Red Slaver","floor":13,"turns":3},{"damage":0,"enemies":"Looter","floor":14,"turns":3},{"damage":10,"enemies":"Slime Boss","floor":16,"turns":6}],"seed_played":"7052762317623420430","potions_obtained":[{"floor":1,"key":"Fire Potion"},{"floor":6,"key":"FairyPotion"},{"floor":8,"key":"BlessingOfTheForge"},{"floor":14,"key":"CunningPotion"}],"is_trial":false,"path_per_floor":["M","$","M","?","M","E","R","M","T","?","?","E","M","M","R","B"],"character_chosen":"THE_SILENT","items_purchased":["Finesse"],"campfire_rested":1,"item_purchase_floors":[2],"current_hp_per_floor":[37,37,37,24,18,1,20,15,15,15,15,3,2,2,2,0,0],"gold":356,"neow_bonus":"TRANSFORM_CARD","is_daily":false,"chose_seed":false,"campfire_upgraded":1,"win_rate":0.0,"timestamp":1612100332,"path_taken":["M","$","M","?","M","E","R","M","T","?","?","E","?","M","R","BOSS"],"items_purchased_type":["Card"],"build_version":"2020-12-22","purchased_purges":0,"victory":false,"max_hp_per_floor":[66,66,66,66,66,66,66,66,66,66,66,66,66,66,66,66,66],"card_choices":[{"not_picked":["Skewer","Dagger Throw"],"picked":"Cloak And Dagger","floor":1},{"not_picked":["Bane","Dodge and Roll","Underhanded Strike"],"picked":"SKIP","floor":3},{"not_picked":["Leg Sweep","Quick Slash","Deadly Poison"],"picked":"SKIP","floor":5},{"not_picked":["Flying Knee","Sucker Punch"],"picked":"Blade Dance","floor":6},{"not_picked":["Poisoned Stab","Grand Finale","Bane"],"picked":"SKIP","floor":8},{"not_picked":["Well Laid Plans","Setup","Cloak And Dagger"],"picked":"SKIP","floor":12},{"not_picked":["Flying Knee","Deadly Poison","Poisoned Stab"],"picked":"SKIP","floor":13},{"not_picked":["Deadly Poison","Slice"],"picked":"Accuracy","floor":14}],"player_experience":114452,"relics_obtained":[{"floor":6,"key":"Snake Skull"},{"floor":9,"key":"Bag of Marbles"},{"floor":12,"key":"Anchor"}],"event_choices":[{"damage_healed":0,"gold_gain":0,"player_choice":"Entered Light","damage_taken":13,"max_hp_gain":0,"max_hp_loss":0,"event_name":"Shining Light","floor":4,"gold_loss":0,"cards_upgraded":["Finesse","Defend_G"]},{"damage_healed":0,"gold_gain":175,"player_choice":"AGREE","damage_taken":0,"max_hp_gain":0,"max_hp_loss":0,"event_name":"Liars Game","floor":10,"gold_loss":0,"cards_obtained":["Doubt"]},{"damage_healed":0,"gold_gain":0,"player_choice":"Gave Potion","damage_taken":0,"relics_obtained":["Bronze Scales"],"max_hp_gain":0,"max_hp_loss":0,"event_name":"WeMeetAgain","floor":11,"gold_loss":0}],"is_beta":false,"boss_relics":[],"items_purged_floors":[],"is_endless":false,"potions_floor_spawned":[1,6,8,14],"killed_by":"Slime Boss","ascension_level":14}}