{"host":"15f3wpiimhe5yrng","time":1612127087,"event":{"mods":["BaseMod","Better Altar","Better Match","Better Note","Better Sensory Stone","Better Skull","Better Third Choice","Chen","Colored Map","Downfall","Duelist Mod","GifTheSpireLib","Good Game Mod","Minty Spire (QoL Compilation)","Permanent Neow","StSLib"],"gold_per_floor":[99,109,109,129,149,160,210,226,26,43,43,75,86,120,138,138,138,138],"floor_reached":16,"language":"ENG","playtime":1556,"items_purged":[],"score":116,"play_id":"485d0e00-d4ec-4f75-b923-2b1e83f483a0","local_time":"20210131220447","is_ascension_mode":false,"campfire_choices":[{"floor":1,"key":"RECALL"},{"data":"Guardian:Orbwalk","floor":9,"key":"SMITH"},{"data":"Guardian:Planning","floor":11,"key":"SMITH"}],"circlet_count":0,"master_deck":["Guardian:Strike_Guardian","Guardian:Strike_Guardian","Guardian:Strike_Guardian","Guardian:Strike_Guardian","Guardian:Defend_Guardian","Guardian:Defend_Guardian","Guardian:Defend_Guardian","Guardian:Defend_Guardian","Guardian:CurlUp","Guardian:TwinSlam","Guardian:TemporalShield","Guardian:Recover","Guardian:CurlUp","Guardian:Planning+1","Guardian:Recover","Guardian:Orbwalk+1","Guardian:Incinerate","Guardian:ExploitGems","Guardian:Gem_Green","Guardian:Gem_Yellow","Guardian:CrystalBeam"],"relics":["REME:ComplimentaryCards","Runic Pyramid","downfall:HeartBlessingRed","downfall:HeartBlessingBlue","Guardian:PickAxe","Meat on the Bone"],"acts_visited":["Exordium"],"potions_floor_usage":[6,16,16],"damage_taken":[{"damage":7,"enemies":"Jaw Worm","floor":2,"turns":4},{"damage":1,"enemies":"Cultist","floor":4,"turns":4},{"damage":0,"enemies":"Small Slimes","floor":5,"turns":4},{"damage":6,"enemies":"Lots of Slimes","floor":6,"turns":4},{"damage":3,"enemies":"Exordium Wildlife","floor":8,"turns":7},{"damage":2,"enemies":"Blue Slaver","floor":10,"turns":5},{"damage":12,"enemies":"Lagavulin","floor":12,"turns":7},{"damage":17,"enemies":"Gremlin Gang","floor":13,"turns":6},{"damage":8,"enemies":"Gremlin Nob","floor":14,"turns":4},{"damage":5,"enemies":"2 Fungi Beasts","floor":15,"turns":4},{"damage":20,"enemies":"IC_STATUS_ARCHETYPE","floor":16,"turns":11}],"seed_played":"-5721720137422269949","potions_obtained":[{"floor":4,"key":"Fire Potion"},{"floor":6,"key":"Guardian:BlockOnCardUsePotion"},{"floor":12,"key":"SkillPotion"},{"floor":14,"key":"Explosive Potion"},{"floor":15,"key":"Energy Potion"}],"is_trial":false,"path_per_floor":["R","M","?","M","M","M","T","M","R","M","R","E","M","E","M","B"],"character_chosen":"GUARDIAN","items_purchased":[],"campfire_rested":0,"item_purchase_floors":[],"current_hp_per_floor":[80,73,73,72,72,66,66,63,73,71,71,59,42,34,41,21,21,21],"gold":138,"neow_bonus":"BOSS_RELIC","is_daily":false,"chose_seed":false,"campfire_upgraded":2,"win_rate":0.0,"timestamp":1612127087,"path_taken":["R","M","?","M","?","M","T","M","R","M","R","E","M","E","M","BOSS"],"items_purchased_type":[],"build_version":"2020-12-22","purchased_purges":0,"victory":false,"max_hp_per_floor":[80,80,80,80,80,80,80,80,90,90,90,90,90,90,90,90,90,90],"card_choices":[{"not_picked":["Guardian:RollAttack","Guardian:Gem_Lightblue"],"picked":"Guardian:TemporalShield","floor":2},{"not_picked":["Guardian:Gem_Blue","Guardian:TemporalShield"],"picked":"Guardian:Recover","floor":4},{"not_picked":["Guardian:MultiBeam","Guardian:Suspension"],"picked":"Guardian:Planning","floor":5},{"not_picked":["Guardian:Harden","Guardian:Repulse"],"picked":"Guardian:Recover","floor":6},{"not_picked":["Guardian:BronzeOrb","Guardian:EvasiveProtocol"],"picked":"Guardian:Orbwalk","floor":8},{"not_picked":["Guardian:Emergency","Guardian:CrystalBeam"],"picked":"Guardian:Incinerate","floor":10},{"not_picked":["Guardian:ShieldSpikes","Guardian:ArmoredProtocol"],"picked":"Guardian:ExploitGems","floor":12},{"not_picked":["Guardian:CrystalBeam","Guardian:Recover"],"picked":"Guardian:Gem_Green","floor":13},{"not_picked":["Guardian:Gem_White","Guardian:TemporalShield"],"picked":"Guardian:Gem_Yellow","floor":14},{"not_picked":["Guardian:TemporalShield","Guardian:Gem_Red"],"picked":"Guardian:CrystalBeam","floor":15}],"player_experience":117843,"relics_obtained":[{"floor":12,"key":"Guardian:PickAxe"},{"floor":14,"key":"Meat on the Bone"}],"event_choices":[{"damage_healed":0,"gold_gain":0,"player_choice":"Ignored","damage_taken":0,"max_hp_gain":0,"max_hp_loss":0,"event_name":"betterNote:BetterNote","floor":3,"gold_loss":0,"cards_obtained":["A Thousand Cuts"]}],"is_beta":false,"boss_relics":[],"items_purged_floors":[],"is_endless":false,"potions_floor_spawned":[4,6,12,14,15],"killed_by":"IC_STATUS_ARCHETYPE","ascension_level":0}}