{"host":"6p0attdrtjqaih7v","time":1612120163,"event":{"mods":["2.2 Compatiblity","AchievementEnabler","Bard","BaseMod","Better Skull","Better Third Choice","Colored Powertips","Downfall","Hermit","Highlight Path","Key Reminder","Minty Spire (QoL Compilation)","Permanent Neow","Quick Restart","Random Character Button","Relic Stats","Replay The Spire","Robot Space Explorer","StSLib","The Witch"],"gold_per_floor":[113,127,140,38,51,81,93,93,93,93,106,120,120,120],"floor_reached":13,"language":"ENG","playtime":547,"items_purged":[],"score":178,"play_id":"fec5c04f-e946-4634-aed9-d8935f48c4bd","local_time":"20210131140923","is_ascension_mode":true,"campfire_choices":[{"data":"Bash","floor":8,"key":"SMITH"},{"data":"Flame Barrier","floor":10,"key":"SMITH"}],"circlet_count":0,"master_deck":["AscendersBane","Strike_R","Strike_R","Strike_R","Strike_R","Defend_R","Defend_R","Defend_R","Defend_R","Bash+1","Evolve","Battle Trance","Cleave","Anger","Rage","Burning Pact","Flame Barrier+1","Shrug It Off","Thunderclap"],"relics":["Burning Blood","Peace Pipe","Letter Opener"],"acts_visited":["Exordium"],"potions_floor_usage":[4,5,6,7],"damage_taken":[{"damage":7,"enemies":"Cultist","floor":1,"turns":4},{"damage":16,"enemies":"Jaw Worm","floor":2,"turns":8},{"damage":7,"enemies":"Small Slimes","floor":3,"turns":4},{"damage":4,"enemies":"Exordium Thugs","floor":5,"turns":5},{"damage":21,"enemies":"Lagavulin","floor":6,"turns":6},{"damage":30,"enemies":"Gremlin Gang","floor":7,"turns":8},{"damage":5,"enemies":"3 Louse","floor":11,"turns":2},{"damage":1,"enemies":"Exordium Thugs","floor":12,"turns":5},{"damage":74,"enemies":"Gremlin Nob","floor":13,"turns":4}],"seed_played":"5192915181198130387","potions_obtained":[{"floor":1,"key":"Fruit Juice"},{"floor":3,"key":"FearPotion"},{"floor":6,"key":"Regen Potion"},{"floor":11,"key":"Reflective Coating"}],"is_trial":false,"path_per_floor":["M","M","M","$","M","E","M","R","T","R","M","M","E"],"character_chosen":"IRONCLAD","items_purchased":["Fire Potion","Rage"],"campfire_rested":0,"item_purchase_floors":[4,4],"current_hp_per_floor":[67,57,56,61,63,48,39,39,39,39,40,45,0,0],"gold":120,"neow_bonus":"TRANSFORM_CARD","is_daily":false,"chose_seed":false,"campfire_upgraded":2,"win_rate":0.0,"timestamp":1612120163,"path_taken":["M","M","?","$","?","E","M","R","T","R","M","M","E"],"items_purchased_type":["Potion","Card"],"build_version":"2020-12-22","purchased_purges":0,"victory":false,"max_hp_per_floor":[75,75,75,80,80,80,80,80,80,80,80,80,80,80],"relic_stats":{"Peace Pipe":0,"counters":[9,46],"Letter Opener":[20],"obtain_stats":[{"Peace Pipe":6,"Letter Opener":9,"Burning Blood":0},{"Peace Pipe":5,"Letter Opener":6,"Burning Blood":0},{"Peace Pipe":27,"Letter Opener":35,"Burning Blood":0}],"Burning Blood":48},"card_choices":[{"not_picked":["Life Link","Iron Wave"],"picked":"Battle Trance","floor":1},{"not_picked":["Searing Blow","Armaments"],"picked":"Cleave","floor":2},{"not_picked":["Clash","Dropkick"],"picked":"Anger","floor":3},{"not_picked":["Clash","Thunderclap"],"picked":"Burning Pact","floor":5},{"not_picked":["Heavy Blade","Dropkick"],"picked":"Flame Barrier","floor":6},{"not_picked":["Headbutt","Pommel Strike"],"picked":"Shrug It Off","floor":7},{"not_picked":["Anger","Combust"],"picked":"Thunderclap","floor":11},{"not_picked":["ReplayTheSpireMod:Strike From Hell","Dual Wield","Hemokinesis"],"picked":"SKIP","floor":12}],"player_experience":1003027,"relics_obtained":[{"floor":6,"key":"Peace Pipe"},{"floor":9,"key":"Letter Opener"}],"event_choices":[],"is_beta":false,"boss_relics":[],"items_purged_floors":[],"is_endless":false,"potions_floor_spawned":[1,3,6,11],"killed_by":"Gremlin Nob","ascension_level":20}}