{"host":"klrvvo16pazy794l","time":1612115233,"event":{"mods":["BaseMod","Minty Spire (QoL Compilation)"],"gold_per_floor":[112,128,303,321,321,321,332,344,344,373,393,393,393,409,409,512,512,525,192,208,208,228,228,260,260,260,293,293,367,377,477,477,578,578,589,669,128,142,158,193,193,205,277,288,288,288,308,14,14,14,14],"floor_reached":50,"language":"ENG","playtime":3138,"items_purged":[],"score":642,"play_id":"fc292c20-e657-4cfd-9992-5e9bac2fddf7","local_time":"20210131114713","is_ascension_mode":true,"campfire_choices":[{"data":"Eruption","floor":6.0,"key":"SMITH"},{"data":"BattleHymn","floor":13.0,"key":"SMITH"},{"data":"Prostrate","floor":15.0,"key":"SMITH"},{"floor":23.0,"key":"REST"},{"data":"ForeignInfluence","floor":25.0,"key":"SMITH"},{"floor":28.0,"key":"REST"},{"floor":32,"key":"REST"},{"floor":41,"key":"REST"},{"floor":46,"key":"REST"},{"floor":49,"key":"RECALL"}],"circlet_count":0,"master_deck":["Strike_P","Strike_P","Defend_P","Defend_P","Eruption+1","Vigilance","JustLucky","FlyingSleeves","SandsOfTime","Prostrate+1","BattleHymn+1","FollowUp","Vault","Study","Thinking Ahead","Halt","RitualDagger","ForeignInfluence+1","Pray+1","Establishment","Devotion","ThirdEye+1","SignatureMove+1","BowlingBash+1","TalkToTheHand+1"],"relics":["HolyWater","Bottled Lightning","Bag of Preparation","Tiny Chest","Turnip","FossilizedHelix","Letter Opener","Unceasing Top","Shuriken","Astrolabe","Bottled Tornado","Strawberry","InkBottle","Toolbox","TeardropLocket","Sundial","HandDrill"],"acts_visited":["Exordium","TheCity","TheBeyond"],"potions_floor_usage":[40,42,42,48,50],"damage_taken":[{"damage":6.0,"enemies":"2 Louse","floor":1.0,"turns":3.0},{"damage":13.0,"enemies":"Small Slimes","floor":2.0,"turns":3.0},{"damage":0.0,"enemies":"Cultist","floor":4.0,"turns":3.0},{"damage":1.0,"enemies":"Exordium Wildlife","floor":7.0,"turns":3.0},{"damage":8.0,"enemies":"Blue Slaver","floor":8.0,"turns":5.0},{"damage":13.0,"enemies":"Lagavulin","floor":10.0,"turns":5.0},{"damage":1.0,"enemies":"3 Louse","floor":11.0,"turns":3.0},{"damage":12.0,"enemies":"Exordium Wildlife","floor":14.0,"turns":5.0},{"damage":25.0,"enemies":"Hexaghost","floor":16.0,"turns":8.0},{"damage":3.0,"enemies":"3 Byrds","floor":18.0,"turns":4.0},{"damage":5.0,"enemies":"Spheric Guardian","floor":20.0,"turns":3.0},{"damage":22.0,"enemies":"Snecko","floor":22.0,"turns":6.0},{"damage":25.0,"enemies":"Gremlin Leader","floor":24.0,"turns":7.0},{"damage":13.0,"enemies":"Book of Stabbing","floor":27.0,"turns":3.0},{"damage":0.0,"enemies":"Snake Plant","floor":30.0,"turns":3.0},{"damage":0.0,"enemies":"Colosseum Slavers","floor":31.0,"turns":4.0},{"damage":0.0,"enemies":"Colosseum Nobs","floor":31.0,"turns":4.0},{"damage":24,"enemies":"Automaton","floor":33,"turns":6},{"damage":14,"enemies":"3 Darklings","floor":35,"turns":4},{"damage":22,"enemies":"3 Shapes","floor":38,"turns":3},{"damage":1,"enemies":"Writhing Mass","floor":39,"turns":4},{"damage":34,"enemies":"Reptomancer","floor":40,"turns":4},{"damage":37,"enemies":"Sphere and 2 Shapes","floor":42,"turns":4},{"damage":0,"enemies":"Transient","floor":44,"turns":6},{"damage":10,"enemies":"Spire Growth","floor":47,"turns":4},{"damage":36,"enemies":"Time Eater","floor":50,"turns":2}],"seed_played":"-169716959461756311","potions_obtained":[{"floor":2.0,"key":"AttackPotion"},{"floor":7.0,"key":"LiquidBronze"},{"floor":10.0,"key":"Weak Potion"},{"floor":18.0,"key":"DuplicationPotion"},{"floor":24.0,"key":"SteroidPotion"},{"floor":27.0,"key":"LiquidMemories"},{"floor":30.0,"key":"GamblersBrew"},{"floor":35,"key":"Regen Potion"},{"floor":39,"key":"BottledMiracle"}],"is_trial":false,"path_per_floor":["M","M","?","M","?","R","M","M","T","E","M","?","R","M","R","B",null,"M","$","M","?","M","R","E","R","T","E","R","T","M","?","R","B",null,"M","T","$","M","M","E","R","M","T","M","?","R","M","$","R","B"],"character_chosen":"WATCHER","items_purchased":["Tiny Chest","Thinking Ahead","Strawberry","InkBottle","Toolbox","Fruit Juice","HandDrill","SkillPotion"],"campfire_rested":5,"item_purchase_floors":[19,19,37,37,37,48,48,48],"current_hp_per_floor":[66,53,53,53,53,53,52,44,44,31,30,54,54,42,42,17,72,69,69,64,58,36,57,32,32,32,19,40,40,40,40,61,37,72,58,58,65,43,42,8,31,6,6,6,6,29,19,24,24,0,0],"gold":14,"neow_bonus":"REMOVE_CARD","is_daily":false,"chose_seed":false,"campfire_upgraded":4,"win_rate":0.0,"timestamp":1612115233,"path_taken":["M","M","?","M","?","R","?","M","T","E","M","?","R","M","R","BOSS","M","$","M","?","M","R","E","R","T","E","R","?","M","?","R","BOSS","M","?","$","M","M","E","R","M","T","M","?","R","M","?","R","BOSS"],"items_purchased_type":["Relic","Card","Relic","Relic","Relic","Potion","Relic","Potion"],"build_version":"2020-12-22","purchased_purges":0,"victory":false,"max_hp_per_floor":[72,72,72,72,72,72,72,72,72,72,72,72,72,72,72,72,72,72,72,72,72,72,72,72,72,72,72,72,72,72,72,72,72,72,72,72,79,79,79,79,79,79,79,79,79,79,79,84,84,84,84],"card_choices":[{"not_picked":["LikeWater","ThirdEye"],"picked":"JustLucky","floor":1.0},{"not_picked":["InnerPeace","BowlingBash"],"picked":"FlyingSleeves","floor":2.0},{"not_picked":["JustLucky","EmptyFist"],"picked":"SandsOfTime","floor":4.0},{"not_picked":["FlyingSleeves","EmptyFist","ClearTheMind"],"picked":"SKIP","floor":7.0},{"not_picked":["FearNoEvil","Protect"],"picked":"Prostrate","floor":8.0},{"not_picked":["Evaluate","Blasphemy"],"picked":"BattleHymn","floor":10.0},{"not_picked":["Indignation","Prostrate"],"picked":"FollowUp","floor":11.0},{"not_picked":["Wireheading","Wallop","ThirdEye"],"picked":"SKIP","floor":14.0},{"not_picked":["Wish","Omniscience"],"picked":"Vault","floor":16.0},{"not_picked":["EmptyMind","Swivel"],"picked":"Study","floor":18.0},{"not_picked":["Prostrate","Tantrum+1"],"picked":"Halt","floor":20.0},{"not_picked":["CarveReality","EmptyBody+1","Vengeance"],"picked":"SKIP","floor":22.0},{"not_picked":["ThirdEye","Prostrate"],"picked":"ForeignInfluence","floor":24.0},{"not_picked":["CrushJoints+1","JustLucky"],"picked":"Pray+1","floor":27.0},{"not_picked":["WheelKick","ClearTheMind","BowlingBash"],"picked":"SKIP","floor":30.0},{"not_picked":["Consecrate","FearNoEvil+1"],"picked":"Establishment","floor":31.0},{"not_picked":["Wish","Vault"],"picked":"Devotion","floor":33},{"not_picked":["Protect+1","Worship"],"picked":"TalkToTheHand+1","floor":35},{"not_picked":["ReachHeaven+1","FlurryOfBlows","CrushJoints"],"picked":"SKIP","floor":38},{"not_picked":["EmptyBody","Study+1","WreathOfFlame"],"picked":"SKIP","floor":39},{"not_picked":["Protect+1","Crescendo+1","InnerPeace"],"picked":"SKIP","floor":40},{"not_picked":["FearNoEvil+1","ReachHeaven+1","Evaluate"],"picked":"SKIP","floor":42},{"not_picked":["JustLucky","Prostrate","Weave"],"picked":"SKIP","floor":44},{"not_picked":["FearNoEvil","Conclude","BattleHymn"],"picked":"SKIP","floor":47}],"player_experience":471910,"relics_obtained":[{"floor":9.0,"key":"Bottled Lightning"},{"floor":10.0,"key":"Bag of Preparation"},{"floor":24.0,"key":"Turnip"},{"floor":27.0,"key":"FossilizedHelix"},{"floor":29.0,"key":"Letter Opener"},{"floor":31.0,"key":"Unceasing Top"},{"floor":31.0,"key":"Shuriken"},{"floor":36,"key":"Bottled Tornado"},{"floor":40,"key":"TeardropLocket"},{"floor":43,"key":"Sundial"}],"event_choices":[{"damage_healed":0.0,"max_hp_gain":0.0,"max_hp_loss":0.0,"gold_gain":175.0,"event_name":"Liars Game","player_choice":"AGREE","floor":3.0,"gold_loss":0.0,"damage_taken":0.0,"cards_obtained":["Doubt"]},{"cards_removed":["Doubt"],"damage_healed":0.0,"max_hp_gain":0.0,"max_hp_loss":0.0,"gold_gain":0.0,"event_name":"Purifier","player_choice":"Purged","floor":5.0,"gold_loss":0.0,"damage_taken":0.0},{"damage_healed":24.0,"max_hp_gain":0.0,"max_hp_loss":0.0,"gold_gain":0.0,"event_name":"Big Fish","player_choice":"Banana","floor":12.0,"gold_loss":0.0,"damage_taken":0.0},{"damage_healed":0.0,"max_hp_gain":0.0,"max_hp_loss":0.0,"gold_gain":0.0,"event_name":"Nest","player_choice":"Joined the Cult","floor":21.0,"gold_loss":0.0,"damage_taken":6.0,"cards_obtained":["RitualDagger"]},{"damage_healed":0.0,"max_hp_gain":0.0,"max_hp_loss":0.0,"gold_gain":0.0,"event_name":"Colosseum","player_choice":"Fight","floor":31.0,"gold_loss":0.0,"damage_taken":0.0},{"damage_healed":0.0,"max_hp_gain":0.0,"max_hp_loss":0.0,"gold_gain":0.0,"event_name":"Colosseum","player_choice":"Fought Nobs","floor":31.0,"gold_loss":0.0,"damage_taken":0.0},{"damage_healed":0,"gold_gain":0,"player_choice":"Memory 1","damage_taken":0,"max_hp_gain":0,"max_hp_loss":0,"event_name":"SensoryStone","floor":45,"gold_loss":0}],"is_beta":false,"boss_relics":[{"not_picked":["Pandora\u0027s Box","Philosopher\u0027s Stone"],"picked":"HolyWater"},{"not_picked":["Coffee Dripper","Runic Dome"],"picked":"Astrolabe"}],"items_purged_floors":[],"is_endless":false,"potions_floor_spawned":[2,7,10,18,24,27,30,35,39],"killed_by":"Time Eater","ascension_level":4}}