{"host":"c1ih99nde5rm1bm8","time":1612069284,"event":{"mods":["ATMod(∞¢Ë™Mod)","Act Like it!","BaseMod","Colored Powertips","FoggyMod","Gensokyo","Highlight Path","Marisa£®ÏF”Í°°ƒß¿Ì…≥£©","Minty Spire (QoL Compilation)","MostiFishMod","Quick Restart","Reimu£®≤©¿ˆ¡È√Œ£©","Remilia£®¿Ÿ√◊¿Ú—«£©","Replay The Spire","StSLib","UnlockEverythingMod","Waifu the Spire","Youmu£®ªÍ∆«—˝√Œ£©","Yuri Mod","noobMod","°æ“≈ŒÔø®≈∆°øREMEMod"],"gold_per_floor":[112,112,62,62,62,62,62,92,92,92,115,126,126,126,159,159,159,244,244,263,263,263,188,148,192,192,223,223,223,223,223,250,190,190,315,315,357,375,0,0,60,60,94,182,208,226,294,204,249,226,226,256,256,256,206,265,369],"floor_reached":58,"language":"ZHS","playtime":1092,"items_purged":["Strike_R","Strike_R","Defend_R","Defend_R","Strike_R+1","REME_MawOfCthun","ReplayTheSpireMod:Necrogeddon+1"],"score":1184,"play_id":"3ae15eeb-006a-497b-8b24-da24648345df","local_time":"20210131130124","is_ascension_mode":false,"campfire_choices":[{"floor":9,"key":"RECALL"},{"floor":13,"key":"REST"},{"floor":17,"key":"REST"},{"data":"Heavy Blade","floor":31,"key":"SMITH"},{"data":"yuri:SelfHarm","floor":34,"key":"SMITH"},{"floor":42,"key":"REST"},{"data":"Cleave","floor":54,"key":"SMITH"}],"circlet_count":0,"master_deck":["Strike_R","Bash","yuri:SelfHarm+1","ReplayTheSpireMod:Strike From Hell+1","Violence+1","Sever Soul","Replay:Sssssssssstrike+1","Cleave+1","Uppercut","MostiFishMod:Mania","Life Link","MostiFishMod:RainCloud","Searing Blow","Heavy Blade+1","Flex","Hemogenesis+1","Eclipse","Heavy Blade","MostiFishMod:TheLastGuard","MostiFishMod:#F4004+1","Seeing Red+1","Madness","Madness","Flex","REME_AllRoundStrike","Flex+1","Demonic Infusion","MillisecondPulsars"],"relics":["Burning Blood","DaveBox","ice","REME_ComplimentaryCards","AT_ATBox","DiscerningMonocle","NeowsBlessing","SynthV:TestCard","Regal Pillow","Sundial","BargainBundle","YidongShenshe:ReiMu","Simple Rune","Bronze Scales","Bottled Flame","Akabeko","Civilization","PatriotShield","REME_ArchaeologicalTools","ChiLing","Chi","Ling","Replay:Mystery Machine","MutagenicStrength","ZunR:ReiMu","Replay:Bottled Flurry","Iron Hammer","Pear","Ring of Hypnosis","Ring of Searing","SynthV","CeramicFish","Vajra","REME_DuelDisc","Happy Flower","White Beast Statue","Lee\u0027s Waffle","Red Mask","AT_ImmortalShieldbow","Counterbalance","Smiling Mask","Charon\u0027s Ashes","ReplayTheSpireMod:Lightbulb","Guide Book","Toy Ornithopter","PrismaticShard","Replay:Bandana","Unceasing Top","REME_HourglassOfDeath"],"acts_visited":["Exordium","TheCity","TheBeyond","TheEnding"],"potions_floor_usage":[8,18,35,51,57,57,57],"damage_taken":[{"damage":0,"enemies":"Cultist","floor":1,"turns":1},{"damage":0,"enemies":"3 Sentries","floor":8,"turns":2},{"damage":0,"enemies":"Jaw Worm","floor":12,"turns":1},{"damage":33,"enemies":"3 Sentries","floor":15,"turns":5},{"damage":62,"enemies":"The Guardian","floor":18,"turns":4},{"damage":8,"enemies":"Spheric Guardian","floor":20,"turns":3},{"damage":1,"enemies":"Gremlin Leader","floor":25,"turns":1},{"damage":1,"enemies":"Shell Parasite","floor":27,"turns":1},{"damage":22,"enemies":"Champ","floor":35,"turns":2},{"damage":5,"enemies":"3 Darklings","floor":37,"turns":1},{"damage":3,"enemies":"3 Shapes","floor":43,"turns":1},{"damage":1,"enemies":"2 Orb Walkers","floor":44,"turns":1},{"damage":4,"enemies":"Mind Bloom Boss Battle","floor":47,"turns":1},{"damage":0,"enemies":"Jaw Worm Horde","floor":49,"turns":1},{"damage":1,"enemies":"Replay:Hell Engine","floor":52,"turns":1},{"damage":1,"enemies":"Shield and Spear","floor":56,"turns":1},{"damage":48,"enemies":"The Heart","floor":57,"turns":3}],"seed_played":"-4340958520405319604","potions_obtained":[{"floor":1,"key":"ElixirPotion"},{"floor":37,"key":"Swift Potion"},{"floor":47,"key":"LifebloodPotion"},{"floor":51,"key":"REME_GoldPotion"},{"floor":51,"key":"Strength Potion"}],"is_trial":false,"path_per_floor":["M","$","?","?","PTL","PTL","?","E","R","?","T","M","R","?","?","$","R","B",null,"M","$","?","?","?","E","?","M","T","T","?","R","$","?","R","B",null,"M","$","?","?","?","R","M","?","T","?","?","?","M","$","R","B",null,"R","$","E","B",null],"character_chosen":"IRONCLAD","items_purchased":["Regal Pillow","Sundial","BargainBundle","Violence","Fire Potion","Swift Potion","Sever Soul","Replay:Sssssssssstrike","Bottled Flame","Akabeko","Civilization","ReplayTheSpireMod:Necrogeddon","Life Link","REME_ArchaeologicalTools","ChiLing","Replay:Mystery Machine","Crow Ritual","Toxic Potion","Elixir","SynthV","CeramicFish","Vajra","Flex","Hemogenesis","REME_MawOfCthun","Happy Flower","White Beast Statue","Lee\u0027s Waffle","Heavy Blade","MostiFishMod:TheLastGuard","ReplayTheSpireMod:Lightbulb","Guide Book","Toy Ornithopter","REME_AllRoundStrike","Flex+1","Demonic Infusion","PrismaticShard","Replay:Bandana","Unceasing Top"],"campfire_rested":3,"item_purchase_floors":[2,2,2,2,2,2,2,2,16,16,16,16,16,21,21,21,21,21,21,32,32,32,32,32,32,38,38,38,38,38,50,50,50,50,50,50,55,55,55],"current_hp_per_floor":[80,80,80,80,80,80,64,70,70,90,90,90,90,83,56,56,90,35,91,91,91,91,91,91,96,96,100,100,110,110,110,110,110,110,99,115,120,127,127,127,77,127,132,137,137,120,127,127,147,147,147,152,152,152,152,157,120],"gold":369,"neow_bonus":"THREE_ENEMY_KILL","is_daily":false,"chose_seed":false,"campfire_upgraded":3,"win_rate":0.0,"timestamp":1612069284,"path_taken":["M","$","?","?","PTL","PTL","?","E","R","?","T","?","R","?","?","?","R","BOSS","M","$","?","?","?","E","?","?","T","?","?","R","$","?","R","BOSS","M","$","?","?","?","R","?","?","T","?","?","?","?","?","R","BOSS","R","$","E","BOSS"],"items_purchased_type":["Relic","Relic","Relic","Card","Potion","Potion","Card","Card","Relic","Relic","Relic","Card","Card","Relic","Relic","Relic","Card","Potion","Potion","Relic","Relic","Relic","Card","Card","Card","Relic","Relic","Relic","Card","Card","Relic","Relic","Relic","Card","Card","Card","Relic","Relic","Relic"],"build_version":"2020-12-22","purchased_purges":7,"victory":true,"max_hp_per_floor":[80,80,80,80,80,80,80,80,80,90,90,90,90,90,90,90,90,91,91,93,93,93,93,93,96,96,100,100,110,110,110,110,110,110,115,115,120,127,127,127,127,127,132,137,137,137,142,142,147,147,147,152,152,152,152,157,162],"card_choices":[{"not_picked":["Shrug It Off","Sword Boomerang"],"picked":"ReplayTheSpireMod:Strike From Hell","floor":1},{"not_picked":["Pommel Strike","Perfected Strike","Twin Strike","Defy Death"],"picked":"Cleave","floor":8},{"not_picked":["Thunderclap","Inflame","Intimidate","Spot Weakness"],"picked":"Uppercut","floor":12},{"not_picked":["Rampage","Replay:Undeath\u0027s Touch","AT_BodySlamDance","Cleave"],"picked":"MostiFishMod:Mania","floor":15},{"not_picked":["MostiFishMod:KnuckleDown","Corruption","MostiFishMod:HellRitual","MostiFishMod:WingOfPhoenix"],"picked":"MostiFishMod:RainCloud","floor":18},{"not_picked":["Power Through+1","Sword Boomerang","Shrug It Off+1","Sentinel+1"],"picked":"Searing Blow","floor":20},{"not_picked":["Intimidate+1","Havoc","Twin Strike","Burning Pact","REME_Cut"],"picked":"SKIP","floor":25},{"not_picked":["Havoc","Pommel Strike+1","Sword Boomerang+1","Iron Wave","Burning Pact"],"picked":"SKIP","floor":27},{"not_picked":["Offering","Hemogenesis","MostiFishMod:FireWorks","MostiFishMod:RainCloud"],"picked":"Eclipse","floor":35},{"not_picked":["Iron Wave+1","AT_BodySlamDance","AT_ShrugMaster+1","AT_IchimonjiDouble","Sword Boomerang"],"picked":"SKIP","floor":37},{"not_picked":["Iron Wave","Pummel+1","Searing Blow+1","Replay:Undeath\u0027s Touch+1"],"picked":"MostiFishMod:#F4004+1","floor":41},{"not_picked":["Havoc","Hemogenesis","Pommel Strike","Body Slam+1","Sword Boomerang+1"],"picked":"SKIP","floor":43},{"not_picked":["Clothesline","MostiFishMod:#F4004","Wild Strike","Evolve+1"],"picked":"Seeing Red+1","floor":44},{"not_picked":["Clash","Run Through+1","ReplayTheSpireMod:Strike From Hell+1","REME_Scribble"],"picked":"Flex","floor":49},{"not_picked":["EnergyFlow+1","CharismaGuard+1","Fluid Movement+1","Consecrate"],"picked":"MillisecondPulsars","floor":56}],"player_experience":54701,"relics_obtained":[{"floor":1,"key":"SynthV:TestCard"},{"floor":8,"key":"Simple Rune"},{"floor":15,"key":"Bronze Scales"},{"floor":25,"key":"Replay:Bottled Flurry"},{"floor":28,"key":"Iron Hammer"},{"floor":29,"key":"Pear"},{"floor":30,"key":"Ring of Hypnosis"},{"floor":30,"key":"Ring of Searing"},{"floor":41,"key":"AT_ImmortalShieldbow"},{"floor":44,"key":"Counterbalance"},{"floor":45,"key":"Smiling Mask"},{"floor":47,"key":"Charon\u0027s Ashes"},{"floor":56,"key":"REME_HourglassOfDeath"}],"event_choices":[{"cards_removed":["Strike_R"],"damage_healed":0,"gold_gain":0,"player_choice":"Card Removal","damage_taken":0,"max_hp_gain":0,"max_hp_loss":0,"event_name":"The Cleric","floor":3,"gold_loss":50},{"damage_healed":0,"gold_gain":0,"player_choice":"¥¯◊ﬂ…Ò…Á","damage_taken":0,"relics_obtained":["YidongShenshe:ReiMu"],"max_hp_gain":0,"max_hp_loss":0,"event_name":"yidonshenshe","floor":4,"gold_loss":0,"cards_obtained":["Poor:ReiMu"]},{"damage_healed":0,"gold_gain":0,"player_choice":"Entered Light","damage_taken":16,"max_hp_gain":0,"max_hp_loss":0,"event_name":"Shining Light","floor":7,"gold_loss":0,"cards_upgraded":["Replay:Sssssssssstrike","ReplayTheSpireMod:Strike From Hell"]},{"cards_removed":["AT_MachinaRedman"],"damage_healed":10,"gold_gain":0,"player_choice":"Offered Rare","damage_taken":0,"max_hp_gain":10,"max_hp_loss":0,"event_name":"Bonfire Elementals","floor":10,"gold_loss":0},{"cards_removed":["Defend_R"],"damage_healed":0,"gold_gain":0,"player_choice":"Card Removal","damage_taken":7,"max_hp_gain":0,"max_hp_loss":0,"event_name":"Golden Wing","floor":14,"gold_loss":0},{"damage_healed":0,"gold_gain":30,"player_choice":"Searched \u00273\u0027 times","damage_taken":0,"max_hp_gain":0,"max_hp_loss":0,"event_name":"Dead Adventurer","floor":15,"gold_loss":0},{"damage_healed":0,"gold_gain":0,"player_choice":"Inject Mutagens","damage_taken":0,"relics_obtained":["MutagenicStrength"],"max_hp_gain":0,"max_hp_loss":0,"event_name":"Drug Dealer","floor":22,"gold_loss":0},{"cards_removed":["Defend_R"],"damage_healed":0,"gold_gain":0,"player_choice":"Gave Gold","damage_taken":0,"max_hp_gain":0,"max_hp_loss":0,"event_name":"Beggar","floor":23,"gold_loss":75},{"damage_healed":0,"gold_gain":0,"player_choice":"π∫¬Ú…Òæ∆","damage_taken":0,"relics_obtained":["ZunR:ReiMu"],"max_hp_gain":0,"max_hp_loss":0,"event_name":"ZunEvent","floor":24,"gold_loss":40},{"damage_healed":0,"gold_gain":0,"player_choice":"Read","damage_taken":0,"max_hp_gain":0,"max_hp_loss":0,"event_name":"The Library","floor":26,"gold_loss":0,"cards_obtained":["Heavy Blade"]},{"damage_healed":0,"gold_gain":0,"player_choice":"Paid","damage_taken":0,"relics_obtained":["Red Mask"],"max_hp_gain":0,"max_hp_loss":0,"event_name":"Tomb of Lord Red Mask","floor":39,"gold_loss":375},{"cards_removed":["Crow Ritual"],"damage_healed":0,"gold_gain":0,"player_choice":"Removed Power","damage_taken":0,"max_hp_gain":0,"max_hp_loss":0,"event_name":"Falling","floor":40,"gold_loss":0},{"damage_healed":0,"gold_gain":0,"player_choice":"Fight","damage_taken":0,"max_hp_gain":0,"max_hp_loss":0,"event_name":"Mysterious Sphere","floor":44,"gold_loss":0},{"damage_healed":0,"gold_gain":0,"player_choice":"Embrace Madness","damage_taken":17,"max_hp_gain":0,"max_hp_loss":0,"event_name":"Winding Halls","floor":46,"gold_loss":0,"cards_obtained":["Madness","Madness"]},{"damage_healed":0,"gold_gain":0,"player_choice":"Fight","damage_taken":0,"max_hp_gain":0,"max_hp_loss":0,"event_name":"MindBloom","floor":47,"gold_loss":0},{"cards_removed":["Poor:ReiMu"],"damage_healed":0,"gold_gain":0,"player_choice":"Upgrade and Remove","damage_taken":0,"max_hp_gain":0,"max_hp_loss":0,"event_name":"Designer","floor":48,"gold_loss":90,"cards_upgraded":["ReplayTheSpireMod:Necrogeddon"]}],"is_beta":false,"boss_relics":[{"not_picked":["Replay:Drink Me","Velvet Choker"],"picked":"PatriotShield"},{"not_picked":["Kintsugi","Black Star"],"picked":"REME_DuelDisc"}],"items_purged_floors":[2,16,21,32,38,50,55],"is_endless":false,"potions_floor_spawned":[1,25,37,43,44,47,49,56],"ascension_level":0}}