{"host":"7oiwk103j2prpym5","time":1612131813,"event":{"mods":["BaseMod","BetterRewards","Colored Map","Colored Powertips","GifTheSpireLib","Infinite Spire","Minty Spire (QoL Compilation)","Permanent Neow","Relic Filter Mod","Reliquary","Remove Card Discount Mod","Replay The Spire","StSLib","Stuff the Spire","Weighted Paths"],"gold_per_floor":[113,113,113,133,30,58,58,166,193,193,10,24,24,104,104,204,204,221,234,253,253,253,253,272,297,321,429,429,443,443,459,459,564,564,580,580,580],"floor_reached":36,"language":"ENG","playtime":4201,"items_purged":["Strike_G","Defend_G","Strike_G","Defend_G","Strike_G"],"score":539,"play_id":"57a3f06d-a420-4861-b768-d72f7d65a35e","local_time":"20210131162333","is_ascension_mode":false,"campfire_choices":[{"floor":7,"key":"RECALL"},{"floor":10,"key":"REST"},{"data":"Infinite Blades","floor":10,"key":"SMITH"},{"data":"Accuracy","floor":13,"key":"SMITH"},{"floor":15,"key":"REST"},{"data":"Apotheosis","floor":15,"key":"SMITH"},{"floor":23,"key":"REST"},{"data":"Accuracy","floor":23,"key":"SMITH"},{"floor":30,"key":"REST"},{"data":"Infinite Blades","floor":30,"key":"SMITH"},{"data":"Outmaneuver","floor":32,"key":"SMITH"}],"circlet_count":0,"master_deck":["Strike_G","Strike_G","Defend_G","Defend_G","Survivor","Neutralize","Accuracy+1","Accuracy+1","Backflip","Sucker Punch","Bane","Outmaneuver+1","Infinite Blades+1","Infinite Blades+1","Quick Slash","Flying Knee","Apotheosis+1","ReplayTheSpireMod:Restless Dread"],"relics":["Ring of the Snake","infinitespire:Magic Flask","StuffTheSpire:NeowsTribute","MealTicket","Spirit Poop","StuffTheSpire:TintedRock","reliquary:Sideboard","ReplayTheSpireMod:Shallot","Cursed Key","Garlic","Snecko Heart","Red Mask","StuffTheSpire:Experiment12","ReplayFunnel","Lantern","SlaversCollar"],"acts_visited":["Exordium","TheCity","TheBeyond"],"potions_floor_usage":[36],"damage_taken":[{"damage":0,"enemies":"Small Slimes","floor":1,"turns":4},{"damage":0,"enemies":"2 Louse","floor":4,"turns":4},{"damage":19,"enemies":"Gremlin Nob","floor":6,"turns":4},{"damage":27,"enemies":"3 Sentries","floor":8,"turns":6},{"damage":1,"enemies":"Cultist","floor":12,"turns":4},{"damage":8,"enemies":"Hexaghost","floor":16,"turns":8},{"damage":4,"enemies":"Spheric Guardian","floor":18,"turns":4},{"damage":0,"enemies":"3 Byrds","floor":19,"turns":4},{"damage":13,"enemies":"Sentry and Sphere","floor":20,"turns":4},{"damage":8,"enemies":"Centurion and Healer","floor":24,"turns":5},{"damage":0,"enemies":"Masked Bandits","floor":25,"turns":4},{"damage":10,"enemies":"Slavers","floor":27,"turns":5},{"damage":0,"enemies":"3 Cultists","floor":29,"turns":5},{"damage":0,"enemies":"Snecko","floor":31,"turns":4},{"damage":1,"enemies":"Champ","floor":33,"turns":11},{"damage":0,"enemies":"Orb Walker","floor":35,"turns":4},{"damage":12,"enemies":"infinitespire:Three Voidlings","floor":36,"turns":4},{"damage":54,"enemies":"Nightmare_Alpha","floor":36,"turns":11}],"seed_played":"7166485201280832087","potions_obtained":[{"floor":1,"key":"Dexterity Potion"},{"floor":8,"key":"Venom Potion"},{"floor":16,"key":"Fire Potion"},{"floor":19,"key":"Energy Potion"},{"floor":33,"key":"Weak Potion"},{"floor":35,"key":"EntropicBrew"}],"is_trial":false,"path_per_floor":["M","?","?","M","$","E","R","E","T","R","$","M","R","T","R","B",null,"M","M","M","AVR","?","R","M","?","T","E","?","M","R","M","R","B",null,"M","?"],"character_chosen":"THE_SILENT","items_purchased":["Accuracy","infinitespire:Magic Flask","Backflip","Infinite Blades","Quick Slash","Apotheosis"],"campfire_rested":4,"item_purchase_floors":[0,0,0,5,5,11],"current_hp_per_floor":[49,49,49,49,64,45,45,18,18,37,52,51,51,51,65,57,65,61,61,48,48,48,65,57,57,57,47,47,47,65,65,65,64,65,65,0,0],"gold":580,"neow_bonus":"","is_daily":false,"chose_seed":false,"campfire_upgraded":6,"win_rate":0.0,"timestamp":1612131813,"path_taken":["M","?","?","?","$","E","R","E","T","R","?","M","R","?","R","BOSS","M","M","M","AVR","?","R","M","?","T","E","?","M","R","?","R","BOSS","M","?"],"items_purchased_type":["Card","Relic","Card","Card","Card","Card"],"build_version":"2020-12-22","purchased_purges":5,"victory":false,"max_hp_per_floor":[65,65,65,65,65,65,65,65,65,65,65,65,65,65,65,65,65,65,65,65,65,65,65,65,65,65,65,65,65,65,65,65,65,65,65,65,65],"card_choices":[{"not_picked":["Masterful Stab","Outmaneuver"],"picked":"Bane","floor":1},{"not_picked":["Riddle With Holes","StuffTheSpire:Python"],"picked":"Outmaneuver","floor":4},{"not_picked":["Slice","Backflip"],"picked":"Flying Knee","floor":6},{"not_picked":["Blade Dance","Hidden Blade"],"picked":"Deadly Poison","floor":8},{"not_picked":["StuffTheSpire:ReptileScales","Quick Slash"],"picked":"Sucker Punch","floor":12},{"not_picked":["Unload","A Thousand Cuts"],"picked":"Storm of Steel","floor":16},{"not_picked":["StuffTheSpire:ReptileScales+1","Leg Sweep"],"picked":"Blur","floor":18},{"not_picked":["Slice+1","Reflex"],"picked":"Finisher+1","floor":19},{"not_picked":["Catalyst+1","Reflex"],"picked":"Slice","floor":20},{"not_picked":["Draining Mist+1","StuffTheSpire:Python"],"picked":"StuffTheSpire:Sprint","floor":24},{"not_picked":["Underhanded Strike","ReplayTheSpireMod:Scrap Shanks"],"picked":"Dodge and Roll","floor":25},{"not_picked":["Slice","Infinite Blades"],"picked":"Phantasmal Killer","floor":27},{"not_picked":["StuffTheSpire:Python+1","Hidden Blade"],"picked":"Blade Dance","floor":29},{"not_picked":["StuffTheSpire:Injection","Dagger Throw"],"picked":"Fluid Movement","floor":31},{"not_picked":["Grand Finale","Tools of the Trade"],"picked":"Phantasmal Killer","floor":33},{"not_picked":["Calculated Gamble+1","Acrobatics+1"],"picked":"Cloak And Dagger","floor":35}],"player_experience":825747,"relics_obtained":[{"floor":6,"key":"StuffTheSpire:TintedRock"},{"floor":8,"key":"reliquary:Sideboard"},{"floor":14,"key":"ReplayTheSpireMod:Shallot"},{"floor":25,"key":"Red Mask"},{"floor":26,"key":"StuffTheSpire:Experiment12"},{"floor":27,"key":"ReplayFunnel"}],"event_choices":[{"damage_healed":0,"gold_gain":0,"player_choice":"Box","damage_taken":0,"relics_obtained":["MealTicket"],"max_hp_gain":0,"max_hp_loss":0,"event_name":"Big Fish","floor":2,"gold_loss":0,"cards_obtained":["Regret"]},{"cards_removed":["Regret"],"damage_healed":0,"gold_gain":0,"player_choice":"Offered Curse","damage_taken":0,"relics_obtained":["Spirit Poop"],"max_hp_gain":0,"max_hp_loss":0,"event_name":"Bonfire Elementals","floor":3,"gold_loss":0},{"cards_removed":["Defend_G"],"damage_healed":0,"gold_gain":0,"player_choice":"Elegance","damage_taken":0,"max_hp_gain":0,"max_hp_loss":0,"event_name":"Back to Basics","floor":22,"gold_loss":0},{"damage_healed":0,"gold_gain":0,"player_choice":"Fought Bandits","damage_taken":0,"max_hp_gain":0,"max_hp_loss":0,"event_name":"Masked Bandits","floor":25,"gold_loss":0},{"damage_healed":0,"gold_gain":0,"player_choice":"Gave Potion","damage_taken":0,"relics_obtained":["Lantern"],"max_hp_gain":0,"max_hp_loss":0,"event_name":"WeMeetAgain","floor":28,"gold_loss":0}],"is_beta":false,"boss_relics":[{"not_picked":["Empty Cage","Astrolabe"],"picked":"Cursed Key"},{"not_picked":["Velvet Choker","Coffee Dripper"],"picked":"SlaversCollar"}],"items_purged_floors":[0,0,0,0,11],"is_endless":false,"potions_floor_spawned":[1,8,16,19,20,33,35],"killed_by":"Nightmare_Alpha","ascension_level":0}}