{"host":"6xsbn6ynqlzwllfm","time":1612118706,"event":{"mods":["2.2 Compatiblity","BaseMod","Bestiary","Colored Map","Colored Powertips","Curses Come First","Highlight Path","Keyboard Shortcuts","Minty Spire (QoL Compilation)","Relic Stats","Slay the Relics Exporter","StSLib","SuperFastMode"],"gold_per_floor":[114,114,138,138,154,187,187,225,295,295,336,361,395,395,395,395,395],"floor_reached":16,"language":"ENG","playtime":365,"items_purged":[],"score":252,"play_id":"130a1237-06ea-412d-87ae-7d6adc67a053","local_time":"20210131134506","daily_mods":["Heirloom","Flight"],"is_ascension_mode":true,"campfire_choices":[{"data":"EmptyFist","floor":7.0,"key":"SMITH"},{"data":"Halt","floor":10.0,"key":"SMITH"},{"data":"SashWhip","floor":15,"key":"SMITH"}],"circlet_count":0,"master_deck":["AscendersBane","Strike_P","Strike_P","Strike_P","Strike_P","Defend_P","Defend_P","Defend_P","Defend_P","Eruption","Vigilance","FollowUp","EmptyFist+1","SashWhip+1","Halt+1","FollowUp"],"relics":["PureWater","Ginger","Blood Vial","Golden Idol","StrikeDummy","GoldenEye","Singing Bowl","Peace Pipe","Bronze Scales"],"acts_visited":["Exordium"],"potions_floor_usage":[13,16],"damage_taken":[{"damage":0.0,"enemies":"2 Louse","floor":1.0,"turns":3.0},{"damage":2.0,"enemies":"Jaw Worm","floor":5.0,"turns":2.0},{"damage":42.0,"enemies":"3 Sentries","floor":6.0,"turns":14.0},{"damage":12.0,"enemies":"Gremlin Nob","floor":8.0,"turns":3.0},{"damage":15.0,"enemies":"3 Sentries","floor":11.0,"turns":8.0},{"damage":0.0,"enemies":"Cultist","floor":12.0,"turns":2.0},{"damage":8,"enemies":"Lagavulin","floor":13,"turns":5},{"damage":20,"enemies":"The Guardian","floor":16,"turns":2}],"seed_played":"-438666433834451486","potions_obtained":[{"floor":5.0,"key":"SteroidPotion"},{"floor":6.0,"key":"Regen Potion"},{"floor":11.0,"key":"DuplicationPotion"},{"floor":13,"key":"BlessingOfTheForge"}],"is_trial":true,"path_per_floor":["M","?","T","?","M","E","R","E","T","R","E","M","E","?","R","B"],"character_chosen":"WATCHER","items_purchased":[],"campfire_rested":0,"item_purchase_floors":[],"current_hp_per_floor":[61,66,66,66,64,24,24,14,14,14,16,20,16,16,16,0,0],"gold":395,"neow_bonus":"","is_daily":false,"chose_seed":false,"campfire_upgraded":3,"win_rate":0.0,"timestamp":1612118706,"path_taken":["M","?","?","?","M","E","R","E","T","R","E","?","E","?","R","BOSS"],"items_purchased_type":[],"build_version":"2020-12-22","purchased_purges":0,"victory":false,"max_hp_per_floor":[68,73,73,66,66,66,66,66,66,66,66,68,70,70,70,70,70],"relic_stats":{"Blood Vial":12,"Peace Pipe":0,"Singing Bowl":4,"counters":[8,39],"Golden Idol":38,"Bronze Scales":[0],"Ginger":[2],"GoldenEye":[0],"obtain_stats":[{"Blood Vial":3,"Peace Pipe":11,"Singing Bowl":9,"Golden Idol":4,"Bronze Scales":13,"Ginger":0,"PureWater":0,"StrikeDummy":6,"GoldenEye":8},{"Blood Vial":1,"Peace Pipe":5,"Singing Bowl":4,"Golden Idol":1,"Bronze Scales":7,"Ginger":0,"PureWater":0,"StrikeDummy":3,"GoldenEye":4},{"Blood Vial":3,"Peace Pipe":30,"Singing Bowl":22,"Golden Idol":3,"Bronze Scales":37,"Ginger":0,"PureWater":0,"StrikeDummy":19,"GoldenEye":22}]},"card_choices":[{"not_picked":["Adaptation","Vengeance"],"picked":"FollowUp","floor":1.0},{"not_picked":["Weave","Protect"],"picked":"EmptyFist","floor":5.0},{"not_picked":["Wireheading","FlyingSleeves"],"picked":"SashWhip","floor":6.0},{"not_picked":["FlyingSleeves","LikeWater"],"picked":"Halt","floor":8.0},{"not_picked":["Indignation","Sanctity"],"picked":"FollowUp","floor":11.0},{"not_picked":["ReachHeaven","Worship","JustLucky"],"picked":"Singing Bowl","floor":12.0},{"not_picked":["WaveOfTheHand","ClearTheMind","Prostrate"],"picked":"Singing Bowl","floor":13}],"player_experience":1363274,"relics_obtained":[{"floor":3.0,"key":"Blood Vial"},{"floor":6.0,"key":"StrikeDummy"},{"floor":8.0,"key":"GoldenEye"},{"floor":9.0,"key":"Singing Bowl"},{"floor":11.0,"key":"Peace Pipe"},{"floor":13,"key":"Bronze Scales"}],"event_choices":[{"damage_healed":0.0,"max_hp_gain":5.0,"max_hp_loss":0.0,"gold_gain":0.0,"event_name":"Big Fish","player_choice":"Donut","floor":2.0,"gold_loss":0.0,"damage_taken":0.0},{"damage_healed":0.0,"max_hp_gain":0.0,"max_hp_loss":7.0,"gold_gain":0.0,"event_name":"Golden Idol","player_choice":"Lose Max HP","floor":4.0,"gold_loss":0.0,"damage_taken":0.0,"relics_obtained":["Golden Idol"]},{"damage_healed":0,"gold_gain":0,"player_choice":"Ignored","damage_taken":0,"max_hp_gain":0,"max_hp_loss":0,"event_name":"Liars Game","floor":14,"gold_loss":0}],"is_beta":false,"boss_relics":[],"items_purged_floors":[],"is_endless":false,"potions_floor_spawned":[5,6,11,13],"killed_by":"The Guardian","ascension_level":20}}