{"host":"684z1xpuwaoqmmh1","time":1612098874,"event":{"mods":["BaseMod","Dio Mod","Downfall","Hermit","Jorbs\u0027s Wanderer Trilogy","Marisa????????","Minty Spire (QoL Compilation)","Robot Space Explorer","Shade Mod","StSLib","The Blackbeard","The Elementalist","The Hayseed","The Hierophant","The Marked","The Mystic","The Runesmith","The Saiyan","The Vixen","TheFirefly"],"gold_per_floor":[88,88,101,121,121,152,152,166,211,222,222,251,19,52,52,153,153,163,163,163,174,174,208,208,240,267,280,308,308,29,29,29,126,126,139,159,8,63,92,92,105,139,211,211,225,225,258,13,13,13,13,13,13,46,46,46],"floor_reached":55,"language":"ENG","playtime":4323,"items_purged":[],"score":901,"play_id":"a629fee3-3820-461e-88fa-b4975469925e","local_time":"20210131151434","is_ascension_mode":false,"campfire_choices":[{"floor":7,"key":"REST"},{"data":"Saiyan:TransfigurationBeam","floor":11,"key":"SMITH"},{"data":"Saiyan:SuperSaiyanThree","floor":15,"key":"SMITH"},{"data":"Saiyan:HyperTimeChamber","floor":24,"key":"SMITH"},{"floor":29,"key":"REST"},{"data":"Saiyan:SenzuBean","floor":32,"key":"SMITH"},{"floor":40,"key":"RECALL"},{"floor":44,"key":"REST"},{"data":"Saiyan:WarmUp","floor":46,"key":"SMITH"},{"data":"Saiyan:RuthlessBlow","floor":49,"key":"SMITH"},{"data":"Saiyan:Expend","floor":52,"key":"SMITH"}],"circlet_count":0,"master_deck":["Saiyan:EnergyBlast","Saiyan:KaioKen+1","Saiyan:RuthlessBlow+1","Saiyan:Overexert","Saiyan:RemoveWeights","Saiyan:PowerPole","Saiyan:AugmentedBlast","Saiyan:KiStrike","Saiyan:TransfigurationBeam+1","Saiyan:Expend+1","Saiyan:PowerUp","Saiyan:TurtleShell","Saiyan:SuperSaiyanThree+1","Saiyan:GenkiDama","Saiyan:FingerParry","Saiyan:MonkeyTail","Saiyan:SenzuBean+1","Saiyan:PowerStance","Saiyan:Overexert","Saiyan:Furor","Saiyan:KiStrike","Saiyan:SuperSaiyanThree","Saiyan:HyperTimeChamber+1","Saiyan:PlotArmor+1","Saiyan:Flurry+1","Saiyan:SoulSpice","Saiyan:KiExplosion+1","Saiyan:MajinSeal","Saiyan:KameHameHa+1","Saiyan:SolarFlare","Saiyan:DragonRadar","Saiyan:ConcussiveBlow","Saiyan:KaioKen","Saiyan:Momentum","Saiyan:Quickening","Saiyan:BackAttack","Saiyan:WarmUp+1","Saiyan:PlotArmor+1","Saiyan:DragonFist+1","Saiyan:Honing+1","Saiyan:Fly+1"],"relics":["SaiyanSoul","SaiyanHeart","elementalistmod:RedRibbon","Runesmith:Nanobots","Tiny Chest","Happy Flower","Lee\u0027s Waffle","Shuriken","Pandora\u0027s Box","Bag of Marbles","The Courier","Orichalcum","HornCleat","Kunai","Ice Cream","Busted Crown","Nunchaku","Membership Card","CeramicFish","MealTicket","Oddly Smooth Stone","Sundial","hexamod:CandleOfCauterizing","Bronze Scales","Vajra","Medical Kit","Pen Nib","War Paint","Bottled Lightning"],"acts_visited":["Exordium","TheCity","TheBeyond","TheEnding"],"potions_floor_usage":[10,14,14,21,25,25,28,28,36,42,47,55,55],"damage_taken":[{"damage":0,"enemies":"Cultist","floor":1,"turns":4},{"damage":0,"enemies":"Jaw Worm","floor":3,"turns":4},{"damage":3,"enemies":"Small Slimes","floor":4,"turns":2},{"damage":57,"enemies":"Gremlin Nob","floor":6,"turns":5},{"damage":1,"enemies":"Blue Slaver","floor":8,"turns":4},{"damage":0,"enemies":"Lots of Slimes","floor":10,"turns":3},{"damage":9,"enemies":"Lagavulin","floor":12,"turns":7},{"damage":4,"enemies":"Gremlin Nob","floor":14,"turns":3},{"damage":27,"enemies":"Slime Boss","floor":16,"turns":5},{"damage":9,"enemies":"2 Thieves","floor":18,"turns":3},{"damage":2,"enemies":"Shell Parasite","floor":21,"turns":12},{"damage":43,"enemies":"Book of Stabbing","floor":23,"turns":7},{"damage":26,"enemies":"Slavers","floor":25,"turns":5},{"damage":0,"enemies":"Cultist and Chosen","floor":27,"turns":4},{"damage":31,"enemies":"Book of Stabbing","floor":28,"turns":8},{"damage":6,"enemies":"Champ","floor":33,"turns":12},{"damage":0,"enemies":"3 Darklings","floor":35,"turns":1},{"damage":20,"enemies":"Orb Walker","floor":36,"turns":9},{"damage":7,"enemies":"4 Shapes","floor":39,"turns":6},{"damage":0,"enemies":"3 Darklings","floor":41,"turns":5},{"damage":55,"enemies":"Giant Head","floor":42,"turns":12},{"damage":2,"enemies":"Writhing Mass","floor":45,"turns":6},{"damage":12,"enemies":"Reptomancer","floor":47,"turns":6},{"damage":58,"enemies":"Donu and Deca","floor":50,"turns":9},{"damage":77,"enemies":"Shield and Spear","floor":54,"turns":7},{"damage":95,"enemies":"The Heart","floor":55,"turns":11}],"seed_played":"-8520970550672662322","potions_obtained":[{"floor":1,"key":"sneckomod:MuddlingPotion"},{"floor":8,"key":"SkillPotion"},{"floor":12,"key":"Swift Potion"},{"floor":14,"key":"sneckomod:MuddlingPotion"},{"floor":21,"key":"SpeedPotion"},{"floor":25,"key":"EssenceOfSteel"},{"floor":42,"key":"hexamod:SoulburnPotion"},{"floor":45,"key":"champ:CounterPotion"},{"floor":54,"key":"FairyPotion"}],"is_trial":false,"path_per_floor":["M","?","M","M","?","E","R","M","T","M","R","E","$","E","R","B",null,"M","?","?","M","T","E","R","E","T","M","E","R","$","?","R","B",null,"M","M","$","T","M","R","M","E","T","R","M","R","E","$","R","B",null,"R","$","E","B"],"character_chosen":"SAIYAJIN","items_purchased":["Saiyan:SuperSaiyanThree","Lee\u0027s Waffle","Ice Cream","Saiyan:ConcussiveBlow","Membership Card","Saiyan:WarmUp","Vajra","Medical Kit","Pen Nib","War Paint"],"campfire_rested":3,"item_purchase_floors":[13,13,30,30,37,37,48,48,48,48],"current_hp_per_floor":[67,67,68,66,66,10,31,32,32,33,33,25,81,79,79,55,86,80,63,94,94,94,52,52,31,31,33,19,50,50,50,50,46,108,109,91,91,91,85,85,89,36,36,71,70,70,59,74,74,16,120,120,120,43,0,0],"gold":46,"neow_bonus":"TEN_PERCENT_HP_BONUS","is_daily":false,"chose_seed":false,"campfire_upgraded":7,"win_rate":0.0,"timestamp":1612098874,"path_taken":["M","?","M","M","?","E","R","?","T","?","R","E","$","E","R","BOSS","M","?","?","M","?","E","R","E","T","?","E","R","$","?","R","BOSS","M","M","?","?","M","R","?","E","T","R","M","R","E","$","R","BOSS","R","$","E","BOSS"],"items_purchased_type":["Card","Relic","Relic","Card","Relic","Card","Relic","Relic","Relic","Relic"],"build_version":"2020-12-22","purchased_purges":0,"victory":false,"max_hp_per_floor":[67,67,68,69,69,70,70,72,72,73,73,74,81,83,83,86,86,89,94,94,96,96,97,97,102,102,104,106,106,106,106,106,108,108,109,111,111,111,112,112,116,118,118,118,119,119,120,120,120,120,120,120,120,120,123,123],"card_choices":[{"not_picked":["Saiyan:BackAttack","Saiyan:Quickening"],"picked":"Saiyan:Overexert","floor":1},{"not_picked":["Saiyan:Scouter","Saiyan:BigBangAttack"],"picked":"Saiyan:RemoveWeights","floor":3},{"not_picked":["Saiyan:Planning","Saiyan:BackAttack"],"picked":"Saiyan:PowerPole","floor":4},{"not_picked":["Saiyan:Scouter","Saiyan:SaiyanHubris"],"picked":"Saiyan:AugmentedBlast","floor":6},{"not_picked":["Saiyan:DoubleMasenko","Saiyan:ConcussiveBlow"],"picked":"Saiyan:TransfigurationBeam","floor":8},{"not_picked":["Saiyan:PowerPole","Saiyan:DoubleMasenko"],"picked":"Saiyan:Expend","floor":10},{"not_picked":["Saiyan:KiExplosion","Saiyan:SaiyanHubris"],"picked":"Saiyan:TurtleShell","floor":12},{"not_picked":["Saiyan:PowerStance","Saiyan:Planning"],"picked":"Saiyan:GenkiDama","floor":14},{"not_picked":["Saiyan:SolarFlare","Saiyan:MajinSeal"],"picked":"Saiyan:MonkeyTail","floor":16},{"not_picked":["Saiyan:CCCapsule","Saiyan:KameHameHa"],"picked":"Saiyan:PlotArmor+1","floor":18},{"not_picked":["Saiyan:DragonFist","Saiyan:DoubleMasenko+1"],"picked":"Saiyan:Flurry+1","floor":21},{"not_picked":["Saiyan:MeteorDash","Saiyan:ReverberatingForce"],"picked":"Saiyan:SoulSpice","floor":23},{"not_picked":["Saiyan:Kienzan","Saiyan:Taunt"],"picked":"Saiyan:MajinSeal","floor":25},{"not_picked":["Saiyan:PowerUp","Saiyan:CCCapsule"],"picked":"Saiyan:KameHameHa+1","floor":27},{"not_picked":["Saiyan:Taunt","Saiyan:PowerUp"],"picked":"Saiyan:SolarFlare","floor":28},{"not_picked":["Saiyan:HyperTimeChamber","Saiyan:MajinSeal"],"picked":"Saiyan:Momentum","floor":33},{"not_picked":[],"picked":"Saiyan:Quickening","floor":35},{"not_picked":[],"picked":"Saiyan:BackAttack","floor":36},{"not_picked":[],"picked":"Saiyan:PlotArmor+1","floor":39},{"not_picked":["Saiyan:KameHameHa"],"picked":"SKIP","floor":41},{"not_picked":["Saiyan:Honing+1"],"picked":"SKIP","floor":42},{"not_picked":[],"picked":"Saiyan:Honing+1","floor":42},{"not_picked":["Saiyan:Reset+1"],"picked":"SKIP","floor":45},{"not_picked":["Saiyan:ThirstForFight"],"picked":"SKIP","floor":47},{"not_picked":["Saiyan:SpiritSword"],"picked":"SKIP","floor":54},{"not_picked":["Saiyan:SpiritSword"],"picked":"SKIP","floor":54}],"player_experience":2856343,"relics_obtained":[{"floor":6,"key":"Runesmith:Nanobots"},{"floor":9,"key":"Tiny Chest"},{"floor":12,"key":"Happy Flower"},{"floor":14,"key":"Shuriken"},{"floor":21,"key":"Bag of Marbles"},{"floor":22,"key":"The Courier"},{"floor":23,"key":"Orichalcum"},{"floor":25,"key":"HornCleat"},{"floor":28,"key":"Kunai"},{"floor":36,"key":"Nunchaku"},{"floor":38,"key":"CeramicFish"},{"floor":39,"key":"MealTicket"},{"floor":42,"key":"Oddly Smooth Stone"},{"floor":42,"key":"Sundial"},{"floor":43,"key":"hexamod:CandleOfCauterizing"},{"floor":47,"key":"Bronze Scales"},{"floor":54,"key":"Bottled Lightning"}],"event_choices":[{"damage_healed":0,"gold_gain":0,"player_choice":"Ignored","damage_taken":0,"max_hp_gain":0,"max_hp_loss":0,"event_name":"NoteForYourself","floor":5,"gold_loss":0},{"damage_healed":0,"gold_gain":0,"player_choice":"Shed Blood","damage_taken":22,"max_hp_gain":5,"max_hp_loss":0,"event_name":"Forgotten Altar","floor":19,"gold_loss":0},{"cards_removed":["Saiyan:Overexert"],"damage_healed":31,"gold_gain":0,"player_choice":"Offered Uncommon","damage_taken":0,"max_hp_gain":0,"max_hp_loss":0,"event_name":"Bonfire Elementals","floor":20,"gold_loss":0},{"damage_healed":0,"gold_gain":0,"player_choice":"1 cards matched","damage_taken":0,"max_hp_gain":0,"max_hp_loss":0,"event_name":"Match and Keep!","floor":31,"gold_loss":0,"cards_obtained":["Saiyan:KaioKen"]}],"is_beta":false,"boss_relics":[{"not_picked":["Cursed Key","Velvet Choker"],"picked":"Pandora\u0027s Box"},{"not_picked":["Sozu","Runic Dome"],"picked":"Busted Crown"}],"items_purged_floors":[],"is_endless":false,"potions_floor_spawned":[1,8,12,14,21,25,27,42,45,54],"killed_by":"The Heart","ascension_level":0}}