{"host":"0kk91h4bq4kgfj0u","time":1612064805,"event":{"mods":["BaseMod","Minty Spire (QoL Compilation)","StSLib"],"gold_per_floor":[113,131,131,151,3,16,16,43,67,100,100,132,57,57,57,157,157,177,187,3,13,23,23,48,48,48,61,8,27,27,52,52,156,156,172,172,172,184,198,198,217,197,197,209,5,5,20,20,20,20],"floor_reached":51,"language":"ENG","playtime":1662,"items_purged":[],"score":896,"play_id":"177d0b70-1e6d-4d6b-9066-c09c5564b85a","local_time":"20210130224645","is_ascension_mode":true,"campfire_choices":[{"data":"Skewer","floor":7.0,"key":"SMITH"},{"floor":11.0,"key":"REST"},{"floor":15.0,"key":"REST"},{"floor":23.0,"key":"REST"},{"floor":25.0,"key":"REST"},{"floor":30.0,"key":"REST"},{"floor":32.0,"key":"REST"},{"floor":40.0,"key":"REST"},{"floor":46.0,"key":"REST"},{"floor":49.0,"key":"REST"}],"circlet_count":0,"master_deck":["Strike_G","Strike_G","Strike_G","Strike_G","Defend_G","Defend_G","Defend_G","Defend_G","Defend_G","Survivor+1","Neutralize","Sucker Punch","Skewer+1","Caltrops","Corpse Explosion+1","Bane","Cloak And Dagger","Dash","Infinite Blades+1","A Thousand Cuts+1","Slice+1","Dodge and Roll+1","Noxious Fumes+1","Acrobatics","Quick Slash","Backflip","Blade Dance","Deflect","Blur+1","Cloak And Dagger","Die Die Die","Noxious Fumes+1","Impatience","Flying Knee+1","Backflip+1","Prepared","Terror+1","Dagger Throw+1"],"relics":["Ring of the Serpent","Strawberry","Oddly Smooth Stone","Happy Flower","Bronze Scales","Frozen Egg 2","Ornamental Fan","WristBlade","Regal Pillow","Art of War","Akabeko","Red Mask","War Paint","Nunchaku"],"acts_visited":["Exordium","TheCity","TheBeyond"],"potions_floor_usage":[50,50],"damage_taken":[{"damage":0.0,"enemies":"Small Slimes","floor":1.0,"turns":3.0},{"damage":0.0,"enemies":"2 Louse","floor":2.0,"turns":3.0},{"damage":2.0,"enemies":"Cultist","floor":4.0,"turns":4.0},{"damage":14.0,"enemies":"2 Fungi Beasts","floor":6.0,"turns":4.0},{"damage":25.0,"enemies":"Lagavulin","floor":8.0,"turns":6.0},{"damage":28.0,"enemies":"Gremlin Nob","floor":10.0,"turns":4.0},{"damage":30.0,"enemies":"Lagavulin","floor":12.0,"turns":8.0},{"damage":26.0,"enemies":"The Guardian","floor":16.0,"turns":13.0},{"damage":14.0,"enemies":"Spheric Guardian","floor":18.0,"turns":4.0},{"damage":11.0,"enemies":"2 Thieves","floor":19.0,"turns":2.0},{"damage":23.0,"enemies":"Snake Plant","floor":21.0,"turns":4.0},{"damage":15.0,"enemies":"Sentry and Sphere","floor":22.0,"turns":5.0},{"damage":29.0,"enemies":"Book of Stabbing","floor":24.0,"turns":5.0},{"damage":11.0,"enemies":"Shelled Parasite and Fungi","floor":27.0,"turns":5.0},{"damage":3.0,"enemies":"Centurion and Healer","floor":29.0,"turns":4.0},{"damage":29.0,"enemies":"Masked Bandits","floor":31.0,"turns":4.0},{"damage":47.0,"enemies":"Collector","floor":33.0,"turns":9.0},{"damage":31.0,"enemies":"3 Shapes","floor":35.0,"turns":5.0},{"damage":19.0,"enemies":"3 Darklings","floor":38.0,"turns":4.0},{"damage":15.0,"enemies":"Jaw Worm Horde","floor":39.0,"turns":3.0},{"damage":30.0,"enemies":"Spire Growth","floor":41.0,"turns":6.0},{"damage":11.0,"enemies":"4 Shapes","floor":44.0,"turns":4.0},{"damage":13.0,"enemies":"Transient","floor":47.0,"turns":5.0},{"damage":68,"enemies":"Donu and Deca","floor":50,"turns":9}],"seed_played":"7721171527415831619","potions_obtained":[{"floor":1.0,"key":"Fire Potion"},{"floor":2.0,"key":"BlessingOfTheForge"},{"floor":6.0,"key":"Poison Potion"},{"floor":10.0,"key":"Regen Potion"},{"floor":19.0,"key":"Poison Potion"},{"floor":22.0,"key":"GamblersBrew"},{"floor":27.0,"key":"Regen Potion"},{"floor":33.0,"key":"SkillPotion"},{"floor":38.0,"key":"SpeedPotion"},{"floor":42.0,"key":"Explosive Potion"},{"floor":44.0,"key":"SkillPotion"}],"is_trial":false,"path_per_floor":["M","M","?","M","$","M","R","E","T","E","R","E","$","?","R","B",null,"M","M","$","M","M","R","E","R","T","M","$","M","R","?","R","B",null,"M","?","?","M","M","R","M","?","T","M","$","R","M","$","R","B",null],"character_chosen":"THE_SILENT","items_purchased":["Strawberry","Infinite Blades+1","Regal Pillow","Noxious Fumes+1","Deflect","Nunchaku","ColorlessPotion"],"campfire_rested":9,"item_purchase_floors":[5,13,20,20,28,45,45],"current_hp_per_floor":[77,77,82,80,87,73,73,48,48,20,46,16,16,16,42,31,75,61,50,50,27,12,53,24,65,65,54,54,51,89,60,89,42,77,46,46,46,27,12,53,23,23,23,12,12,53,40,40,81,28],"gold":20,"neow_bonus":"TEN_PERCENT_HP_BONUS","is_daily":false,"chose_seed":false,"campfire_upgraded":1,"win_rate":0.0,"timestamp":1612064805,"path_taken":["M","M","?","M","$","M","R","E","T","E","R","E","$","?","R","BOSS","M","M","$","M","M","R","E","R","T","M","$","?","R","?","R","BOSS","M","?","?","M","M","R","M","?","T","M","$","R","?","$","R","BOSS"],"items_purchased_type":["Relic","Card","Relic","Card","Card","Relic","Potion"],"build_version":"2020-12-22","purchased_purges":0,"victory":true,"max_hp_per_floor":[77,77,82,82,89,89,89,89,89,89,89,89,89,89,89,89,89,89,89,89,89,89,89,89,89,89,89,89,89,89,89,89,89,89,89,89,89,89,89,89,89,89,89,89,89,89,89,89,89,89],"card_choices":[{"not_picked":["Setup","Dagger Throw"],"picked":"Sucker Punch","floor":1.0},{"not_picked":["Acrobatics","Crippling Poison"],"picked":"Skewer","floor":2.0},{"not_picked":["Flechettes","Quick Slash"],"picked":"Caltrops","floor":4.0},{"not_picked":["Dagger Spray","Skewer"],"picked":"Corpse Explosion","floor":6.0},{"not_picked":["Endless Agony","Crippling Poison"],"picked":"Bane","floor":8.0},{"not_picked":["Quick Slash","Calculated Gamble"],"picked":"Cloak And Dagger","floor":10.0},{"not_picked":["Deflect","Deadly Poison"],"picked":"Dash","floor":12.0},{"not_picked":["Storm of Steel","Night Terror"],"picked":"A Thousand Cuts+1","floor":16.0},{"not_picked":["Poisoned Stab+1","Sucker Punch+1"],"picked":"Slice+1","floor":18.0},{"not_picked":["Outmaneuver","Predator"],"picked":"Dodge and Roll+1","floor":19.0},{"not_picked":["Reflex","Bane+1"],"picked":"Acrobatics","floor":21.0},{"not_picked":["Sucker Punch+1","Prepared"],"picked":"Quick Slash","floor":22.0},{"not_picked":["Adrenaline","Quick Slash"],"picked":"Backflip","floor":24.0},{"not_picked":["Dagger Spray","Underhanded Strike"],"picked":"Blade Dance","floor":27.0},{"not_picked":["Backflip+1","Deadly Poison"],"picked":"Blur+1","floor":29.0},{"not_picked":["Dagger Spray+1","Acrobatics"],"picked":"Cloak And Dagger","floor":31.0},{"not_picked":["Doppelganger","Malaise"],"picked":"Die Die Die","floor":33.0},{"not_picked":["Underhanded Strike+1","PiercingWail+1"],"picked":"Noxious Fumes+1","floor":35.0},{"not_picked":["PanicButton","Thinking Ahead"],"picked":"Impatience","floor":36.0},{"not_picked":["Finisher","Backflip"],"picked":"Flying Knee+1","floor":38.0},{"not_picked":["Prepared","Blade Dance"],"picked":"Backflip+1","floor":39.0},{"not_picked":["Outmaneuver+1","Underhanded Strike"],"picked":"Prepared","floor":41.0},{"not_picked":["Infinite Blades+1","Flechettes+1"],"picked":"Terror+1","floor":44.0},{"not_picked":["Dodge and Roll","Poisoned Stab"],"picked":"Dagger Throw+1","floor":47.0}],"player_experience":830630,"relics_obtained":[{"floor":8.0,"key":"Oddly Smooth Stone"},{"floor":9.0,"key":"Happy Flower"},{"floor":10.0,"key":"Bronze Scales"},{"floor":12.0,"key":"Frozen Egg 2"},{"floor":24.0,"key":"Art of War"},{"floor":26.0,"key":"Akabeko"},{"floor":31.0,"key":"Red Mask"},{"floor":43.0,"key":"War Paint"}],"event_choices":[{"damage_healed":0.0,"max_hp_gain":5.0,"max_hp_loss":0.0,"gold_gain":0.0,"event_name":"Big Fish","player_choice":"Donut","floor":3.0,"gold_loss":0.0,"damage_taken":0.0},{"damage_healed":0.0,"max_hp_gain":0.0,"max_hp_loss":0.0,"gold_gain":0.0,"event_name":"WeMeetAgain","player_choice":"Gave Potion","floor":14.0,"gold_loss":0.0,"damage_taken":0.0,"relics_obtained":["Ornamental Fan"]},{"damage_healed":0.0,"max_hp_gain":0.0,"max_hp_loss":0.0,"gold_gain":0.0,"event_name":"Masked Bandits","player_choice":"Fought Bandits","floor":31.0,"gold_loss":0.0,"damage_taken":0.0},{"damage_healed":0.0,"max_hp_gain":0.0,"max_hp_loss":0.0,"gold_gain":0.0,"event_name":"SensoryStone","player_choice":"Memory 1","floor":36.0,"gold_loss":0.0,"damage_taken":0.0},{"cards_removed":["Strike_G"],"damage_healed":0.0,"max_hp_gain":0.0,"max_hp_loss":0.0,"gold_gain":0.0,"event_name":"Falling","player_choice":"Removed Attack","floor":37.0,"gold_loss":0.0,"damage_taken":0.0},{"damage_healed":0.0,"max_hp_gain":0.0,"max_hp_loss":0.0,"gold_gain":0.0,"event_name":"The Woman in Blue","player_choice":"Bought 1 Potion","floor":42.0,"gold_loss":0.0,"damage_taken":0.0}],"is_beta":false,"boss_relics":[{"not_picked":["Black Star","HoveringKite"],"picked":"WristBlade"},{"not_picked":["SlaversCollar","Runic Dome"],"picked":"Ring of the Serpent"}],"items_purged_floors":[],"is_endless":false,"potions_floor_spawned":[1,2,6,10,19,22,27,33,38,44],"ascension_level":5}}