{"host":"rwmcmr2m88k7tuzm","time":1612131217,"event":{"mods":["BaseMod","BetterRewards","Conspire","Downfall","Hubris","Infinite Spire","Minty Spire (QoL Compilation)","Quick Restart","Replay The Spire","Shop Mod","StSLib","SuperFastMode"],"gold_per_floor":[113,63,138,63,7,7,19,30,100,175,188,188,188,188,188,291,291,306,306,286,305,319,351,351,376,376,376,63,63,63,79,79,79,79],"floor_reached":33,"language":"ENG","playtime":1444,"items_purged":["Defend_R"],"score":296,"play_id":"0a9d7088-7d62-4259-9172-2d354510498e","local_time":"20210131221337","is_ascension_mode":false,"campfire_choices":[{"data":"Metallicize","floor":6,"key":"SMITH"},{"data":"Bash","floor":12,"key":"SMITH"},{"data":"Dropkick","floor":15,"key":"SMITH"},{"floor":24,"key":"REST"},{"floor":27,"key":"REST"},{"floor":29,"key":"REST"},{"floor":32,"key":"REST"}],"circlet_count":0,"master_deck":["Strike_R","Strike_R","Strike_R","Strike_R","Defend_R","Defend_R","Defend_R","Bash+1","Rampage","Metallicize","Flex","Flex","Dropkick+1","Pommel Strike+1","Reaper","Shrug It Off","ReplayTheSpireMod:Muscle Training+1","Feed","Flex","Flex","Shrug It Off+1"],"relics":["Burning Blood","Happy Flower","DollysMirror","Lee\u0027s Waffle","Bronze Scales","Omamori","infinitespire:ShieldingShard","Counterbalance","Pantograph","Pen Nib","Garlic","hubris:FunFungus"],"acts_visited":["Exordium","TheCity"],"potions_floor_usage":[16,16,18,22,23,23],"damage_taken":[{"damage":0,"enemies":"Small Slimes","floor":1,"turns":3},{"damage":14,"enemies":"2 Louse","floor":7,"turns":2},{"damage":4,"enemies":"Jaw Worm","floor":8,"turns":4},{"damage":2,"enemies":"Blue Slaver","floor":11,"turns":4},{"damage":24,"enemies":"Fading Forest","floor":16,"turns":11},{"damage":29,"enemies":"2 Thieves","floor":18,"turns":4},{"damage":11,"enemies":"Spheric Guardian","floor":21,"turns":4},{"damage":0,"enemies":"Snecko","floor":22,"turns":3},{"damage":79,"enemies":"Slavers","floor":23,"turns":7},{"damage":55,"enemies":"Nightmare","floor":25,"turns":8},{"damage":24,"enemies":"conspire:HollyBat","floor":31,"turns":7},{"damage":101,"enemies":"conspire:MysteriousRune","floor":33,"turns":12}],"seed_played":"1630913207975585934","potions_obtained":[{"floor":1,"key":"Energy Potion"},{"floor":8,"key":"PowerPotion"},{"floor":16,"key":"BloodPotion"},{"floor":18,"key":"Swift Potion"},{"floor":20,"key":"Cursed Concoction"},{"floor":21,"key":"AttackPotion"}],"is_trial":false,"path_per_floor":["M","?","?","$","?","R","M","M","T","?","M","R","?","?","R","B",null,"M","?","?","M","M","E","R","NM","T","R","$","R","?","M","R","B"],"character_chosen":"IRONCLAD","items_purchased":["Happy Flower","Rampage","Metallicize","DollysMirror","Lee\u0027s Waffle","Bronze Scales","Block Potion","hubris:FunFungus"],"campfire_rested":4,"item_purchase_floors":[0,0,0,0,0,0,0,28],"current_hp_per_floor":[87,87,76,76,76,76,68,70,70,62,66,66,66,66,66,58,87,68,68,68,69,81,44,71,22,22,49,49,76,76,61,88,0,0],"gold":79,"neow_bonus":"","is_daily":false,"chose_seed":false,"campfire_upgraded":3,"win_rate":0.0,"timestamp":1612131217,"path_taken":["M","?","?","?","?","R","?","M","T","?","?","R","?","?","R","BOSS","M","?","?","?","M","E","R","NM","T","R","$","R","?","?","R","BOSS"],"items_purchased_type":["Relic","Card","Card","Relic","Relic","Relic","Potion","Relic"],"build_version":"2020-12-22","purchased_purges":1,"victory":false,"max_hp_per_floor":[87,87,87,87,87,87,87,87,87,87,87,87,87,87,87,87,87,87,87,87,87,87,90,90,90,90,90,90,90,90,90,90,90,90],"card_choices":[{"not_picked":["Armaments","Anger"],"picked":"Flex","floor":1},{"not_picked":["Dark Embrace","True Grit","Headbutt"],"picked":"SKIP","floor":7},{"not_picked":["ReplayTheSpireMod:Corrosion Curse","Iron Wave"],"picked":"Dropkick","floor":8},{"not_picked":["Perfected Strike","Wild Strike","Heavy Blade"],"picked":"SKIP","floor":11},{"not_picked":["Corruption","Juggernaut"],"picked":"Reaper","floor":16},{"not_picked":["Headbutt","Fire Breathing"],"picked":"Shrug It Off","floor":18},{"not_picked":["Reckless Charge","Combust"],"picked":"ReplayTheSpireMod:Muscle Training+1","floor":21},{"not_picked":["Shrug It Off","Blood for Blood+1"],"picked":"Feed","floor":22},{"not_picked":["Immolate","Perfected Strike"],"picked":"Flex","floor":23},{"not_picked":["Shockwave+1","Fire Breathing"],"picked":"Flex","floor":25},{"not_picked":["ReplayTheSpireMod:Muscle Training","Sentinel"],"picked":"Shrug It Off+1","floor":31}],"player_experience":171938,"relics_obtained":[{"floor":9,"key":"infinitespire:ShieldingShard"},{"floor":23,"key":"Pantograph"},{"floor":25,"key":"Pen Nib"},{"floor":26,"key":"Garlic"}],"event_choices":[{"cards_removed":["Strike_R"],"damage_healed":0,"gold_gain":0,"player_choice":"Card Removal","damage_taken":0,"max_hp_gain":0,"max_hp_loss":0,"event_name":"The Cleric","floor":2,"gold_loss":50},{"damage_healed":0,"gold_gain":75,"player_choice":"Gather Gold","damage_taken":11,"max_hp_gain":0,"max_hp_loss":0,"event_name":"World of Goop","floor":3,"gold_loss":0},{"damage_healed":0,"gold_gain":0,"player_choice":"Paid Gold","damage_taken":0,"relics_obtained":["Omamori"],"max_hp_gain":0,"max_hp_loss":0,"event_name":"WeMeetAgain","floor":5,"gold_loss":56},{"damage_healed":0,"gold_gain":75,"player_choice":"Touch","damage_taken":8,"max_hp_gain":0,"max_hp_loss":0,"event_name":"FaceTrader","floor":10,"gold_loss":0},{"damage_healed":0,"gold_gain":0,"player_choice":"Leave","damage_taken":0,"max_hp_gain":0,"max_hp_loss":0,"event_name":"conspire:Investor","floor":14,"gold_loss":0},{"damage_healed":0,"gold_gain":0,"player_choice":"Bought 1 Potion","damage_taken":0,"max_hp_gain":0,"max_hp_loss":0,"event_name":"The Woman in Blue","floor":20,"gold_loss":0},{"damage_healed":0,"gold_gain":0,"player_choice":"Ignored","damage_taken":0,"max_hp_gain":0,"max_hp_loss":0,"event_name":"Transmorgrifier","floor":30,"gold_loss":0}],"is_beta":false,"boss_relics":[{"not_picked":["Abe\u0027s Treasure","Electric Blood","Mark of Pain"]}],"items_purged_floors":[4],"is_endless":false,"potions_floor_spawned":[1,8,16,18,21],"killed_by":"conspire:MysteriousRune","ascension_level":0}}