{"host":"yqw1zpryoutrnocq","time":1612062074,"event":{"mods":["2.2 Compatiblity","AchievementEnabler","BaseMod","Colored Map","Custom Start","DeckTracker","Minty Spire (QoL Compilation)","StSLib","SuperFastMode"],"gold_per_floor":[117,135,147,165,175,203,203,214,238,267,267,27,45,110,110,209,209,227,240,266,266,280,305,305,337,337,357,367,377,5,30,30,127,127,143,365,377,377,30,30,30,30,53,70,105,123,158,175,175,175],"floor_reached":51,"language":"KOR","playtime":2382,"items_purged":["Strike_G"],"score":1470,"play_id":"c30ec424-a52a-42ba-bfad-975d54844357","local_time":"20210130210114","is_ascension_mode":true,"campfire_choices":[{"data":"Riddle With Holes","floor":7.0,"key":"SMITH"},{"data":"Venomology","floor":11,"key":"SMITH"},{"data":"Prepared","floor":15,"key":"SMITH"},{"data":"Burst","floor":32,"key":"SMITH"},{"data":"Venomology","floor":40,"key":"SMITH"},{"data":"Concentrate","floor":42,"key":"SMITH"},{"data":"Blade Dance","floor":49,"key":"SMITH"}],"circlet_count":0,"master_deck":["Strike_G","Strike_G","Strike_G","Defend_G","Defend_G","Defend_G","Defend_G","Defend_G","Survivor","Neutralize","Blade Dance","Dagger Spray","Riddle With Holes+1","Blur","Flying Knee","Tactician","Venomology+1","Prepared+1","Quick Slash","Dagger Spray","Glass Knife","CurseOfTheBell","Dodge and Roll+1","Calculated Gamble","Burst+1","Concentrate+1","Quick Slash+1","Blade Dance+1","Deflect+1","Venomology+1","After Image+1","Adrenaline+1","Dagger Spray+1","Caltrops+1","Secret Technique+1","Blind+1","Violence+1","Blade Dance+1","Cloak And Dagger+1","Poisoned Stab","Quick Slash+1","Acrobatics+1"],"relics":["Coffee Dripper","Kunai","Strawberry","Mango","Shuriken","Blood Vial","Calling Bell","Ancient Tea Set","Pantograph","Dead Branch","Red Mask","FaceOfCleric","Art of War","Paper Crane","The Courier","Sundial","Toxic Egg 2","WristBlade","Toy Ornithopter","Happy Flower","Bronze Scales","Bag of Marbles","Pear"],"acts_visited":["Exordium","TheCity","TheBeyond"],"potions_floor_usage":[10,10,14,14,16,19,22,23,23,25,25,28,31,33,33,35,35,44,45,45,45,46,47,47,48,50,50,50,50,50],"damage_taken":[{"damage":4.0,"enemies":"Small Slimes","floor":1.0,"turns":5.0},{"damage":0.0,"enemies":"2 Louse","floor":2.0,"turns":2.0},{"damage":0.0,"enemies":"Cultist","floor":3.0,"turns":3.0},{"damage":4.0,"enemies":"Large Slime","floor":4.0,"turns":6.0},{"damage":1.0,"enemies":"3 Louse","floor":5.0,"turns":2.0},{"damage":23.0,"enemies":"Lagavulin","floor":6.0,"turns":7.0},{"damage":10,"enemies":"Gremlin Gang","floor":8,"turns":6},{"damage":5,"enemies":"3 Sentries","floor":10,"turns":6},{"damage":9,"enemies":"Exordium Thugs","floor":13,"turns":4},{"damage":29,"enemies":"Lagavulin Event","floor":14,"turns":4},{"damage":6,"enemies":"Hexaghost","floor":16,"turns":7},{"damage":0,"enemies":"3 Byrds","floor":18,"turns":4},{"damage":0,"enemies":"Chosen","floor":19,"turns":4},{"damage":0,"enemies":"Masked Bandits","floor":20,"turns":2},{"damage":0,"enemies":"Centurion and Healer","floor":22,"turns":4},{"damage":4,"enemies":"Gremlin Leader","floor":23,"turns":4},{"damage":41,"enemies":"Slavers","floor":25,"turns":5},{"damage":1,"enemies":"Chosen and Byrds","floor":27,"turns":4},{"damage":3,"enemies":"Snecko","floor":28,"turns":4},{"damage":0,"enemies":"3 Cultists","floor":29,"turns":2},{"damage":8,"enemies":"Book of Stabbing","floor":31,"turns":5},{"damage":0,"enemies":"Automaton","floor":33,"turns":8},{"damage":0,"enemies":"3 Shapes","floor":35,"turns":3},{"damage":5,"enemies":"Orb Walker","floor":37,"turns":5},{"damage":0,"enemies":"Jaw Worm Horde","floor":44,"turns":3},{"damage":0,"enemies":"Nemesis","floor":45,"turns":5},{"damage":0,"enemies":"4 Shapes","floor":46,"turns":4},{"damage":0,"enemies":"Giant Head","floor":47,"turns":4},{"damage":0,"enemies":"3 Darklings","floor":48,"turns":3},{"damage":97,"enemies":"Time Eater","floor":50,"turns":10}],"seed_played":"-8943094271349300934","potions_obtained":[{"floor":2.0,"key":"Regen Potion"},{"floor":3.0,"key":"SteroidPotion"},{"floor":8,"key":"Block Potion"},{"floor":14,"key":"ColorlessPotion"},{"floor":16,"key":"Energy Potion"},{"floor":19,"key":"Strength Potion"},{"floor":25,"key":"LiquidMemories"},{"floor":35,"key":"Fruit Juice"},{"floor":46,"key":"Strength Potion"}],"is_trial":false,"path_per_floor":["M","M","M","M","M","E","R","M","T","E","R","$","M","?","R","B",null,"M","M","?","?","M","E","?","E","T","M","M","M","$","E","R","B",null,"M","?","M","?","$","R","?","R","T","M","E","M","E","M","R","B",null],"character_chosen":"THE_SILENT","items_purchased":["Shuriken","Sundial","Venomology","Toy Ornithopter","Happy Flower","Bronze Scales"],"campfire_rested":0,"item_purchase_floors":[12,30,30,39,39,39],"current_hp_per_floor":[66,66,66,62,61,53,53,43,50,59,59,59,50,21,21,17,73,75,77,79,79,82,81,81,43,43,45,45,48,48,43,43,71,92,100,100,98,88,88,88,88,88,88,96,108,109,120,121,121,35],"gold":175,"neow_bonus":"BOSS_RELIC","is_daily":false,"chose_seed":false,"campfire_upgraded":7,"win_rate":0.0,"timestamp":1612062074,"path_taken":["M","M","M","M","M","E","R","M","T","E","R","$","M","?","R","BOSS","M","M","?","?","?","E","?","E","T","M","M","M","$","E","R","BOSS","M","?","M","?","$","R","?","R","T","?","E","M","E","M","R","BOSS"],"items_purchased_type":["Relic","Relic","Card","Relic","Relic","Relic"],"build_version":"2020-12-22","purchased_purges":1,"victory":true,"max_hp_per_floor":[70,70,70,70,70,70,70,70,77,91,91,91,91,91,91,91,91,91,91,91,91,92,93,93,94,94,95,96,97,97,98,98,99,99,105,105,106,106,106,106,106,106,106,107,108,109,120,121,121,122],"card_choices":[{"not_picked":["Prepared","Finisher"],"picked":"Blade Dance","floor":1.0},{"not_picked":["Distraction","Poisoned Stab"],"picked":"Dagger Spray","floor":2.0},{"not_picked":["Acrobatics","Cloak And Dagger"],"picked":"Riddle With Holes","floor":3.0},{"not_picked":["Setup","Deadly Poison"],"picked":"Blur","floor":4.0},{"not_picked":["Bouncing Flask","Dagger Throw"],"picked":"Flying Knee","floor":5.0},{"not_picked":["Choke","Flying Knee"],"picked":"Tactician","floor":6.0},{"not_picked":["Blade Dance","Endless Agony"],"picked":"Venomology","floor":8},{"not_picked":["Poisoned Stab","Endless Agony"],"picked":"Prepared","floor":10},{"not_picked":["Choke","Riddle With Holes"],"picked":"Quick Slash","floor":13},{"not_picked":["Flying Knee","Quick Slash"],"picked":"Dagger Spray","floor":14},{"not_picked":["Phantasmal Killer","Storm of Steel"],"picked":"Glass Knife","floor":16},{"not_picked":["Underhanded Strike","Deflect"],"picked":"Dodge and Roll+1","floor":18},{"not_picked":["Escape Plan","Leg Sweep+1"],"picked":"Calculated Gamble","floor":19},{"not_picked":["Skewer","Prepared"],"picked":"Burst","floor":22},{"not_picked":["All Out Attack+1","Poisoned Stab"],"picked":"Concentrate","floor":23},{"not_picked":["Setup","Finisher"],"picked":"Quick Slash+1","floor":25},{"not_picked":["Quick Slash","Dash+1"],"picked":"Blade Dance","floor":27},{"not_picked":["Poisoned Stab","Bane","Outmaneuver"],"picked":"SKIP","floor":28},{"not_picked":["Blur","Accuracy+1"],"picked":"Deflect+1","floor":29},{"not_picked":["Prepared+1","Flying Knee+1"],"picked":"After Image","floor":31},{"not_picked":["After Image","Doppelganger+1"],"picked":"Adrenaline+1","floor":33},{"not_picked":["Catalyst+1","Slice+1"],"picked":"Dagger Spray+1","floor":35},{"not_picked":["Deflect+1","Noxious Fumes+1"],"picked":"Caltrops+1","floor":37},{"not_picked":["Magnetism","Enlightenment+1"],"picked":"Secret Technique+1","floor":38},{"not_picked":["Swift Strike","Secret Technique+1"],"picked":"Blind+1","floor":38},{"not_picked":["Jack Of All Trades+1","Purity+1"],"picked":"Violence+1","floor":38},{"not_picked":["Accuracy+1","Tactician+1"],"picked":"Blade Dance+1","floor":44},{"not_picked":["Flying Knee+1","Slice+1"],"picked":"Cloak And Dagger+1","floor":45},{"not_picked":["Reflex+1","All Out Attack"],"picked":"Poisoned Stab","floor":46},{"not_picked":["Poisoned Stab+1","Riddle With Holes"],"picked":"Quick Slash+1","floor":47},{"not_picked":["Choke+1","Concentrate+1"],"picked":"Acrobatics+1","floor":48}],"player_experience":243733,"relics_obtained":[{"floor":6.0,"key":"Kunai"},{"floor":9,"key":"Strawberry"},{"floor":10,"key":"Mango"},{"floor":14,"key":"Blood Vial"},{"floor":17,"key":"Ancient Tea Set"},{"floor":17,"key":"Pantograph"},{"floor":17,"key":"Dead Branch"},{"floor":20,"key":"Red Mask"},{"floor":23,"key":"Art of War"},{"floor":25,"key":"Paper Crane"},{"floor":26,"key":"The Courier"},{"floor":31,"key":"Toxic Egg 2"},{"floor":45,"key":"Bag of Marbles"},{"floor":47,"key":"Pear"}],"event_choices":[{"damage_healed":0,"gold_gain":30,"player_choice":"Searched \u00273\u0027 times","damage_taken":0,"max_hp_gain":0,"max_hp_loss":0,"event_name":"Dead Adventurer","floor":14,"gold_loss":0},{"damage_healed":0,"gold_gain":0,"player_choice":"Fought Bandits","damage_taken":0,"max_hp_gain":0,"max_hp_loss":0,"event_name":"Masked Bandits","floor":20,"gold_loss":0},{"damage_healed":0,"gold_gain":0,"player_choice":"Trade","damage_taken":0,"relics_obtained":["FaceOfCleric"],"max_hp_gain":0,"max_hp_loss":0,"event_name":"FaceTrader","floor":21,"gold_loss":0},{"cards_removed":["Strike_G"],"damage_healed":0,"gold_gain":0,"player_choice":"Elegance","damage_taken":0,"max_hp_gain":0,"max_hp_loss":0,"event_name":"Back to Basics","floor":24,"gold_loss":0},{"damage_healed":0,"gold_gain":222,"player_choice":"Wore Mask","damage_taken":0,"max_hp_gain":0,"max_hp_loss":0,"event_name":"Tomb of Lord Red Mask","floor":36,"gold_loss":0},{"damage_healed":0,"gold_gain":0,"player_choice":"Memory 3","damage_taken":10,"max_hp_gain":0,"max_hp_loss":0,"event_name":"SensoryStone","floor":38,"gold_loss":0},{"damage_healed":0,"gold_gain":0,"player_choice":"Forge","damage_taken":0,"max_hp_gain":0,"max_hp_loss":0,"event_name":"Accursed Blacksmith","floor":41,"gold_loss":0,"cards_upgraded":["After Image"]}],"is_beta":false,"boss_relics":[{"not_picked":["Astrolabe","Velvet Choker"],"picked":"Calling Bell"},{"not_picked":["Cursed Key","Tiny House"],"picked":"WristBlade"}],"items_purged_floors":[30],"is_endless":false,"potions_floor_spawned":[2,3,8,14,16,19,20,25,27,35,37,46,47],"ascension_level":5}}