{"host":"5ddwedapke4fsx0r","time":1612094975,"event":{"mods":["BaseMod","Downfall","Infinite Spire","Minty Spire (QoL Compilation)","Reliquary","Shade Mod","StSLib","The Clintock","The Construct","The Forsaken","The Gatherer","The Hierophant","The Servant 0.9.4","TheHero","TheSurvivalist"],"gold_per_floor":[99,115,215,215,215,115,115,115,127,27,47,83,83,106,135,241,241,241,254,273,301,327,355,355,355,355,355,355,464,464,464,472,488,488],"floor_reached":33,"language":"ENG","playtime":1547,"items_purged":[],"score":328,"play_id":"89a368d0-52ae-4692-8e2f-36d973c64ee8","local_time":"20210131130935","is_ascension_mode":true,"campfire_choices":[{"floor":1.0,"key":"RECALL"},{"data":"construct:AttackMode","floor":6.0,"key":"SMITH"},{"data":"construct:Strike_Gold","floor":10.0,"key":"SMITH"},{"data":"construct:LaserCore","floor":18.0,"key":"SMITH"},{"floor":25.0,"key":"REST"},{"floor":27.0,"key":"REST"},{"data":"construct:Autoturret","floor":30.0,"key":"SMITH"}],"circlet_count":0,"master_deck":["construct:Strike_Gold+1","construct:Strike_Gold","construct:Strike_Gold","construct:Strike_Gold","construct:Strike_Gold","construct:Defend_Gold","construct:Defend_Gold","construct:Defend_Gold","construct:Defend_Gold","construct:Defend_Gold","construct:AttackMode+1","construct:DefenseMode","construct:ClusterMines+1","construct:SweepLaser+1","construct:LaserCore+1","construct:Autoturret","construct:BatteryCore","construct:BatteryCore","construct:ShieldBurst+1","construct:Autoturret","construct:Autoturret+1","construct:Forcefield"],"relics":["bronze:BronzeCore","Potion Belt","infinitespire:Cubic Diamond","downfall:HeartBlessingRed","Molten Egg 2","downfall:HeartBlessingBlue","CeramicFish","reliquary:KinkedSpring","Bottled Tornado","theForsaken:Kindling","SacredBark","Du-Vu Doll","reliquary:OuijaBoard","infinitespire:Midas Blood"],"acts_visited":["Exordium","TheCity"],"potions_floor_usage":[33],"damage_taken":[{"damage":4.0,"enemies":"Jaw Worm","floor":2.0,"turns":4.0},{"damage":2.0,"enemies":"2 Louse","floor":9.0,"turns":4.0},{"damage":2.0,"enemies":"Small Slimes","floor":11.0,"turns":2.0},{"damage":13.0,"enemies":"3 Sentries","floor":12.0,"turns":4.0},{"damage":18.0,"enemies":"Gremlin Gang","floor":14.0,"turns":4.0},{"damage":10.0,"enemies":"Large Slime","floor":15.0,"turns":5.0},{"damage":41.0,"enemies":"IC_STATUS_ARCHETYPE","floor":16.0,"turns":6.0},{"damage":23.0,"enemies":"Shell Parasite","floor":19.0,"turns":4.0},{"damage":5.0,"enemies":"Spheric Guardian","floor":20.0,"turns":5.0},{"damage":35.0,"enemies":"Snecko","floor":21.0,"turns":5.0},{"damage":8.0,"enemies":"Centurion and Healer","floor":22.0,"turns":13.0},{"damage":29.0,"enemies":"Nightmare","floor":23.0,"turns":14.0},{"damage":0.0,"enemies":"Colosseum Nobs","floor":29.0,"turns":2.0},{"damage":20.0,"enemies":"Cultist and Chosen","floor":32.0,"turns":5.0},{"damage":65,"enemies":"DF_ARCHETYPE_CLAW","floor":33,"turns":6}],"seed_played":"-3252883756974379678","potions_obtained":[{"floor":2.0,"key":"SkillPotion"},{"floor":11.0,"key":"LiquidBronze"},{"floor":16.0,"key":"Fruit Juice"},{"floor":21.0,"key":"Block Potion"},{"floor":23.0,"key":"EntropicBrew"},{"floor":28.0,"key":"CultistPotion"},{"floor":29.0,"key":"FearPotion"}],"is_trial":false,"path_per_floor":["R","M","?","?","?","R","T","T","M","R","M","E","?","M","M","B",null,"R","M","M","M","M","NM","T","R","AVR","R","?","?","R","?","M","B"],"character_chosen":"THE_CONSTRUCT_MOD","items_purchased":[],"campfire_rested":2,"item_purchase_floors":[],"current_hp_per_floor":[93,89,89,89,89,89,89,89,87,97,95,82,82,64,54,18,108,108,85,80,45,37,8,8,45,45,83,83,83,83,83,63,0,0],"gold":488,"neow_bonus":"TEN_PERCENT_HP_BONUS","is_daily":false,"chose_seed":false,"campfire_upgraded":4,"win_rate":0.0,"timestamp":1612094975,"path_taken":["R","M","?","?","?","R","T","?","?","R","M","E","?","M","M","BOSS","R","M","M","M","M","NM","T","R","AVR","R","?","?","R","?","M","BOSS"],"items_purchased_type":[],"build_version":"2020-12-22","purchased_purges":0,"victory":false,"max_hp_per_floor":[93,93,93,93,93,93,93,93,93,103,103,103,103,103,103,108,108,108,108,108,108,108,108,108,113,113,118,118,118,118,118,118,118,118],"card_choices":[{"not_picked":["construct:ShiftStrike","construct:OmegaCannon","construct:Overcharge"],"picked":"SKIP","floor":2.0},{"not_picked":["construct:Anticipate","construct:ModeShift"],"picked":"construct:ClusterMines+1","floor":9.0},{"not_picked":["construct:ScrapCannon+1","construct:Analyze"],"picked":"construct:SweepLaser+1","floor":11.0},{"not_picked":["construct:Antimatter+1","construct:Forcefield"],"picked":"construct:LaserCore","floor":12.0},{"not_picked":["construct:FlakBarrage+1","construct:Anticipate"],"picked":"construct:Autoturret","floor":14.0},{"not_picked":["construct:MetalShell","construct:ModeShift"],"picked":"construct:BatteryCore","floor":15.0},{"not_picked":["construct:ShiftingStance","construct:HastyRepair"],"picked":"construct:BatteryCore","floor":16.0},{"not_picked":["construct:Accumulate+1","construct:HeavyBolt+1","construct:FierceBash+1"],"picked":"SKIP","floor":19.0},{"not_picked":["construct:ModeShift","construct:Electrocute+1"],"picked":"construct:ShieldBurst+1","floor":20.0},{"not_picked":["construct:Versatility+1","construct:Electrocute+1"],"picked":"construct:Autoturret","floor":21.0},{"not_picked":["construct:Versatility+1","construct:Hazardproof+1"],"picked":"construct:Autoturret","floor":22.0},{"not_picked":["construct:PanicFire","construct:ModeShift","construct:QuickAttack+1"],"picked":"SKIP","floor":23.0},{"not_picked":["construct:ClusterMines+1","construct:FierceBash+1"],"picked":"construct:Forcefield","floor":29.0}],"player_experience":528857,"relics_obtained":[{"floor":4.0,"key":"Potion Belt"},{"floor":8.0,"key":"Molten Egg 2"},{"floor":12.0,"key":"CeramicFish"},{"floor":23.0,"key":"Bottled Tornado"},{"floor":24.0,"key":"theForsaken:Kindling"},{"floor":29.0,"key":"reliquary:OuijaBoard"},{"floor":29.0,"key":"infinitespire:Midas Blood"}],"event_choices":[],"is_beta":false,"boss_relics":[{"not_picked":["theForsaken:PaleLantern","Runic Pyramid"],"picked":"reliquary:KinkedSpring"}],"items_purged_floors":[],"is_endless":true,"potions_floor_spawned":[2,11,16,21,23,29],"killed_by":"DF_ARCHETYPE_CLAW","ascension_level":1}}