{"host":"tpad8qsc9e0g0pa5","time":1612072383,"event":{"mods":["BaseMod","Minty Spire (QoL Compilation)","Quick Restart","StSLib","The Cursed"],"gold_per_floor":[117,192,203,203,203,203,237,237,260,260,275,44,60,77,77,175,175,190,39,51,69,69,101,101,152,205,205,225,236,236,236,236,340,340,351,12,12,29,39,68,68,97,179,33,33,33,45,57,57,57],"floor_reached":51,"language":"ZHS","playtime":5009,"items_purged":["Defend_P","Eruption"],"score":971,"play_id":"0bc27347-ade3-42ad-b937-93ad78c5cf5b","local_time":"20210131135303","is_ascension_mode":true,"campfire_choices":[{"data":"Judgement","floor":6.0,"key":"SMITH"},{"floor":8.0,"key":"REST"},{"data":"ClearTheMind","floor":10.0,"key":"SMITH"},{"data":"Wallop","floor":15.0,"key":"SMITH"},{"floor":24.0,"key":"REST"},{"data":"Vault","floor":27.0,"key":"SMITH"},{"data":"DevaForm","floor":30.0,"key":"SMITH"},{"data":"Alpha","floor":32.0,"key":"SMITH"},{"data":"ConjureBlade","floor":46,"key":"SMITH"},{"floor":49,"key":"REST"}],"circlet_count":0,"master_deck":["Vigilance","Judgement+1","ClearTheMind+1","EmptyBody","Consecrate+1","Wallop+1","Evaluate","Swivel","Vault","ForeignInfluence","DevaForm+1","Ragnarok","Indignation","Vault+1","Alpha+1","Blasphemy","EmptyMind","RitualDagger","Ragnarok+1","ForeignInfluence","FlurryOfBlows","WreathOfFlame","ConjureBlade+1","Pain","ReachHeaven+1"],"relics":["PureWater","Potion Belt","Bronze Scales","Ancient Tea Set","Strange Spoon","Pandora\u0027s Box","Happy Flower","TeardropLocket","Oddly Smooth Stone","Whetstone","Snecko Eye","Blue Candle","WarpedTongs","Strawberry","StrikeDummy","Meat on the Bone","Chemical X"],"acts_visited":["Exordium","TheCity","TheBeyond"],"potions_floor_usage":[41,50,50],"damage_taken":[{"damage":0.0,"enemies":"Cultist","floor":1.0,"turns":3.0},{"damage":0.0,"enemies":"Jaw Worm","floor":3.0,"turns":1.0},{"damage":36.0,"enemies":"Lagavulin","floor":7.0,"turns":6.0},{"damage":0.0,"enemies":"2 Louse","floor":11.0,"turns":2.0},{"damage":10.0,"enemies":"Exordium Wildlife","floor":13.0,"turns":3.0},{"damage":1.0,"enemies":"Lots of Slimes","floor":14.0,"turns":3.0},{"damage":18.0,"enemies":"Hexaghost","floor":16.0,"turns":11.0},{"damage":3.0,"enemies":"Chosen","floor":18.0,"turns":5.0},{"damage":22.0,"enemies":"2 Thieves","floor":20.0,"turns":3.0},{"damage":5.0,"enemies":"Snake Plant","floor":21.0,"turns":5.0},{"damage":14.0,"enemies":"Book of Stabbing","floor":23.0,"turns":6.0},{"damage":0.0,"enemies":"3 Cultists","floor":28.0,"turns":2.0},{"damage":0.0,"enemies":"Snecko","floor":29.0,"turns":2.0},{"damage":8.0,"enemies":"Champ","floor":33.0,"turns":9.0},{"damage":0,"enemies":"3 Darklings","floor":35,"turns":1},{"damage":1,"enemies":"3 Shapes","floor":38,"turns":2},{"damage":16,"enemies":"Transient","floor":39,"turns":7},{"damage":1,"enemies":"Reptomancer","floor":40,"turns":2},{"damage":0,"enemies":"2 Orb Walkers","floor":41,"turns":1},{"damage":5,"enemies":"Giant Head","floor":42,"turns":5},{"damage":2,"enemies":"Jaw Worm Horde","floor":47,"turns":3},{"damage":15,"enemies":"Spire Growth","floor":48,"turns":4},{"damage":37,"enemies":"Time Eater","floor":50,"turns":9}],"seed_played":"-4089217442431117188","potions_obtained":[{"floor":1.0,"key":"SmokeBomb"},{"floor":7.0,"key":"SteroidPotion"},{"floor":14.0,"key":"FearPotion"},{"floor":16.0,"key":"SpeedPotion"},{"floor":21.0,"key":"Block Potion"},{"floor":28.0,"key":"Ancient Potion"},{"floor":33.0,"key":"LiquidBronze"},{"floor":40,"key":"SpeedPotion"},{"floor":42,"key":"Energy Potion"}],"is_trial":false,"path_per_floor":["M","?","M","?","?","R","E","R","T","R","M","$","M","M","R","B",null,"M","$","M","M","?","E","R","T","T","R","M","M","R","?","R","B",null,"M","$","?","M","M","E","?","E","T","$","?","R","M","M","R","B",null],"character_chosen":"WATCHER","items_purchased":["Strange Spoon","Happy Flower","Blue Candle","Chemical X"],"campfire_rested":3,"item_purchase_floors":[12,19,36,44],"current_hp_per_floor":[72,61,61,54,59,59,23,46,46,46,46,46,36,35,35,17,77,74,74,52,47,41,27,50,50,50,50,50,50,50,50,50,42,77,77,77,77,76,60,66,66,61,61,61,61,61,59,44,69,44],"gold":57,"neow_bonus":"ONE_RANDOM_RARE_CARD","is_daily":false,"chose_seed":false,"campfire_upgraded":7,"win_rate":0.0,"timestamp":1612072383,"path_taken":["M","?","M","?","?","R","E","R","T","R","M","$","M","?","R","BOSS","M","?","M","?","?","E","R","?","T","R","?","M","R","?","R","BOSS","M","$","?","?","M","E","?","E","T","$","?","R","M","M","R","BOSS"],"items_purchased_type":["Relic","Relic","Relic","Relic"],"build_version":"2020-12-22","purchased_purges":2,"victory":true,"max_hp_per_floor":[72,72,72,72,77,77,77,77,77,77,77,77,77,77,77,77,77,77,77,77,77,77,77,77,77,77,77,77,77,77,77,77,77,77,77,77,77,77,77,84,84,84,84,84,84,84,84,84,84,84],"card_choices":[{"not_picked":["CutThroughFate","Pray"],"picked":"ClearTheMind","floor":1.0},{"not_picked":["Halt","CutThroughFate"],"picked":"EmptyBody","floor":3.0},{"not_picked":["JustLucky","Meditate"],"picked":"Consecrate","floor":7.0},{"not_picked":["SignatureMove","WaveOfTheHand"],"picked":"Wallop","floor":11.0},{"not_picked":["Fasting2","Wallop"],"picked":"Evaluate","floor":13.0},{"not_picked":["Perseverance","Evaluate"],"picked":"Swivel","floor":14.0},{"not_picked":["DeusExMachina","SpiritShield"],"picked":"Vault","floor":16.0},{"not_picked":["FollowUp","PathToVictory+1"],"picked":"EmptyMind","floor":18.0},{"not_picked":["Prostrate","FollowUp"],"picked":"WheelKick","floor":20.0},{"not_picked":["FollowUp","Evaluate+1","CutThroughFate+1"],"picked":"SKIP","floor":21.0},{"not_picked":["Vengeance+1","Blasphemy"],"picked":"Ragnarok","floor":23.0},{"not_picked":["Pray","Protect"],"picked":"ForeignInfluence","floor":28.0},{"not_picked":["Protect","Wireheading"],"picked":"FlurryOfBlows","floor":29.0},{"not_picked":["DeusExMachina","DevaForm"],"picked":"ConjureBlade","floor":33.0},{"not_picked":["EmptyBody","Protect","MentalFortress+1"],"picked":"SKIP","floor":35},{"not_picked":["Halt","PathToVictory","CutThroughFate+1"],"picked":"SKIP","floor":38},{"not_picked":["Prostrate","BattleHymn","Evaluate"],"picked":"SKIP","floor":39},{"not_picked":["FollowUp","EmptyMind+1","Worship+1"],"picked":"SKIP","floor":40},{"not_picked":["JustLucky","Weave+1","Study"],"picked":"SKIP","floor":42},{"not_picked":["Prostrate","JustLucky","CarveReality"],"picked":"SKIP","floor":47},{"not_picked":["BattleHymn","Indignation"],"picked":"ReachHeaven+1","floor":48}],"player_experience":236898,"relics_obtained":[{"floor":7.0,"key":"Bronze Scales"},{"floor":9.0,"key":"Ancient Tea Set"},{"floor":23.0,"key":"TeardropLocket"},{"floor":25.0,"key":"Oddly Smooth Stone"},{"floor":26.0,"key":"Whetstone"},{"floor":40,"key":"Strawberry"},{"floor":42,"key":"StrikeDummy"},{"floor":43,"key":"Meat on the Bone"}],"event_choices":[{"damage_healed":0.0,"max_hp_gain":0.0,"max_hp_loss":0.0,"gold_gain":75.0,"event_name":"World of Goop","player_choice":"Gather Gold","floor":2.0,"gold_loss":0.0,"damage_taken":11.0},{"damage_healed":0.0,"max_hp_gain":0.0,"max_hp_loss":0.0,"gold_gain":0.0,"event_name":"Scrap Ooze","player_choice":"Success","floor":4.0,"gold_loss":0.0,"damage_taken":7.0,"relics_obtained":["Potion Belt"]},{"damage_healed":0.0,"max_hp_gain":5.0,"max_hp_loss":0.0,"gold_gain":0.0,"event_name":"Big Fish","player_choice":"Donut","floor":5.0,"gold_loss":0.0,"damage_taken":0.0},{"damage_healed":0.0,"max_hp_gain":0.0,"max_hp_loss":0.0,"gold_gain":0.0,"event_name":"Nest","player_choice":"Joined the Cult","floor":22.0,"gold_loss":0.0,"damage_taken":6.0,"cards_obtained":["RitualDagger"]},{"damage_healed":0.0,"max_hp_gain":0.0,"max_hp_loss":0.0,"gold_gain":0.0,"event_name":"The Library","player_choice":"Read","floor":31.0,"gold_loss":0.0,"damage_taken":0.0,"cards_obtained":["WreathOfFlame"]},{"damage_healed":0,"gold_gain":0,"player_choice":"Rummage","damage_taken":0,"relics_obtained":["WarpedTongs"],"max_hp_gain":0,"max_hp_loss":0,"event_name":"Accursed Blacksmith","floor":37,"gold_loss":0,"cards_obtained":["Pain"]},{"damage_healed":0,"gold_gain":0,"player_choice":"Fight","damage_taken":0,"max_hp_gain":0,"max_hp_loss":0,"event_name":"Mysterious Sphere","floor":41,"gold_loss":0},{"cards_removed":["WheelKick"],"damage_healed":0,"gold_gain":0,"player_choice":"Removed Attack","damage_taken":0,"max_hp_gain":0,"max_hp_loss":0,"event_name":"Falling","floor":45,"gold_loss":0}],"is_beta":false,"boss_relics":[{"not_picked":["Fusion Hammer","Coffee Dripper"],"picked":"Pandora\u0027s Box"},{"not_picked":["Tiny House","Astrolabe"],"picked":"Snecko Eye"}],"items_purged_floors":[12,36],"is_endless":false,"potions_floor_spawned":[1,7,14,16,21,28,33,40,42],"ascension_level":1}}