{"host":"l1bfbgeb3oxa8ieg","time":1612135895,"event":{"mods":["AlwaysNeverKeys","Aspiration","BaseMod","Beaked The Cultist","Better Match","Better Note","Better Third Choice","BetterRewards","Colored Powertips","Conspire","Energized Spire","Fiend Mod","Friendly Minions","Halation","Infinite Spire","Minty Spire (QoL Compilation)","Permanent Neow","Quick Restart","Replay The Spire","Shop Mod","Spicy Shops","Spikes Relics","StSLib","TestMod","The Blackbeard","The Mystic","The Necromancer","Uncapped","UnlockEverythingMod"],"gold_per_floor":[114,114,38,438,124,124,49,83,83,83,83,158,174,191,191,191,191],"floor_reached":16,"language":"ENG","playtime":1042,"items_purged":[],"score":96,"play_id":"0cdf71db-7d19-4c5d-a0c6-db8f725bd2f2","local_time":"20210201003135","is_ascension_mode":false,"campfire_choices":[{"data":"Metallicize","floor":6.0,"key":"SMITH"},{"data":"Body Slam","floor":10.0,"key":"SMITH"},{"data":"Shrug It Off","floor":15.0,"key":"SMITH"}],"circlet_count":0,"master_deck":["Strike_R","Strike_R","Strike_R","Strike_R","Defend_R","Defend_R","Defend_R","Defend_R","Bash","Body Slam+1","Metallicize+1","Shrug It Off+1"],"relics":["Burning Blood","Prayer Wheel","Gremlin Food","Magic Flower","Torii"],"acts_visited":["Exordium"],"potions_floor_usage":[16],"damage_taken":[{"damage":6.0,"enemies":"Jaw Worm","floor":1.0,"turns":5.0},{"damage":33.0,"enemies":"3 Sentries","floor":8.0,"turns":14.0},{"damage":0.0,"enemies":"Small Slimes","floor":13.0,"turns":4.0},{"damage":1.0,"enemies":"Cultist","floor":14.0,"turns":4.0},{"damage":62,"enemies":"Hexaghost","floor":16,"turns":11}],"seed_played":"8843504038996070305","potions_obtained":[{"floor":14.0,"key":"AttackPotion"}],"is_trial":true,"path_per_floor":["M","?","$","?","$","R","$","E","T","R","$","?","M","M","R","B"],"character_chosen":"IRONCLAD","items_purchased":["Metallicize","Prayer Wheel","Gremlin Food"],"campfire_rested":0,"item_purchase_floors":[3,5,7],"current_hp_per_floor":[80,80,80,80,80,80,80,53,53,53,53,45,54,62,62,0,0],"gold":191,"neow_bonus":"","is_daily":false,"chose_seed":false,"campfire_upgraded":3,"win_rate":0.0,"timestamp":1612135895,"path_taken":["M","?","$","?","$","R","?","E","T","R","?","?","M","?","R","BOSS"],"items_purchased_type":["Card","Relic","Relic"],"build_version":"2020-12-22","purchased_purges":0,"victory":false,"max_hp_per_floor":[80,80,80,80,80,80,80,80,80,80,80,80,80,80,80,80,80],"card_choices":[{"not_picked":["Carnage","Warcry"],"picked":"Body Slam","floor":1.0},{"not_picked":["Feel No Pain","conspire:ExplosiveBarrier"],"picked":"Shrug It Off","floor":8.0},{"not_picked":["Combust","Sword Boomerang","Run Through"],"picked":"SKIP","floor":13.0},{"not_picked":["Intimidate","Replay:Undeath\u0027s Touch","Wild Strike"],"picked":"SKIP","floor":13.0},{"not_picked":["Feel No Pain","Warcry","Thunderclap"],"picked":"SKIP","floor":14.0},{"not_picked":["Replay:Undeath\u0027s Touch","Twin Strike","Whirlwind"],"picked":"SKIP","floor":14.0}],"player_experience":194120,"relics_obtained":[{"floor":8.0,"key":"Magic Flower"},{"floor":9.0,"key":"Torii"}],"event_choices":[{"damage_healed":0.0,"max_hp_gain":0.0,"max_hp_loss":0.0,"gold_gain":400.0,"event_name":"Plate Of N\u0027loth","player_choice":"Sell","floor":4.0,"relics_lost":["testmod-TestBox"],"gold_loss":0.0,"damage_taken":0.0},{"damage_healed":0.0,"max_hp_gain":0.0,"max_hp_loss":0.0,"gold_gain":75.0,"event_name":"FaceTrader","player_choice":"Touch","floor":12.0,"gold_loss":0.0,"damage_taken":8.0}],"is_beta":false,"boss_relics":[],"items_purged_floors":[],"is_endless":false,"potions_floor_spawned":[14],"killed_by":"Hexaghost","ascension_level":0}}