{"host":"d5i1qeb9dejicw1z","time":1612118583,"event":{"mods":["AchievementEnabler","BaseMod","Better Note","BetterRewards","Evolution","Gold Saver","Minty Spire (QoL Compilation)","Permanent Neow","Relic Filter Mod","Reliquary","StSLib"],"gold_per_floor":[850,850,850,850,497,497,514,514,514,528,546,573,124,142,142,218,218,236,286,286,261,261,261,69,100,100,50,50,66,66,95,95,95,95],"floor_reached":33,"language":"ENG","playtime":1137,"items_purged":["Strike_B","Defend_B"],"score":538,"play_id":"f8123569-86f1-46c2-b196-4db73fbb2776","local_time":"20210131104303","is_ascension_mode":true,"campfire_choices":[{"data":"Zap","floor":6,"key":"SMITH"},{"floor":8,"key":"REST"},{"data":"Fission","floor":15,"key":"SMITH"},{"data":"Redo","floor":23,"key":"SMITH"},{"floor":30,"key":"REST"},{"floor":32,"key":"REST"}],"circlet_count":0,"master_deck":["AscendersBane","Strike_B+1","Strike_B+1","Strike_B+1","Defend_B+1","Defend_B+1","Defend_B+1","Zap+1","Dualcast","Loop+1","Conserve Battery+1","Leap","Ball Lightning+1","Redo+1","Fission+1","Core Surge+1","Cold Snap","Capacitor+1","Fission+1","Ball Lightning+1","Loop","Ball Lightning"],"relics":["Cracked Core","EVO:Axolotl","reliquary:Conveyor","HornCleat","Lee\u0027s Waffle","reliquary:RedPaperclip","DollysMirror","Smiling Mask","Bottled Flame"],"acts_visited":["Exordium","TheCity"],"potions_floor_usage":[16,28,28],"damage_taken":[{"damage":9,"enemies":"Jaw Worm","floor":1,"turns":4},{"damage":18,"enemies":"Small Slimes","floor":7,"turns":3},{"damage":0,"enemies":"2 Louse","floor":10,"turns":3},{"damage":15,"enemies":"Looter","floor":11,"turns":4},{"damage":33,"enemies":"Gremlin Nob","floor":12,"turns":4},{"damage":10,"enemies":"Exordium Wildlife","floor":14,"turns":5},{"damage":30,"enemies":"The Guardian","floor":16,"turns":11},{"damage":5,"enemies":"3 Byrds","floor":18,"turns":4},{"damage":8,"enemies":"2 Thieves","floor":21,"turns":4},{"damage":5,"enemies":"Gremlin Leader","floor":25,"turns":7},{"damage":0,"enemies":"Chosen and Byrds","floor":28,"turns":3},{"damage":18,"enemies":"Snecko","floor":29,"turns":5},{"damage":39,"enemies":"Book of Stabbing","floor":31,"turns":5},{"damage":64,"enemies":"Champ","floor":33,"turns":7}],"seed_played":"-1159486173446106370","potions_obtained":[{"floor":1,"key":"SmokeBomb"},{"floor":14,"key":"Dexterity Potion"},{"floor":25,"key":"ColorlessPotion"},{"floor":31,"key":"SpeedPotion"}],"is_trial":false,"path_per_floor":["M","?","?","?","$","R","M","R","T","M","M","E","$","M","R","B",null,"M","?","?","M","?","R","$","E","T","?","M","M","R","E","R","B"],"character_chosen":"DEFECT","items_purchased":["Molten Egg 2","Lee\u0027s Waffle","Fission","DollysMirror","Ball Lightning"],"campfire_rested":3,"item_purchase_floors":[5,13,13,24,24],"current_hp_per_floor":[62,57,57,57,57,57,39,62,62,62,47,14,85,75,75,45,75,70,70,70,62,62,62,62,57,57,57,57,39,64,25,50,0,0],"gold":95,"neow_bonus":"TEN_PERCENT_HP_BONUS","is_daily":false,"chose_seed":false,"campfire_upgraded":3,"win_rate":0.0,"timestamp":1612118583,"path_taken":["M","?","?","?","?","R","M","R","T","M","M","E","$","?","R","BOSS","M","?","?","M","?","R","$","E","T","?","?","M","R","E","R","BOSS"],"items_purchased_type":["Relic","Relic","Card","Relic","Card"],"build_version":"2020-12-22","purchased_purges":2,"victory":false,"max_hp_per_floor":[78,78,78,78,78,78,78,78,78,78,78,78,85,85,85,85,85,85,85,85,85,85,85,85,85,85,85,85,85,85,85,85,85,85],"card_choices":[{"not_picked":["Blizzard","Hologram"],"picked":"Loop","floor":1},{"not_picked":["Rebound+1","Compile Driver+1"],"picked":"Conserve Battery","floor":7},{"not_picked":["Blizzard+1","Auto Shields"],"picked":"Leap","floor":10},{"not_picked":["Beam Cell+1","Go for the Eyes+1"],"picked":"Ball Lightning+1","floor":11},{"not_picked":["Sweeping Beam+1","Rebound+1"],"picked":"Redo","floor":12},{"not_picked":["Beam Cell+1","Amplify","Steam Power"],"picked":"SKIP","floor":14},{"not_picked":["Thunder Strike+1","Hyperbeam+1"],"picked":"Core Surge+1","floor":16},{"not_picked":["Beam Cell","Compile Driver"],"picked":"Cold Snap","floor":18},{"not_picked":["Ball Lightning","Stack"],"picked":"Capacitor+1","floor":21},{"not_picked":["Turbo","Redo+1"],"picked":"Loop","floor":25},{"not_picked":["Rip and Tear","Skim"],"picked":"Ball Lightning","floor":29},{"not_picked":["Scrape","Fusion","Gash"],"picked":"SKIP","floor":31}],"player_experience":1194202,"relics_obtained":[{"floor":9,"key":"HornCleat"},{"floor":12,"key":"Shuriken"},{"floor":25,"key":"Smiling Mask"},{"floor":31,"key":"Bottled Flame"}],"event_choices":[{"damage_healed":0,"gold_gain":0,"player_choice":"Success","damage_taken":5,"relics_obtained":["reliquary:Conveyor"],"max_hp_gain":0,"max_hp_loss":0,"event_name":"Scrap Ooze","floor":2,"gold_loss":0},{"damage_healed":0,"gold_gain":0,"player_choice":"Grow","damage_taken":0,"max_hp_gain":0,"max_hp_loss":0,"event_name":"Living Wall","floor":3,"gold_loss":0,"cards_upgraded":["Loop"]},{"damage_healed":0,"gold_gain":0,"player_choice":"Ignored","damage_taken":0,"max_hp_gain":0,"max_hp_loss":0,"event_name":"Liars Game","floor":4,"gold_loss":0},{"damage_healed":0,"gold_gain":100,"player_choice":"Bet on Murderer","damage_taken":0,"max_hp_gain":0,"max_hp_loss":0,"event_name":"The Joust","floor":19,"gold_loss":50},{"cards_removed":["Fission"],"damage_healed":0,"gold_gain":0,"player_choice":"Give","damage_taken":0,"max_hp_gain":0,"max_hp_loss":0,"event_name":"betterNote:BetterNote","floor":20,"gold_loss":0,"cards_obtained":["None"]},{"damage_healed":0,"gold_gain":0,"player_choice":"Simplicity","damage_taken":0,"max_hp_gain":0,"max_hp_loss":0,"event_name":"Back to Basics","floor":22,"gold_loss":0,"cards_upgraded":["Strike_B","Strike_B","Strike_B","Defend_B","Defend_B","Defend_B"]},{"damage_healed":0,"gold_gain":0,"player_choice":"Upgraded Two","damage_taken":0,"max_hp_gain":0,"max_hp_loss":0,"event_name":"Designer","floor":27,"gold_loss":50,"cards_upgraded":["Ball Lightning","Conserve Battery"]}],"is_beta":false,"boss_relics":[{"not_picked":["Sozu","FrozenCore"],"picked":"reliquary:RedPaperclip"}],"items_purged_floors":[5,13],"is_endless":false,"potions_floor_spawned":[1,14,25,28,31],"killed_by":"Champ","ascension_level":18}}