{"host":"d6gsnuetzz7j8con","time":1612125923,"event":{"mods":["AchievementEnabler","BaseMod","Better Altar","Better Match","Better Note","Better Sensory Stone","Better Skull","Better Third Choice","BetterRewards","Evolution","Minty Spire (QoL Compilation)","Permanent Neow","Remove Card Discount Mod","StSLib"],"gold_per_floor":[110,129,146,213,388,414,414,414,414,442,442,442,473,488,488,605,605,618,618,618,632,632,662,662,672,672,699,718,41,41,59,59,161,161,171,504,520,480,12,12,40,40,40,40,72,72,120,134,134,134,134,134,80,113,113],"floor_reached":56,"language":"ENG","playtime":9208,"items_purged":["Defend_G","Defend_G","Defend_G","Strike_G","Defend_G","Doubt","Defend_G","Expertise","Catalyst","Burn","Expertise","Writhe"],"score":1311,"play_id":"f27cd74e-3ba6-4fb5-b321-1965be41005d","local_time":"20210131154523","is_ascension_mode":false,"campfire_choices":[{"floor":8,"key":"REST"},{"floor":12,"key":"REST"},{"floor":15,"key":"RECALL"},{"floor":24,"key":"REST"},{"floor":32,"key":"REST"},{"floor":40,"key":"REST"},{"data":"Doppelganger","floor":49,"key":"SMITH"},{"data":"Transmutation","floor":52,"key":"SMITH"}],"circlet_count":0,"master_deck":["Dagger Throw+1","Dagger Throw+1","Survivor","Neutralize","Masterful Stab","Backflip","Outmaneuver","Infinite Blades","Magnetism+1","Quick Slash","Backflip","Dash","Deflect","Backstab","Outmaneuver","Unload","Heel Hook","Doppelganger+1","Blade Dance","Magnetism+1","Flash of Steel","Blade Dance","Outmaneuver+1","Escape Plan+1","Skewer","Poisoned Stab+1","Footwork+1","Blur","J.A.X.","Phantasmal Killer","Malaise+1","Prepared+1","Prepared+1","Transmutation+1","Wraith Form v2+1","Bane+1","Blur","Slice+1","Terror","After Image+1"],"relics":["Ring of the Snake","EVO:Axolotl","Ornamental Fan","Juzu Bracelet","Pocketwatch","Centennial Puzzle","Kunai","Whetstone","Frozen Egg 2","WristBlade","Ninja Scroll","Blood Vial","Snake Skull","Meat on the Bone","Pantograph","SlaversCollar","Ancient Tea Set","Bag of Marbles","Toolbox","Bronze Scales","Potion Belt","Eternal Feather"],"acts_visited":["Exordium","TheCity","TheBeyond","TheEnding"],"potions_floor_usage":[18,27,54,55,55],"damage_taken":[{"damage":1,"enemies":"Small Slimes","floor":1,"turns":3},{"damage":1,"enemies":"Jaw Worm","floor":2,"turns":3},{"damage":0,"enemies":"Cultist","floor":3,"turns":3},{"damage":29,"enemies":"3 Sentries","floor":6,"turns":8},{"damage":19,"enemies":"Gremlin Nob","floor":10,"turns":4},{"damage":0,"enemies":"Lagavulin","floor":13,"turns":5},{"damage":0,"enemies":"Gremlin Gang","floor":14,"turns":4},{"damage":3,"enemies":"Hexaghost","floor":16,"turns":9},{"damage":11,"enemies":"2 Thieves","floor":18,"turns":4},{"damage":0,"enemies":"Shell Parasite","floor":21,"turns":3},{"damage":36,"enemies":"Slavers","floor":23,"turns":5},{"damage":12,"enemies":"Shelled Parasite and Fungi","floor":25,"turns":3},{"damage":22,"enemies":"Book of Stabbing","floor":27,"turns":5},{"damage":18,"enemies":"Centurion and Healer","floor":28,"turns":5},{"damage":0,"enemies":"Sentry and Sphere","floor":31,"turns":3},{"damage":14,"enemies":"Automaton","floor":33,"turns":6},{"damage":0,"enemies":"Orb Walker","floor":35,"turns":2},{"damage":16,"enemies":"3 Darklings","floor":37,"turns":4},{"damage":0,"enemies":"Reptomancer","floor":41,"turns":5},{"damage":9,"enemies":"4 Shapes","floor":45,"turns":5},{"damage":0,"enemies":"Giant Head","floor":47,"turns":6},{"damage":1,"enemies":"Spire Growth","floor":48,"turns":3},{"damage":4,"enemies":"Awakened One","floor":50,"turns":8},{"damage":43,"enemies":"Shield and Spear","floor":54,"turns":7},{"damage":40,"enemies":"The Heart","floor":55,"turns":7}],"seed_played":"-8949268217166514622","potions_obtained":[{"floor":6,"key":"BlessingOfTheForge"},{"floor":13,"key":"SpeedPotion"},{"floor":16,"key":"Swift Potion"},{"floor":18,"key":"Regen Potion"},{"floor":35,"key":"Dexterity Potion"},{"floor":48,"key":"BlessingOfTheForge"},{"floor":54,"key":"Swift Potion"}],"is_trial":false,"path_per_floor":["M","M","M","?","?","E","?","R","T","E","?","R","E","M","R","B",null,"M","?","?","M","?","E","R","M","T","E","M","$","?","M","R","B",null,"M","?","M","?","$","R","E","$","T","?","M","?","E","M","R","B",null,"R","$","E","B",null],"character_chosen":"THE_SILENT","items_purchased":["Backflip","Outmaneuver","Infinite Blades","Magnetism","Quick Slash","Backflip","Footwork+1","Meat on the Bone","Pantograph","Blur","Transmutation","Bag of Marbles","Toolbox","Weak Potion"],"campfire_rested":5,"item_purchase_floors":[0,0,0,0,0,0,29,29,29,29,39,39,39,53],"current_hp_per_floor":[69,68,68,68,68,39,39,60,60,41,41,62,62,62,62,59,70,59,59,59,59,59,23,44,32,32,21,5,5,5,19,40,53,70,70,30,28,28,28,49,51,51,51,69,61,61,63,64,64,66,70,70,70,39,38],"gold":113,"neow_bonus":"","is_daily":false,"chose_seed":false,"campfire_upgraded":2,"win_rate":0.0,"timestamp":1612125923,"path_taken":["M","M","M","?","?","E","?","R","T","E","?","R","E","M","R","BOSS","M","?","?","M","?","E","R","M","T","E","M","$","?","M","R","BOSS","M","?","M","?","$","R","E","$","T","?","M","?","E","M","R","BOSS","R","$","E","BOSS"],"items_purchased_type":["Card","Card","Card","Card","Card","Card","Card","Relic","Relic","Card","Card","Relic","Relic","Potion"],"build_version":"2020-12-22","purchased_purges":12,"victory":true,"max_hp_per_floor":[70,70,70,70,70,70,70,70,70,70,70,70,70,70,70,70,70,70,70,70,70,70,70,70,70,70,70,70,70,70,70,70,70,70,70,70,70,70,70,70,70,70,70,70,70,70,70,70,70,70,70,70,70,70,70],"card_choices":[{"not_picked":["Poisoned Stab","Dodge and Roll"],"picked":"Dash","floor":1},{"not_picked":["Quick Slash","Dash"],"picked":"Deflect","floor":2},{"not_picked":["Eviscerate","Deadly Poison"],"picked":"Expertise","floor":3},{"not_picked":["Flying Knee","Backflip"],"picked":"Backstab","floor":6},{"not_picked":["Riddle With Holes","Backflip"],"picked":"Outmaneuver","floor":10},{"not_picked":["Dodge and Roll","Dash"],"picked":"Unload","floor":13},{"not_picked":["Deflect","Deadly Poison"],"picked":"Heel Hook","floor":14},{"not_picked":["Corpse Explosion","Unload"],"picked":"Doppelganger","floor":16},{"not_picked":["Flying Knee+1","PiercingWail"],"picked":"Blade Dance","floor":18},{"not_picked":["Discovery","Swift Strike"],"picked":"Magnetism+1","floor":20},{"not_picked":["Mind Blast","The Bomb"],"picked":"Flash of Steel","floor":20},{"not_picked":["Dagger Spray","Sucker Punch"],"picked":"Blade Dance","floor":21},{"not_picked":["Caltrops+1","Predator"],"picked":"Outmaneuver+1","floor":23},{"not_picked":["Underhanded Strike","Riddle With Holes"],"picked":"Escape Plan+1","floor":25},{"not_picked":["Choke+1","Flying Knee"],"picked":"Skewer","floor":27},{"not_picked":["Deadly Poison","Endless Agony"],"picked":"Poisoned Stab+1","floor":28},{"not_picked":["Underhanded Strike","Dagger Throw"],"picked":"Phantasmal Killer","floor":31},{"not_picked":["Wraith Form v2+1","Envenom+1"],"picked":"Malaise","floor":33},{"not_picked":["Slice","Flying Knee+1"],"picked":"Prepared+1","floor":35},{"not_picked":["Deflect","PiercingWail"],"picked":"Prepared+1","floor":37},{"not_picked":["Sucker Punch","Backstab+1"],"picked":"Wraith Form v2+1","floor":41},{"not_picked":["Quick Slash","Acrobatics"],"picked":"Bane+1","floor":45},{"not_picked":["Dodge and Roll+1","Riddle With Holes"],"picked":"Slice+1","floor":47},{"not_picked":["Catalyst","Flying Knee+1"],"picked":"Terror","floor":48},{"not_picked":["Tactician","Predator+1"],"picked":"After Image+1","floor":54}],"player_experience":42885,"relics_obtained":[{"floor":6,"key":"Centennial Puzzle"},{"floor":9,"key":"Kunai"},{"floor":10,"key":"Whetstone"},{"floor":13,"key":"Frozen Egg 2"},{"floor":23,"key":"Ninja Scroll"},{"floor":26,"key":"Blood Vial"},{"floor":27,"key":"Snake Skull"},{"floor":41,"key":"Bronze Scales"},{"floor":47,"key":"Potion Belt"},{"floor":54,"key":"Eternal Feather"}],"event_choices":[{"damage_healed":0,"gold_gain":67,"player_choice":"Gained Gold","damage_taken":0,"max_hp_gain":0,"max_hp_loss":0,"event_name":"Golden Wing","floor":4,"gold_loss":0},{"damage_healed":0,"gold_gain":175,"player_choice":"AGREE","damage_taken":213,"max_hp_gain":0,"max_hp_loss":0,"event_name":"betterThird:BetterSerpent","floor":5,"gold_loss":0},{"damage_healed":39,"gold_gain":0,"player_choice":"Embrace Burn","damage_taken":0,"max_hp_gain":0,"max_hp_loss":70,"event_name":"betterThird:BetterShining","floor":7,"gold_loss":0},{"damage_healed":0,"gold_gain":0,"player_choice":"Upgraded","damage_taken":0,"max_hp_gain":0,"max_hp_loss":0,"event_name":"Upgrade Shrine","floor":11,"gold_loss":0,"cards_upgraded":["Magnetism"]},{"cards_removed":["Magnetism"],"damage_healed":0,"gold_gain":0,"player_choice":"Give","damage_taken":0,"max_hp_gain":0,"max_hp_loss":0,"event_name":"betterNote:BetterNote","floor":19,"gold_loss":0,"cards_obtained":["None"]},{"damage_healed":0,"gold_gain":2,"player_choice":"1","damage_taken":0,"max_hp_gain":0,"max_hp_loss":0,"event_name":"betterStone:BetterStone","floor":20,"gold_loss":0},{"damage_healed":0,"gold_gain":0,"player_choice":"Bought 0 Potions","damage_taken":0,"max_hp_gain":0,"max_hp_loss":0,"event_name":"The Woman in Blue","floor":22,"gold_loss":0},{"damage_healed":0,"gold_gain":0,"player_choice":"Obtain J.A.X.","damage_taken":0,"max_hp_gain":0,"max_hp_loss":0,"event_name":"Drug Dealer","floor":30,"gold_loss":0,"cards_obtained":["J.A.X."]},{"damage_healed":0,"gold_gain":0,"player_choice":"Random: Green","damage_taken":0,"max_hp_gain":0,"max_hp_loss":0,"event_name":"betterThird:BetterPortal","floor":36,"gold_loss":0},{"damage_healed":0,"gold_gain":333,"player_choice":"RE GO GO GO ","damage_taken":45,"relics_obtained":["Ancient Tea Set"],"max_hp_gain":0,"max_hp_loss":0,"event_name":"betterSkull:BetterSkull","floor":36,"gold_loss":0,"cards_upgraded":[]},{"damage_healed":0,"gold_gain":0,"player_choice":"Upgrade","damage_taken":0,"max_hp_gain":0,"max_hp_loss":0,"event_name":"Designer","floor":38,"gold_loss":40,"cards_upgraded":["Malaise"]},{"damage_healed":18,"gold_gain":0,"player_choice":"Writhe","damage_taken":0,"max_hp_gain":0,"max_hp_loss":0,"event_name":"Winding Halls","floor":44,"gold_loss":0,"cards_obtained":["Writhe"]},{"damage_healed":0,"gold_gain":0,"player_choice":"Copied","damage_taken":0,"max_hp_gain":0,"max_hp_loss":0,"event_name":"Duplicator","floor":46,"gold_loss":0,"cards_obtained":["Blur"]}],"is_beta":false,"boss_relics":[{"not_picked":["Coffee Dripper","Runic Pyramid"],"picked":"WristBlade"},{"not_picked":["Calling Bell","Runic Dome"],"picked":"SlaversCollar"}],"items_purged_floors":[0,0,0,0,0,29,29,29,29,29,29,53],"is_endless":false,"potions_floor_spawned":[6,13,16,18,21,35,48,54],"ascension_level":0}}