{"host":"gj3450u0c4def4mj","time":1612129752,"event":{"mods":["Act Like it!","BaseMod","Gensokyo","Koishi","Minty Spire (QoL Compilation)","StSLib"],"gold_per_floor":[115,5,5,5,19,19,33,33,59,59,59,92,104,104,104,203,203,219,60,80,80,92,92,107,107,161,195,195,225,225,236,236,338,338,358,373,373,392,407,436,233,233,233,258,286,327,339,193,193,193],"floor_reached":51,"language":"ENG","playtime":2955,"items_purged":["Clumsy"],"score":1390,"play_id":"dc3a521c-b623-4d9f-94aa-c076f1f94580","local_time":"20210131164912","is_ascension_mode":true,"campfire_choices":[{"data":"Koishi:IdleWhim","floor":6,"key":"SMITH"},{"data":"Koishi:PredatoryInstincts","floor":8,"key":"SMITH"},{"data":"Koishi:LastRemote","floor":11,"key":"SMITH"},{"floor":15,"key":"REST"},{"data":"Koishi:FreudianInstinct","floor":23,"key":"SMITH"},{"data":"Koishi:PerfectMindControl","floor":25,"key":"SMITH"},{"data":"Koishi:MassHysteria","floor":28,"key":"SMITH"},{"floor":32,"key":"REST"},{"data":"Koishi:VengefulSpirit","floor":42,"key":"SMITH"},{"data":"Koishi:IdleWhim","floor":47,"key":"SMITH"},{"data":"Koishi:UnconsciousUrges","floor":49,"key":"SMITH"}],"circlet_count":0,"master_deck":["AscendersBane","Koishi:Provoke","Finesse","Koishi:LastRemote+1","Koishi:IdleWhim+1","Koishi:LastRemote","Koishi:PredatoryInstincts+1","Koishi:RorschachInDanmaku","Koishi:SubconsciousSweep","Koishi:PerfectMindControl+1","Koishi:HeartfeltFancy","Koishi:MassHysteria+1","Koishi:GrowingPain","Koishi:DNAsFlaw","Koishi:Vanish","Koishi:FreudianInstinct+1","Koishi:DNAsFlaw","Koishi:SubterraneanRose+1","Koishi:SubterraneanRose","Koishi:LastRemote","Koishi:SpiritedAway","Koishi:ReflexRadar","Koishi:SubconsciousSweep+1","Koishi:SpiritedAway+1","Gensokyo:FourOfAKind","Gensokyo:FourOfAKind","Gensokyo:FourOfAKind","Gensokyo:FourOfAKind","Koishi:HeartAttack+1","Koishi:RuptureMind+1","Koishi:PredatoryInstincts","Koishi:UnconsciousUprising+1","Koishi:UnconsciousUprising+1","Koishi:RorschachInDanmaku","Koishi:IdleWhim+1","Koishi:Prune+1","Koishi:VengefulSpirit+1","Koishi:GrowingPain+1","Koishi:HeartfeltFancy","Koishi:Whimsy","Koishi:UnconsciousUrges+1"],"relics":["Koishi:ImaginaryFriend","Happy Flower","Whetstone","Gensokyo:NagashiBinaDoll","HornCleat","Pandora\u0027s Box","Gensokyo:MosesMiracle","Regal Pillow","Molten Egg 2","Vajra","Philosopher\u0027s Stone","Letter Opener","Turnip","Dream Catcher","MawBank","Calipers"],"acts_visited":["Gensokyo:Gensokyo","Gensokyo:Gensokyoer","Gensokyo:Gensokyoest"],"potions_floor_usage":[16,22,31,50,50,50,50],"damage_taken":[{"damage":0,"enemies":"Gensokyo:3_Fairies","floor":1,"turns":5},{"damage":0,"enemies":"Gensokyo:2_Kodama","floor":5,"turns":6},{"damage":5,"enemies":"Gensokyo:Gryphon","floor":7,"turns":5},{"damage":22,"enemies":"Gensokyo:Aya","floor":12,"turns":7},{"damage":7,"enemies":"Gensokyo:LivingMonolith","floor":13,"turns":5},{"damage":19,"enemies":"Gensokyo:Reimu","floor":16,"turns":16},{"damage":0,"enemies":"Gensokyo:CosmicMonolith","floor":18,"turns":4},{"damage":3,"enemies":"Gensokyo:2_Gloops","floor":20,"turns":5},{"damage":3,"enemies":"Gensokyo:Swordslinger","floor":22,"turns":2},{"damage":31,"enemies":"Gensokyo:3_Gloops","floor":24,"turns":4},{"damage":3,"enemies":"Gensokyo:Tenshi","floor":27,"turns":5},{"damage":0,"enemies":"Gensokyo:Koishi","floor":29,"turns":7},{"damage":19,"enemies":"Gensokyo:Slime_Group","floor":31,"turns":3},{"damage":0,"enemies":"Gensokyo:Eternal_Rivals","floor":33,"turns":6},{"damage":3,"enemies":"Gensokyo:3_Bats","floor":35,"turns":3},{"damage":0,"enemies":"Gensokyo:AncientGuardian","floor":36,"turns":4},{"damage":14,"enemies":"Gensokyo:4_Bats","floor":38,"turns":3},{"damage":10,"enemies":"Gensokyo:Rafflesia","floor":39,"turns":5},{"damage":1,"enemies":"Gensokyo:Kasen","floor":40,"turns":5},{"damage":0,"enemies":"Gensokyo:Doremy","floor":44,"turns":5},{"damage":0,"enemies":"Gensokyo:Dusk_and_Dawn","floor":45,"turns":3},{"damage":0,"enemies":"Gensokyo:Kasen","floor":46,"turns":5},{"damage":0,"enemies":"Gensokyo:Yuyuko","floor":50,"turns":9}],"seed_played":"2745997334979147771","potions_obtained":[{"floor":5,"key":"DistilledChaos"},{"floor":7,"key":"Weak Potion"},{"floor":13,"key":"SneckoOil"},{"floor":18,"key":"Strength Potion"},{"floor":24,"key":"LiquidMemories"},{"floor":31,"key":"EntropicBrew"},{"floor":33,"key":"Block Potion"}],"is_trial":false,"path_per_floor":["M","$","?","$","M","R","M","R","T","?","R","E","M","?","R","B",null,"M","$","M","?","M","R","M","R","T","E","R","E","?","M","R","B",null,"M","M","?","M","M","E","$","R","T","E","M","E","R","$","R","B",null],"character_chosen":"KOISHI","items_purchased":["Koishi:IdleWhim","Koishi:LastRemote","Koishi:SubterraneanRose","Koishi:LastRemote","Koishi:IdleWhim","Koishi:Prune+1","Koishi:VengefulSpirit","Koishi:HeartfeltFancy","Koishi:Whimsy","Koishi:UnconsciousUrges"],"campfire_rested":2,"item_purchase_floors":[2,2,19,19,41,41,41,48,48,48],"current_hp_per_floor":[55,55,55,55,55,55,50,50,50,50,50,34,33,39,58,63,65,66,66,66,66,63,63,50,50,50,53,53,59,47,28,47,47,47,47,47,38,47,47,46,46,46,46,47,47,47,47,47,47,47],"gold":193,"neow_bonus":"RANDOM_COLORLESS","is_daily":false,"chose_seed":false,"campfire_upgraded":9,"win_rate":0.0,"timestamp":1612129752,"path_taken":["M","$","?","?","M","R","M","R","T","?","R","E","M","?","R","BOSS","M","$","M","?","M","R","M","R","T","E","R","E","?","M","R","BOSS","M","M","?","M","M","E","$","R","T","E","M","E","R","$","R","BOSS"],"items_purchased_type":["Card","Card","Card","Card","Card","Card","Card","Card","Card","Card"],"build_version":"2020-12-22","purchased_purges":1,"victory":true,"max_hp_per_floor":[60,60,60,60,60,60,60,60,60,60,60,60,60,66,66,66,66,66,66,66,66,66,66,66,66,66,66,66,66,47,47,47,47,47,47,47,47,47,47,47,47,47,47,47,47,47,47,47,47,47],"card_choices":[{"not_picked":["Madness","Blind"],"picked":"Finesse","floor":0},{"not_picked":["Koishi:BloodcurdlingScream","Koishi:EmbryosDream"],"picked":"Koishi:LastRemote","floor":1},{"not_picked":["Koishi:CatchAndRose","Koishi:PhantomBarrier","Koishi:HeartAttack"],"picked":"SKIP","floor":5},{"not_picked":["Koishi:EmbryosDream","Koishi:Bloodlust"],"picked":"Koishi:PredatoryInstincts","floor":7},{"not_picked":["Koishi:Ego","Koishi:Jaunt"],"picked":"Koishi:RorschachInDanmaku","floor":12},{"not_picked":["Koishi:FleetingPhantom","Koishi:PhantomBarrier"],"picked":"Koishi:SubconsciousSweep","floor":13},{"not_picked":["Koishi:TerrifyingSpectre","Koishi:RuptureMind"],"picked":"Koishi:PerfectMindControl","floor":16},{"not_picked":["Koishi:EmbryosDream","Koishi:EmbersOfLove"],"picked":"Koishi:SubterraneanRose+1","floor":18},{"not_picked":["Koishi:UnseenTerror","Koishi:ParalyzingFear"],"picked":"Koishi:SpiritedAway","floor":20},{"not_picked":["Koishi:StingingMind","Koishi:BloodcurdlingScream","Koishi:Whimsy"],"picked":"SKIP","floor":22},{"not_picked":["Koishi:CatchAndRose+1","Koishi:DanmakuParanoia+1"],"picked":"Koishi:ReflexRadar","floor":24},{"not_picked":["Koishi:StingingMind+1","Koishi:RuptureMind+1"],"picked":"Koishi:SubconsciousSweep+1","floor":27},{"not_picked":["Koishi:DreadfulBlow+1","Koishi:Jaunt+1"],"picked":"Koishi:SpiritedAway+1","floor":29},{"not_picked":["Koishi:CatchAndRose","Koishi:JumpScare+1"],"picked":"Koishi:HeartAttack+1","floor":31},{"not_picked":["Koishi:RoseHell","Koishi:ConditionedTeleport"],"picked":"Koishi:RuptureMind+1","floor":33},{"not_picked":["Koishi:MassHysteria","Koishi:GhostParty"],"picked":"Koishi:PredatoryInstincts","floor":35},{"not_picked":["Koishi:FleetingPhantom+1","Koishi:CatchAndRose","Koishi:TremblingHands+1"],"picked":"SKIP","floor":36},{"not_picked":["Koishi:JumpScare","Koishi:ConfinedInnocent"],"picked":"Koishi:UnconsciousUprising+1","floor":38},{"not_picked":["Koishi:JumpScare+1","Koishi:BloodcurdlingScream+1"],"picked":"Koishi:UnconsciousUprising+1","floor":39},{"not_picked":["Koishi:PhantomBarrier+1","Koishi:CatchAndRose"],"picked":"Koishi:RorschachInDanmaku","floor":40},{"not_picked":["Koishi:MindNumbingTerror+1","Koishi:TerrifyingSpectre"],"picked":"Koishi:GrowingPain+1","floor":44},{"not_picked":["Koishi:DreadfulBlow+1","Koishi:FleetingPhantom","Koishi:BloodcurdlingScream+1"],"picked":"SKIP","floor":45},{"not_picked":["Koishi:EmbersOfLove","Koishi:UnansweredLove+1","Koishi:RollingInRichesHeart"],"picked":"SKIP","floor":46}],"player_experience":97256,"relics_obtained":[{"floor":9,"key":"Whetstone"},{"floor":12,"key":"HornCleat"},{"floor":26,"key":"Regal Pillow"},{"floor":27,"key":"Gensokyo:MosesMiracle"},{"floor":27,"key":"Molten Egg 2"},{"floor":29,"key":"Vajra"},{"floor":40,"key":"Turnip"},{"floor":43,"key":"Dream Catcher"},{"floor":44,"key":"MawBank"},{"floor":46,"key":"Calipers"}],"event_choices":[],"is_beta":false,"boss_relics":[{"not_picked":["Runic Dome","Tiny House"],"picked":"Pandora\u0027s Box"},{"not_picked":["Busted Crown","Fusion Hammer"],"picked":"Philosopher\u0027s Stone"}],"items_purged_floors":[19],"is_endless":false,"potions_floor_spawned":[5,7,13,18,24,31,33,36,38,40],"ascension_level":10}}