{"host":"6q94iy5iz6612v89","time":1612107516,"event":{"mods":["2.2 Compatiblity","AchievementEnabler","BaseMod","Colored Map","DeckTracker","Keyboard Shortcuts","Minty Spire (QoL Compilation)","Permanent Neow","StSLib","SuperFastMode"],"gold_per_floor":[118,118,118,118,43,43,76,95,121,139,174,187,210,245,245,338,338,361,100,118,118,130,130,130,130,130,130,163,163,176,195,195,269,269,284,113,133,8,0,31,31,47,47,79,79,79,4,16,16,16,16,16],"floor_reached":51,"language":"KOR","playtime":1609,"items_purged":["Strike_G","Strike_G+1","Defend_G"],"score":1436,"play_id":"76e98cc9-e8f5-472d-8275-a09786ebd10b","local_time":"20210201003836","is_ascension_mode":true,"campfire_choices":[{"data":"Bouncing Flask","floor":6,"key":"SMITH"},{"data":"Dagger Spray","floor":15,"key":"SMITH"},{"data":"Footwork","floor":23,"key":"SMITH"},{"data":"Prepared","floor":25,"key":"SMITH"},{"data":"Neutralize","floor":27,"key":"SMITH"},{"floor":29,"key":"REST"},{"data":"Calculated Gamble","floor":32,"key":"SMITH"},{"floor":41,"key":"RECALL"},{"data":"Footwork","floor":46,"key":"SMITH"},{"data":"Dodge and Roll","floor":49,"key":"SMITH"}],"circlet_count":0,"master_deck":["AscendersBane","Defend_G+1","Defend_G","Defend_G+1","Survivor","Neutralize+1","Bouncing Flask+1","Dodge and Roll+1","Bane+1","Dash","Footwork+1","After Image","PiercingWail+1","Blur+1","Tactician+1","Calculated Gamble+1","Prepared+1","Bouncing Flask+1","After Image","Footwork+1","Impatience"],"relics":["Ring of the Snake","NeowsBlessing","Pen Nib","Bloody Idol","War Paint","Whetstone","Lizard Tail","Astrolabe","TheAbacus","MutagenicStrength","Ornamental Fan","Boot","Coffee Dripper","Oddly Smooth Stone","Red Mask","White Beast Statue","Mercury Hourglass","Frozen Egg 2"],"acts_visited":["Exordium","TheCity","TheBeyond"],"potions_floor_usage":[13,16,16,31,37,48,50,50],"damage_taken":[{"damage":0,"enemies":"Cultist","floor":1,"turns":1},{"damage":0,"enemies":"Gremlin Nob","floor":7,"turns":1},{"damage":0,"enemies":"Small Slimes","floor":8,"turns":1},{"damage":0,"enemies":"2 Louse","floor":10,"turns":4},{"damage":6,"enemies":"Lagavulin","floor":11,"turns":7},{"damage":0,"enemies":"Red Slaver","floor":12,"turns":5},{"damage":0,"enemies":"Gremlin Gang","floor":13,"turns":3},{"damage":13,"enemies":"Gremlin Nob","floor":14,"turns":4},{"damage":27,"enemies":"Slime Boss","floor":16,"turns":8},{"damage":0,"enemies":"Shell Parasite","floor":18,"turns":8},{"damage":0,"enemies":"Chosen","floor":20,"turns":6},{"damage":2,"enemies":"Snake Plant","floor":22,"turns":8},{"damage":37,"enemies":"Book of Stabbing","floor":28,"turns":8},{"damage":0,"enemies":"Snecko","floor":30,"turns":5},{"damage":0,"enemies":"3 Cultists","floor":31,"turns":5},{"damage":31,"enemies":"Champ","floor":33,"turns":22},{"damage":0,"enemies":"Orb Walker","floor":35,"turns":4},{"damage":6,"enemies":"3 Shapes","floor":37,"turns":6},{"damage":8,"enemies":"Nemesis","floor":40,"turns":9},{"damage":0,"enemies":"3 Darklings","floor":42,"turns":8},{"damage":30,"enemies":"Giant Head","floor":44,"turns":11},{"damage":0,"enemies":"Jaw Worm Horde","floor":48,"turns":7},{"damage":11,"enemies":"Time Eater","floor":50,"turns":14},{"damage":60,"enemies":"Awakened One","floor":51,"turns":7}],"seed_played":"-3496080092341064183","potions_obtained":[{"floor":1,"key":"Energy Potion"},{"floor":12,"key":"Explosive Potion"},{"floor":13,"key":"DuplicationPotion"},{"floor":16,"key":"Dexterity Potion"},{"floor":18,"key":"Explosive Potion"},{"floor":33,"key":"LiquidMemories"},{"floor":42,"key":"SmokeBomb"},{"floor":44,"key":"SkillPotion"},{"floor":48,"key":"Weak Potion"}],"is_trial":false,"path_per_floor":["M","T","?","?","$","R","E","M","T","M","E","M","M","E","R","B",null,"M","$","M","?","M","R","?","R","T","R","E","R","M","M","R","B",null,"M","$","M","$","?","E","R","M","T","E","?","R","?","M","R","B","B"],"character_chosen":"THE_SILENT","items_purchased":["TheAbacus","Oddly Smooth Stone"],"campfire_rested":1,"item_purchase_floors":[19,36],"current_hp_per_floor":[59,59,59,59,59,59,59,59,59,59,53,53,53,40,40,13,48,48,48,48,48,51,51,51,51,51,51,19,37,42,47,47,21,50,55,55,54,54,54,51,51,56,56,31,31,31,31,36,36,25,0,0],"gold":16,"neow_bonus":"THREE_ENEMY_KILL","is_daily":false,"chose_seed":false,"campfire_upgraded":8,"win_rate":0.0,"timestamp":1612107516,"path_taken":["M","?","?","?","$","R","E","M","T","?","E","M","M","E","R","BOSS","M","$","?","?","M","R","?","R","T","R","E","R","M","M","R","BOSS","M","$","M","$","?","E","R","M","T","E","?","R","?","M","R","BOSS","BOSS"],"items_purchased_type":["Relic","Relic"],"build_version":"2020-12-22","purchased_purges":3,"victory":false,"max_hp_per_floor":[66,66,60,60,60,60,60,60,60,60,60,60,60,60,60,60,60,60,60,60,60,60,60,60,60,60,60,60,60,60,60,60,60,60,60,60,60,60,60,60,60,60,60,60,60,60,60,60,60,60,60,60],"card_choices":[{"not_picked":["Sucker Punch","Dagger Throw"],"picked":"Bouncing Flask","floor":1},{"not_picked":["Dodge and Roll","Caltrops"],"picked":"Bane","floor":7},{"not_picked":["Backstab","Expertise"],"picked":"Dash","floor":8},{"not_picked":["Cloak And Dagger","Acrobatics","Deflect"],"picked":"SKIP","floor":10},{"not_picked":["Predator","Backflip"],"picked":"Dagger Spray","floor":11},{"not_picked":["Flechettes","Eviscerate"],"picked":"Footwork","floor":12},{"not_picked":["Dagger Throw","Infinite Blades","Quick Slash"],"picked":"SKIP","floor":13},{"not_picked":["Burst","Poisoned Stab","Heel Hook"],"picked":"SKIP","floor":14},{"not_picked":["Grand Finale","Doppelganger"],"picked":"After Image","floor":16},{"not_picked":["Blade Dance","Well Laid Plans","Poisoned Stab+1"],"picked":"SKIP","floor":18},{"not_picked":["Distraction","Underhanded Strike"],"picked":"Calculated Gamble","floor":20},{"not_picked":["Flechettes","PiercingWail"],"picked":"Prepared","floor":22},{"not_picked":["Infinite Blades","Deflect","Predator"],"picked":"SKIP","floor":28},{"not_picked":["Dash","Deflect+1","Terror"],"picked":"SKIP","floor":30},{"not_picked":["Infinite Blades","Finisher","Escape Plan"],"picked":"SKIP","floor":31},{"not_picked":["Accuracy+1","Slice"],"picked":"Bouncing Flask+1","floor":35},{"not_picked":["Quick Slash","Cloak And Dagger","Deflect+1"],"picked":"SKIP","floor":37},{"not_picked":["Backstab","Bullet Time"],"picked":"After Image","floor":40},{"not_picked":["Backflip","Deadly Poison+1"],"picked":"Footwork","floor":42},{"not_picked":["Finisher","Underhanded Strike+1","Envenom+1"],"picked":"SKIP","floor":44},{"not_picked":["Secret Weapon","Purity"],"picked":"Impatience","floor":45},{"not_picked":["Dagger Spray","Blade Dance","Bouncing Flask"],"picked":"SKIP","floor":48}],"player_experience":1445027,"relics_obtained":[{"floor":2,"key":"Pen Nib"},{"floor":7,"key":"War Paint"},{"floor":11,"key":"Whetstone"},{"floor":14,"key":"Lizard Tail"},{"floor":26,"key":"Ornamental Fan"},{"floor":28,"key":"Boot"},{"floor":40,"key":"White Beast Statue"},{"floor":43,"key":"Mercury Hourglass"},{"floor":44,"key":"Frozen Egg 2"}],"event_choices":[{"damage_healed":0,"gold_gain":0,"player_choice":"Lose Max HP","damage_taken":0,"relics_obtained":["Golden Idol"],"max_hp_gain":0,"max_hp_loss":6,"event_name":"Golden Idol","floor":3,"gold_loss":0},{"damage_healed":0,"gold_gain":0,"cards_transformed":["Strike_G"],"player_choice":"Transformed","damage_taken":0,"max_hp_gain":0,"max_hp_loss":0,"event_name":"Transmorgrifier","floor":4,"gold_loss":0,"cards_obtained":["Dodge and Roll"]},{"damage_healed":0,"gold_gain":0,"player_choice":"Gave Idol","damage_taken":0,"relics_obtained":["Bloody Idol"],"max_hp_gain":0,"max_hp_loss":0,"event_name":"Forgotten Altar","floor":21,"relics_lost":["Golden Idol"],"gold_loss":0},{"damage_healed":0,"gold_gain":0,"player_choice":"Inject Mutagens","damage_taken":0,"relics_obtained":["MutagenicStrength"],"max_hp_gain":0,"max_hp_loss":0,"event_name":"Drug Dealer","floor":24,"gold_loss":0},{"damage_healed":0,"gold_gain":0,"player_choice":"Paid","damage_taken":0,"relics_obtained":["Red Mask"],"max_hp_gain":0,"max_hp_loss":0,"event_name":"Tomb of Lord Red Mask","floor":39,"gold_loss":8},{"damage_healed":0,"gold_gain":0,"player_choice":"Memory 1","damage_taken":0,"max_hp_gain":0,"max_hp_loss":0,"event_name":"SensoryStone","floor":45,"gold_loss":0},{"cards_removed":["Dagger Spray"],"damage_healed":0,"gold_gain":0,"player_choice":"Single Remove","damage_taken":0,"max_hp_gain":0,"max_hp_loss":0,"event_name":"Designer","floor":47,"gold_loss":75}],"is_beta":false,"boss_relics":[{"not_picked":["Runic Pyramid","Calling Bell"],"picked":"Astrolabe"},{"not_picked":["Black Star","Busted Crown"],"picked":"Coffee Dripper"}],"items_purged_floors":[5,19,38],"is_endless":false,"potions_floor_spawned":[1,12,13,16,18,22,33,35,42,44,48],"killed_by":"Awakened One","ascension_level":20}}