{"host":"msfr2axb1w9025n0","time":1612081304,"event":{"mods":["BaseMod","Colored Map","DeckTracker","Minty Spire (QoL Compilation)","Relic Stats"],"gold_per_floor":[119,119,136,153,153,182,231,251,251,251,251],"floor_reached":10,"language":"ENG","playtime":432,"items_purged":[],"score":68,"play_id":"4bf3d4f4-9c7f-4dd7-b854-c05699936925","local_time":"20210131152144","daily_mods":["Draft"],"is_ascension_mode":false,"campfire_choices":[],"circlet_count":0,"master_deck":["Shrug It Off","Power Through","Rupture","Inflame","Twin Strike","Intimidate","Rupture+1","Bloodletting","Power Through+1","Warcry","Ghostly Armor+1","True Grit","Rage","Shrug It Off","Body Slam","Bloodletting","Iron Wave","Rupture"],"relics":["Burning Blood","Centennial Puzzle","War Paint","The Courier"],"acts_visited":["Exordium"],"potions_floor_usage":[8],"damage_taken":[{"damage":6,"enemies":"2 Louse","floor":1,"turns":4},{"damage":12,"enemies":"Jaw Worm","floor":3,"turns":5},{"damage":12,"enemies":"Small Slimes","floor":4,"turns":5},{"damage":28,"enemies":"3 Sentries","floor":6,"turns":10},{"damage":9,"enemies":"Looter","floor":8,"turns":4},{"damage":54,"enemies":"Gremlin Nob","floor":10,"turns":5}],"seed_played":"4859209145048327522","potions_obtained":[{"floor":4,"key":"SteroidPotion"},{"floor":6,"key":"EntropicBrew"},{"floor":8,"key":"Fruit Juice"}],"is_trial":true,"path_per_floor":["M","?","M","M","?","E","T","M","T","E"],"character_chosen":"IRONCLAD","items_purchased":[],"campfire_rested":0,"item_purchase_floors":[],"current_hp_per_floor":[80,80,74,68,73,51,51,53,53,0,0],"gold":251,"neow_bonus":"","is_daily":false,"chose_seed":false,"campfire_upgraded":0,"win_rate":0.0,"timestamp":1612081304,"path_taken":["M","?","M","M","?","E","?","M","T","E"],"items_purchased_type":[],"build_version":"2020-12-22","purchased_purges":0,"victory":false,"max_hp_per_floor":[80,80,80,80,85,85,85,90,90,90,90],"relic_stats":{"Centennial Puzzle":[6],"counters":[6,33],"War Paint":["Ghostly Armor","Power Through"],"obtain_stats":[{"Centennial Puzzle":6,"The Courier":9,"War Paint":7,"Burning Blood":0},{"Centennial Puzzle":4,"The Courier":5,"War Paint":4,"Burning Blood":0},{"Centennial Puzzle":24,"The Courier":28,"War Paint":24,"Burning Blood":0}],"Burning Blood":30},"card_choices":[{"not_picked":["Wild Strike","Bloodletting"],"picked":"Shrug It Off","floor":0},{"not_picked":["Dual Wield","Iron Wave"],"picked":"Power Through","floor":0},{"not_picked":["Shrug It Off","Sword Boomerang"],"picked":"Rupture","floor":0},{"not_picked":["Iron Wave","Twin Strike"],"picked":"Inflame","floor":0},{"not_picked":["Heavy Blade","Havoc"],"picked":"Twin Strike","floor":0},{"not_picked":["Infernal Blade","Wild Strike"],"picked":"Intimidate","floor":0},{"not_picked":["Rage","Cleave"],"picked":"Rupture","floor":0},{"not_picked":["Pummel","Headbutt"],"picked":"Bloodletting","floor":0},{"not_picked":["Clothesline","Body Slam"],"picked":"Power Through","floor":0},{"not_picked":["Pommel Strike","Clothesline"],"picked":"Warcry","floor":0},{"not_picked":["Twin Strike","Havoc"],"picked":"Ghostly Armor","floor":0},{"not_picked":["Pommel Strike","Clothesline"],"picked":"True Grit","floor":0},{"not_picked":["Sever Soul","Sword Boomerang"],"picked":"Rage","floor":0},{"not_picked":["Flame Barrier","Cleave"],"picked":"Shrug It Off","floor":0},{"not_picked":["Iron Wave","Evolve"],"picked":"Body Slam","floor":0},{"not_picked":["Anger","Twin Strike"],"picked":"Bloodletting","floor":1},{"not_picked":["Clash","Clothesline"],"picked":"Iron Wave","floor":3},{"not_picked":["Havoc","Clash","Perfected Strike"],"picked":"SKIP","floor":4},{"not_picked":["Sentinel","Entrench","Uppercut"],"picked":"SKIP","floor":6},{"not_picked":["Anger","Intimidate"],"picked":"Rupture","floor":8}],"player_experience":277105,"relics_obtained":[{"floor":6,"key":"Centennial Puzzle"},{"floor":7,"key":"War Paint"},{"floor":9,"key":"The Courier"}],"event_choices":[{"damage_healed":0,"gold_gain":0,"player_choice":"Grow","damage_taken":0,"max_hp_gain":0,"max_hp_loss":0,"event_name":"Living Wall","floor":2,"gold_loss":0,"cards_upgraded":["Rupture"]},{"damage_healed":0,"gold_gain":0,"player_choice":"Donut","damage_taken":0,"max_hp_gain":5,"max_hp_loss":0,"event_name":"Big Fish","floor":5,"gold_loss":0}],"is_beta":false,"boss_relics":[],"items_purged_floors":[],"is_endless":false,"potions_floor_spawned":[4,6,8],"killed_by":"Gremlin Nob","ascension_level":0}}