{"host":"retvy5aofvy11p4z","time":1612113713,"event":{"mods":["BaseMod","Better Altar","Better Skull","Better Third Choice","BetterRewards","Filter the Spire","Hubris","Infinite Spire","Minty Spire (QoL Compilation)","Replay The Spire","Shop Mod","StSLib","The Blue Laboratory","The Jungle","Thieving Mod"],"gold_per_floor":[115,0,14,24,24,24,40,40,67,83,83,83,83,83,83,179,179,192,210,108,108,108,119,119,133,133,133,98,98,106,190,190,282,282,293,308,308,308,324,324,324,425,425],"floor_reached":42,"language":"ENG","playtime":1261,"items_purged":[],"score":784,"play_id":"8415d2f6-9df7-4028-a957-3518e93b3acd","local_time":"20210131172153","daily_mods":["SealedDeck","Hoarder","Cursed Run"],"is_ascension_mode":false,"campfire_choices":[{"floor":6,"key":"REST"},{"data":"infinitespire:OneForAll","floor":8,"key":"SMITH"},{"data":"infinitespire:OneForAll","floor":13,"key":"SMITH"},{"data":"infinitespire:OneForAll","floor":15,"key":"SMITH"},{"data":"infinitespire:Punishment","floor":24,"key":"SMITH"},{"floor":32,"key":"REST"},{"floor":40,"key":"REST"}],"circlet_count":0,"master_deck":["Pummel","Pummel","Pummel","Metallicize","Metallicize","Metallicize","Clash","Clash","Pommel Strike","Pommel Strike","Pommel Strike","Pommel Strike","Pommel Strike","Pommel Strike","Shrug It Off","Shrug It Off","Shrug It Off","Shrug It Off","Shrug It Off","Shrug It Off","Blood for Blood","Blood for Blood","Iron Wave","Iron Wave","Iron Wave","Spot Weakness","Spot Weakness","Spot Weakness","Pommel Strike","Pommel Strike","Pommel Strike","Thunderclap","Thunderclap","Thunderclap","hubris:CleavingFinish","hubris:CleavingFinish","hubris:CleavingFinish","infinitespire:OneForAll+1","infinitespire:OneForAll+1","infinitespire:OneForAll+1","Sickly","Sickly","Sickly","Whirlwind","Whirlwind","Whirlwind","hubris:StunningStrike+1","hubris:StunningStrike+1","hubris:StunningStrike+1","Sickly","Sickly","Sickly","Demon Form","Demon Form","Demon Form","Flex+1","Flex+1","Flex+1","Clash","Clash","Clash","infinitespire:Punishment","infinitespire:Punishment","infinitespire:Punishment+1","Ghostly Armor","Ghostly Armor","Ghostly Armor","Iron Wave+1","Parasite","Parasite","Parasite","Thunderclap","Thunderclap","Thunderclap","Bloodletting","Bloodletting","Bloodletting","hubris:Gluttony","hubris:Gluttony","hubris:Gluttony","Demonic Infusion","Demonic Infusion","Demonic Infusion","infinitespire:OneForAll+1","infinitespire:OneForAll+1","infinitespire:OneForAll+1","Twin Strike","Twin Strike","Twin Strike","CommonCold","CommonCold","CommonCold","Neutralize","Neutralize","Neutralize","Double Tap","Double Tap","Double Tap","Replay:Sssssssssshield","Replay:Sssssssssshield","Replay:Sssssssssshield","hubris:InfiniteBlow+7","hubris:InfiniteBlow+7","hubris:InfiniteBlow+7","Overencumbered","Overencumbered","Overencumbered","Pain","Pain","Pain","infinitespire:NeuralNetwork","infinitespire:NeuralNetwork","infinitespire:NeuralNetwork","infinitespire:Starlight","infinitespire:Starlight","infinitespire:Starlight","Cleave+1","Cleave+1","Cleave+1"],"relics":["infinitespire:Midas Blood","Sizzling Blood","Cracked Core","infinitespire:DarkRift","Garlic","hubris:FunFungus","theJungle:PaperFaux","Replay:M_SmolderingBlood","Replay:M_StaffOfTheSnake","Ring of Shattering","Replay:Purple Gloves","WingedGreaves","infinitespire:Chaos","Replay:Wax Seal","OrangePellets","Ice Cream"],"acts_visited":["Exordium","TheCity","TheBeyond"],"potions_floor_usage":[],"damage_taken":[{"damage":0,"enemies":"2 Louse","floor":1,"turns":2},{"damage":0,"enemies":"Cultist","floor":3,"turns":3},{"damage":0,"enemies":"Small Slimes","floor":4,"turns":2},{"damage":0,"enemies":"Looter","floor":7,"turns":2},{"damage":9,"enemies":"2 Fungi Beasts","floor":10,"turns":2},{"damage":3,"enemies":"Fading Forest","floor":16,"turns":11},{"damage":0,"enemies":"Spheric Guardian","floor":18,"turns":3},{"damage":0,"enemies":"2 Thieves","floor":19,"turns":1},{"damage":0,"enemies":"Shelled Parasite and Fungi","floor":23,"turns":2},{"damage":10,"enemies":"Cultist and Chosen","floor":25,"turns":2},{"damage":17,"enemies":"Snake Plant","floor":30,"turns":2},{"damage":23,"enemies":"Colosseum Slavers","floor":31,"turns":2},{"damage":7,"enemies":"Colosseum Nobs","floor":31,"turns":3},{"damage":6,"enemies":"Automaton","floor":33,"turns":4},{"damage":10,"enemies":"3 Shapes","floor":35,"turns":1},{"damage":0,"enemies":"Orb Walker","floor":36,"turns":1},{"damage":35,"enemies":"infinitespire:Three Voidlings","floor":42,"turns":4},{"damage":39,"enemies":"Nightmare_Alpha","floor":42,"turns":7}],"seed_played":"819907119227385876","potions_obtained":[{"floor":4,"key":"Languid Potion"},{"floor":10,"key":"AttackPotion"},{"floor":23,"key":"Energy Potion"},{"floor":25,"key":"Swift Potion"},{"floor":30,"key":"blueLaboratory:ImpenetrablePotion"},{"floor":31,"key":"Strength Potion"},{"floor":33,"key":"blueLaboratory:HorrorPotion"},{"floor":35,"key":"blueLaboratory:BubblePotion"}],"is_trial":true,"path_per_floor":["M","$","M","M","?","R","M","R","T","M","?","?","R","?","R","B",null,"M","M","$","?","AVR","M","R","M","T","?","$","?","M","?","R","B",null,"M","M","AVR","?","$","R","?","?"],"character_chosen":"IRONCLAD","items_purchased":["MerchantsRug","Inflame","MerchantsRug","Replay:Wax Seal"],"campfire_rested":3,"item_purchase_floors":[20,28,39,39],"current_hp_per_floor":[80,60,60,60,64,80,80,80,98,89,89,94,94,94,94,109,121,121,121,101,101,101,101,101,91,109,109,89,103,86,56,101,113,129,119,119,123,123,103,133,133,67,67],"gold":425,"neow_bonus":"","is_daily":false,"chose_seed":false,"campfire_upgraded":4,"win_rate":0.0,"timestamp":1612113713,"path_taken":["M","$","M","M","?","R","?","R","T","M","?","?","R","?","R","BOSS","M","M","$","?","AVR","M","R","M","T","?","?","?","?","?","R","BOSS","M","M","AVR","?","$","R","?","?"],"items_purchased_type":["Relic","Card","Relic","Relic"],"build_version":"2020-12-22","purchased_purges":0,"victory":false,"max_hp_per_floor":[80,80,80,80,80,80,80,80,98,98,98,103,103,103,103,121,121,121,121,121,121,121,121,121,121,139,139,139,153,153,153,153,171,129,129,129,133,133,133,133,133,133,133],"card_choices":[{"not_picked":["Body Slam","Twin Strike"],"picked":"Pommel Strike","floor":1},{"not_picked":["Clothesline","hubris:ReadiedAction"],"picked":"Thunderclap","floor":3},{"not_picked":["Body Slam","ReplayTheSpireMod:Corrosion Curse"],"picked":"hubris:CleavingFinish","floor":4},{"not_picked":["Ghostly Armor","Blood for Blood"],"picked":"infinitespire:OneForAll","floor":7},{"not_picked":["Shrug It Off","Juggernaut"],"picked":"Whirlwind","floor":10},{"not_picked":["Replay:Many Hands","Double Tap"],"picked":"Demon Form","floor":16},{"not_picked":["True Grit","Combust"],"picked":"Flex+1","floor":18},{"not_picked":["ReplayTheSpireMod:Strike From Hell+1","Searing Blow"],"picked":"Clash","floor":19},{"not_picked":["ReplayTheSpireMod:Muscle Training","Replay:Undeath\u0027s Touch","Headbutt"],"picked":"Ghostly Armor","floor":23},{"not_picked":["Headbutt+1","Double Tap","ReplayTheSpireMod:Limb From Limb"],"picked":"Iron Wave+1","floor":25},{"not_picked":["hubris:ReadiedAction","Dual Wield","Run Through"],"picked":"Thunderclap","floor":30},{"not_picked":["ReplayTheSpireMod:Muscle Training","Dropkick","Burning Pact"],"picked":"Bloodletting","floor":31},{"not_picked":["Bludgeon","Barricade","Juggernaut"],"picked":"Demonic Infusion","floor":33},{"not_picked":["Headbutt+1","Pommel Strike","Flex+1"],"picked":"infinitespire:OneForAll+1","floor":35},{"not_picked":["Life Link","Intimidate+1","ReplayReversal"],"picked":"Twin Strike","floor":36},{"not_picked":["Survivor","Zap"],"picked":"Neutralize","floor":37},{"not_picked":["Bullet Time","Wraith Form v2"],"picked":"Double Tap","floor":37},{"not_picked":["Survey Options","Replay:Parry"],"picked":"Replay:Sssssssssshield","floor":37},{"not_picked":["infinitespire:SevenWalls","infinitespire:Fortify"],"picked":"hubris:InfiniteBlow+7","floor":37},{"not_picked":["ReplayTheSpireMod:??????????????????????","ReplayTheSpireMod:Echoes of Time"],"picked":"infinitespire:NeuralNetwork","floor":38},{"not_picked":["infinitespire:FutureSight","infinitespire:Gouge"],"picked":"infinitespire:Starlight","floor":42},{"not_picked":["Rage","Crescendo+1"],"picked":"Cleave+1","floor":42}],"player_experience":145812,"relics_obtained":[{"floor":9,"key":"Red Skull"},{"floor":26,"key":"Bottled Tornado"},{"floor":31,"key":"Gambling Chip"},{"floor":31,"key":"hubris:PeanutButter"},{"floor":42,"key":"Ice Cream"}],"event_choices":[{"damage_healed":4,"gold_gain":0,"player_choice":"LEAVE ","damage_taken":0,"relics_obtained":[],"max_hp_gain":0,"max_hp_loss":0,"event_name":"betterSkull:BetterSkull","floor":5,"gold_loss":0,"cards_upgraded":[]},{"damage_healed":0,"gold_gain":0,"player_choice":"Donut","damage_taken":0,"max_hp_gain":5,"max_hp_loss":0,"event_name":"Big Fish","floor":12,"gold_loss":0},{"damage_healed":0,"gold_gain":0,"player_choice":"Leave","damage_taken":0,"max_hp_gain":0,"max_hp_loss":0,"event_name":"The Cleric","floor":14,"gold_loss":0},{"damage_healed":0,"gold_gain":0,"player_choice":"Insight","damage_taken":0,"max_hp_gain":0,"max_hp_loss":0,"event_name":"betterThird:BetterWriting","floor":21,"gold_loss":0,"cards_obtained":["Insight"]},{"damage_healed":0,"gold_gain":0,"player_choice":"Ignored","damage_taken":0,"max_hp_gain":0,"max_hp_loss":0,"event_name":"Vampires","floor":27,"gold_loss":0},{"cards_removed":["Clash"],"damage_healed":0,"gold_gain":0,"player_choice":"Gave Card","damage_taken":0,"relics_obtained":["Mango"],"max_hp_gain":0,"max_hp_loss":0,"event_name":"WeMeetAgain","floor":29,"gold_loss":0},{"damage_healed":0,"gold_gain":0,"player_choice":"Fight","damage_taken":0,"max_hp_gain":0,"max_hp_loss":0,"event_name":"Colosseum","floor":31,"gold_loss":0},{"damage_healed":0,"gold_gain":0,"player_choice":"Fought Nobs","damage_taken":0,"max_hp_gain":0,"max_hp_loss":0,"event_name":"Colosseum","floor":31,"gold_loss":0},{"damage_healed":0,"gold_gain":0,"player_choice":"Ignored","damage_taken":0,"max_hp_gain":0,"max_hp_loss":0,"event_name":"Tomb of Lord Red Mask","floor":41,"gold_loss":0}],"is_beta":false,"boss_relics":[{"not_picked":["Replay:Grab Bag","ReplayTheSpireMod:DimensionalGlitch"],"picked":"ChewingGum"},{"not_picked":["Fusion Hammer","Velvet Choker"],"picked":"Replay:Drink Me"}],"items_purged_floors":[],"is_endless":true,"potions_floor_spawned":[4,10,23,25,30,31,33,35],"killed_by":"Nightmare_Alpha","ascension_level":0}}