{"host":"0fm1w3v00gid44jl","time":1612116297,"event":{"mods":["AchievementEnabler","BaseMod","Colored Map","Colored Powertips","Displayed Cursed Tome","Downfall","Googly Eyes","Highlight Path","Minty Spire (QoL Compilation)","Permanent Neow","Relic Stats","StSLib","SuperFastMode","slay the spire mod where everything is the same but ironclad has a cowboy hat"],"gold_per_floor":[349,206,306,324,343,42,42,42,42,42],"floor_reached":8,"language":"ENG","playtime":442,"items_purged":[],"score":53,"play_id":"d9589662-6e07-4703-b7f8-26ba0b2d4568","local_time":"20210131120457","is_ascension_mode":true,"campfire_choices":[{"data":"Slimebound:Split","floor":1.0,"key":"SMITH"}],"circlet_count":0,"master_deck":["Slimebound:Strike_Slimebound","Slimebound:Strike_Slimebound","Slimebound:Strike_Slimebound","Slimebound:Tackle","Slimebound:Defend_Slimebound","Slimebound:Defend_Slimebound","Slimebound:Defend_Slimebound","Slimebound:Defend_Slimebound","Slimebound:Split+1","Slimebound:CorrosiveSpit","Slimebound:Nibble","expansioncontent:Chronoboost","Slimebound:Replication","Slimebound:Recycling","Slimebound:ItLooksTasty"],"relics":["Slimebound:AbsorbEndCombat","Calipers","Bottled Flame"],"acts_visited":["Exordium"],"potions_floor_usage":[],"damage_taken":[{"damage":0.0,"enemies":"downfall:FleeingMerchant","floor":2.0,"turns":4.0},{"damage":8.0,"enemies":"Jaw Worm","floor":4.0,"turns":4.0},{"damage":1,"enemies":"Cultist","floor":5,"turns":4},{"damage":2,"enemies":"downfall:FleeingMerchant","floor":6,"turns":4},{"damage":70,"enemies":"Gremlin Nob","floor":8,"turns":4}],"seed_played":"3699143749298112396","potions_obtained":[{"floor":4.0,"key":"Block Potion"}],"is_trial":false,"path_per_floor":["R","$","?","M","M","$","T","E"],"character_chosen":"SLIMEBOUND","items_purchased":["expansioncontent:Chronoboost","Slimebound:Replication","Calipers"],"campfire_rested":0,"item_purchase_floors":[2,2,6],"current_hp_per_floor":[59,59,59,55,59,59,59,0,0,0],"gold":42,"neow_bonus":"TWO_FIFTY_GOLD","is_daily":false,"chose_seed":false,"campfire_upgraded":1,"win_rate":0.0,"timestamp":1612116297,"path_taken":["R","$","?","?","M","$","T","E"],"items_purchased_type":["Card","Card","Relic"],"build_version":"2020-12-22","purchased_purges":0,"victory":false,"max_hp_per_floor":[59,59,59,59,59,59,59,59,59,59],"relic_stats":{"counters":[5,20],"obtain_stats":[{"Bottled Flame":7,"Calipers":6,"Slimebound:AbsorbEndCombat":0},{"Bottled Flame":4,"Calipers":4,"Slimebound:AbsorbEndCombat":0},{"Bottled Flame":16,"Calipers":16,"Slimebound:AbsorbEndCombat":0}]},"card_choices":[{"not_picked":["Slimebound:TongueLash","Slimebound:LeechingTouch"],"picked":"Slimebound:Nibble","floor":2.0},{"not_picked":["Slimebound:PressTheAttack","Slimebound:GoopSpray"],"picked":"Slimebound:Recycling","floor":4.0},{"not_picked":["Slimebound:LeechEnergy","Slimebound:LeadByExample"],"picked":"Slimebound:ItLooksTasty","floor":5},{"not_picked":["Slimebound:Chomp","Slimebound:FormOfPuddle","Slimebound:RollThrough"],"picked":"SKIP","floor":6}],"player_experience":1588882,"relics_obtained":[{"floor":7,"key":"Bottled Flame"}],"event_choices":[],"is_beta":false,"boss_relics":[],"items_purged_floors":[],"is_endless":false,"potions_floor_spawned":[4],"killed_by":"Gremlin Nob","ascension_level":4}}