{"host":"rspt8ghchagqewrq","time":1612124189,"event":{"mods":["AchievementEnabler","BaseMod","Colored Map","Colored Powertips","Minty Spire (QoL Compilation)","Quick Restart"],"gold_per_floor":[111,211,221,235,253,253,253,353,353,353,373,8,22,36,36,133,133,144,144,144,23,23,23,56,56,56,66,78,94,94,107,107,209,209,220,220,220,220],"floor_reached":37,"language":"FRA","playtime":1495,"items_purged":["Parasite"],"score":406,"play_id":"ccfc2c00-3817-4fae-9050-4a960a17ce00","local_time":"20210131211629","is_ascension_mode":false,"campfire_choices":[{"data":"Riddle With Holes","floor":6.0,"key":"SMITH"},{"data":"Skewer","floor":10.0,"key":"SMITH"},{"data":"Backstab","floor":15.0,"key":"SMITH"},{"data":"Blur","floor":23.0,"key":"SMITH"},{"floor":30.0,"key":"REST"},{"data":"Wraith Form v2","floor":32,"key":"SMITH"}],"circlet_count":0,"master_deck":["Defend_G","Defend_G","Defend_G","Defend_G","Defend_G","Survivor","Neutralize","Riddle With Holes+1","Skewer+1","Poisoned Stab","Backstab+1","Noxious Fumes","Slice","Wraith Form v2+1","Blur+1","Poisoned Stab","Bite","Bite","Bite","Bite","Bite","Bouncing Flask+1","Phantasmal Killer","A Thousand Cuts+1","Phantasmal Killer+1","Bane+1","Riddle With Holes+1"],"relics":["Velvet Choker","Smiling Mask","Oddly Smooth Stone","Whetstone","SlaversCollar","MutagenicStrength","Pantograph","Kunai","Astrolabe"],"acts_visited":["Exordium","TheCity","TheBeyond"],"potions_floor_usage":[33,33],"damage_taken":[{"damage":0.0,"enemies":"Cultist","floor":1.0,"turns":5.0},{"damage":0.0,"enemies":"Jaw Worm","floor":3.0,"turns":3.0},{"damage":0.0,"enemies":"2 Louse","floor":4.0,"turns":2.0},{"damage":13.0,"enemies":"Exordium Thugs","floor":5.0,"turns":5.0},{"damage":0.0,"enemies":"Blue Slaver","floor":11.0,"turns":3.0},{"damage":0.0,"enemies":"3 Louse","floor":13.0,"turns":2.0},{"damage":0.0,"enemies":"Looter","floor":14.0,"turns":1.0},{"damage":17.0,"enemies":"Hexaghost","floor":16.0,"turns":8.0},{"damage":18.0,"enemies":"Shell Parasite","floor":18.0,"turns":4.0},{"damage":35.0,"enemies":"Slavers","floor":24.0,"turns":6.0},{"damage":8.0,"enemies":"Spheric Guardian","floor":27.0,"turns":4.0},{"damage":2.0,"enemies":"Chosen and Byrds","floor":28.0,"turns":6.0},{"damage":10.0,"enemies":"Cultist and Chosen","floor":29.0,"turns":4.0},{"damage":7,"enemies":"Centurion and Healer","floor":31,"turns":6},{"damage":50,"enemies":"Champ","floor":33,"turns":12},{"damage":12,"enemies":"3 Shapes","floor":35,"turns":3},{"damage":50,"enemies":"3 Darklings","floor":37,"turns":4}],"seed_played":"7226988544727439419","potions_obtained":[{"floor":1.0,"key":"Poison Potion"},{"floor":4.0,"key":"AttackPotion"},{"floor":5.0,"key":"Explosive Potion"},{"floor":28.0,"key":"FearPotion"},{"floor":29.0,"key":"Swift Potion"},{"floor":35,"key":"Energy Potion"}],"is_trial":false,"path_per_floor":["M","?","M","M","M","R","?","?","T","R","M","$","M","M","R","B",null,"M","?","?","$","?","R","E","?","T","M","M","M","R","M","R","B",null,"M","?","M"],"character_chosen":"THE_SILENT","items_purchased":["Oddly Smooth Stone","Whetstone","Backstab","Blur"],"campfire_rested":1,"item_purchase_floors":[12,12,12,21],"current_hp_per_floor":[70,70,70,70,57,57,70,70,70,70,70,70,70,70,70,53,70,52,52,52,52,40,40,5,5,5,5,13,13,28,33,33,16,50,40,40,0,0],"gold":220,"neow_bonus":"BOSS_RELIC","is_daily":false,"chose_seed":false,"campfire_upgraded":5,"win_rate":0.0,"timestamp":1612124189,"path_taken":["M","?","M","M","?","R","?","?","T","R","M","$","?","M","R","BOSS","M","?","?","$","?","R","E","?","T","M","M","M","R","M","R","BOSS","M","?","M"],"items_purchased_type":["Relic","Relic","Card","Card"],"build_version":"2020-12-22","purchased_purges":1,"victory":false,"max_hp_per_floor":[70,70,70,70,70,70,70,70,70,70,70,70,70,70,70,70,70,70,70,70,67,72,72,72,50,50,50,50,50,50,50,50,50,50,50,50,50,50],"card_choices":[{"not_picked":["Flechettes","Distraction"],"picked":"Riddle With Holes","floor":1.0},{"not_picked":["Expertise","Tactician","Acrobatics"],"picked":"SKIP","floor":3.0},{"not_picked":["Bane","Dagger Spray"],"picked":"Skewer","floor":4.0},{"not_picked":["Dagger Throw","Backflip"],"picked":"Deadly Poison","floor":5.0},{"not_picked":["Footwork","Noxious Fumes"],"picked":"Poisoned Stab","floor":11.0},{"not_picked":["Outmaneuver","Underhanded Strike"],"picked":"Noxious Fumes","floor":13.0},{"not_picked":["Dodge and Roll","Acrobatics"],"picked":"Slice","floor":14.0},{"not_picked":["Venomology","A Thousand Cuts"],"picked":"Wraith Form v2","floor":16.0},{"not_picked":["Acrobatics","Dagger Spray","Cloak And Dagger"],"picked":"SKIP","floor":18.0},{"not_picked":["Prepared","Dagger Spray"],"picked":"Poisoned Stab","floor":24.0},{"not_picked":["Quick Slash","Prepared+1"],"picked":"Bouncing Flask+1","floor":27.0},{"not_picked":["Dagger Spray","Deadly Poison"],"picked":"Dagger Throw","floor":28.0},{"not_picked":["Accuracy","Sucker Punch"],"picked":"Choke+1","floor":29.0},{"not_picked":["Finisher","Bane"],"picked":"Escape Plan+1","floor":31},{"not_picked":["Storm of Steel","A Thousand Cuts"],"picked":"Phantasmal Killer","floor":33},{"not_picked":["Deflect","Dagger Spray"],"picked":"Riddle With Holes+1","floor":35}],"player_experience":75093,"relics_obtained":[{"floor":9.0,"key":"Smiling Mask"},{"floor":24.0,"key":"Pantograph"},{"floor":26.0,"key":"Kunai"}],"event_choices":[{"damage_healed":0.0,"max_hp_gain":0.0,"max_hp_loss":0.0,"gold_gain":100.0,"event_name":"Wheel of Change","player_choice":"Gold","floor":2.0,"gold_loss":0.0,"damage_taken":0.0},{"damage_healed":17.0,"max_hp_gain":0.0,"max_hp_loss":0.0,"gold_gain":0.0,"event_name":"Mushrooms","player_choice":"Healed and dodged fight","floor":7.0,"gold_loss":0.0,"damage_taken":0.0,"cards_obtained":["Parasite"]},{"damage_healed":0.0,"max_hp_gain":0.0,"max_hp_loss":0.0,"gold_gain":100.0,"event_name":"Golden Shrine","player_choice":"Pray","floor":8.0,"gold_loss":0.0,"damage_taken":0.0},{"damage_healed":0.0,"max_hp_gain":0.0,"max_hp_loss":0.0,"gold_gain":0.0,"event_name":"Ghosts","player_choice":"Ignored","floor":19.0,"gold_loss":0.0,"damage_taken":0.0},{"damage_healed":0.0,"max_hp_gain":0.0,"max_hp_loss":0.0,"gold_gain":0.0,"event_name":"Drug Dealer","player_choice":"Inject Mutagens","floor":20.0,"gold_loss":0.0,"damage_taken":0.0,"relics_obtained":["MutagenicStrength"]},{"damage_healed":0.0,"max_hp_gain":5.0,"max_hp_loss":0.0,"gold_gain":0.0,"event_name":"Forgotten Altar","player_choice":"Shed Blood","floor":22.0,"gold_loss":0.0,"damage_taken":17.0},{"damage_healed":0.0,"max_hp_gain":0.0,"max_hp_loss":22.0,"gold_gain":0.0,"event_name":"Vampires","player_choice":"Became a vampire","floor":25.0,"gold_loss":0.0,"damage_taken":0.0,"cards_obtained":["Bite","Bite","Bite","Bite","Bite"]},{"cards_removed":["Deadly Poison"],"damage_healed":0,"gold_gain":0,"player_choice":"Removed Skill","damage_taken":0,"max_hp_gain":0,"max_hp_loss":0,"event_name":"Falling","floor":36,"gold_loss":0}],"is_beta":false,"boss_relics":[{"not_picked":["Runic Pyramid","Coffee Dripper"],"picked":"SlaversCollar"},{"not_picked":["Philosopher\u0027s Stone","Snecko Eye"],"picked":"Astrolabe"}],"items_purged_floors":[21],"is_endless":false,"potions_floor_spawned":[1,4,5,28,29,35],"killed_by":"3 Darklings","ascension_level":0}}