{"host":"928gv66myv2vlnsd","time":1612069921,"event":{"mods":["BaseMod","Highlight Path","Minty Spire (QoL Compilation)","StSLib"],"gold_per_floor":[114,74,90,100,100,129,129,154,200,200,238,15,15,15,15],"floor_reached":14,"language":"ENG","playtime":468,"items_purged":[],"score":159,"play_id":"af1e08dd-f690-4cfa-b1f5-b53f620bb34c","local_time":"20210131001201","is_ascension_mode":true,"campfire_choices":[{"data":"Capacitor","floor":7,"key":"SMITH"}],"circlet_count":0,"master_deck":["AscendersBane","Strike_B","Strike_B","Strike_B","Strike_B","Defend_B","Defend_B","Defend_B+1","Defend_B","Zap","Dualcast","Ball Lightning","Cold Snap","Glacier+1","Capacitor+1","Melter","Leap"],"relics":["Cracked Core","NeowsBlessing","Cables","Omamori","CaptainsWheel","Potion Belt","Golden Idol","Anchor","Membership Card","War Paint","CultistMask"],"acts_visited":["Exordium"],"potions_floor_usage":[6,8,14,14,14],"damage_taken":[{"damage":0,"enemies":"2 Louse","floor":1,"turns":1},{"damage":0,"enemies":"Cultist","floor":3,"turns":1},{"damage":0,"enemies":"Jaw Worm","floor":4,"turns":1},{"damage":2,"enemies":"3 Sentries","floor":6,"turns":14},{"damage":22,"enemies":"Gremlin Nob","floor":8,"turns":4},{"damage":8,"enemies":"Lagavulin","floor":11,"turns":9},{"damage":16,"enemies":"Gremlin Nob","floor":14,"turns":2}],"seed_played":"1045494485147607340","potions_obtained":[{"floor":2,"key":"Fruit Juice"},{"floor":2,"key":"FearPotion"},{"floor":2,"key":"Dexterity Potion"},{"floor":6,"key":"Weak Potion"},{"floor":8,"key":"LiquidBronze"}],"is_trial":false,"path_per_floor":["M","?","M","M","?","E","R","E","T","?","E","$","?","E"],"character_chosen":"DEFECT","items_purchased":["Membership Card","War Paint"],"campfire_rested":0,"item_purchase_floors":[12,12],"current_hp_per_floor":[68,68,68,68,35,33,33,11,11,11,3,3,3,0,0],"gold":15,"neow_bonus":"THREE_ENEMY_KILL","is_daily":false,"chose_seed":false,"campfire_upgraded":1,"win_rate":0.0,"timestamp":1612069921,"path_taken":["M","?","?","M","?","E","R","E","T","?","E","$","?","E"],"items_purchased_type":["Relic","Relic"],"build_version":"2020-12-22","purchased_purges":0,"victory":false,"max_hp_per_floor":[75,75,75,75,75,75,75,75,75,69,69,69,69,74,74],"card_choices":[{"not_picked":["Turbo","Doom and Gloom"],"picked":"Ball Lightning","floor":1},{"not_picked":["Sweeping Beam","Darkness"],"picked":"Cold Snap","floor":3},{"not_picked":["Consume","Self Repair"],"picked":"Glacier","floor":4},{"not_picked":["Storm","Redo"],"picked":"Capacitor","floor":6},{"not_picked":["Rip and Tear","Static Discharge"],"picked":"Melter","floor":8},{"not_picked":["Scrape","Steam"],"picked":"Leap","floor":11}],"player_experience":1408057,"relics_obtained":[{"floor":6,"key":"Omamori"},{"floor":8,"key":"CaptainsWheel"},{"floor":9,"key":"Potion Belt"},{"floor":11,"key":"Anchor"}],"event_choices":[{"damage_healed":0,"gold_gain":0,"player_choice":"Bought 3 Potions","damage_taken":0,"max_hp_gain":0,"max_hp_loss":0,"event_name":"The Woman in Blue","floor":2,"gold_loss":0},{"damage_healed":0,"gold_gain":0,"player_choice":"Success","damage_taken":33,"relics_obtained":["Cables"],"max_hp_gain":0,"max_hp_loss":0,"event_name":"Scrap Ooze","floor":5,"gold_loss":0},{"damage_healed":0,"gold_gain":0,"player_choice":"Lose Max HP","damage_taken":0,"relics_obtained":["Golden Idol"],"max_hp_gain":0,"max_hp_loss":6,"event_name":"Golden Idol","floor":10,"gold_loss":0},{"damage_healed":0,"gold_gain":0,"player_choice":"Trade","damage_taken":0,"relics_obtained":["CultistMask"],"max_hp_gain":0,"max_hp_loss":0,"event_name":"FaceTrader","floor":13,"gold_loss":0}],"is_beta":false,"boss_relics":[],"items_purged_floors":[],"is_endless":false,"potions_floor_spawned":[3,6,8],"killed_by":"Gremlin Nob","ascension_level":10}}