{"host":"f76wcztdlwlduum6","time":1612118641,"event":{"mods":["AchievementEnabler","BaseMod","BetterRewards","Colored Powertips","Downfall","Minty Spire (QoL Compilation)","Quick Restart","Rare Cards Sparkle","Relic Stats","StSLib","SuperFastMode","everything is the same but u backflip on backflip"],"gold_per_floor":[99,113,113,423,65,96,96,196,206,235,75,110,114,114,133,236,236,236,254,454,467,490,502,502,602,620,650,668,115,147,161,181,280,280,280,292,302,652,662,696,696,696,696,696,3,18,18,22,33,33],"floor_reached":51,"language":"ENG","playtime":3583,"items_purged":["Slimebound:Tackle","Slimebound:DouseInSlime+1","Slimebound:CorrosiveSpit"],"score":1062,"play_id":"68cc2762-b4da-448d-a386-2f1a513804f2","local_time":"20210131124401","is_ascension_mode":false,"campfire_choices":[{"data":"Slimebound:Split","floor":1,"key":"SMITH"},{"floor":18,"key":"RECALL"},{"floor":35,"key":"REST"},{"floor":44,"key":"REST"}],"circlet_count":0,"master_deck":["Slimebound:Defend_Slimebound+1","Slimebound:Split+1","Slimebound:LeechingTouch+1","Slimebound:Equalize+1","Slimebound:AcidTongue+1","Slimebound:Gluttony","Slimebound:LeadByExample+1","Slimebound:SpikyOuterGoop+1","Slimebound:LeadByExample+1","Slimebound:HauntingLick+1","Slimebound:MassFeed+1","Slimebound:LivingWall+1","Slimebound:SpikyOuterGoop+1","Slimebound:LeechingTouch+1","Slimebound:SpikyOuterGoop","Slimebound:SelfFormingGoo+1","Slimebound:GoopSpray+1","Slimebound:Repurpose+1","expansioncontent:QuickStudy+1","Slimebound:Gluttony+1","Slimebound:SplitMire+1","Slimebound:SplitAcid+1","Slimebound:SplitMire+1","Slimebound:HauntingLick+1","Slimebound:SplitBruiser+1","Slimebound:Repurpose+1","Slimebound:SplitAcid+1","Slimebound:RejuvenatingLick+1","Slimebound:Overexert+1","Slimebound:LeadByExample+1","Slimebound:SplitLeeching+1","Slimebound:SplitAcid+1","Slimebound:FirmFortitude+1","Slimebound:HauntingLick+1","Slimebound:Repurpose+1","Slimebound:RejuvenatingLick+1","Slimebound:SlimeTap+1","Slimebound:Gluttony+1","Slimebound:SelfFormingGoo+1","Slimebound:SplitAcid+1","Slimebound:LeechingTouch+1","Slimebound:RejuvenatingLick+1","Slimebound:OozeBath+1","Slimebound:AcidTongue+1","Slimebound:SelfFormingGoo+1","Slimebound:Schlurp+1","Slimebound:SamplingLick+1","Slimebound:HauntingLick+1"],"relics":["Slimebound:AbsorbEndCombatUpgraded","Lantern","Blue Candle","The Courier","Slimebound:SelfDamagePreventRelic","Slimebound:MaxSlimesRelic","Mummified Hand","Toxic Egg 2","Molten Egg 2","Ice Cream","PreservedInsect","Whetstone","Pear","DollysMirror","Tiny Chest","Matryoshka","Eternal Feather","InkBottle","Blood Vial","Slimebound:AggressiveSlimeRelic","Frozen Egg 2","Oddly Smooth Stone","TheAbacus","Fusion Hammer","Vajra","Bronze Scales","Shuriken","TungstenRod","Singing Bowl","Happy Flower","Ginger","OrangePellets","Orichalcum","Pen Nib","Old Coin","Potion Belt","Bag of Marbles","Mercury Hourglass","Anchor","Nunchaku","Membership Card","Thread and Needle","Bottled Flame","Strawberry","Lee\u0027s Waffle","War Paint","Omamori","Mango"],"acts_visited":["Exordium","TheCity","TheBeyond"],"potions_floor_usage":[11,16,29,38,50,50,50],"damage_taken":[{"damage":8,"enemies":"Small Slimes","floor":2,"turns":3},{"damage":1,"enemies":"Jaw Worm","floor":4,"turns":4},{"damage":3,"enemies":"downfall:FleeingMerchant","floor":5,"turns":4},{"damage":14,"enemies":"3 Sentries","floor":6,"turns":6},{"damage":17,"enemies":"downfall:Heads","floor":8,"turns":5},{"damage":0,"enemies":"2 Louse","floor":9,"turns":3},{"damage":0,"enemies":"Lagavulin","floor":10,"turns":4},{"damage":4,"enemies":"downfall:FleeingMerchant","floor":11,"turns":4},{"damage":10,"enemies":"3 Sentries","floor":12,"turns":4},{"damage":0,"enemies":"downfall:FleeingMerchant","floor":13,"turns":4},{"damage":12,"enemies":"Blue Slaver","floor":15,"turns":3},{"damage":50,"enemies":"SI_SHIV_ARCHETYPE","floor":16,"turns":5},{"damage":9,"enemies":"Shell Parasite","floor":19,"turns":4},{"damage":12,"enemies":"Shelled Parasite and Fungi","floor":21,"turns":3},{"damage":0,"enemies":"3 Cultists","floor":23,"turns":2},{"damage":19,"enemies":"DF_ARCHETYPE_STREAMLINE","floor":25,"turns":4},{"damage":7,"enemies":"Centurion and Healer","floor":26,"turns":3},{"damage":2,"enemies":"Book of Stabbing","floor":27,"turns":3},{"damage":7,"enemies":"Snake Plant","floor":28,"turns":2},{"damage":2,"enemies":"downfall:FleeingMerchant","floor":29,"turns":3},{"damage":2,"enemies":"Gremlin Leader","floor":30,"turns":3},{"damage":0,"enemies":"Cultist and Chosen","floor":31,"turns":3},{"damage":2,"enemies":"Chosen and Byrds","floor":32,"turns":4},{"damage":0,"enemies":"WA_ARCHETYPE_CALM","floor":33,"turns":4},{"damage":31,"enemies":"Orb Walker","floor":36,"turns":4},{"damage":1,"enemies":"3 Darklings","floor":37,"turns":2},{"damage":0,"enemies":"3 Darklings","floor":38,"turns":3},{"damage":26,"enemies":"Writhing Mass","floor":39,"turns":4},{"damage":17,"enemies":"Reptomancer","floor":40,"turns":3},{"damage":0,"enemies":"Sphere and 2 Shapes","floor":46,"turns":3},{"damage":0,"enemies":"4 Shapes","floor":49,"turns":2},{"damage":29,"enemies":"DF_ARCHETYPE_ORBS","floor":50,"turns":5}],"seed_played":"-5237788798748157052","potions_obtained":[{"floor":8,"key":"SkillPotion"},{"floor":9,"key":"sneckomod:MuddlingPotion"},{"floor":12,"key":"Strength Potion"},{"floor":15,"key":"Ancient Potion"},{"floor":23,"key":"sneckomod:MuddlingPotion"},{"floor":27,"key":"DistilledChaos"},{"floor":28,"key":"hexamod:SoulburnPotion"},{"floor":30,"key":"SkillPotion"},{"floor":40,"key":"Strength Potion"},{"floor":49,"key":"Regen Potion"}],"is_trial":false,"path_per_floor":["R","M","?","M","$","E","T","?","M","E","$","E","$","?","M","B",null,"R","M","?","M","T","M","T","?","M","E","M","$","E","M","M","B",null,"R","M","M","?","M","E","T","?","T","R","$","M","?","$","M","B",null],"character_chosen":"SLIMEBOUND","items_purchased":["Slimebound:AcidTongue","Slimebound:SelfDamagePreventRelic","Slimebound:MaxSlimesRelic","Slimebound:Gluttony","Slimebound:LeadByExample","Mummified Hand","Toxic Egg 2","Molten Egg 2","Slimebound:SpikyOuterGoop","Slimebound:LeadByExample","Slimebound:HauntingLick+1","Ice Cream","PreservedInsect","Matryoshka","Eternal Feather","InkBottle","Slimebound:SelfFormingGoo","Slimebound:AggressiveSlimeRelic","Frozen Egg 2","Oddly Smooth Stone","expansioncontent:QuickStudy","Slimebound:Gluttony+1","Slimebound:SplitMire+1","Slimebound:SplitAcid+1","Slimebound:SplitMire+1","Slimebound:HauntingLick+1","Slimebound:SplitBruiser+1","Slimebound:Repurpose+1","Slimebound:SplitAcid+1","TheAbacus","Slimebound:Gluttony+1","Slimebound:SelfFormingGoo+1","Slimebound:SplitAcid+1","Slimebound:LeechingTouch+1","Slimebound:LeechingTouch+1","Slimebound:RejuvenatingLick+1","Ginger","OrangePellets","Orichalcum","Anchor","Slimebound:SamplingLick+1","Nunchaku","Membership Card","Thread and Needle","Bottled Flame","Strawberry","Lee\u0027s Waffle","War Paint","Omamori","Mango"],"campfire_rested":2,"item_purchase_floors":[5,5,5,5,5,5,5,5,5,5,5,5,5,11,11,11,11,13,13,13,13,13,13,13,13,13,13,13,13,13,29,29,29,29,29,29,29,29,29,45,45,45,45,45,45,45,48,48,48,48],"current_hp_per_floor":[71,67,62,67,70,68,88,79,93,99,99,99,99,99,87,55,99,99,90,90,88,88,98,98,95,92,92,87,87,101,105,103,105,105,105,85,97,111,88,96,96,89,89,113,120,120,120,141,151,142],"gold":33,"neow_bonus":"TEN_PERCENT_HP_BONUS","is_daily":false,"chose_seed":false,"campfire_upgraded":1,"win_rate":0.0,"timestamp":1612118641,"path_taken":["R","M","?","M","$","E","T","?","M","E","$","E","?","?","M","BOSS","R","M","?","M","?","M","T","?","M","E","M","$","E","M","M","BOSS","R","M","M","?","M","E","T","?","?","R","$","?","?","$","M","BOSS"],"items_purchased_type":["Card","Relic","Relic","Card","Card","Relic","Relic","Relic","Card","Card","Card","Relic","Relic","Relic","Relic","Relic","Card","Relic","Relic","Relic","Card","Card","Card","Card","Card","Card","Card","Card","Card","Relic","Card","Card","Card","Card","Card","Card","Relic","Relic","Relic","Relic","Card","Relic","Relic","Relic","Relic","Relic","Relic","Relic","Relic","Relic"],"build_version":"2020-12-22","purchased_purges":3,"victory":true,"max_hp_per_floor":[71,71,71,71,71,71,91,91,95,99,99,99,99,99,99,99,99,99,99,99,99,99,103,103,103,103,103,103,103,103,105,105,105,105,105,107,109,111,111,113,113,113,113,113,120,120,120,141,151,151],"relic_stats":{"Lee\u0027s Waffle":7,"Singing Bowl":12,"Happy Flower":[15],"counters":[32,108],"Blue Candle":[10],"Eternal Feather":24,"PreservedInsect":395,"Pen Nib":[2],"Whetstone":["Slimebound:LeechingTouch","Slimebound:Equalize"],"Ginger":[6],"Orichalcum":[24],"War Paint":["Slimebound:Defend_Slimebound"],"Mercury Hourglass":[24],"Blood Vial":28,"OrangePellets":[3],"Nunchaku":[0],"TheAbacus":[0],"Mummified Hand":[185],"Shuriken":[2],"Bronze Scales":[158],"Tiny Chest":2,"obtain_stats":[{"Ice Cream":5,"Vajra":22,"Whetstone":6,"Ginger":29,"Old Coin":38,"Blood Vial":12,"DollysMirror":8,"Strawberry":45,"Fusion Hammer":17,"Toxic Egg 2":5,"Slimebound:AggressiveSlimeRelic":13,"Pear":7,"Happy Flower":27,"Blue Candle":3,"Oddly Smooth Stone":13,"Eternal Feather":11,"Pen Nib":30,"War Paint":48,"OrangePellets":29,"Bottled Flame":45,"Shuriken":24,"Bronze Scales":24,"Molten Egg 2":5,"Lantern":1,"Singing Bowl":25,"Mango":48,"Nunchaku":45,"Slimebound:MaxSlimesRelic":5,"Matryoshka":11,"TheAbacus":13,"Mummified Hand":5,"Tiny Chest":10,"InkBottle":11,"Potion Belt":40,"Lee\u0027s Waffle":48,"Slimebound:SelfDamagePreventRelic":5,"Thread and Needle":45,"The Courier":5,"PreservedInsect":5,"Omamori":48,"Frozen Egg 2":13,"Orichalcum":29,"Mercury Hourglass":43,"Anchor":45,"Slimebound:AbsorbEndCombat":0,"Bag of Marbles":41,"Membership Card":45,"Slimebound:AbsorbEndCombatUpgraded":34,"TungstenRod":25},{"Ice Cream":3,"Vajra":14,"Whetstone":4,"Ginger":20,"Old Coin":27,"Blood Vial":9,"DollysMirror":5,"Strawberry":29,"Fusion Hammer":12,"Toxic Egg 2":3,"Slimebound:AggressiveSlimeRelic":10,"Pear":4,"Happy Flower":18,"Blue Candle":1,"Oddly Smooth Stone":10,"Eternal Feather":8,"Pen Nib":21,"War Paint":30,"OrangePellets":20,"Bottled Flame":29,"Shuriken":15,"Bronze Scales":15,"Molten Egg 2":3,"Lantern":0,"Singing Bowl":16,"Mango":30,"Nunchaku":29,"Slimebound:MaxSlimesRelic":3,"Matryoshka":8,"TheAbacus":10,"Mummified Hand":3,"Tiny Chest":7,"InkBottle":8,"Potion Belt":29,"Lee\u0027s Waffle":30,"Slimebound:SelfDamagePreventRelic":3,"Thread and Needle":29,"The Courier":3,"PreservedInsect":3,"Omamori":30,"Frozen Egg 2":10,"Orichalcum":20,"Mercury Hourglass":29,"Anchor":29,"Slimebound:AbsorbEndCombat":0,"Bag of Marbles":29,"Membership Card":29,"Slimebound:AbsorbEndCombatUpgraded":24,"TungstenRod":16},{"Ice Cream":11,"Vajra":53,"Whetstone":16,"Ginger":70,"Old Coin":91,"Blood Vial":36,"DollysMirror":21,"Strawberry":98,"Fusion Hammer":47,"Toxic Egg 2":11,"Slimebound:AggressiveSlimeRelic":40,"Pear":16,"Happy Flower":65,"Blue Candle":3,"Oddly Smooth Stone":40,"Eternal Feather":32,"Pen Nib":72,"War Paint":101,"OrangePellets":70,"Bottled Flame":98,"Shuriken":55,"Bronze Scales":55,"Molten Egg 2":11,"Lantern":0,"Singing Bowl":59,"Mango":101,"Nunchaku":98,"Slimebound:MaxSlimesRelic":11,"Matryoshka":32,"TheAbacus":40,"Mummified Hand":11,"Tiny Chest":28,"InkBottle":32,"Potion Belt":98,"Lee\u0027s Waffle":101,"Slimebound:SelfDamagePreventRelic":11,"Thread and Needle":98,"The Courier":11,"PreservedInsect":11,"Omamori":101,"Frozen Egg 2":40,"Orichalcum":70,"Mercury Hourglass":98,"Anchor":98,"Slimebound:AbsorbEndCombat":0,"Bag of Marbles":98,"Membership Card":98,"Slimebound:AbsorbEndCombatUpgraded":82,"TungstenRod":59}],"InkBottle":[47],"TungstenRod":35},"card_choices":[{"not_picked":["Slimebound:FinishingTackle","Slimebound:PressTheAttack"],"picked":"Slimebound:LeechingTouch","floor":2},{"not_picked":["Slimebound:ComboTackle","Slimebound:SlimeBarrage","Slimebound:SplitAcid"],"picked":"SKIP","floor":4},{"not_picked":["Slimebound:PressTheAttack","Slimebound:SlimeSpikes"],"picked":"Slimebound:Equalize","floor":5},{"not_picked":["Slimebound:TongueLash+1","Slimebound:LeechingTouch+1"],"picked":"Slimebound:MassFeed+1","floor":6},{"not_picked":["Slimebound:PressTheAttack+1","Slimebound:ComboTackle+1"],"picked":"Slimebound:LivingWall+1","floor":8},{"not_picked":["Slimebound:SplitMire+1","Slimebound:GoopSpray+1"],"picked":"Slimebound:LeechingTouch+1","floor":9},{"not_picked":["Slimebound:ViciousTackle+1","Slimebound:ComboTackle+1"],"picked":"Slimebound:DouseInSlime+1","floor":10},{"not_picked":["Slimebound:RollThrough+1","Slimebound:ComboTackle+1"],"picked":"Slimebound:SpikyOuterGoop","floor":11},{"not_picked":["Slimebound:ComboTackle+1","Slimebound:LeechingTouch+1"],"picked":"Slimebound:GoopSpray+1","floor":12},{"not_picked":["Slimebound:GoopSpray+1","Slimebound:Grow"],"picked":"Slimebound:Repurpose+1","floor":13},{"not_picked":["Slimebound:ComboTackle+1","Slimebound:SplitBruiser+1"],"picked":"Slimebound:RejuvenatingLick+1","floor":15},{"not_picked":["Slimebound:MassFeed+1","Slimebound:RallyTheTroops+1"],"picked":"Slimebound:Overexert+1","floor":16},{"not_picked":["Slimebound:GoopSpray+1","Slimebound:LivingWall+1"],"picked":"Slimebound:LeadByExample+1","floor":19},{"not_picked":["Slimebound:HauntingLick+1","Slimebound:LeechingTouch+1"],"picked":"Slimebound:SplitLeeching+1","floor":21},{"not_picked":["Slimebound:ComboTackle+1","Slimebound:PressTheAttack+1"],"picked":"Slimebound:SplitAcid+1","floor":23},{"not_picked":["Slimebound:GoopSpray+1","Slimebound:FormOfPuddle+1"],"picked":"Slimebound:FirmFortitude+1","floor":25},{"not_picked":["Slimebound:LeechEnergy+1","Slimebound:PressTheAttack+1"],"picked":"Slimebound:HauntingLick+1","floor":26},{"not_picked":["Slimebound:MassFeed+1","Slimebound:GoopSpray+1"],"picked":"Slimebound:Repurpose+1","floor":27},{"not_picked":["Slimebound:GoopTackle+1","Slimebound:ComboTackle+1"],"picked":"Slimebound:RejuvenatingLick+1","floor":28},{"not_picked":["Slimebound:LeechingTouch+1","Slimebound:ComboTackle+1"],"picked":"Slimebound:SlimeTap+1","floor":29},{"not_picked":["Slimebound:GoopTackle+1","Slimebound:Gluttony+1"],"picked":"Slimebound:OozeBath+1","floor":30},{"not_picked":["Slimebound:PressTheAttack+1","Slimebound:LeechEnergy+1","Slimebound:ComboTackle+1"],"picked":"Singing Bowl","floor":31},{"not_picked":["Slimebound:GoopTackle+1","Slimebound:Prepare+1"],"picked":"Slimebound:AcidTongue+1","floor":32},{"not_picked":["Slimebound:LeechLife+1","Slimebound:OneTwoCombo+1"],"picked":"Slimebound:SelfFormingGoo+1","floor":33},{"not_picked":["Slimebound:ForwardTackle+1","Slimebound:Prepare+1","Slimebound:ComboTackle+1"],"picked":"Singing Bowl","floor":36},{"not_picked":["Slimebound:GoopSpray+1","Slimebound:SamplingLick+1","Slimebound:GrowthPunch+1"],"picked":"Singing Bowl","floor":37},{"not_picked":["Slimebound:SlimeBarrage+1","Slimebound:ViciousTackle+1","Slimebound:GrowthPunch+1"],"picked":"Singing Bowl","floor":38},{"not_picked":["Slimebound:SamplingLick+1","Slimebound:ComboTackle+1"],"picked":"Slimebound:Schlurp+1","floor":39},{"not_picked":["Slimebound:MegaLick+1","Slimebound:SlimeBarrage+1","Slimebound:ViciousTackle+1"],"picked":"Singing Bowl","floor":40},{"not_picked":["Slimebound:Gluttony+1","Slimebound:LeechEnergy+1"],"picked":"Slimebound:HauntingLick+1","floor":46},{"not_picked":["Slimebound:SlimeBarrage+1","Slimebound:PressTheAttack+1","Slimebound:FlameTackle+1"],"picked":"Singing Bowl","floor":49}],"player_experience":232343,"relics_obtained":[{"floor":6,"key":"Whetstone"},{"floor":7,"key":"Pear"},{"floor":10,"key":"Tiny Chest"},{"floor":12,"key":"Blood Vial"},{"floor":22,"key":"Vajra"},{"floor":24,"key":"Bronze Scales"},{"floor":24,"key":"Shuriken"},{"floor":25,"key":"TungstenRod"},{"floor":25,"key":"Singing Bowl"},{"floor":27,"key":"Happy Flower"},{"floor":30,"key":"Pen Nib"},{"floor":38,"key":"Old Coin"},{"floor":40,"key":"Potion Belt"},{"floor":41,"key":"Bag of Marbles"},{"floor":43,"key":"Mercury Hourglass"}],"event_choices":[{"cards_removed":["Slimebound:LeechingTouch"],"damage_healed":0,"gold_gain":0,"player_choice":"Removed Attack","damage_taken":0,"max_hp_gain":0,"max_hp_loss":0,"event_name":"Falling","floor":47,"gold_loss":0}],"is_beta":false,"boss_relics":[{"not_picked":["Runic Pyramid","Slimebound:TarBlob"],"picked":"Fusion Hammer"},{"not_picked":["Runic Dome","Snecko Eye"],"picked":"Slimebound:AbsorbEndCombatUpgraded"}],"items_purged_floors":[5,11,29],"is_endless":false,"potions_floor_spawned":[8,9,12,15,23,27,28,30,32,40,49],"ascension_level":0}}