{"host":"dd2mx3pm3ovi0t1n","time":1612066854,"event":{"mods":["2.2 Compatiblity","AchievementEnabler","AlwaysNeverKeys","Aspiration","BaseMod","Beaked The Cultist","Better Altar","Better Match","Better Note","Better Sensory Stone","Better Skull","Better Third Choice","BetterRewards","Colored Map","Colored Powertips","Conspire","Defuse TimeMaze Blight","Displayed Cursed Tome","Downfall","Energized Spire","Friendly Minions","GifTheSpireLib","Gold Saver","Halation","Hermit","Highlight Path","Hubris","Infinite Spire","Jedi Mod","Marked Mod","Minty Spire (QoL Compilation)","Permanent Neow","Poor People Problems","Quick Restart","Reliquary","Replay The Spire","Shop Mod","Spicy Shops","Spikes Relics","StSLib","Stuff the Spire","TestMod","The Construct","TheFirefly","Uncapped","Wandering Minibosses","????"],"gold_per_floor":[1279,1279,1279,1279,1279,1308,482,507,507,507,517,517,545,91,91,188,188,198,210,210,210,210,238,238,271,271,284,298,298,313,331,331,331,331],"floor_reached":33,"language":"ENG","playtime":1327,"items_purged":["Hallucinations"],"score":654,"play_id":"7697cfea-0af8-46ab-8fba-df16cafb65a6","local_time":"20210130202054","is_ascension_mode":true,"campfire_choices":[{"data":"construct:AttackMode","floor":10,"key":"SMITH"},{"data":"construct:AttackMode+1","floor":12,"key":"SMITH"},{"data":"construct:ForceCore+1","floor":15,"key":"SMITH"},{"data":"construct:Synchronize","floor":29,"key":"SMITH"},{"data":"construct:Synchronize+1","floor":32,"key":"SMITH"}],"circlet_count":0,"master_deck":["construct:Strike_Gold","construct:Strike_Gold","construct:Strike_Gold","construct:Strike_Gold","construct:Strike_Gold","construct:Defend_Gold+1","construct:Defend_Gold+1","construct:Defend_Gold","construct:Defend_Gold","construct:Defend_Gold+1","construct:AttackMode+2","construct:ForceCore","construct:FlameCore","construct:ForceCore","construct:ShiftStrike","construct:CriticalHit","construct:Boost","construct:ForceCore+2","construct:ForceCore+1","construct:Isolate+1","construct:Synchronize+2","construct:FlameCore+2","jedi:pocketpoison+1"],"relics":["construct:ClockworkPhoenix","testmod-TestBox","testmod-BlackFramedGlasses","Tiny Chest","LugNut","PreservedInsect","SuspiciousGoo","MerchantsRug","TheAbacus","BargainBundle","hubris:SphereOfDissonance","War Paint","conspire:InfiniteJournal","Toxic Egg 2","hubris:Spice","hubris:TenFootPole","Ring of Peace","Ring of Hypnosis","hubris:CrystalStatue","halation:KoshaPiece","hubris:Zylophone","testmod-Faith","Letter Opener","conspire:TreasureMap","aspiration:SilentSkillbook","jedi:firstaidkit","halation:Prosthetics","infinitespire:Bottled Soul","reliquary:Boomerang"],"acts_visited":["Exordium","TheCity"],"potions_floor_usage":[30],"damage_taken":[{"damage":11,"enemies":"Jaw Worm","floor":1,"turns":2},{"damage":0,"enemies":"Gremlin Nob","floor":6,"turns":3},{"damage":7,"enemies":"3 Sentries","floor":8,"turns":4},{"damage":0,"enemies":"Small Slimes","floor":11,"turns":2},{"damage":0,"enemies":"Lagavulin","floor":13,"turns":2},{"damage":0,"enemies":"Fading Forest","floor":16,"turns":7},{"damage":0,"enemies":"3 Byrds","floor":18,"turns":4},{"damage":6,"enemies":"conspire:FuzzyDice","floor":19,"turns":3},{"damage":0,"enemies":"conspire:SneckoGhost","floor":23,"turns":2},{"damage":0,"enemies":"Slavers","floor":25,"turns":3},{"damage":0,"enemies":"Snake Plant","floor":27,"turns":1},{"damage":0,"enemies":"conspire:HollyBat","floor":28,"turns":6},{"damage":0,"enemies":"Snecko","floor":30,"turns":1},{"damage":0,"enemies":"Centurion and Healer","floor":31,"turns":2},{"damage":4,"enemies":"hubris:MusketHawk","floor":33,"turns":2}],"seed_played":"6921287301711746665","potions_obtained":[{"floor":6,"key":"jedi:wingpotion"},{"floor":8,"key":"testmod-TestPotion"},{"floor":25,"key":"SpeedPotion"},{"floor":30,"key":"testmod-SpacePotion"},{"floor":31,"key":"BlessingOfTheForge"}],"is_trial":false,"path_per_floor":["M","?","?","?","T","E","R","E","T","R","M","R","E","$","R","B",null,"M","M","?","AVR","?","E","T","E","T","M","M","R","M","M","R","B"],"character_chosen":"THE_CONSTRUCT_MOD","items_purchased":["Tiny Chest","LugNut","PreservedInsect","construct:ForceCore","MerchantsRug","TheAbacus","construct:FlameCore","BargainBundle","hubris:SphereOfDissonance","War Paint","construct:ForceCore","Toxic Egg 2","construct:ShiftStrike","construct:CriticalHit","hubris:TenFootPole","construct:ForceCore+1","hubris:Zylophone","testmod-Faith","hubris:Spice","conspire:TreasureMap","hubris:Spice","hubris:Spice"],"campfire_rested":0,"item_purchase_floors":[0,0,0,0,0,0,0,0,0,0,0,0,0,0,0,7,7,7,7,14,14,14],"current_hp_per_floor":[83,83,83,83,83,86,94,91,91,91,93,93,85,69,69,69,69,69,61,61,26,26,18,10,10,10,5,5,5,8,1,1,0,0],"gold":331,"neow_bonus":"","is_daily":false,"chose_seed":false,"campfire_upgraded":5,"win_rate":0.0,"timestamp":1612066854,"path_taken":["M","?","?","?","?","E","R","E","T","R","?","R","E","$","R","BOSS","M","M","?","AVR","?","E","?","E","T","M","M","R","M","?","R","BOSS"],"items_purchased_type":["Relic","Relic","Relic","Card","Relic","Relic","Card","Relic","Relic","Relic","Card","Relic","Card","Card","Relic","Card","Relic","Relic","Relic","Relic","Relic","Relic"],"build_version":"2020-12-22","purchased_purges":1,"victory":false,"max_hp_per_floor":[93,93,93,93,93,93,101,93,93,93,93,93,85,69,69,69,69,69,61,61,26,26,18,10,10,10,5,5,5,8,1,1,1,1],"card_choices":[{"not_picked":["construct:SaveState+1","construct:Dampening+1"],"picked":"construct:Boost","floor":1},{"not_picked":["construct:Antimatter","construct:Zapper","construct:CripplingShot"],"picked":"SKIP","floor":6},{"not_picked":["construct:ReactiveShield","construct:ClusterMines"],"picked":"construct:Isolate+1","floor":8},{"not_picked":["construct:SyphonStrike","construct:ModeShift+1","construct:Failsafe"],"picked":"SKIP","floor":11},{"not_picked":["construct:Versatility","construct:MassProduction+1","construct:CripplingShot"],"picked":"SKIP","floor":13},{"not_picked":["construct:ClusterMines","Cloak And Dagger+1","construct:SweepLaser"],"picked":"construct:Synchronize","floor":18},{"not_picked":["construct:FierceBash","construct:Accumulate+1","construct:ShiftGuard+1"],"picked":"hubris:SpiceAddiction","floor":19},{"not_picked":["construct:Analyze+1","construct:Failsafe","Flying Knee+1","Poisoned Stab"],"picked":"SKIP","floor":23},{"not_picked":["Underhanded Strike","Bouncing Flask+1","construct:SpinDrive","Noxious Fumes"],"picked":"SKIP","floor":25},{"not_picked":["construct:Accumulate","Blur+1","PiercingWail+1"],"picked":"hubris:SpiceAddiction","floor":27},{"not_picked":["construct:Accumulate+1","construct:HeavyBolt+1","jedi:unstablefumes+1"],"picked":"jedi:pocketpoison+1","floor":28},{"not_picked":["Leg Sweep+1","construct:Anticipate+1","construct:BatteryAcid+1","jedi:rejectivetoxin+1"],"picked":"SKIP","floor":30},{"not_picked":["Acrobatics+1","construct:FocusedBeam","construct:QuickAttack"],"picked":"hubris:SpiceAddiction","floor":31}],"player_experience":469516,"relics_obtained":[{"floor":3,"key":"Ring of Peace"},{"floor":3,"key":"Ring of Hypnosis"},{"floor":5,"key":"hubris:CrystalStatue"},{"floor":6,"key":"halation:KoshaPiece"},{"floor":8,"key":"hubris:Spice"},{"floor":9,"key":"Letter Opener"},{"floor":13,"key":"hubris:Spice"},{"floor":23,"key":"hubris:Spice"},{"floor":24,"key":"hubris:Spice"},{"floor":25,"key":"infinitespire:Bottled Soul"},{"floor":26,"key":"reliquary:Boomerang"}],"event_choices":[{"cards_removed":["construct:DefenseMode"],"damage_healed":0,"gold_gain":0,"player_choice":"Forget","damage_taken":0,"max_hp_gain":0,"max_hp_loss":0,"event_name":"Living Wall","floor":2,"gold_loss":0},{"cards_removed":["construct:ForceCore"],"damage_healed":0,"gold_gain":0,"player_choice":"Take \u0026 Give","damage_taken":0,"max_hp_gain":0,"max_hp_loss":0,"event_name":"betterNote:BetterNote","floor":20,"gold_loss":0,"cards_obtained":["construct:FlameCore"]}],"is_beta":false,"boss_relics":[{"not_picked":["StuffTheSpire:RunicHypercube","ChewingGum"],"picked":"aspiration:SilentSkillbook"}],"items_purged_floors":[7],"is_endless":false,"potions_floor_spawned":[6,8,25,30,31],"killed_by":"hubris:MusketHawk","ascension_level":1}}