{"host":"xz7n3qy1zq36rzpg","time":1612095313,"event":{"mods":["BaseMod","Colored Map","Colored Powertips","Highlight Path","Minty Spire (QoL Compilation)","Quick Restart","Shop Mod"],"gold_per_floor":[116,116,136,136,152,183,183,60,60,60,88,88,103,121,121,224,224,234,246,171,171,171,202,202,231,282,294,311,311,322,75,75,171,171,188,538,538,311,322,322,336,368,414,414,431,446,167,178,178,178,178],"floor_reached":50,"language":"ENG","playtime":3786,"items_purged":["Strike_G","Normality","Writhe"],"score":675,"play_id":"2be717c3-0532-476a-a7f7-5f459704bc3e","local_time":"20210131131513","is_ascension_mode":true,"campfire_choices":[{"floor":7.0,"key":"REST"},{"floor":10.0,"key":"REST"},{"floor":15.0,"key":"REST"},{"data":"Neutralize","floor":24.0,"key":"SMITH"},{"data":"After Image","floor":29,"key":"SMITH"},{"data":"Cloak And Dagger","floor":32,"key":"SMITH"},{"data":"Noxious Fumes","floor":40,"key":"SMITH"},{"data":"All Out Attack","floor":44,"key":"SMITH"},{"data":"Backflip","floor":49,"key":"SMITH"}],"circlet_count":0,"master_deck":["Strike_G","Strike_G","Strike_G","Strike_G","Defend_G","Defend_G","Defend_G","Defend_G","Survivor","Neutralize+1","Blade Dance+1","Die Die Die","Poisoned Stab","Acrobatics","After Image+1","Slice+1","Underhanded Strike+1","All Out Attack+1","Corpse Explosion","Backflip+1","Cloak And Dagger+1","Footwork","Bullet Time","CurseOfTheBell","Quick Slash+1","Blade Dance+1","Noxious Fumes+1","Backflip+1","PiercingWail","Parasite"],"relics":["Cursed Key","InkBottle","Meat on the Bone","Ornamental Fan","Spirit Poop","WristBlade","MutagenicStrength","MealTicket","Pear","Anchor","Lantern","Calling Bell","Centennial Puzzle","Darkstone Periapt","Peace Pipe","Old Coin","Mummified Hand","Akabeko","Ancient Tea Set"],"acts_visited":["Exordium","TheCity","TheBeyond"],"potions_floor_usage":[33,36,48,49,50,50],"damage_taken":[{"damage":1.0,"enemies":"Small Slimes","floor":1.0,"turns":4.0},{"damage":7.0,"enemies":"Jaw Worm","floor":3.0,"turns":4.0},{"damage":0.0,"enemies":"Cultist","floor":5.0,"turns":3.0},{"damage":39.0,"enemies":"Lagavulin","floor":6.0,"turns":9.0},{"damage":26.0,"enemies":"3 Sentries","floor":11.0,"turns":7.0},{"damage":0.0,"enemies":"3 Louse","floor":13.0,"turns":4.0},{"damage":0.0,"enemies":"Looter","floor":14.0,"turns":2.0},{"damage":58.0,"enemies":"The Guardian","floor":16.0,"turns":13.0},{"damage":2.0,"enemies":"Shell Parasite","floor":18.0,"turns":5.0},{"damage":13.0,"enemies":"2 Thieves","floor":19.0,"turns":3.0},{"damage":8.0,"enemies":"Book of Stabbing","floor":23.0,"turns":4.0},{"damage":21.0,"enemies":"Gremlin Leader","floor":25.0,"turns":7.0},{"damage":15,"enemies":"Chosen and Byrds","floor":27,"turns":5},{"damage":1,"enemies":"Shelled Parasite and Fungi","floor":28,"turns":3},{"damage":7,"enemies":"Snecko","floor":30,"turns":4},{"damage":58,"enemies":"Automaton","floor":33,"turns":8},{"damage":9,"enemies":"3 Darklings","floor":35,"turns":3},{"damage":12,"enemies":"Mind Bloom Boss Battle","floor":36,"turns":6},{"damage":0,"enemies":"Orb Walker","floor":39,"turns":2},{"damage":0,"enemies":"Jaw Worm Horde","floor":41,"turns":2},{"damage":1,"enemies":"Reptomancer","floor":42,"turns":4},{"damage":16,"enemies":"Writhing Mass","floor":45,"turns":7},{"damage":3,"enemies":"Maw","floor":46,"turns":7},{"damage":14,"enemies":"3 Darklings","floor":48,"turns":3},{"damage":75,"enemies":"Donu and Deca","floor":50,"turns":8}],"seed_played":"-8061706062906376382","potions_obtained":[{"floor":6.0,"key":"BlessingOfTheForge"},{"floor":11.0,"key":"Fire Potion"},{"floor":18.0,"key":"BlessingOfTheForge"},{"floor":23.0,"key":"Regen Potion"},{"floor":27,"key":"Strength Potion"},{"floor":35,"key":"SkillPotion"},{"floor":42,"key":"Fire Potion"},{"floor":48,"key":"Fruit Juice"}],"is_trial":false,"path_per_floor":["M","?","M","?","M","E","R","$","T","R","E","?","M","M","R","B",null,"M","M","?","?","?","E","R","E","T","M","M","R","M","$","R","B",null,"M","?","?","$","M","R","M","E","T","R","M","M","$","M","R","B"],"character_chosen":"THE_SILENT","items_purchased":["SkillPotion","Lantern","Cloak And Dagger","Footwork","Noxious Fumes","FearPotion","Ancient Tea Set"],"campfire_rested":3,"item_purchase_floors":[8,31,31,31,38,38,47],"current_hp_per_floor":[69,69,62,62,62,23,44,44,44,65,39,39,39,39,60,14,70,68,55,55,55,55,47,47,51,51,48,47,47,52,67,67,21,80,71,59,59,74,74,74,74,73,79,79,69,66,81,67,72,0,0],"gold":178,"neow_bonus":"BOSS_RELIC","is_daily":false,"chose_seed":false,"campfire_upgraded":6,"win_rate":0.0,"timestamp":1612095313,"path_taken":["M","?","M","?","M","E","R","$","T","R","E","?","M","M","R","BOSS","M","?","?","?","?","E","R","E","T","M","M","R","M","$","R","BOSS","M","?","?","?","?","R","M","E","T","R","M","M","$","M","R","BOSS"],"items_purchased_type":["Potion","Relic","Card","Card","Card","Potion","Relic"],"build_version":"2020-12-22","purchased_purges":3,"victory":false,"max_hp_per_floor":[70,70,70,70,70,70,70,70,70,70,70,70,70,70,70,70,70,70,70,70,70,70,70,70,80,80,80,80,80,80,80,80,80,80,80,80,80,80,80,80,80,80,86,86,92,92,92,92,97,97,97],"card_choices":[{"not_picked":["Flying Knee","Slice"],"picked":"Blade Dance","floor":1.0},{"not_picked":["Dodge and Roll","Acrobatics","Backflip"],"picked":"SKIP","floor":3.0},{"not_picked":["Footwork","Blade Dance"],"picked":"Die Die Die","floor":5.0},{"not_picked":["Bouncing Flask","Setup"],"picked":"Poisoned Stab","floor":6.0},{"not_picked":["Prepared","Flechettes"],"picked":"Acrobatics","floor":11.0},{"not_picked":["Outmaneuver","Flying Knee","Sucker Punch"],"picked":"SKIP","floor":13.0},{"not_picked":["Dagger Throw","Sucker Punch","Malaise"],"picked":"SKIP","floor":14.0},{"not_picked":["A Thousand Cuts","Unload"],"picked":"After Image","floor":16.0},{"not_picked":["Concentrate","Bane+1"],"picked":"Slice+1","floor":18.0},{"not_picked":["PiercingWail","Poisoned Stab"],"picked":"Underhanded Strike+1","floor":19.0},{"not_picked":["Quick Slash","Grand Finale"],"picked":"All Out Attack","floor":23.0},{"not_picked":["Distraction","Deflect+1"],"picked":"Corpse Explosion","floor":25.0},{"not_picked":["Outmaneuver","Heel Hook","Dagger Spray"],"picked":"SKIP","floor":27},{"not_picked":["Caltrops+1","Deflect"],"picked":"Backflip","floor":28},{"not_picked":["Riddle With Holes","Bane","Eviscerate"],"picked":"SKIP","floor":30},{"not_picked":["Die Die Die","Phantasmal Killer"],"picked":"Bullet Time","floor":33},{"not_picked":["Underhanded Strike","Crippling Poison"],"picked":"Quick Slash+1","floor":35},{"not_picked":["Flying Knee","Bane"],"picked":"Blade Dance+1","floor":36},{"not_picked":["Underhanded Strike+1","Outmaneuver+1"],"picked":"Backflip+1","floor":39},{"not_picked":["Endless Agony","Reflex","PiercingWail"],"picked":"SKIP","floor":41},{"not_picked":["Crippling Poison","Riddle With Holes"],"picked":"PiercingWail","floor":42},{"not_picked":["Prepared+1","Cloak And Dagger","Dagger Throw"],"picked":"SKIP","floor":45},{"not_picked":["Deflect","Acrobatics+1","Deadly Poison"],"picked":"SKIP","floor":46},{"not_picked":["Choke","Deadly Poison","PiercingWail"],"picked":"SKIP","floor":48}],"player_experience":402258,"relics_obtained":[{"floor":6.0,"key":"InkBottle"},{"floor":9.0,"key":"Meat on the Bone"},{"floor":11.0,"key":"Ornamental Fan"},{"floor":23.0,"key":"MealTicket"},{"floor":25.0,"key":"Pear"},{"floor":26.0,"key":"Anchor"},{"floor":34,"key":"Centennial Puzzle"},{"floor":34,"key":"Darkstone Periapt"},{"floor":34,"key":"Peace Pipe"},{"floor":36,"key":"Old Coin"},{"floor":42,"key":"Mummified Hand"},{"floor":43,"key":"Akabeko"}],"event_choices":[{"damage_healed":0.0,"max_hp_gain":0.0,"max_hp_loss":0.0,"gold_gain":0.0,"event_name":"Liars Game","player_choice":"Ignored","floor":2.0,"gold_loss":0.0,"damage_taken":0.0},{"damage_healed":0.0,"max_hp_gain":0.0,"max_hp_loss":0.0,"gold_gain":0.0,"event_name":"Living Wall","player_choice":"Grow","floor":4.0,"gold_loss":0.0,"damage_taken":0.0,"cards_upgraded":["Blade Dance"]},{"cards_removed":["Shame"],"damage_healed":0.0,"max_hp_gain":0.0,"max_hp_loss":0.0,"gold_gain":0.0,"event_name":"Bonfire Elementals","player_choice":"Offered Curse","floor":12.0,"gold_loss":0.0,"damage_taken":0.0,"relics_obtained":["Spirit Poop"]},{"cards_removed":["Defend_G"],"damage_healed":0.0,"max_hp_gain":0.0,"max_hp_loss":0.0,"gold_gain":0.0,"event_name":"Beggar","player_choice":"Gave Gold","floor":20.0,"gold_loss":75.0,"damage_taken":0.0},{"damage_healed":0.0,"max_hp_gain":0.0,"max_hp_loss":0.0,"gold_gain":0.0,"event_name":"Ghosts","player_choice":"Ignored","floor":21.0,"gold_loss":0.0,"damage_taken":0.0},{"damage_healed":0.0,"max_hp_gain":0.0,"max_hp_loss":0.0,"gold_gain":0.0,"event_name":"Drug Dealer","player_choice":"Inject Mutagens","floor":22.0,"gold_loss":0.0,"damage_taken":0.0,"relics_obtained":["MutagenicStrength"]},{"damage_healed":0,"gold_gain":0,"player_choice":"Fight","damage_taken":0,"max_hp_gain":0,"max_hp_loss":0,"event_name":"MindBloom","floor":36,"gold_loss":0},{"damage_healed":0,"gold_gain":0,"player_choice":"Memory 1","damage_taken":0,"max_hp_gain":0,"max_hp_loss":0,"event_name":"SensoryStone","floor":37,"gold_loss":0}],"is_beta":false,"boss_relics":[{"not_picked":["Philosopher\u0027s Stone","Busted Crown"],"picked":"WristBlade"},{"not_picked":["SacredBark","Black Star"],"picked":"Calling Bell"}],"items_purged_floors":[8,38,47],"is_endless":false,"potions_floor_spawned":[6,11,13,18,23,27,35,42,45,48],"killed_by":"Donu and Deca","ascension_level":4}}