{"host":"h3ybbam5olp21xet","time":1612112505,"event":{"mods":["BaseMod","BetterRewards","Downfall","Hermit","Hubris","Infinite Spire","Minty Spire (QoL Compilation)","Replay The Spire","StSLib","The Bug Knight","The Cursed"],"gold_per_floor":[115,128,154,108,168,188,10,28,109,145,145,154,175,197,206,311,311,332,332,355,364,383,418,427,454,454,454,479,342,371,392,401,510,510,531,556,584,477,498,537,603,603,603,632,641,677,686,695,704,813,813,825,565,585,600,621,621,646,646,646,683,683,683,689,689,689,689,689,789,789,806,815,740,967,967,967,982,1136,1136,1177,1231,1245,1285,1304,1304,1379,1379,1383,1401,1413,1421,1441,1465,1426,1429,1429,1432,1432,1441,1467,1488,1488,1589,1648,1648],"floor_reached":104,"language":"ENG","playtime":5220,"items_purged":[],"score":2609,"play_id":"7a927f30-2362-47c8-9c0a-402b8d8bb045","local_time":"20210131110145","is_ascension_mode":false,"campfire_choices":[{"floor":12,"key":"REST"},{"floor":15,"key":"REST"},{"floor":24,"key":"REST"},{"data":"ReplayTheSpireMod:Haul","floor":27,"key":"SMITH"},{"floor":45,"key":"REST"},{"floor":47,"key":"REST"},{"floor":49,"key":"REST"},{"data":"TheCursedMod:VoidForm","floor":57,"key":"SMITH"},{"data":"TheCursedMod:SurpriseAttack","floor":63,"key":"SMITH"},{"data":"TheCursedMod:CursedRelics","floor":68,"key":"SMITH"},{"data":"TheCursedMod:HellsGateOpen","floor":76,"key":"SMITH"},{"data":"hubris:InfiniteBlow+2","floor":85,"key":"SMITH"},{"floor":98,"key":"DIG"}],"circlet_count":0,"master_deck":["TheCursedMod:Strike_TheCursed","TheCursedMod:Strike_TheCursed","TheCursedMod:Strike_TheCursed","TheCursedMod:Strike_TheCursed","TheCursedMod:Defend_TheCursed","TheCursedMod:Defend_TheCursed","TheCursedMod:Defend_TheCursed+1","TheCursedMod:CursedWand","TheCursedMod:CleanUpWorkshop","TheCursedMod:Dregs","Replay:Dark Deal+1","TheCursedMod:Mangle","TheCursedMod:Stigma","TheCursedMod:SpitefulStrike","TheCursedMod:VitalStrike","TheCursedMod:CursedBoomerang","TheCursedMod:SurpriseAttack+1","TheCursedMod:Wield","TheCursedMod:CircleOfFlame","TheCursedMod:SurpriseAttack","TheCursedMod:ForbiddenAlchemy","TheCursedMod:RavingStaff","TheCursedMod:CircleOfBlood","TheCursedMod:CircleOfCorruption","TheCursedMod:CircleOfFlame","TheCursedMod:StunningStrike","TheCursedMod:AbyssShockwave","TheCursedMod:SurpriseAttack","ReplayTheSpireMod:Haul+1","TheCursedMod:CursedSpellbook","TheCursedMod:VoidForm+1","TheCursedMod:CircleOfWindfury+1","TheCursedMod:CursedMace+1","TheCursedMod:CircleOfFlame+1","TheCursedMod:AbyssShockwave","TheCursedMod:EmpowerCircles","TheCursedMod:CursedMace","TheCursedMod:RavingStaff","TheCursedMod:CursedStaff","TheCursedMod:CursedRelics+1","TheCursedMod:CursedShiv+1","TheCursedMod:Mangle+1","TheCursedMod:SurpriseAttack+1","Survey Options","TheCursedMod:AshesToAshes+1","TheCursedMod:CircleOfFlame","ReplayTheSpireMod:Splinters","TheCursedMod:CircleOfFocus","TheCursedMod:CircleOfBlood","TheCursedMod:SurpriseAttack+1","TheCursedMod:TacticalStrike+1","TheCursedMod:ManaBullet+1","PanicButton","TheCursedMod:CursedSpellbook+1","TheCursedMod:CircleOfAbyss","TheCursedMod:RavingStaff","TheCursedMod:Wield+1","TheCursedMod:SpitefulPray","TheCursedMod:CursedBlade","TheCursedMod:Wield","TheCursedMod:SurpriseAttack+1","TheCursedMod:RavingStaff","TheCursedMod:DemonSword","TheCursedMod:SurpriseAttack","TheCursedMod:HellfireBreathing","TheCursedMod:HellsGateOpen+1","TheCursedMod:CursedBoomerang","TheCursedMod:CircleOfCorruption+1","TheCursedMod:ForbiddenAlchemy","TheCursedMod:CircleOfFlame+1","CurseOfTheBell","CurseOfTheBell","Spreading Infection","TheCursedMod:ManaCirculation+1","hubris:Lust","Looming Evil","TheCursedMod:CursedRelics+1","infinitespire:SealOfDarkness+","hubris:Wrath","hexamod:Float","TheCursedMod:NeowsMight+1","ReplayTheSpireMod:Private Reserves","hubris:InfiniteBlow+3","TheCursedMod:ReleasedKnowledge+1","TheCursedMod:CircleOfFlame+1","TheCursedMod:Grudge+1","TheCursedMod:CursedRelics+1","hubris:Rewind","TheCursedMod:CursedShiv+1","TheCursedMod:UltimatePain+1","TheCursedMod:CircleOfCorruption+1","TheCursedMod:ManaBullet+1","TheCursedMod:CursedBlade","TheCursedMod:CursedRelics+1","TheCursedMod:CircleOfBlood+1","TheCursedMod:VoidForm+1","TheCursedMod:Wield+1"],"relics":["TheCursedMod:BlackMagic101","Membership Card","Dream Catcher","Simple Rune","Bronze Scales","Akabeko","Chemical X","Mirror","CeramicFish","Black Star","MutagenicStrength","Replay:Multitool","Mummified Hand","ReplayFunnel","infinitespire:PuzzleCube","Toolbox","Philosopher\u0027s Stone","PreservedInsect","infinitespire:CheckeredPen","Blue Doll","Strawberry","HornCleat","Anchor","Orichalcum","TheCursedMod:FourLeafCloverCharm","Replay:Bottled Snecko","Bag of Marbles","infinitespire:Beetle Shell","infinitespire:Joker Card","Vajra","Bag of Preparation","infinitespire:Broken Mirror","Ring of Panic","Ring of Misfortune","hubris:MysteriousPyramids","hubris:Stopwatch","Gremlin Food","hubris:NiceRug","Pocketwatch","Medical Kit","hubris:BottledHeart","downfall:ExtraCursedBell","Happy Flower","Golden Egg","Pondfish Scales","Blue Candle","White Beast Statue","Smiling Mask","Sling","ReplayTheSpireMod:SealedPack","hubris:HollowSoul","Pear","Art of War","Quantum Egg","Replay:Towering Pillar of Hats","hubris:TenFootPole","ReplayTheSpireMod:Shallot","Tiny House"],"acts_visited":["Exordium","TheCity","TheBeyond","Exordium","TheCity","TheBeyond","Exordium"],"potions_floor_usage":[16,16,16,16,16,16,16,23,23,44,44,44,44,44,50,50,50,74,74,74,74,74,74],"damage_taken":[{"damage":0,"enemies":"Cultist","floor":1,"turns":3},{"damage":0,"enemies":"2 Louse","floor":2,"turns":3},{"damage":8,"enemies":"Jaw Worm","floor":6,"turns":2},{"damage":7,"enemies":"Large Slime","floor":8,"turns":3},{"damage":12,"enemies":"HollowMod:MossKnight","floor":10,"turns":5},{"damage":12,"enemies":"Exordium Thugs","floor":13,"turns":3},{"damage":0,"enemies":"2 Fungi Beasts","floor":14,"turns":2},{"damage":11,"enemies":"Fading Forest","floor":16,"turns":11},{"damage":25,"enemies":"2 Thieves","floor":18,"turns":3},{"damage":0,"enemies":"Spheric Guardian","floor":20,"turns":1},{"damage":5,"enemies":"Cultist and Chosen","floor":22,"turns":3},{"damage":25,"enemies":"Gremlin Leader","floor":23,"turns":4},{"damage":0,"enemies":"3 Cultists","floor":25,"turns":2},{"damage":0,"enemies":"Centurion and Healer","floor":28,"turns":2},{"damage":15,"enemies":"Snake Plant","floor":30,"turns":2},{"damage":0,"enemies":"Snecko","floor":31,"turns":2},{"damage":27,"enemies":"Automaton","floor":33,"turns":4},{"damage":0,"enemies":"3 Darklings","floor":35,"turns":2},{"damage":10,"enemies":"3 Shapes","floor":36,"turns":2},{"damage":0,"enemies":"Sphere and 2 Shapes","floor":37,"turns":2},{"damage":0,"enemies":"Spire Growth","floor":39,"turns":2},{"damage":54,"enemies":"Nightmare","floor":40,"turns":4},{"damage":21,"enemies":"4 Shapes","floor":44,"turns":3},{"damage":21,"enemies":"Giant Head","floor":46,"turns":5},{"damage":57,"enemies":"Donu and Deca","floor":50,"turns":7},{"damage":0,"enemies":"Cultist","floor":52,"turns":1},{"damage":0,"enemies":"Small Slimes","floor":54,"turns":1},{"damage":0,"enemies":"Jaw Worm","floor":55,"turns":1},{"damage":0,"enemies":"2 Fungi Beasts","floor":56,"turns":1},{"damage":0,"enemies":"Nightmare","floor":58,"turns":3},{"damage":0,"enemies":"Gremlin Nob","floor":61,"turns":1},{"damage":0,"enemies":"Exordium Thugs","floor":64,"turns":1},{"damage":0,"enemies":"The Guardian","floor":69,"turns":2},{"damage":0,"enemies":"Chosen","floor":71,"turns":1},{"damage":74,"enemies":"hubris:Merchant","floor":74,"turns":4},{"damage":0,"enemies":"3 Byrds","floor":77,"turns":2},{"damage":0,"enemies":"Book of Stabbing","floor":80,"turns":1},{"damage":0,"enemies":"Cultist and Chosen","floor":82,"turns":1},{"damage":0,"enemies":"Centurion and Healer","floor":83,"turns":1},{"damage":0,"enemies":"3 Cultists","floor":84,"turns":2},{"damage":0,"enemies":"Champ","floor":86,"turns":5},{"damage":0,"enemies":"3 Shapes","floor":88,"turns":1},{"damage":0,"enemies":"Orb Walker","floor":89,"turns":1},{"damage":0,"enemies":"Maw","floor":90,"turns":1},{"damage":0,"enemies":"Sphere and 2 Shapes","floor":91,"turns":1},{"damage":0,"enemies":"Writhing Mass","floor":92,"turns":1},{"damage":0,"enemies":"Giant Head","floor":93,"turns":1},{"damage":0,"enemies":"Transient","floor":94,"turns":5},{"damage":0,"enemies":"4 Shapes","floor":95,"turns":3},{"damage":0,"enemies":"3 Darklings","floor":97,"turns":2},{"damage":0,"enemies":"Nightmare","floor":100,"turns":1},{"damage":0,"enemies":"Sphere and 2 Shapes","floor":101,"turns":1},{"damage":0,"enemies":"Time Eater","floor":103,"turns":2}],"seed_played":"-8542484866514261152","potions_obtained":[{"floor":2,"key":"Weak Potion"},{"floor":8,"key":"SmokeBomb"},{"floor":20,"key":"Swift Potion"},{"floor":23,"key":"Venom Potion"},{"floor":25,"key":"LiquidBronze"},{"floor":30,"key":"SpeedPotion"},{"floor":41,"key":"Milkshake"},{"floor":41,"key":"Adrenaline Potion"},{"floor":44,"key":"champ:CounterPotion"},{"floor":50,"key":"infinitespire:BlackPotion"},{"floor":52,"key":"LiquidBronze"},{"floor":54,"key":"FearPotion"},{"floor":74,"key":"Energy Potion"},{"floor":74,"key":"Elixir"},{"floor":74,"key":"Guardian:BlockOnCardUsePotion"},{"floor":82,"key":"LiquidMemories"},{"floor":83,"key":"Fire Potion"},{"floor":84,"key":"Adrenaline Potion"},{"floor":88,"key":"Swift Potion"}],"is_trial":false,"path_per_floor":["M","M","T","$","?","M","$","M","T","E","?","R","M","M","R","B",null,"M","?","M","AVR","M","E","R","M","T","R","M","$","M","M","R","B",null,"M","M","M","$","M","NM","?","?","T","M","R","E","R","?","R","B",null,"M","$","M","M","M","R","NM","PTL","PTL","E","T","R","M","?","?","$","R","B",null,"M","?","?","$","?","R","M","R","T","E","AVR","M","M","M","R","B",null,"M","M","M","M","M","E","M","M","T","M","R","?","NM","M","R","B",null],"character_chosen":"THE_CURSED","items_purchased":["Replay:Dark Deal","Membership Card","TheCursedMod:Mangle","TheCursedMod:Stigma","Dream Catcher","TheCursedMod:CursedBoomerang","TheCursedMod:SurpriseAttack","Akabeko","Chemical X","TheCursedMod:CircleOfFlame","Toolbox","TheCursedMod:AbyssShockwave","TheCursedMod:EmpowerCircles","PreservedInsect","Survey Options","Replay:Bottled Snecko","TheCursedMod:Wield+1","TheCursedMod:SpitefulPray","Bag of Marbles","SneckoOil","hubris:MysteriousPyramids","TheCursedMod:HellsGateOpen","Gremlin Food"],"campfire_rested":6,"item_purchase_floors":[0,0,0,0,0,4,4,7,7,7,29,29,29,38,38,53,53,53,53,53,67,74,74],"current_hp_per_floor":[75,75,75,75,75,67,67,60,60,48,48,70,58,64,75,72,75,54,54,54,54,53,38,60,60,60,60,64,64,51,51,73,46,75,75,71,71,71,71,19,26,26,26,7,31,20,44,44,68,25,82,82,82,82,82,82,82,82,82,82,82,82,82,82,82,82,66,66,66,82,82,82,82,8,1,1,1,1,1,1,1,1,1,1,1,1,1,1,1,1,1,1,1,1,1,1,1,1,1,1,1,1,1,1,1],"gold":1648,"neow_bonus":"","is_daily":false,"chose_seed":false,"campfire_upgraded":6,"win_rate":0.0,"timestamp":1612112505,"path_taken":["M","M","?","$","?","M","$","?","T","E","?","R","M","M","R","BOSS","M","?","M","AVR","M","E","R","M","T","R","M","$","M","M","R","BOSS","M","M","M","$","M","NM","?","?","T","M","R","E","R","?","R","BOSS","M","$","M","M","M","R","NM","PTL","PTL","E","T","R","M","?","?","?","R","BOSS","M","?","?","$","?","R","M","R","T","E","AVR","?","M","M","R","BOSS","M","M","?","M","M","E","M","M","T","M","R","?","NM","?","R","BOSS"],"items_purchased_type":["Card","Relic","Card","Card","Relic","Card","Card","Relic","Relic","Card","Relic","Card","Card","Relic","Card","Relic","Card","Card","Relic","Potion","Relic","Card","Relic"],"build_version":"2020-12-22","purchased_purges":0,"victory":false,"max_hp_per_floor":[75,75,75,75,75,75,75,75,75,75,75,75,75,75,75,75,75,75,75,75,75,75,75,75,75,75,75,75,75,75,75,75,75,75,75,75,75,75,75,75,82,82,82,82,82,82,82,82,82,82,82,82,82,82,82,82,82,82,82,82,82,82,82,82,82,82,82,82,82,82,82,82,82,82,1,1,1,1,1,1,1,1,1,1,1,1,1,1,1,1,1,1,1,1,1,1,1,1,1,1,1,1,1,1,1],"card_choices":[{"not_picked":["TheCursedMod:TroublousMinions","TheCursedMod:RavingStaff"],"picked":"TheCursedMod:SpitefulStrike","floor":1},{"not_picked":["TheCursedMod:Stigma","TheCursedMod:SurpriseAttack"],"picked":"TheCursedMod:VitalStrike","floor":2},{"not_picked":["TheCursedMod:RapidMovement","TheCursedMod:SmokeScreen"],"picked":"TheCursedMod:Wield","floor":6},{"not_picked":["TheCursedMod:RavingStaff","TheCursedMod:CircleOfFlame"],"picked":"TheCursedMod:SurpriseAttack","floor":8},{"not_picked":["TheCursedMod:StingEye","TheCursedMod:CursedBlade"],"picked":"TheCursedMod:ForbiddenAlchemy","floor":10},{"not_picked":["TheCursedMod:FleshFromBone","TheCursedMod:Obscuration"],"picked":"TheCursedMod:RavingStaff","floor":12},{"not_picked":["TheCursedMod:AshesToAshes","TheCursedMod:LuckyCharm"],"picked":"TheCursedMod:CircleOfBlood","floor":13},{"not_picked":["TheCursedMod:Stretching","TheCursedMod:CursedShiv"],"picked":"TheCursedMod:CircleOfCorruption","floor":14},{"not_picked":["TheCursedMod:CursedAmulet","TheCursedMod:Stretching"],"picked":"TheCursedMod:CircleOfFlame","floor":15},{"not_picked":["TheCursedMod:ManaCirculation","TheCursedMod:DarkBarrier"],"picked":"TheCursedMod:StunningStrike","floor":16},{"not_picked":["TheCursedMod:FleshFromBone","TheCursedMod:BlessingInDisguise"],"picked":"TheCursedMod:AbyssShockwave","floor":18},{"not_picked":["TheCursedMod:CursedBlade","TheCursedMod:FleshFromBone"],"picked":"TheCursedMod:SurpriseAttack","floor":20},{"not_picked":["TheCursedMod:Torture+1","TheCursedMod:CursedBlade"],"picked":"TheCursedMod:CursedSpellbook","floor":22},{"not_picked":["TheCursedMod:RavingStaff","TheCursedMod:FuryStrike"],"picked":"TheCursedMod:VoidForm","floor":23},{"not_picked":["TheCursedMod:ReleasedStrength","TheCursedMod:ManaBullet"],"picked":"TheCursedMod:CircleOfWindfury+1","floor":24},{"not_picked":["TheCursedMod:SpitefulStrike","TheCursedMod:PrepareRite"],"picked":"TheCursedMod:CursedMace+1","floor":25},{"not_picked":["TheCursedMod:Stretching","TheCursedMod:Obscuration"],"picked":"TheCursedMod:CircleOfFlame+1","floor":28},{"not_picked":["TheCursedMod:Obscuration+1","TheCursedMod:CursedAmulet"],"picked":"TheCursedMod:CursedMace","floor":30},{"not_picked":["TheCursedMod:UltimatePain","TheCursedMod:Stretching"],"picked":"TheCursedMod:RavingStaff","floor":31},{"not_picked":["TheCursedMod:TroublousMinions","TheCursedMod:RapidMovement+1"],"picked":"TheCursedMod:CursedStaff","floor":32},{"not_picked":["TheCursedMod:StunningStrike","TheCursedMod:VoidForm"],"picked":"TheCursedMod:CursedRelics","floor":33},{"not_picked":["TheCursedMod:CursedBlade+1","TheCursedMod:TroublousMinions"],"picked":"TheCursedMod:CursedShiv+1","floor":35},{"not_picked":["TheCursedMod:CursedAmulet","TheCursedMod:Stigma+1"],"picked":"TheCursedMod:Mangle+1","floor":36},{"not_picked":["TheCursedMod:CursedArmor+1","TheCursedMod:RavingStaff+1"],"picked":"TheCursedMod:SurpriseAttack+1","floor":37},{"not_picked":["TheCursedMod:SaltUponWound","TheCursedMod:FleshFromBone"],"picked":"TheCursedMod:AshesToAshes+1","floor":39},{"not_picked":["TheCursedMod:Stretching+1","TheCursedMod:EmpowerCircles+1"],"picked":"TheCursedMod:CircleOfFlame","floor":40},{"not_picked":["TheCursedMod:Wield+1","TheCursedMod:CursedShiv+1"],"picked":"TheCursedMod:CircleOfFocus","floor":41},{"not_picked":["TheCursedMod:AbyssShockwave","TheCursedMod:RavingStaff+1"],"picked":"TheCursedMod:CircleOfBlood","floor":44},{"not_picked":["TheCursedMod:AbyssShockwave","TheCursedMod:VitalStrike"],"picked":"TheCursedMod:SurpriseAttack+1","floor":45},{"not_picked":["TheCursedMod:Neurasthenia","TheCursedMod:RavingStaff"],"picked":"TheCursedMod:TacticalStrike+1","floor":46},{"not_picked":["TheCursedMod:StingEye","TheCursedMod:SoulCrush"],"picked":"TheCursedMod:ManaBullet+1","floor":47},{"not_picked":["Chrysalis","Mayhem"],"picked":"PanicButton","floor":48},{"not_picked":["TheCursedMod:CursedShiv+1","TheCursedMod:CursedMace"],"picked":"TheCursedMod:CursedSpellbook+1","floor":49},{"not_picked":["TheCursedMod:AntiAging","TheCursedMod:DemonSword"],"picked":"TheCursedMod:CircleOfAbyss","floor":50},{"not_picked":["TheCursedMod:FuryStrike","TheCursedMod:WearCloak"],"picked":"TheCursedMod:RavingStaff","floor":52},{"not_picked":["TheCursedMod:TroublousMinions","TheCursedMod:Stretching"],"picked":"TheCursedMod:CursedBlade","floor":54},{"not_picked":["TheCursedMod:BloodBarrier","TheCursedMod:SmokeScreen","TheCursedMod:CursedMace"],"picked":"SKIP","floor":55},{"not_picked":["TheCursedMod:WearCloak","TheCursedMod:CircleOfAmplification"],"picked":"TheCursedMod:Wield","floor":56},{"not_picked":["TheCursedMod:Torture","TheCursedMod:LuckyCharm"],"picked":"TheCursedMod:SurpriseAttack","floor":58},{"not_picked":["TheCursedMod:AshesToAshes","TheCursedMod:CircleOfBlood"],"picked":"TheCursedMod:RavingStaff","floor":61},{"not_picked":["TheCursedMod:CursedAmulet","TheCursedMod:CircleOfCorruption","TheCursedMod:VitalStrike"],"picked":"SKIP","floor":64},{"not_picked":["TheCursedMod:ParallelWorld","TheCursedMod:ManaCirculation"],"picked":"TheCursedMod:DemonSword","floor":69},{"not_picked":["TheCursedMod:CursedAmulet","TheCursedMod:ReleasedKnowledge"],"picked":"TheCursedMod:SurpriseAttack","floor":71},{"not_picked":[],"picked":"TheCursedMod:CursedBoomerang","floor":74},{"not_picked":[],"picked":"TheCursedMod:CircleOfCorruption+1","floor":74},{"not_picked":[],"picked":"TheCursedMod:ForbiddenAlchemy","floor":74},{"not_picked":["TheCursedMod:SoulReap"],"picked":"SKIP","floor":74},{"not_picked":["Impatience"],"picked":"SKIP","floor":74},{"not_picked":["The Bomb"],"picked":"SKIP","floor":74},{"not_picked":["TheCursedMod:WearCloak+1","TheCursedMod:CursedSpellbook"],"picked":"TheCursedMod:CircleOfFlame+1","floor":77},{"not_picked":["TheCursedMod:Torture","TheCursedMod:Wield"],"picked":"TheCursedMod:CursedRelics","floor":80},{"not_picked":["bronze:Goto","hermit:Snapshot"],"picked":"hexamod:Float","floor":81},{"not_picked":["TheCursedMod:ForbiddenAlchemy","TheCursedMod:ParallelWorld"],"picked":"TheCursedMod:NeowsMight","floor":81},{"not_picked":["PanicButton","Specialist"],"picked":"ReplayTheSpireMod:Private Reserves","floor":81},{"not_picked":["infinitespire:Menacing","infinitespire:NeuralNetwork"],"picked":"hubris:InfiniteBlow+2","floor":81},{"not_picked":["TheCursedMod:Obscuration","TheCursedMod:Wield"],"picked":"TheCursedMod:ReleasedKnowledge+1","floor":82},{"not_picked":["TheCursedMod:SpitefulStrike+1","TheCursedMod:CursedBlade"],"picked":"TheCursedMod:CircleOfFlame+1","floor":83},{"not_picked":["TheCursedMod:SpitefulStrike","TheCursedMod:CollectTribute"],"picked":"TheCursedMod:Grudge+1","floor":84},{"not_picked":["TheCursedMod:DemonSword","TheCursedMod:StunningStrike"],"picked":"TheCursedMod:CursedRelics","floor":86},{"not_picked":["infinitespire:Fortify","infinitespire:Menacing"],"picked":"hubris:Rewind","floor":86},{"not_picked":["TheCursedMod:Mangle","TheCursedMod:SmokeScreen+1","TheCursedMod:Stigma"],"picked":"SKIP","floor":88},{"not_picked":["TheCursedMod:SmokeScreen+1","TheCursedMod:Stretching"],"picked":"TheCursedMod:CursedShiv+1","floor":89},{"not_picked":["TheCursedMod:CursedShiv+1","TheCursedMod:SmokeScreen+1"],"picked":"TheCursedMod:UltimatePain","floor":90},{"not_picked":["TheCursedMod:SpitefulStrike","TheCursedMod:SaltUponWound+1","TheCursedMod:LuckyCharm"],"picked":"SKIP","floor":91},{"not_picked":["TheCursedMod:CursedSpellbook","TheCursedMod:CursedBlade+1"],"picked":"TheCursedMod:CircleOfCorruption+1","floor":92},{"not_picked":["TheCursedMod:Obscuration","TheCursedMod:Hemoplague","TheCursedMod:LuckyCharm+1"],"picked":"SKIP","floor":93},{"not_picked":["TheCursedMod:FleshFromBone","TheCursedMod:Wield"],"picked":"TheCursedMod:ManaBullet+1","floor":94},{"not_picked":["TheCursedMod:FleshFromBone+1","TheCursedMod:LuckyCharm+1","TheCursedMod:Stigma+1"],"picked":"SKIP","floor":95},{"not_picked":["TheCursedMod:ManaCirculation","TheCursedMod:CircleOfCorruption"],"picked":"TheCursedMod:CursedBlade","floor":97},{"not_picked":["TheCursedMod:Neurasthenia","TheCursedMod:CursedArmor","TheCursedMod:CursedStaff+1"],"picked":"SKIP","floor":100},{"not_picked":["TheCursedMod:CursedMace","TheCursedMod:Torture"],"picked":"TheCursedMod:CircleOfBlood+1","floor":101},{"not_picked":["TheCursedMod:ShockAndAwe","TheCursedMod:OutForBlood"],"picked":"TheCursedMod:VoidForm","floor":103},{"not_picked":["TheCursedMod:ReleasedStrength","TheCursedMod:Torture"],"picked":"TheCursedMod:Wield+1","floor":104}],"player_experience":625405,"relics_obtained":[{"floor":3,"key":"Bronze Scales"},{"floor":9,"key":"Mirror"},{"floor":10,"key":"CeramicFish"},{"floor":23,"key":"Mummified Hand"},{"floor":23,"key":"ReplayFunnel"},{"floor":26,"key":"infinitespire:PuzzleCube"},{"floor":40,"key":"infinitespire:CheckeredPen"},{"floor":40,"key":"Blue Doll"},{"floor":41,"key":"Strawberry"},{"floor":43,"key":"HornCleat"},{"floor":46,"key":"Anchor"},{"floor":46,"key":"Orichalcum"},{"floor":58,"key":"infinitespire:Beetle Shell"},{"floor":58,"key":"infinitespire:Joker Card"},{"floor":61,"key":"Vajra"},{"floor":61,"key":"Bag of Preparation"},{"floor":62,"key":"infinitespire:Broken Mirror"},{"floor":66,"key":"Ring of Panic"},{"floor":66,"key":"Ring of Misfortune"},{"floor":74,"key":"Pocketwatch"},{"floor":74,"key":"Medical Kit"},{"floor":78,"key":"Happy Flower"},{"floor":78,"key":"Golden Egg"},{"floor":78,"key":"Pondfish Scales"},{"floor":79,"key":"Blue Candle"},{"floor":80,"key":"White Beast Statue"},{"floor":80,"key":"Smiling Mask"},{"floor":93,"key":"Pear"},{"floor":93,"key":"Art of War"},{"floor":96,"key":"Quantum Egg"},{"floor":98,"key":"Replay:Towering Pillar of Hats"},{"floor":100,"key":"hubris:TenFootPole"},{"floor":100,"key":"ReplayTheSpireMod:Shallot"}],"event_choices":[{"damage_healed":0,"gold_gain":60,"player_choice":"Gained Gold","damage_taken":0,"max_hp_gain":0,"max_hp_loss":0,"event_name":"Golden Wing","floor":5,"gold_loss":0},{"damage_healed":0,"gold_gain":0,"player_choice":"Grow","damage_taken":0,"max_hp_gain":0,"max_hp_loss":0,"event_name":"Living Wall","floor":11,"gold_loss":0,"cards_upgraded":["Replay:Dark Deal"]},{"damage_healed":0,"gold_gain":0,"player_choice":"Inject Mutagens","damage_taken":0,"relics_obtained":["MutagenicStrength"],"max_hp_gain":0,"max_hp_loss":0,"event_name":"Drug Dealer","floor":19,"gold_loss":0},{"damage_healed":0,"gold_gain":0,"player_choice":"Ignored","damage_taken":0,"max_hp_gain":0,"max_hp_loss":0,"event_name":"The Moai Head","floor":42,"gold_loss":0},{"damage_healed":0,"gold_gain":0,"player_choice":"Memory 1","damage_taken":0,"max_hp_gain":0,"max_hp_loss":0,"event_name":"SensoryStone","floor":48,"gold_loss":0},{"damage_healed":0,"gold_gain":0,"player_choice":"Leave","damage_taken":0,"max_hp_gain":0,"max_hp_loss":0,"event_name":"The Cleric","floor":65,"gold_loss":0},{"damage_healed":0,"gold_gain":0,"player_choice":"Read","damage_taken":0,"max_hp_gain":0,"max_hp_loss":0,"event_name":"The Library","floor":72,"gold_loss":0,"cards_obtained":["TheCursedMod:HellfireBreathing"]},{"cards_removed":["TheCursedMod:Defend_TheCursed"],"damage_healed":0,"gold_gain":0,"player_choice":"Gave Gold","damage_taken":0,"max_hp_gain":0,"max_hp_loss":0,"event_name":"Beggar","floor":73,"gold_loss":75},{"damage_healed":0,"gold_gain":0,"player_choice":"Copied","damage_taken":0,"max_hp_gain":0,"max_hp_loss":0,"event_name":"Duplicator","floor":99,"gold_loss":0,"cards_obtained":["TheCursedMod:CursedRelics"]}],"is_beta":false,"boss_relics":[{"not_picked":["ReplayTheSpireMod:DimensionalGlitch","Runic Pyramid"],"picked":"Black Star"},{"not_picked":["SlaversCollar","hubris:ScarierMask"],"picked":"Philosopher\u0027s Stone"},{"not_picked":["Coffee Dripper","hubris:VirtuousBlindfold"],"picked":"TheCursedMod:FourLeafCloverCharm"},{"not_picked":["hubris:TerracottaHorce","Coffee Dripper"],"picked":"hubris:Stopwatch"},{"not_picked":["Astrolabe","hubris:CrackedHourglass"],"picked":"hubris:HollowSoul"},{"not_picked":["ReplayTheSpireMod:DimensionalGlitch","Empty Cage"],"picked":"Tiny House"}],"items_purged_floors":[],"is_endless":true,"potions_floor_spawned":[2,8,13,20,23,25,30,37,44,50,52,54,64,71,80,82,83,84,86,88,89,90,91,92,93,94,95,97,100,101,103],"ascension_level":0}}