{"host":"pi2z80vhrvi710xz","time":1612116432,"event":{"mods":["2.2 Compatiblity","AchievementEnabler","BaseMod","Colored Map","DeckTracker","Highlight Path","KOR Keyword Fix","Keyboard Shortcuts","Marisa£¨Ùöéë¡¡Øª×âÞÞ£©","Minty Spire (QoL Compilation)","Permanent Neow","Quick Restart","StSLib","SuperFastMode","everything is the same but u backflip on backflip"],"gold_per_floor":[115,43,43,74,74,116,116,116,116,116,17,17,59,84,84,201,201,229,254,254,254,284,284,312,343,392,121,121,167,167,167,167,277,277,304,323,392,442,442,442,492,492,518,538,538,573,607,638,638,638],"floor_reached":51,"language":"KOR","playtime":2757,"items_purged":["Regret","Strike_MRS"],"score":788,"play_id":"d02bf143-642b-4b89-81ba-b7c8cffaa981","local_time":"20210201030712","is_ascension_mode":true,"campfire_choices":[{"data":"MasterSpark","floor":7.0,"key":"SMITH"},{"data":"UpSweep","floor":10.0,"key":"SMITH"},{"data":"NonDirectionalLaser","floor":12.0,"key":"SMITH"},{"data":"EnergyFlow","floor":15.0,"key":"SMITH"},{"data":"MillisecondPulsars","floor":23.0,"key":"SMITH"},{"floor":28.0,"key":"REST"},{"floor":30,"key":"REST"},{"floor":32,"key":"REST"},{"floor":40,"key":"REST"},{"data":"EscapeVelocity","floor":42,"key":"SMITH"},{"floor":49,"key":"REST"}],"circlet_count":0,"master_deck":["Strike_MRS","Defend_MRS","MasterSpark+1","UpSweep+1","AsteroidBelt","WitchOfGreed","GrandCross","StarBarrage","WitchLeyline","NonDirectionalLaser+1","GasGiant","EnergyFlow+1","MillisecondPulsars+1","AlicesGift","OortCloud","ShootingEcho","SuperPerseids","ShootingEcho","Acceleration","ShootTheMoon","AsteroidBelt","6A","SuperNova","6A+1","MysteriousBeam+1","EscapeVelocity+1","DarkMatter+1","IllusionStar+1","OrrerysSun","RefractionSpark","OortCloud+1","LuminesStrike+1","PulseMagic","IllusionStar+1"],"relics":["BewitchedHakkero","NeowsBlessing","Orichalcum","Kunai","Mummified Hand","BreadOfAWashokuLover","MutagenicStrength","Dream Catcher","Medical Kit","Ancient Tea Set","Empty Cage","FossilizedHelix","MagicBroom","Darkstone Periapt","Happy Flower"],"acts_visited":["Exordium","TheCity","TheBeyond"],"potions_floor_usage":[29,29,33,41,47,48,50],"damage_taken":[{"damage":0.0,"enemies":"Cultist","floor":1.0,"turns":1.0},{"damage":3.0,"enemies":"Jaw Worm","floor":4.0,"turns":2.0},{"damage":0.0,"enemies":"3 Sentries","floor":6.0,"turns":2.0},{"damage":12.0,"enemies":"Lagavulin","floor":13.0,"turns":5.0},{"damage":0.0,"enemies":"Small Slimes","floor":14.0,"turns":2.0},{"damage":30.0,"enemies":"The Guardian","floor":16.0,"turns":7.0},{"damage":13.0,"enemies":"Shell Parasite","floor":18.0,"turns":4.0},{"damage":15.0,"enemies":"3 Byrds","floor":19.0,"turns":5.0},{"damage":16.0,"enemies":"Shelled Parasite and Fungi","floor":22.0,"turns":4.0},{"damage":4.0,"enemies":"Centurion and Healer","floor":24.0,"turns":4.0},{"damage":26.0,"enemies":"Snake Plant","floor":25.0,"turns":4.0},{"damage":20,"enemies":"Slavers","floor":29,"turns":5},{"damage":13,"enemies":"Champ","floor":33,"turns":11},{"damage":19,"enemies":"3 Darklings","floor":35,"turns":5},{"damage":1,"enemies":"3 Shapes","floor":36,"turns":3},{"damage":55,"enemies":"2 Orb Walkers","floor":37,"turns":6},{"damage":0,"enemies":"Mind Bloom Boss Battle","floor":38,"turns":4},{"damage":0,"enemies":"Giant Head","floor":41,"turns":6},{"damage":14,"enemies":"Writhing Mass","floor":44,"turns":3},{"damage":12,"enemies":"4 Shapes","floor":46,"turns":5},{"damage":0,"enemies":"Maw","floor":47,"turns":6},{"damage":35,"enemies":"Writhing Mass","floor":48,"turns":5},{"damage":38,"enemies":"Awakened One","floor":50,"turns":9}],"seed_played":"-5197635480242694430","potions_obtained":[{"floor":1.0,"key":"DistilledChaos"},{"floor":4.0,"key":"Dexterity Potion"},{"floor":4.0,"key":"Energy Potion"},{"floor":6.0,"key":"Strength Potion"},{"floor":13.0,"key":"Fire Potion"},{"floor":14.0,"key":"EntropicBrew"},{"floor":16.0,"key":"Fire Potion"},{"floor":16.0,"key":"SteroidPotion"},{"floor":18.0,"key":"Weak Potion"},{"floor":19.0,"key":"FairyPotion"},{"floor":25.0,"key":"Fire Potion"},{"floor":29,"key":"Energy Potion"},{"floor":33,"key":"BlessingOfTheForge"},{"floor":33,"key":"DuplicationPotion"},{"floor":44,"key":"Strength Potion"},{"floor":46,"key":"Ancient Potion"},{"floor":47,"key":"Fruit Juice"},{"floor":47,"key":"DistilledChaos"}],"is_trial":false,"path_per_floor":["M","$","$","M","?","E","R","?","T","R","$","R","E","M","R","B",null,"M","M","?","?","M","R","M","M","T","$","R","E","R","?","R","B",null,"M","M","?","?","?","R","E","R","T","M","?","M","M","M","R","B",null],"character_chosen":"MARISA","items_purchased":["WitchOfGreed","GrandCross","NonDirectionalLaser","Medical Kit","Acceleration"],"campfire_rested":5,"item_purchase_floors":[2,2,11,27,27],"current_hp_per_floor":[75,75,75,72,65,65,65,65,65,65,65,65,53,53,53,35,75,62,47,47,47,31,31,27,1,1,1,23,4,26,26,48,40,75,57,58,20,20,20,46,46,46,46,32,32,20,25,27,54,16],"gold":638,"neow_bonus":"THREE_ENEMY_KILL","is_daily":false,"chose_seed":false,"campfire_upgraded":6,"win_rate":0.0,"timestamp":1612116432,"path_taken":["M","?","$","M","?","E","R","?","T","R","$","R","E","M","R","BOSS","M","M","?","?","?","R","M","M","T","$","R","E","R","?","R","BOSS","M","M","?","?","?","R","E","R","T","?","?","M","?","M","R","BOSS"],"items_purchased_type":["Card","Card","Card","Relic","Card"],"build_version":"2020-12-22","purchased_purges":2,"victory":true,"max_hp_per_floor":[75,75,75,75,75,75,75,75,75,75,75,75,75,75,75,75,75,75,75,75,75,75,75,75,75,75,75,75,75,75,75,75,75,75,75,75,88,88,88,88,88,88,88,88,88,88,93,93,93,93],"card_choices":[{"not_picked":["StarBarrage","MilkyWay"],"picked":"AsteroidBelt","floor":1.0},{"not_picked":["AsteroidBelt","MilkyWay"],"picked":"StarBarrage","floor":4.0},{"not_picked":["StarDustReverie","ShootingEcho"],"picked":"WitchLeyline","floor":6.0},{"not_picked":["BlazeAway","WitchOfGreed"],"picked":"GasGiant","floor":13.0},{"not_picked":["OneTimeOff","MilkyWay"],"picked":"EnergyFlow","floor":14.0},{"not_picked":["AbsoluteMagnitude","BigCrunch"],"picked":"MillisecondPulsars","floor":16.0},{"not_picked":["GrandCross","WitchLeyline+1"],"picked":"AlicesGift","floor":18.0},{"not_picked":["MilkyWay","SporeBomb"],"picked":"OortCloud","floor":19.0},{"not_picked":["6A","ManaConvection"],"picked":"ShootingEcho","floor":22.0},{"not_picked":["PropBag","WitchLeyline"],"picked":"SuperPerseids","floor":24.0},{"not_picked":["NonDirectionalLaser","DC"],"picked":"ShootingEcho","floor":25.0},{"not_picked":["AsteroidBelt","GrandCross"],"picked":"ShootTheMoon","floor":28.0},{"not_picked":["WitchOfGreed","CollectingQuirk"],"picked":"AsteroidBelt","floor":29},{"not_picked":["IllusionStar","RefractionSpark"],"picked":"6A","floor":30},{"not_picked":["BlazingStar","MillisecondPulsars"],"picked":"SuperNova","floor":33},{"not_picked":["PowerUp+1","AsteroidBelt"],"picked":"6A+1","floor":35},{"not_picked":["NonDirectionalLaser+1","ShootingEcho+1"],"picked":"MysteriousBeam+1","floor":36},{"not_picked":["DarkSpark+1","PowerUp+1"],"picked":"EscapeVelocity","floor":37},{"not_picked":["WitchLeyline","WitchOfGreed"],"picked":"DarkMatter+1","floor":38},{"not_picked":["GalacticHalo+1","RefractionSpark+1"],"picked":"IllusionStar+1","floor":40},{"not_picked":["EarthLightRay","PulseMagic+1","GravityBeat"],"picked":"SKIP","floor":41},{"not_picked":["ShootTheMoon+1","GalacticHalo"],"picked":"OrrerysSun","floor":44},{"not_picked":["ChargingUp","IllusionStar+1"],"picked":"OortCloud+1","floor":46},{"not_picked":["EventHorizon+1","MysteriousBeam"],"picked":"LuminesStrike+1","floor":47},{"not_picked":["StarlightTyphoon","RefractionSpark+1"],"picked":"PulseMagic","floor":48},{"not_picked":["OpenUniverse","RefractionSpark"],"picked":"IllusionStar+1","floor":49}],"player_experience":27052,"relics_obtained":[{"floor":6.0,"key":"Orichalcum"},{"floor":9.0,"key":"Mummified Hand"},{"floor":13.0,"key":"BreadOfAWashokuLover"},{"floor":26.0,"key":"Dream Catcher"},{"floor":29,"key":"Ancient Tea Set"},{"floor":37,"key":"FossilizedHelix"},{"floor":38,"key":"MagicBroom"},{"floor":41,"key":"Darkstone Periapt"},{"floor":43,"key":"Happy Flower"}],"event_choices":[{"cards_removed":["Defend_MRS"],"damage_healed":0.0,"max_hp_gain":0.0,"max_hp_loss":0.0,"gold_gain":0.0,"event_name":"Golden Wing","player_choice":"Card Removal","floor":5.0,"gold_loss":0.0,"damage_taken":7.0},{"damage_healed":0.0,"max_hp_gain":0.0,"max_hp_loss":0.0,"gold_gain":0.0,"event_name":"Big Fish","player_choice":"Box","floor":8.0,"gold_loss":0.0,"damage_taken":0.0,"relics_obtained":["Kunai"],"cards_obtained":["Regret"]},{"damage_healed":0.0,"max_hp_gain":0.0,"max_hp_loss":0.0,"gold_gain":0.0,"event_name":"Drug Dealer","player_choice":"Inject Mutagens","floor":20.0,"gold_loss":0.0,"damage_taken":0.0,"relics_obtained":["MutagenicStrength"]},{"cards_removed":["Defend_MRS"],"damage_healed":0.0,"max_hp_gain":0.0,"max_hp_loss":0.0,"gold_gain":0.0,"event_name":"Purifier","player_choice":"Purged","floor":21.0,"gold_loss":0.0,"damage_taken":0.0},{"damage_healed":0,"gold_gain":0,"player_choice":"Ignored","damage_taken":0,"max_hp_gain":0,"max_hp_loss":0,"event_name":"Vampires","floor":31,"gold_loss":0},{"damage_healed":0,"gold_gain":0,"player_choice":"Fight","damage_taken":0,"max_hp_gain":0,"max_hp_loss":0,"event_name":"Mysterious Sphere","floor":37,"gold_loss":0},{"damage_healed":0,"gold_gain":0,"player_choice":"Fight","damage_taken":0,"max_hp_gain":0,"max_hp_loss":0,"event_name":"MindBloom","floor":38,"gold_loss":0},{"damage_healed":0,"gold_gain":0,"player_choice":"Memory 1","damage_taken":0,"max_hp_gain":0,"max_hp_loss":0,"event_name":"SensoryStone","floor":39,"gold_loss":0},{"damage_healed":0,"gold_gain":0,"cards_transformed":["Strike_MRS"],"player_choice":"Transformed","damage_taken":0,"max_hp_gain":0,"max_hp_loss":0,"event_name":"Transmorgrifier","floor":45,"gold_loss":0,"cards_obtained":["RefractionSpark"]}],"is_beta":false,"boss_relics":[{"not_picked":["Astrolabe","Philosopher\u0027s Stone"],"picked":"BewitchedHakkero"},{"not_picked":["Sozu","Busted Crown"],"picked":"Empty Cage"}],"items_purged_floors":[11,27],"is_endless":false,"potions_floor_spawned":[1,4,13,14,16,19,22,24,25,33,35,38,44,47,48],"ascension_level":1}}