{"host":"928gv66myv2vlnsd","time":1612133082,"event":{"mods":["BaseMod","Highlight Path","Minty Spire (QoL Compilation)","StSLib"],"gold_per_floor":[113,113,113,133,143,169,169,204,274,274,291,308,326,398,398,473,473,485,499,133,150,75,75,75,75],"floor_reached":24,"language":"ENG","playtime":1259,"items_purged":["Strike_G"],"score":406,"play_id":"9d11dea9-d408-4d57-bb11-450d73a69600","local_time":"20210131174442","is_ascension_mode":true,"campfire_choices":[{"floor":15,"key":"REST"},{"floor":23,"key":"REST"}],"circlet_count":0,"master_deck":["AscendersBane","Strike_G","Strike_G","Strike_G","Defend_G","Defend_G","Defend_G","Defend_G","Defend_G","Survivor","Neutralize+1","Cloak And Dagger","Bouncing Flask","Deadly Poison","Well Laid Plans","Deadly Poison","Tools of the Trade","Underhanded Strike","Underhanded Strike","Underhanded Strike","Wraith Form v2","Deadly Poison","Apotheosis","Reflex","Catalyst"],"relics":["Ring of the Serpent","Torii","Orichalcum","Bottled Lightning","Matryoshka","Orrery"],"acts_visited":["Exordium","TheCity"],"potions_floor_usage":[6,8,12,16,24],"damage_taken":[{"damage":2,"enemies":"2 Louse","floor":1,"turns":3},{"damage":5,"enemies":"Jaw Worm","floor":4,"turns":7},{"damage":0,"enemies":"Cultist","floor":5,"turns":3},{"damage":27,"enemies":"Gremlin Nob","floor":6,"turns":4},{"damage":25,"enemies":"3 Sentries","floor":8,"turns":12},{"damage":0,"enemies":"Exordium Wildlife","floor":11,"turns":4},{"damage":0,"enemies":"3 Louse","floor":12,"turns":4},{"damage":3,"enemies":"Exordium Thugs","floor":13,"turns":4},{"damage":36,"enemies":"The Guardian","floor":16,"turns":8},{"damage":13,"enemies":"Spheric Guardian","floor":18,"turns":5},{"damage":10,"enemies":"Chosen","floor":19,"turns":4},{"damage":8,"enemies":"Snake Plant","floor":21,"turns":4},{"damage":53,"enemies":"Gremlin Leader","floor":24,"turns":2}],"seed_played":"-8191674940923982667","potions_obtained":[{"floor":1,"key":"Poison Potion"},{"floor":3,"key":"AttackPotion"},{"floor":6,"key":"FairyPotion"},{"floor":8,"key":"ColorlessPotion"},{"floor":11,"key":"ColorlessPotion"},{"floor":18,"key":"SkillPotion"}],"is_trial":false,"path_per_floor":["M","?","?","M","M","E","?","E","T","?","M","M","M","T","R","B",null,"M","M","$","M","$","R","E"],"character_chosen":"THE_SILENT","items_purchased":["Apotheosis","Orrery"],"campfire_rested":2,"item_purchase_floors":[20,20],"current_hp_per_floor":[63,56,56,51,51,24,24,20,20,20,20,20,17,17,38,2,55,42,32,32,24,24,45,0,0],"gold":75,"neow_bonus":"TEN_PERCENT_HP_BONUS","is_daily":false,"chose_seed":false,"campfire_upgraded":0,"win_rate":0.0,"timestamp":1612133082,"path_taken":["M","?","?","M","?","E","?","E","T","?","M","?","M","?","R","BOSS","M","M","$","M","$","R","E"],"items_purchased_type":["Card","Relic"],"build_version":"2020-12-22","purchased_purges":1,"victory":false,"max_hp_per_floor":[72,72,72,72,72,72,72,72,72,72,72,72,72,72,72,72,72,72,72,72,72,72,72,72,72],"card_choices":[{"not_picked":["Riddle With Holes","Dodge and Roll"],"picked":"Cloak And Dagger","floor":1},{"not_picked":["Infinite Blades","Poisoned Stab"],"picked":"Bouncing Flask","floor":4},{"not_picked":["Sucker Punch","Calculated Gamble"],"picked":"Deadly Poison","floor":5},{"not_picked":["Backstab","Expertise"],"picked":"Well Laid Plans","floor":6},{"not_picked":["Predator","Escape Plan"],"picked":"Deadly Poison","floor":8},{"not_picked":["Cloak And Dagger","Expertise"],"picked":"Underhanded Strike","floor":11},{"not_picked":["Quick Slash","Grand Finale","Slice"],"picked":"SKIP","floor":12},{"not_picked":["Choke","Dodge and Roll"],"picked":"Underhanded Strike","floor":13},{"not_picked":["Doppelganger","After Image"],"picked":"Wraith Form v2","floor":16},{"not_picked":["Backflip","Bane+1"],"picked":"Deadly Poison","floor":18},{"not_picked":["Blade Dance","Underhanded Strike","Deadly Poison"],"picked":"SKIP","floor":19},{"not_picked":["Concentrate","Masterful Stab"],"picked":"Reflex","floor":20},{"not_picked":["Wraith Form v2","Expertise"],"picked":"Catalyst","floor":20},{"not_picked":["Blade Dance","Dodge and Roll","Riddle With Holes"],"picked":"SKIP","floor":21}],"player_experience":1414687,"relics_obtained":[{"floor":6,"key":"Torii"},{"floor":8,"key":"Orichalcum"},{"floor":9,"key":"Bottled Lightning"},{"floor":14,"key":"Matryoshka"}],"event_choices":[{"cards_removed":["Strike_G"],"damage_healed":0,"gold_gain":0,"player_choice":"Card Removal","damage_taken":7,"max_hp_gain":0,"max_hp_loss":0,"event_name":"Golden Wing","floor":2,"gold_loss":0},{"damage_healed":0,"gold_gain":0,"player_choice":"Got Potions","damage_taken":0,"max_hp_gain":0,"max_hp_loss":0,"event_name":"Lab","floor":3,"gold_loss":0},{"damage_healed":0,"gold_gain":0,"player_choice":"Grow","damage_taken":0,"max_hp_gain":0,"max_hp_loss":0,"event_name":"Living Wall","floor":7,"gold_loss":0,"cards_upgraded":["Neutralize"]},{"damage_healed":0,"gold_gain":0,"player_choice":"2 cards matched","damage_taken":0,"max_hp_gain":0,"max_hp_loss":0,"event_name":"Match and Keep!","floor":10,"gold_loss":0,"cards_obtained":["Tools of the Trade","Underhanded Strike"]}],"is_beta":false,"boss_relics":[{"not_picked":["Calling Bell","Busted Crown"],"picked":"Ring of the Serpent"}],"items_purged_floors":[22],"is_endless":false,"potions_floor_spawned":[1,6,8,11,18],"killed_by":"Gremlin Leader","ascension_level":19}}