{"host":"gobyjzz6xbwq9f9i","time":1612066908,"event":{"mods":["AchievementEnabler","BaseMod","Bestiary","Colored Map","Minty Spire (QoL Compilation)","Relic Stats"],"gold_per_floor":[99,99,99,69,69,69,69,69,69,24,0,0,0,0,0,0,0,0,0,0,0],"floor_reached":20,"language":"ENG","playtime":782,"items_purged":[],"score":232,"play_id":"070fbaf7-a25a-44dd-8a75-6949b5920875","local_time":"20210130202148","is_ascension_mode":true,"campfire_choices":[{"data":"BowlingBash","floor":6,"key":"SMITH"},{"data":"MentalFortress","floor":8,"key":"SMITH"},{"data":"FlyingSleeves","floor":15,"key":"SMITH"}],"circlet_count":0,"master_deck":["Strike_P","Strike_P","Strike_P","Strike_P","Defend_P","Defend_P","Defend_P","Defend_P","Eruption","Vigilance","FollowUp","BowlingBash+1","Consecrate","DeusExMachina","MentalFortress+1","FlyingSleeves+1","BowlingBash","ClearTheMind","Protect","FearNoEvil","Blasphemy","CurseOfTheBell","ThirdEye+1","EmptyFist"],"relics":["Ectoplasm","Tiny Chest","Happy Flower","Damaru","Potion Belt","Calling Bell","Dream Catcher","Pantograph","CloakClasp"],"acts_visited":["Exordium","TheCity"],"potions_floor_usage":[7,7,12,16],"damage_taken":[{"damage":1,"enemies":"Jaw Worm","floor":1,"turns":4},{"damage":0,"enemies":"Cultist","floor":2,"turns":2},{"damage":0,"enemies":"2 Louse","floor":3,"turns":2},{"damage":0,"enemies":"Exordium Wildlife","floor":5,"turns":2},{"damage":0,"enemies":"Lagavulin","floor":7,"turns":3},{"damage":9,"enemies":"Looter","floor":10,"turns":5},{"damage":11,"enemies":"Gremlin Nob","floor":12,"turns":4},{"damage":11,"enemies":"Large Slime","floor":13,"turns":2},{"damage":23,"enemies":"Lagavulin","floor":14,"turns":8},{"damage":6,"enemies":"Hexaghost","floor":16,"turns":9},{"damage":8,"enemies":"Shell Parasite","floor":18,"turns":7},{"damage":0,"enemies":"Chosen","floor":19,"turns":4},{"damage":100021,"enemies":"Sentry and Sphere","floor":20,"turns":4}],"seed_played":"3437953925647458963","potions_obtained":[{"floor":1,"key":"FearPotion"},{"floor":4,"key":"AttackPotion"},{"floor":4,"key":"Block Potion"},{"floor":12,"key":"Ambrosia"},{"floor":13,"key":"Strength Potion"},{"floor":14,"key":"Fire Potion"},{"floor":18,"key":"Regen Potion"}],"is_trial":false,"path_per_floor":["M","M","M","?","M","R","E","R","T","M","$","E","M","E","R","B",null,"M","M","M"],"character_chosen":"WATCHER","items_purchased":["BowlingBash"],"campfire_rested":0,"item_purchase_floors":[11],"current_hp_per_floor":[71,71,71,71,71,71,71,71,71,62,62,51,40,17,17,11,72,64,64,0,0],"gold":0,"neow_bonus":"BOSS_RELIC","is_daily":false,"chose_seed":false,"campfire_upgraded":3,"win_rate":0.0,"timestamp":1612066908,"path_taken":["M","M","M","?","M","R","E","R","T","M","?","E","M","E","R","BOSS","M","M","?"],"items_purchased_type":["Card"],"build_version":"2020-12-22","purchased_purges":0,"victory":false,"max_hp_per_floor":[72,72,72,72,72,72,72,72,72,72,72,72,72,72,72,72,72,72,72,72,72],"relic_stats":{"Dream Catcher":0,"Happy Flower":[14],"counters":[13,55],"Pantograph":0,"Tiny Chest":0,"Ectoplasm":362,"CloakClasp":[31],"obtain_stats":[{"Potion Belt":14,"Calling Bell":17,"Dream Catcher":17,"Happy Flower":9,"Pantograph":17,"Damaru":12,"Tiny Chest":7,"Ectoplasm":0,"CloakClasp":17,"PureWater":0},{"Potion Belt":9,"Calling Bell":10,"Dream Catcher":10,"Happy Flower":5,"Pantograph":10,"Damaru":7,"Tiny Chest":5,"Ectoplasm":0,"CloakClasp":10,"PureWater":0},{"Potion Belt":32,"Calling Bell":41,"Dream Catcher":41,"Happy Flower":13,"Pantograph":41,"Damaru":22,"Tiny Chest":13,"Ectoplasm":0,"CloakClasp":41,"PureWater":0}]},"card_choices":[{"not_picked":["Wireheading","EmptyBody"],"picked":"FollowUp","floor":1},{"not_picked":["CutThroughFate","SignatureMove"],"picked":"BowlingBash","floor":2},{"not_picked":["JustLucky","PathToVictory"],"picked":"Consecrate","floor":3},{"not_picked":["BowlingBash","JustLucky"],"picked":"DeusExMachina","floor":5},{"not_picked":["JustLucky","BowlingBash"],"picked":"MentalFortress","floor":7},{"not_picked":["EmptyBody","LikeWater"],"picked":"FlyingSleeves","floor":10},{"not_picked":["EmptyBody","Swivel"],"picked":"ClearTheMind","floor":12},{"not_picked":["Weave","Prostrate"],"picked":"Protect","floor":13},{"not_picked":["Swivel","CutThroughFate"],"picked":"FearNoEvil","floor":14},{"not_picked":["Judgement","SpiritShield"],"picked":"Blasphemy","floor":16},{"not_picked":["Wireheading","JustLucky"],"picked":"ThirdEye+1","floor":18},{"not_picked":["SignatureMove","ClearTheMind"],"picked":"EmptyFist","floor":19}],"player_experience":1228028,"relics_obtained":[{"floor":7,"key":"Tiny Chest"},{"floor":9,"key":"Happy Flower"},{"floor":12,"key":"Damaru"},{"floor":14,"key":"Potion Belt"},{"floor":17,"key":"Dream Catcher"},{"floor":17,"key":"Pantograph"},{"floor":17,"key":"CloakClasp"}],"event_choices":[{"damage_healed":0,"gold_gain":0,"player_choice":"Bought 2 Potions","damage_taken":0,"max_hp_gain":0,"max_hp_loss":0,"event_name":"The Woman in Blue","floor":4,"gold_loss":0}],"is_beta":false,"boss_relics":[{"not_picked":["Cursed Key","Tiny House"],"picked":"Calling Bell"}],"items_purged_floors":[],"is_endless":false,"potions_floor_spawned":[1,5,12,13,14,18],"killed_by":"Sentry and Sphere","ascension_level":1}}