{"host":"l60rmjjsfi0fipmi","time":1612056591,"event":{"mods":["BaseMod","Colored Map","DeckTracker","Downfall","Highlight Path","Minty Spire (QoL Compilation)","StSLib"],"gold_per_floor":[99,112,112,126,137,137,163,13,23,36,66,66,78,63,77,77,77,77],"floor_reached":16,"language":"ENG","playtime":1349,"items_purged":[],"score":129,"play_id":"a20be5fc-9273-4fdc-ae7b-775926cd87c5","local_time":"20210130202951","is_ascension_mode":false,"campfire_choices":[{"data":"Guardian:CurlUp","floor":1,"key":"SMITH"},{"data":"Guardian:ChargeCore","floor":6,"key":"SMITH"},{"data":"Guardian:FloatingOrbs","floor":12,"key":"SMITH"}],"circlet_count":0,"master_deck":["Guardian:Strike_Guardian","Guardian:Strike_Guardian","Guardian:Strike_Guardian","Guardian:Strike_Guardian","Guardian:Defend_Guardian","Guardian:Defend_Guardian","Guardian:Defend_Guardian","Guardian:CurlUp+1","Guardian:TwinSlam","Guardian:PrimingBeam","Guardian:ChargeCore+1","Guardian:TemporalStrike","Guardian:ShieldSpikes","Guardian:FloatingOrbs+1","Guardian:Gem_Red","Guardian:CrystalBeam","Guardian:Gem_Red"],"relics":["Guardian:ModeShifter","Regal Pillow","Singing Bowl"],"acts_visited":["Exordium"],"potions_floor_usage":[],"damage_taken":[{"damage":11,"enemies":"Jaw Worm","floor":2,"turns":4},{"damage":0,"enemies":"Cultist","floor":4,"turns":4},{"damage":5,"enemies":"Small Slimes","floor":5,"turns":4},{"damage":6,"enemies":"Blue Slaver","floor":9,"turns":3},{"damage":1,"enemies":"Exordium Wildlife","floor":10,"turns":5},{"damage":12,"enemies":"Gremlin Nob","floor":11,"turns":4},{"damage":21,"enemies":"Large Slime","floor":13,"turns":5},{"damage":10,"enemies":"downfall:FleeingMerchant","floor":14,"turns":4},{"damage":10,"enemies":"Exordium Thugs","floor":15,"turns":4},{"damage":42,"enemies":"SI_SHIV_ARCHETYPE","floor":16,"turns":10}],"seed_played":"7027826609977714341","potions_obtained":[{"floor":2,"key":"SkillPotion"},{"floor":4,"key":"Fire Potion"},{"floor":9,"key":"GamblersBrew"},{"floor":15,"key":"Block Potion"}],"is_trial":false,"path_per_floor":["R","M","?","M","M","R","T","?","M","M","E","R","M","$","M","B"],"character_chosen":"GUARDIAN","items_purchased":[],"campfire_rested":0,"item_purchase_floors":[],"current_hp_per_floor":[88,77,77,77,72,72,72,98,92,91,79,79,58,48,38,0,0,0],"gold":77,"neow_bonus":"TEN_PERCENT_HP_BONUS","is_daily":false,"chose_seed":false,"campfire_upgraded":3,"win_rate":0.0,"timestamp":1612056591,"path_taken":["R","M","?","?","M","R","T","?","M","?","E","R","M","$","M","BOSS"],"items_purchased_type":[],"build_version":"2020-12-22","purchased_purges":0,"victory":false,"max_hp_per_floor":[88,88,88,88,88,88,88,98,98,98,98,98,98,98,98,98,98,98],"card_choices":[{"not_picked":["Guardian:Preprogram","Guardian:SentryBeam"],"picked":"Guardian:Gem_Green","floor":2},{"not_picked":["Guardian:Gem_White","Guardian:Gem_Purple"],"picked":"Guardian:ChargeCore","floor":4},{"not_picked":["Guardian:Gem_Cyan","Guardian:TemporalShield"],"picked":"Guardian:TemporalStrike","floor":5},{"not_picked":["Guardian:PrimingBeam","Guardian:VentSteam"],"picked":"Guardian:Gem_White","floor":9},{"not_picked":["Guardian:PrimingBeam","Guardian:BronzeArmor"],"picked":"Guardian:ShieldSpikes","floor":10},{"not_picked":["Guardian:Gem_White","Guardian:WalkerClaw"],"picked":"Guardian:FloatingOrbs","floor":11},{"not_picked":["Guardian:SpikerProtocol","Guardian:EvasiveProtocol"],"picked":"Guardian:Gem_Red","floor":13},{"not_picked":["Guardian:ShieldSpikes","Guardian:PrimingBeam"],"picked":"Guardian:CrystalBeam","floor":14},{"not_picked":["Guardian:Gem_White","Guardian:Gem_Green"],"picked":"Guardian:Gem_Red","floor":15}],"player_experience":675014,"relics_obtained":[{"floor":7,"key":"Regal Pillow"},{"floor":11,"key":"Singing Bowl"}],"event_choices":[],"is_beta":false,"boss_relics":[],"items_purged_floors":[],"is_endless":false,"potions_floor_spawned":[2,4,9,15],"killed_by":"SI_SHIV_ARCHETYPE","ascension_level":0}}