{"host":"qekv59dthhdg54sz","time":1612072364,"event":{"mods":["AchievementEnabler","BaseMod","Colored Map","DeckTracker","KOR Keyword Fix","Minty Spire (QoL Compilation)","Rare Cards Sparkle","StSLib","SuperFastMode"],"gold_per_floor":[114,39,114,129,143,168,168,186,186,186,204,204,204],"floor_reached":12,"language":"KOR","playtime":228,"items_purged":[],"score":156,"play_id":"c1da7cbc-1f66-47f4-863e-511881f1e2ec","local_time":"20210131145244","is_ascension_mode":true,"campfire_choices":[{"data":"Dark Embrace","floor":7,"key":"SMITH"},{"floor":10,"key":"REST"}],"circlet_count":0,"master_deck":["AscendersBane","Strike_R","Strike_R","Strike_R","Defend_R","Defend_R","Defend_R","Bash","Warcry","Rampage","Dark Embrace+1","Feel No Pain","Shrug It Off","Berserk","Pommel Strike+1","True Grit"],"relics":["Burning Blood","Molten Egg 2","Ornamental Fan"],"acts_visited":["Exordium"],"potions_floor_usage":[6,6,12],"damage_taken":[{"damage":7,"enemies":"Small Slimes","floor":1,"turns":3},{"damage":12,"enemies":"2 Louse","floor":4,"turns":3},{"damage":13,"enemies":"Cultist","floor":5,"turns":5},{"damage":13,"enemies":"Lagavulin","floor":6,"turns":7},{"damage":13,"enemies":"2 Fungi Beasts","floor":8,"turns":4},{"damage":24,"enemies":"Exordium Wildlife","floor":11,"turns":5},{"damage":8,"enemies":"Gremlin Nob","floor":12,"turns":3}],"seed_played":"8977091216634359331","potions_obtained":[{"floor":1,"key":"Dexterity Potion"},{"floor":5,"key":"FearPotion"},{"floor":6,"key":"AttackPotion"}],"is_trial":false,"path_per_floor":["M","?","?","M","M","E","R","M","T","R","M","E"],"character_chosen":"IRONCLAD","items_purchased":[],"campfire_rested":1,"item_purchase_floors":[],"current_hp_per_floor":[49,49,38,32,25,18,18,11,11,33,15,7,7],"gold":204,"neow_bonus":"TRANSFORM_TWO_CARDS","is_daily":false,"chose_seed":false,"campfire_upgraded":1,"win_rate":0.0,"timestamp":1612072364,"path_taken":["M","?","?","M","M","E","R","M","T","R","M","E"],"items_purchased_type":[],"build_version":"2020-12-22","purchased_purges":0,"victory":false,"max_hp_per_floor":[75,75,75,75,75,75,75,75,75,75,75,75,75],"card_choices":[{"not_picked":["Twin Strike","Power Through"],"picked":"Dark Embrace","floor":1},{"not_picked":["Flex","Sword Boomerang"],"picked":"Feel No Pain","floor":4},{"not_picked":["Thunderclap","Seeing Red"],"picked":"Shrug It Off","floor":5},{"not_picked":["Shockwave","Sword Boomerang+1"],"picked":"Berserk","floor":6},{"not_picked":["Perfected Strike+1","Entrench"],"picked":"Pommel Strike+1","floor":8},{"not_picked":["Uppercut+1","Anger+1"],"picked":"True Grit","floor":11}],"player_experience":876983,"relics_obtained":[{"floor":6,"key":"Molten Egg 2"},{"floor":9,"key":"Ornamental Fan"}],"event_choices":[{"cards_removed":["Strike_R"],"damage_healed":0,"gold_gain":0,"player_choice":"Card Removal","damage_taken":0,"max_hp_gain":0,"max_hp_loss":0,"event_name":"The Cleric","floor":2,"gold_loss":75},{"damage_healed":0,"gold_gain":75,"player_choice":"Gather Gold","damage_taken":11,"max_hp_gain":0,"max_hp_loss":0,"event_name":"World of Goop","floor":3,"gold_loss":0}],"is_beta":false,"boss_relics":[],"items_purged_floors":[],"is_endless":false,"potions_floor_spawned":[1,5,6],"killed_by":"Gremlin Nob","ascension_level":19}}