{"host":"820xk69ekh5gtclf","time":1612122443,"event":{"mods":["BaseMod","Curses Come First","Custom Start","Downfall","Gremlin Mod","Hermit","Minty Spire (QoL Compilation)","StSLib"],"gold_per_floor":[110,110,125,6,18,29,63,63,63,98,118,129,129,155,155,234,234,254,274,274,288,288,288,315,315,339,339,339,349,349,361,361,439,439,457,470,96,107,7,35,35,70,70,84,95,95,121,141,141,141,141,141],"floor_reached":51,"language":"ENG","playtime":3110,"items_purged":["Strike_R","Writhe"],"score":1608,"play_id":"49becfdc-508e-4171-851c-703c9e643c9a","local_time":"20210131144723","is_ascension_mode":true,"campfire_choices":[{"floor":8.0,"key":"REST"},{"data":"Armaments","floor":13.0,"key":"SMITH"},{"data":"Uppercut","floor":15.0,"key":"SMITH"},{"data":"Perfected Strike","floor":23.0,"key":"SMITH"},{"data":"Perfected Strike","floor":25.0,"key":"SMITH"},{"data":"Perfected Strike","floor":28.0,"key":"SMITH"},{"data":"Double Tap","floor":30.0,"key":"SMITH"},{"data":"Hemokinesis","floor":32.0,"key":"SMITH"},{"data":"Shockwave","floor":41.0,"key":"SMITH"},{"floor":46.0,"key":"RECALL"},{"data":"Flame Barrier","floor":49.0,"key":"SMITH"}],"circlet_count":0,"master_deck":["AscendersBane","Strike_R","Strike_R","Strike_R","Strike_R","Defend_R","Defend_R","Defend_R","Defend_R","Bash+1","Pommel Strike","Wild Strike+1","Hemokinesis+1","Uppercut+1","Double Tap+1","Thunderclap","Armaments+1","Perfected Strike+1","Twin Strike","Berserk","Dropkick+1","Perfected Strike+1","Metallicize+1","Perfected Strike+1","Offering","Flame Barrier+1","Shockwave+1"],"relics":["Burning Blood","Unceasing Top","StrikeDummy","Paper Frog","Eternal Feather","Snecko Eye","Art of War","InkBottle","Whetstone","Velvet Choker","Incense Burner","Regal Pillow","Calipers","Ornamental Fan"],"acts_visited":["Exordium","TheCity","TheBeyond"],"potions_floor_usage":[51,51],"damage_taken":[{"damage":16.0,"enemies":"Small Slimes","floor":1.0,"turns":5.0},{"damage":4.0,"enemies":"Jaw Worm","floor":3.0,"turns":4.0},{"damage":2.0,"enemies":"2 Louse","floor":5.0,"turns":4.0},{"damage":2.0,"enemies":"Exordium Wildlife","floor":6.0,"turns":2.0},{"damage":48.0,"enemies":"Lagavulin","floor":7.0,"turns":6.0},{"damage":8.0,"enemies":"Gremlin Nob","floor":10.0,"turns":3.0},{"damage":0.0,"enemies":"2 Fungi Beasts","floor":11.0,"turns":2.0},{"damage":4.0,"enemies":"Red Slaver","floor":12.0,"turns":3.0},{"damage":29.0,"enemies":"Lagavulin","floor":14.0,"turns":5.0},{"damage":0.0,"enemies":"Slime Boss","floor":16.0,"turns":4.0},{"damage":7.0,"enemies":"3 Byrds","floor":18.0,"turns":3.0},{"damage":16.0,"enemies":"Shell Parasite","floor":19.0,"turns":3.0},{"damage":0.0,"enemies":"Snake Plant","floor":21.0,"turns":2.0},{"damage":27.0,"enemies":"Gremlin Leader","floor":24.0,"turns":6.0},{"damage":28.0,"enemies":"Sentry and Sphere","floor":29.0,"turns":4.0},{"damage":1.0,"enemies":"3 Cultists","floor":31.0,"turns":3.0},{"damage":24.0,"enemies":"Champ","floor":33.0,"turns":6.0},{"damage":15.0,"enemies":"Orb Walker","floor":35.0,"turns":3.0},{"damage":17.0,"enemies":"3 Darklings","floor":36.0,"turns":3.0},{"damage":6.0,"enemies":"Spire Growth","floor":38.0,"turns":2.0},{"damage":16.0,"enemies":"Nemesis","floor":40.0,"turns":5.0},{"damage":12.0,"enemies":"Giant Head","floor":42.0,"turns":6.0},{"damage":20.0,"enemies":"Writhing Mass","floor":44.0,"turns":4.0},{"damage":10.0,"enemies":"Transient","floor":45.0,"turns":6.0},{"damage":3.0,"enemies":"Reptomancer","floor":47.0,"turns":2.0},{"damage":0.0,"enemies":"Maw","floor":48.0,"turns":4.0},{"damage":69.0,"enemies":"Donu and Deca","floor":50.0,"turns":9.0},{"damage":56,"enemies":"Awakened One","floor":51,"turns":7}],"seed_played":"7794368797327300965","potions_obtained":[{"floor":7.0,"key":"DistilledChaos"},{"floor":10.0,"key":"Explosive Potion"},{"floor":11.0,"key":"Fire Potion"},{"floor":29.0,"key":"FearPotion"},{"floor":31.0,"key":"BloodPotion"},{"floor":33.0,"key":"AttackPotion"},{"floor":36.0,"key":"Explosive Potion"},{"floor":42.0,"key":"BloodPotion"},{"floor":44.0,"key":"SpeedPotion"},{"floor":45.0,"key":"Fire Potion"}],"is_trial":false,"path_per_floor":["M","?","M","$","M","M","E","R","T","E","M","M","R","E","R","B",null,"M","M","?","M","?","R","E","R","T","?","R","M","R","M","R","B",null,"M","M","$","M","$","E","R","E","T","M","M","R","E","M","R","B","B"],"character_chosen":"IRONCLAD","items_purchased":["Hemokinesis","Incense Burner","Flame Barrier"],"campfire_rested":1,"item_purchase_floors":[4,37,37],"current_hp_per_floor":[65,65,67,67,71,75,33,57,57,55,61,63,63,40,49,55,75,74,64,64,70,70,82,61,76,76,52,67,45,60,65,80,62,81,72,78,78,78,78,68,83,77,77,80,76,87,87,87,87,24,0,0],"gold":141,"neow_bonus":"TEN_PERCENT_HP_BONUS","is_daily":false,"chose_seed":false,"campfire_upgraded":9,"win_rate":0.0,"timestamp":1612122443,"path_taken":["M","?","M","$","M","M","E","R","T","E","M","M","R","E","R","BOSS","M","M","?","M","?","R","E","R","T","?","R","?","R","M","R","BOSS","M","M","$","M","$","E","R","E","T","M","M","R","E","M","R","BOSS","BOSS"],"items_purchased_type":["Card","Relic","Card"],"build_version":"2020-12-22","purchased_purges":2,"victory":false,"max_hp_per_floor":[82,82,82,82,82,82,82,82,82,82,82,82,82,82,82,82,82,82,82,82,82,82,82,82,82,82,87,87,87,87,87,87,87,87,87,87,87,87,87,87,87,87,87,87,87,87,87,87,87,87,87,87],"card_choices":[{"not_picked":["Shrug It Off","Clothesline"],"picked":"Pommel Strike","floor":1.0},{"not_picked":["Cleave","Rampage"],"picked":"Wild Strike","floor":3.0},{"not_picked":["Body Slam","Wild Strike"],"picked":"Uppercut","floor":5.0},{"not_picked":["Flex","Body Slam","Reckless Charge"],"picked":"SKIP","floor":6.0},{"not_picked":["Shrug It Off","Berserk"],"picked":"Double Tap","floor":7.0},{"not_picked":["Iron Wave","Combust"],"picked":"Thunderclap","floor":10.0},{"not_picked":["Wild Strike","Spot Weakness"],"picked":"Armaments","floor":11.0},{"not_picked":["Pummel","Sever Soul"],"picked":"Perfected Strike","floor":12.0},{"not_picked":["Pommel Strike","Demon Form"],"picked":"Twin Strike","floor":14.0},{"not_picked":["Juggernaut","Fiend Fire"],"picked":"Berserk","floor":16.0},{"not_picked":["Armaments","Blood for Blood","Cleave"],"picked":"SKIP","floor":18.0},{"not_picked":["Havoc","Flex"],"picked":"Dropkick+1","floor":19.0},{"not_picked":["Blood for Blood","Sword Boomerang+1"],"picked":"Metallicize+1","floor":21.0},{"not_picked":["True Grit","Cleave"],"picked":"Perfected Strike","floor":24.0},{"not_picked":["Intimidate","Twin Strike","Headbutt"],"picked":"SKIP","floor":29.0},{"not_picked":["Sever Soul","Flex","Seeing Red"],"picked":"SKIP","floor":31.0},{"not_picked":["Brutality","Juggernaut"],"picked":"Offering","floor":33.0},{"not_picked":["True Grit","Cleave","Wild Strike"],"picked":"SKIP","floor":35.0},{"not_picked":["Havoc+1","Armaments","Iron Wave"],"picked":"SKIP","floor":36.0},{"not_picked":["Anger+1","Heavy Blade","Juggernaut"],"picked":"SKIP","floor":38.0},{"not_picked":["Perfected Strike+1","Rage"],"picked":"Shockwave","floor":40.0},{"not_picked":["Carnage","Pommel Strike","Thunderclap"],"picked":"SKIP","floor":42.0},{"not_picked":["Reckless Charge","Seeing Red","Iron Wave"],"picked":"SKIP","floor":44.0},{"not_picked":["Blood for Blood","Armaments","Pummel"],"picked":"SKIP","floor":45.0},{"not_picked":["Iron Wave","Heavy Blade","Exhume"],"picked":"SKIP","floor":47.0},{"not_picked":["Iron Wave","Dropkick","Twin Strike"],"picked":"SKIP","floor":48.0}],"player_experience":2452390,"relics_obtained":[{"floor":7.0,"key":"Unceasing Top"},{"floor":9.0,"key":"StrikeDummy"},{"floor":10.0,"key":"Paper Frog"},{"floor":14.0,"key":"Eternal Feather"},{"floor":24.0,"key":"InkBottle"},{"floor":26.0,"key":"Whetstone"},{"floor":40.0,"key":"Regal Pillow"},{"floor":42.0,"key":"Calipers"},{"floor":47.0,"key":"Ornamental Fan"}],"event_choices":[{"damage_healed":0.0,"max_hp_gain":0.0,"max_hp_loss":0.0,"gold_gain":0.0,"event_name":"Shining Light","player_choice":"Ignored","floor":2.0,"gold_loss":0.0,"damage_taken":0.0},{"damage_healed":0.0,"max_hp_gain":0.0,"max_hp_loss":0.0,"gold_gain":0.0,"event_name":"The Library","player_choice":"Read","floor":20.0,"gold_loss":0.0,"damage_taken":0.0,"cards_obtained":["Perfected Strike"]},{"damage_healed":0.0,"max_hp_gain":0.0,"max_hp_loss":0.0,"gold_gain":0.0,"event_name":"The Mausoleum","player_choice":"Opened","floor":22.0,"gold_loss":0.0,"damage_taken":0.0,"relics_obtained":["Art of War"],"cards_obtained":["Writhe"]},{"damage_healed":0.0,"max_hp_gain":5.0,"max_hp_loss":0.0,"gold_gain":0.0,"event_name":"Forgotten Altar","player_choice":"Shed Blood","floor":27.0,"gold_loss":0.0,"damage_taken":29.0}],"is_beta":false,"boss_relics":[{"not_picked":["Busted Crown","SlaversCollar"],"picked":"Snecko Eye"},{"not_picked":["Pandora\u0027s Box","Runic Pyramid"],"picked":"Velvet Choker"}],"items_purged_floors":[4,39],"is_endless":false,"potions_floor_spawned":[7,10,11,12,16,29,31,33,36,42,44,45],"killed_by":"Awakened One","ascension_level":20}}