{"host":"xj2wyr3bqqv4irjd","time":1612126610,"event":{"mods":["Act Like it!","Aspiration","BaseMod","Koishi","Lobotomy","LobotomyExtend","Marisa£®ÏF”Í°°ƒß¿Ì…≥£©","Minty Spire (QoL Compilation)","Quick Restart","Rare Cards Sparkle","Reimu£®≤©¿ˆ¡È√Œ£©","Remilia£®¿Ÿ√◊¿Ú—«£©","Replay The Spire","SIMod","StSLib","The Alterego","Waifu the Spire","WarShipGirlsR/’ΩΩ¢…Ÿ≈ÆR mod","Yakumo Yukari mod","Youmu£®ªÍ∆«—˝√Œ£©"],"gold_per_floor":[140,156,172,185,185,185,220,220,220,249,249,249,249,265,265,366,366,266,266,266,266,266,300,300,320,320,350,350,111,143,143,143,239,239,252,252,252,271,127,160,160,185,185,185,205,232,232,59,59,59,59,59,59,59,88,88],"floor_reached":57,"language":"ZHS","playtime":2814,"items_purged":["AT_purpleEX","ReplayTheSpireMod:Splinters","Sickly"],"score":1864,"play_id":"e0e36355-8207-4505-a8d4-f333a11077de","local_time":"20210201045650","is_ascension_mode":true,"campfire_choices":[{"data":"Observe_purple_2","floor":6.0,"key":"SMITH"},{"data":"AT_purpleEX","floor":8.0,"key":"PURGE"},{"data":"GluttonyofRealm_purpleEX","floor":24.0,"key":"SMITH"},{"floor":28.0,"key":"REST"},{"data":"AT_purpleEX","floor":32.0,"key":"PURGE"},{"floor":41.0,"key":"RECALL"},{"data":"WatchEChange_purple","floor":44.0,"key":"SMITH"},{"data":"MeetDecomposer_purple","floor":47.0,"key":"SMITH"},{"data":"WangLiang_OokamiKakushi_purple","floor":49.0,"key":"SMITH"}],"circlet_count":0,"master_deck":["Defend_purpleEX","Defend_purpleEX","Defend_purpleEX","Defend_purpleEX","Observe_purple_1","Observe_purple_2+1","BarrageBoundary_PipeDream_purple","StateErode_purple+1","Worldmountain_purple+1","WorldDissolvedintheRealm_purple+1","Boundary_DreamRealityDamnation_purple","GluttonyofRealm_purpleEX+1","WangLiang_OokamiKakushi_purple+1","Mirror_FourBoundary_purple","DarkRealmRedLine_purple+1","WatchEChange_purple+1","ContainerChange_purple","Boundary_LifeAndDeath_purple","RuleDissolution_purple+1","CommonSense_AntiCommonSense_purple+1","Umbrella_purple+1","MeetDecomposer_purple+1","Fantasy_PerpetualMotionMachine_purple+1","RuptureOfTimeAndSpace_purple"],"relics":["Boundary_crack","Memoryfragments_purpleEX","LetterFromLob","Replay:Multitool","Tea:ReiMu","Sundial","Lizard Tail","Replay:Ancient Bell","PreservedInsect","Molten Egg 2","Du-Vu Doll","LaetitiaHeart","MutagenicStrength","aspiration:RitualStick","Blue Doll","Pantograph","Iron Hammer","Art of War","Coffee Dripper","Juzu Bracelet","aspiration:HiddenCompartment","Parasol_purpleEX","Ginger"],"acts_visited":["Exordium","TheCity","TheBeyond","TheEnding"],"potions_floor_usage":[56],"damage_taken":[{"damage":8.0,"enemies":"Jaw Worm","floor":1.0,"turns":5.0},{"damage":3.0,"enemies":"Small Slimes","floor":2.0,"turns":4.0},{"damage":5.0,"enemies":"2 Louse","floor":4.0,"turns":2.0},{"damage":35.0,"enemies":"Replay:BlueRogue","floor":7.0,"turns":7.0},{"damage":19.0,"enemies":"Lagavulin","floor":10.0,"turns":7.0},{"damage":0.0,"enemies":"2 Fungi Beasts","floor":14.0,"turns":2.0},{"damage":36.0,"enemies":"Hexaghost","floor":16.0,"turns":9.0},{"damage":0.0,"enemies":"Chosen","floor":18.0,"turns":1.0},{"damage":0.0,"enemies":"Chosen","floor":18.0,"turns":1.0},{"damage":3.0,"enemies":"Chosen","floor":18.0,"turns":2.0},{"damage":28.0,"enemies":"Slavers","floor":23.0,"turns":2.0},{"damage":3.0,"enemies":"Chosen","floor":25.0,"turns":2.0},{"damage":35.0,"enemies":"Book of Stabbing","floor":27.0,"turns":3.0},{"damage":0.0,"enemies":"Gremlin Leader","floor":30.0,"turns":2.0},{"damage":16.0,"enemies":"Collector","floor":33.0,"turns":4.0},{"damage":0.0,"enemies":"3 Shapes","floor":35.0,"turns":3.0},{"damage":4.0,"enemies":"Orin","floor":37.0,"turns":7.0},{"damage":10.0,"enemies":"3 Darklings","floor":38.0,"turns":2.0},{"damage":14.0,"enemies":"Nemesis","floor":40.0,"turns":3.0},{"damage":0.0,"enemies":"Reptomancer","floor":42.0,"turns":1.0},{"damage":0.0,"enemies":"Transient","floor":45.0,"turns":5.0},{"damage":6.0,"enemies":"Giant Head","floor":46.0,"turns":5.0},{"damage":28.0,"enemies":"Awakened One","floor":50.0,"turns":7.0},{"damage":29,"enemies":"Shield and Spear","floor":55,"turns":4},{"damage":52,"enemies":"The Heart","floor":56,"turns":5}],"seed_played":"-6518953103207094201","potions_obtained":[{"floor":1.0,"key":"FearPotion"},{"floor":10.0,"key":"SmokeBomb"},{"floor":25.0,"key":"GrandPatriotsElixir:ReiMu"},{"floor":27.0,"key":"Explosive Potion"},{"floor":38.0,"key":"SkillPotion"},{"floor":46.0,"key":"Doom Potion"}],"is_trial":false,"path_per_floor":["M","M","?","M","?","R","E","R","T","E","R","?","?","M","R","B",null,"M","?","?","?","?","E","R","M","T","E","R","$","E","?","R","B",null,"M","?","?","M","$","E","R","E","T","R","M","E","R","$","R","B",null,null,"R","$","E","B",null],"character_chosen":"Youkari","items_purchased":["ContainerChange_purple","CommonSense_AntiCommonSense_purple+1","Fantasy_PerpetualMotionMachine_purple+1"],"campfire_rested":1,"item_purchase_floors":[29,39,48],"current_hp_per_floor":[55,53,53,48,56,56,24,24,24,7,28,21,33,33,54,18,57,62,62,62,62,47,22,22,20,20,27,50,50,53,53,53,62,75,83,79,75,66,66,67,67,72,72,72,81,84,84,84,84,77,77,88,91,91,71,51],"gold":88,"neow_bonus":"ONE_RANDOM_RARE_CARD","is_daily":false,"chose_seed":false,"campfire_upgraded":5,"win_rate":0.0,"timestamp":1612126610,"path_taken":["M","M","?","M","?","R","E","R","T","E","R","?","?","M","R","BOSS","M","?","?","?","?","E","R","M","T","E","R","$","E","?","R","BOSS","M","?","?","M","$","E","R","E","T","R","M","E","R","?","R","BOSS","R","$","E","BOSS"],"items_purchased_type":["Card","Card","Card"],"build_version":"2020-12-22","purchased_purges":3,"victory":true,"max_hp_per_floor":[70,70,70,70,70,70,70,70,70,70,70,70,70,70,70,70,70,76,76,76,76,76,79,79,79,79,79,79,79,79,79,79,79,79,83,79,79,79,79,83,83,83,83,83,87,91,91,91,91,91,91,91,91,91,95,95],"card_choices":[{"not_picked":["StateDuplicate_purple","ExistenceContinue_purple"],"picked":"StateErode_purple","floor":1.0},{"not_picked":["SfantasyHide_purple","Fantasy_PerpetualMotionMachine_purple"],"picked":"Worldmountain_purple","floor":2.0},{"not_picked":["Umbrella_purple","ExternalForce_HighSpeedFlying_purple"],"picked":"WorldDissolvedintheRealm_purple","floor":3.0},{"not_picked":["Worldmountain_purple","ExistenceContinue_purple","Line_surface_state_purple"],"picked":"SKIP","floor":4.0},{"not_picked":["Mirror_Drifter_purple","CommonSense_AntiCommonSense_purple"],"picked":"Boundary_DreamRealityDamnation_purple","floor":7.0},{"not_picked":["Bait_HighSpeedFlying_purple","Shallow_ocean_purpleEX","ExternalForce_HighSpeedFlying_purple"],"picked":"SKIP","floor":10.0},{"not_picked":["AdvanceAttack_purple","Worldmountain_purple"],"picked":"GluttonyofRealm_purpleEX","floor":14.0},{"not_picked":["Know_ledgeAbilityRealm_purple","UniverseChoice_purple"],"picked":"WangLiang_OokamiKakushi_purple","floor":16.0},{"not_picked":["Gluttony_TH","Normality"],"picked":"ReplayTheSpireMod:Splinters","floor":17.0},{"not_picked":["Sloth_TH","Poor:ReiMu"],"picked":"ReplayTheSpireMod:IOU","floor":17.0},{"not_picked":["Looming Evil","ReplayTheSpireMod:Faulty Equipment"],"picked":"Sickly","floor":17.0},{"not_picked":["Charmbait_purple+1","StateErode_purple+1"],"picked":"Mirror_FourBoundary_purple","floor":23.0},{"not_picked":["Realm_recovery_purpleEX","PositiveMatter_Antimatter_Universe_purple"],"picked":"DarkRealmRedLine_purple+1","floor":25.0},{"not_picked":["DarkRealmRedLine_purple+1","Line_surface_state_purple"],"picked":"WatchEChange_purple","floor":27.0},{"not_picked":["BarrageBoundary_PipeDream_purple+1","Realm_recovery_purpleEX","OmniscientAndOmnipotent_Monster_purple+1"],"picked":"SKIP","floor":30.0},{"not_picked":["BarrageBoundary_PipeDream_purple+1","D_absorption_purple"],"picked":"Boundary_LifeAndDeath_purple","floor":33.0},{"not_picked":["OpenedBox_purple+1","OmniscientAndOmnipotent_Monster_purple+1","Realm_recovery_purpleEX"],"picked":"SKIP","floor":35.0},{"not_picked":["Mirror_FormAndEmptin_purple","ExistenceContinue_purple+1"],"picked":"RuleDissolution_purple+1","floor":38.0},{"not_picked":["WorldDissolvedintheRealm_purple+1","Boundary_of_Extermination_purpleEX"],"picked":"Umbrella_purple+1","floor":40.0},{"not_picked":["Mirror_Drifter_purple+1","ExistenceContinue_purple+1","WangLiang_OokamiKakushi_purple+1"],"picked":"SKIP","floor":42.0},{"not_picked":["Shallow_ocean_purpleEX+1","OmniscientAndOmnipotent_Monster_purple+1","ExistenceContinue_purple+1"],"picked":"SKIP","floor":45.0},{"not_picked":["Charmbait_purple+1","RealityDreamConfluencek_purple+1"],"picked":"MeetDecomposer_purple","floor":46.0},{"not_picked":["MetroBOOM_purple","Line_surface_state_purple"],"picked":"RuptureOfTimeAndSpace_purple","floor":55}],"player_experience":573287,"relics_obtained":[{"floor":1.0,"key":"LetterFromLob"},{"floor":3.0,"key":"Replay:Multitool"},{"floor":7.0,"key":"Tea:ReiMu"},{"floor":9.0,"key":"Sundial"},{"floor":10.0,"key":"Lizard Tail"},{"floor":23.0,"key":"Blue Doll"},{"floor":26.0,"key":"Pantograph"},{"floor":27.0,"key":"Iron Hammer"},{"floor":30.0,"key":"Art of War"},{"floor":40.0,"key":"Juzu Bracelet"},{"floor":42.0,"key":"aspiration:HiddenCompartment"},{"floor":46.0,"key":"Parasol_purpleEX"},{"floor":55,"key":"Ginger"}],"event_choices":[{"cards_removed":["AT_purpleEX"],"damage_healed":0.0,"max_hp_gain":0.0,"max_hp_loss":0.0,"gold_gain":0.0,"event_name":"Golden Wing","player_choice":"Card Removal","floor":12.0,"gold_loss":0.0,"damage_taken":7.0},{"damage_healed":0.0,"max_hp_gain":0.0,"max_hp_loss":0.0,"gold_gain":0.0,"event_name":"Drug Dealer","player_choice":"Inject Mutagens","floor":19.0,"gold_loss":0.0,"damage_taken":0.0,"relics_obtained":["MutagenicStrength"]},{"damage_healed":0.0,"max_hp_gain":0.0,"max_hp_loss":4.0,"gold_gain":0.0,"event_name":"Winding Halls","player_choice":"Max HP","floor":36.0,"gold_loss":0.0,"damage_taken":0.0},{"damage_healed":0.0,"max_hp_gain":0.0,"max_hp_loss":0.0,"gold_gain":0.0,"event_name":"OrinTheCat","player_choice":"Fight","floor":37.0,"gold_loss":0.0,"damage_taken":0.0}],"is_beta":false,"boss_relics":[{"not_picked":["aspiration:RunicSpoon","Painkiller Herb"],"picked":"Replay:Ancient Bell"},{"not_picked":["Boot","Replay:Baseball"],"picked":"PreservedInsect"},{"not_picked":["Replay:Bottled Snecko","Golden Egg"],"picked":"Molten Egg 2"},{"not_picked":["Pocketwatch","aspiration:AnachronicSnailShell"],"picked":"Du-Vu Doll"},{"not_picked":["aspiration:FutureDiary","Runic Pyramid"],"picked":"Coffee Dripper"}],"items_purged_floors":[29,39,48],"is_endless":false,"potions_floor_spawned":[1,10,18,18,25,27,35,38,46],"ascension_level":8}}