{"host":"6xsbn6ynqlzwllfm","time":1612127650,"event":{"mods":["2.2 Compatiblity","BaseMod","Bestiary","Colored Map","Colored Powertips","Curses Come First","Highlight Path","Keyboard Shortcuts","Minty Spire (QoL Compilation)","Relic Stats","Slay the Relics Exporter","StSLib","SuperFastMode"],"gold_per_floor":[117,133,153,75,91,91,126,146,170,196,206,206,222,252,252,252,252],"floor_reached":16,"language":"ENG","playtime":473,"items_purged":[],"score":248,"play_id":"0dc9fcee-38ba-44e1-ad56-b4c7ffad3a8e","local_time":"20210131161410","is_ascension_mode":true,"campfire_choices":[{"data":"Brilliance","floor":6,"key":"SMITH"},{"floor":12,"key":"REST"},{"data":"CrushJoints","floor":15,"key":"SMITH"}],"circlet_count":0,"master_deck":["AscendersBane","Strike_P","Strike_P","Strike_P","Strike_P","Defend_P","Defend_P","Defend_P","Defend_P","Eruption","Vigilance","CutThroughFate","Brilliance+1","FollowUp","LikeWater","Vault","CrushJoints+1","Consecrate","CarveReality","FollowUp","Blasphemy"],"relics":["PureWater","Darkstone Periapt","Potion Belt","Regal Pillow","Bronze Scales"],"acts_visited":["Exordium"],"potions_floor_usage":[8,10],"damage_taken":[{"damage":7.0,"enemies":"Cultist","floor":1.0,"turns":3.0},{"damage":6.0,"enemies":"Jaw Worm","floor":2.0,"turns":6.0},{"damage":2.0,"enemies":"2 Louse","floor":3.0,"turns":3.0},{"damage":20,"enemies":"Exordium Thugs","floor":5,"turns":3},{"damage":12,"enemies":"Lagavulin","floor":7,"turns":7},{"damage":2,"enemies":"2 Fungi Beasts","floor":8,"turns":3},{"damage":12,"enemies":"3 Sentries","floor":10,"turns":8},{"damage":0,"enemies":"3 Louse","floor":11,"turns":4},{"damage":11,"enemies":"Blue Slaver","floor":13,"turns":3},{"damage":12,"enemies":"Lagavulin","floor":14,"turns":4},{"damage":22,"enemies":"The Guardian","floor":16,"turns":7}],"seed_played":"-4094165387108601673","potions_obtained":[{"floor":3.0,"key":"CultistPotion"},{"floor":8,"key":"StancePotion"},{"floor":11,"key":"ColorlessPotion"}],"is_trial":false,"path_per_floor":["M","M","M","$","M","R","E","M","T","E","M","R","M","E","R","B"],"character_chosen":"WATCHER","items_purchased":["FollowUp","Fire Potion"],"campfire_rested":1,"item_purchase_floors":[4,4],"current_hp_per_floor":[60,54,52,52,32,32,20,18,18,6,6,43,32,20,20,0,0],"gold":252,"neow_bonus":"TEN_PERCENT_HP_BONUS","is_daily":false,"chose_seed":false,"campfire_upgraded":2,"win_rate":0.0,"timestamp":1612127650,"path_taken":["M","M","M","$","M","R","E","M","T","E","?","R","M","E","R","BOSS"],"items_purchased_type":["Card","Potion"],"build_version":"2020-12-22","purchased_purges":0,"victory":false,"max_hp_per_floor":[74,74,74,74,74,74,74,74,74,74,74,74,74,74,74,74,74],"relic_stats":{"Darkstone Periapt":0,"Regal Pillow":15,"counters":[11,51],"Bronze Scales":[9],"obtain_stats":[{"Darkstone Periapt":7,"Potion Belt":9,"Regal Pillow":10,"Bronze Scales":14,"PureWater":0},{"Darkstone Periapt":5,"Potion Belt":6,"Regal Pillow":7,"Bronze Scales":10,"PureWater":0},{"Darkstone Periapt":22,"Potion Belt":25,"Regal Pillow":33,"Bronze Scales":44,"PureWater":0}]},"card_choices":[{"not_picked":["CrushJoints","EmptyBody"],"picked":"CutThroughFate","floor":2.0},{"not_picked":["PathToVictory","Crescendo"],"picked":"Brilliance","floor":3.0},{"not_picked":["Vengeance","Nirvana"],"picked":"LikeWater","floor":5},{"not_picked":["JustLucky","Crescendo"],"picked":"Vault","floor":7},{"not_picked":["JustLucky","Prostrate"],"picked":"CrushJoints","floor":8},{"not_picked":["FlurryOfBlows","WreathOfFlame"],"picked":"Consecrate","floor":10},{"not_picked":["PathToVictory","DeceiveReality"],"picked":"CarveReality","floor":11},{"not_picked":["ClearTheMind","Meditate"],"picked":"FollowUp","floor":13},{"not_picked":["ThirdEye","TalkToTheHand"],"picked":"Blasphemy","floor":14}],"player_experience":1369956,"relics_obtained":[{"floor":7,"key":"Darkstone Periapt"},{"floor":9,"key":"Potion Belt"},{"floor":10,"key":"Regal Pillow"},{"floor":14,"key":"Bronze Scales"}],"event_choices":[],"is_beta":false,"boss_relics":[],"items_purged_floors":[],"is_endless":false,"potions_floor_spawned":[3,8,11],"killed_by":"The Guardian","ascension_level":20}}