{"host":"msfr2axb1w9025n0","time":1612079764,"event":{"mods":["BaseMod","Colored Map","DeckTracker","Minty Spire (QoL Compilation)","Relic Stats"],"gold_per_floor":[116,191,210,28,28,59,2,32,59,92,142,177,217,249,261,273,273],"floor_reached":16,"language":"ENG","playtime":401,"items_purged":[],"score":243,"play_id":"1a931532-b0fe-4dc4-b77c-e80fd3cc6201","local_time":"20210131145604","is_ascension_mode":true,"campfire_choices":[{"data":"Brutality","floor":15,"key":"SMITH"}],"circlet_count":0,"master_deck":["AscendersBane","Strike_R","Strike_R","Strike_R+1","Strike_R","Strike_R","Defend_R","Defend_R","Defend_R","Defend_R","Bash+1","Uppercut","Power Through","Rupture","Battle Trance","Brutality+1","Whirlwind","Shrug It Off"],"relics":["Burning Blood","NeowsBlessing","Membership Card","CeramicFish","Mercury Hourglass","Smiling Mask","MawBank","Centennial Puzzle"],"acts_visited":["Exordium"],"potions_floor_usage":[],"damage_taken":[{"damage":0.0,"enemies":"Small Slimes","floor":1.0,"turns":1.0},{"damage":0.0,"enemies":"Cultist","floor":3.0,"turns":1.0},{"damage":0.0,"enemies":"Gremlin Nob","floor":6.0,"turns":1.0},{"damage":25.0,"enemies":"3 Sentries","floor":8.0,"turns":7.0},{"damage":4.0,"enemies":"Jaw Worm","floor":10.0,"turns":4.0},{"damage":20.0,"enemies":"Lagavulin","floor":11.0,"turns":6.0},{"damage":1.0,"enemies":"Lots of Slimes","floor":12.0,"turns":4.0},{"damage":4,"enemies":"2 Fungi Beasts","floor":13,"turns":3},{"damage":13,"enemies":"Red Slaver","floor":14,"turns":3},{"damage":40,"enemies":"Slime Boss","floor":16,"turns":3}],"seed_played":"8126399689720772413","potions_obtained":[{"floor":3.0,"key":"SteroidPotion"},{"floor":6.0,"key":"Dexterity Potion"},{"floor":13,"key":"Strength Potion"}],"is_trial":false,"path_per_floor":["M","?","M","$","?","E","?","E","T","M","E","M","M","M","R","B"],"character_chosen":"IRONCLAD","items_purchased":["Membership Card","Rupture"],"campfire_rested":0,"item_purchase_floors":[4,4],"current_hp_per_floor":[78,70,76,76,60,66,66,47,47,49,35,40,42,35,35,0,0],"gold":273,"neow_bonus":"THREE_ENEMY_KILL","is_daily":false,"chose_seed":false,"campfire_upgraded":1,"win_rate":0.0,"timestamp":1612079764,"path_taken":["M","?","?","?","?","E","?","E","T","M","E","M","M","M","R","BOSS"],"items_purchased_type":["Relic","Card"],"build_version":"2020-12-22","purchased_purges":0,"victory":false,"max_hp_per_floor":[80,80,80,80,80,80,80,80,80,80,80,80,80,80,80,80,80],"relic_stats":{"Centennial Puzzle":[12],"counters":[10,33],"CeramicFish":36,"Smiling Mask":0,"MawBank":84,"obtain_stats":[{"Centennial Puzzle":11,"NeowsBlessing":0,"CeramicFish":6,"Membership Card":4,"Smiling Mask":8,"MawBank":9,"Burning Blood":0,"Mercury Hourglass":7},{"Centennial Puzzle":6,"NeowsBlessing":0,"CeramicFish":3,"Membership Card":2,"Smiling Mask":4,"MawBank":4,"Burning Blood":0,"Mercury Hourglass":3},{"Centennial Puzzle":20,"NeowsBlessing":0,"CeramicFish":3,"Membership Card":2,"Smiling Mask":10,"MawBank":10,"Burning Blood":0,"Mercury Hourglass":3}],"Burning Blood":54,"Mercury Hourglass":[140]},"card_choices":[{"not_picked":["Flex","Sever Soul"],"picked":"Uppercut","floor":1.0},{"not_picked":["Headbutt","Sentinel"],"picked":"Power Through","floor":3.0},{"not_picked":["Iron Wave","Wild Strike","Berserk"],"picked":"SKIP","floor":6.0},{"not_picked":["Heavy Blade","Reckless Charge","Uppercut"],"picked":"SKIP","floor":8.0},{"not_picked":["Rage","Iron Wave"],"picked":"Battle Trance","floor":10.0},{"not_picked":["Reckless Charge","Sword Boomerang"],"picked":"Brutality","floor":11.0},{"not_picked":["Anger","Havoc"],"picked":"Whirlwind","floor":12.0},{"not_picked":["Shockwave","Entrench"],"picked":"Shrug It Off","floor":13},{"not_picked":["Iron Wave","Cleave","Warcry"],"picked":"SKIP","floor":14}],"player_experience":276349,"relics_obtained":[{"floor":6.0,"key":"CeramicFish"},{"floor":8.0,"key":"Smiling Mask"},{"floor":9.0,"key":"MawBank"},{"floor":11.0,"key":"Centennial Puzzle"}],"event_choices":[{"damage_healed":0.0,"max_hp_gain":0.0,"max_hp_loss":0.0,"gold_gain":75.0,"event_name":"FaceTrader","player_choice":"Touch","floor":2.0,"gold_loss":0.0,"damage_taken":8.0},{"damage_healed":0.0,"max_hp_gain":0.0,"max_hp_loss":0.0,"gold_gain":0.0,"event_name":"Shining Light","player_choice":"Entered Light","floor":5.0,"gold_loss":0.0,"damage_taken":16.0,"cards_upgraded":["Bash","Strike_R"]},{"damage_healed":0.0,"max_hp_gain":0.0,"max_hp_loss":0.0,"gold_gain":0.0,"event_name":"WeMeetAgain","player_choice":"Paid Gold","floor":7.0,"gold_loss":57.0,"damage_taken":0.0,"relics_obtained":["Mercury Hourglass"]}],"is_beta":false,"boss_relics":[],"items_purged_floors":[],"is_endless":false,"potions_floor_spawned":[3,6,8,10,13],"killed_by":"Slime Boss","ascension_level":13}}