{"host":"gzk4gkgy3zij1c51","time":1612126786,"event":{"mods":["BaseMod","Colored Map","Downfall","Highlight Path","Marked Mod","Minty Spire (QoL Compilation)","Relic Stats","StSLib","everything is the same but u backflip on backflip"],"gold_per_floor":[99,109,127,127,140,170,170,227,261,273,21,34,34,45,61,61,61,61],"floor_reached":16,"language":"ENG","playtime":1078,"items_purged":["downfall:Malfunctioning"],"score":143,"play_id":"ed8a74eb-e406-4b78-beaf-6a5ac0be85a5","local_time":"20210131205946","is_ascension_mode":true,"campfire_choices":[{"data":"hexamod:Float","floor":1.0,"key":"SMITH"},{"data":"hexamod:GhostOfSpirePresent","floor":13,"key":"SMITH"}],"circlet_count":0,"master_deck":["hexamod:Strike","hexamod:Strike+1","hexamod:Strike+1","hexamod:Strike","hexamod:Defend","hexamod:Defend","hexamod:Defend","hexamod:Defend","hexamod:Sear+1","hexamod:Float+1","hexamod:FlamesFromBeyond+1","hexamod:PowerFromBeyond","hexamod:GhostOfSpirePast","hexamod:RadiantFlame","hexamod:BurningTouch","hexamod:GhostOfSpirePresent+1","hexamod:FirstSeal","hexamod:ThermalTransfer","hexamod:FastForward","hexamod:FourthSeal","hexamod:StepThrough","hexamod:EtherealExpedition","hexamod:ShieldOfDarkness","hexamod:SecondSeal"],"relics":["hexamod:SpiritBrand","Akabeko","White Beast Statue","Whetstone","Juzu Bracelet","Meat on the Bone"],"acts_visited":["Exordium"],"potions_floor_usage":[11,11,14,15,16,16,16],"damage_taken":[{"damage":0.0,"enemies":"2 Louse","floor":2.0,"turns":2.0},{"damage":0.0,"enemies":"Cultist","floor":3.0,"turns":3.0},{"damage":7.0,"enemies":"Jaw Worm","floor":5.0,"turns":3.0},{"damage":17.0,"enemies":"Lagavulin","floor":6.0,"turns":6.0},{"damage":11.0,"enemies":"Lagavulin Event","floor":8.0,"turns":3.0},{"damage":15.0,"enemies":"3 Sentries","floor":9.0,"turns":6.0},{"damage":15.0,"enemies":"Large Slime","floor":10.0,"turns":6.0},{"damage":10,"enemies":"downfall:FleeingMerchant","floor":11,"turns":4},{"damage":7,"enemies":"2 Fungi Beasts","floor":12,"turns":3},{"damage":3,"enemies":"3 Louse","floor":14,"turns":3},{"damage":0,"enemies":"Gremlin Gang","floor":15,"turns":3},{"damage":72,"enemies":"DF_ARCHETYPE_STREAMLINE","floor":16,"turns":9}],"seed_played":"5799959993433567156","potions_obtained":[{"floor":5.0,"key":"Energy Potion"},{"floor":8.0,"key":"LiquidBronze"},{"floor":9.0,"key":"Fire Potion"},{"floor":10.0,"key":"hexamod:SoulburnPotion"},{"floor":11,"key":"hexamod:InfernoChargePotion"},{"floor":12,"key":"DistilledChaos"},{"floor":12,"key":"champ:CounterPotion"},{"floor":14,"key":"AttackPotion"},{"floor":15,"key":"FearPotion"}],"is_trial":false,"path_per_floor":["R","M","M","?","M","E","T","?","E","M","$","M","R","M","M","B"],"character_chosen":"THE_SPIRIT","items_purchased":["hexamod:FastForward","hexamod:FourthSeal","hexamod:StepThrough"],"campfire_rested":0,"item_purchase_floors":[11,11,11],"current_hp_per_floor":[70,70,70,70,63,46,46,35,20,17,26,38,38,47,54,0,0,0],"gold":61,"neow_bonus":"RANDOM_COMMON_RELIC","is_daily":false,"chose_seed":false,"campfire_upgraded":2,"win_rate":0.0,"timestamp":1612126786,"path_taken":["R","M","M","?","?","E","T","?","E","M","$","M","R","M","M","BOSS"],"items_purchased_type":["Card","Card","Card"],"build_version":"2020-12-22","purchased_purges":1,"victory":false,"max_hp_per_floor":[70,70,70,70,70,70,70,70,70,70,70,70,70,70,70,70,70,70],"relic_stats":{"counters":[12,51],"Juzu Bracelet":0,"Whetstone":["hexamod:Strike","hexamod:Strike"],"obtain_stats":[{"Juzu Bracelet":8,"Whetstone":7,"hexamod:SpiritBrand":0,"Akabeko":0,"White Beast Statue":6,"Meat on the Bone":9},{"Juzu Bracelet":5,"Whetstone":4,"hexamod:SpiritBrand":0,"Akabeko":0,"White Beast Statue":4,"Meat on the Bone":6},{"Juzu Bracelet":17,"Whetstone":14,"hexamod:SpiritBrand":0,"Akabeko":0,"White Beast Statue":14,"Meat on the Bone":23}],"Meat on the Bone":48},"card_choices":[{"not_picked":["hexamod:SwordOfDarkness","hexamod:GhostflameBarrier"],"picked":"hexamod:FlamesFromBeyond","floor":2.0},{"not_picked":["hexamod:NightmareGuise","hexamod:NightmareStrike"],"picked":"hexamod:PowerFromBeyond","floor":3.0},{"not_picked":["hexamod:SkipABeat","hexamod:ExtraCrispy"],"picked":"hexamod:GhostOfSpirePast","floor":5.0},{"not_picked":["hexamod:Hexaguard","hexamod:BacktrackSmack"],"picked":"hexamod:RadiantFlame","floor":6.0},{"not_picked":["hexamod:FlamesFromBeyond","hexamod:DynamicBlow"],"picked":"hexamod:BurningTouch","floor":8.0},{"not_picked":["hexamod:ThermalTransfer","hexamod:VolcanoVisage"],"picked":"hexamod:GhostOfSpirePresent","floor":9.0},{"not_picked":["hexamod:BurningTouch","hexamod:NightmareGuise"],"picked":"hexamod:FirstSeal","floor":10.0},{"not_picked":["hexamod:FourthSeal","hexamod:DynamicBlow"],"picked":"hexamod:ThermalTransfer","floor":11},{"not_picked":["hexamod:GhostOfSpireFuture","hexamod:PhantomCloak"],"picked":"hexamod:EtherealExpedition","floor":12},{"not_picked":["hexamod:BurningTouch","hexamod:PowerFromBeyond"],"picked":"hexamod:ShieldOfDarkness","floor":14},{"not_picked":["hexamod:BacktrackSmack","hexamod:ThermalTransfer"],"picked":"hexamod:SecondSeal","floor":15}],"player_experience":1107823,"relics_obtained":[{"floor":6.0,"key":"White Beast Statue"},{"floor":7.0,"key":"Whetstone"},{"floor":8.0,"key":"Juzu Bracelet"},{"floor":9.0,"key":"Meat on the Bone"}],"event_choices":[],"is_beta":false,"boss_relics":[],"items_purged_floors":[11],"is_endless":false,"potions_floor_spawned":[5,8,9,10,11,12,14,15],"killed_by":"DF_ARCHETYPE_STREAMLINE","ascension_level":5}}