{"host":"290egjt91b2tngam","time":1612058427,"event":{"mods":["BaseMod","Colored Map","Colored Powertips","Downfall","Hubris","Infinite Spire","Marisa????????","Minty Spire (QoL Compilation)","Replay The Spire","StSLib","The Bug Knight","The Cursed","The Servant 0.9.4"],"gold_per_floor":[114,389,405,405,425,425,138,164,164,181,191,226,226,255,255,351,351,368,381,396,396,396,426,426,461,461,476,493,512,542,557,557,659,759,777,777,796,810,810,853,862,900,900,900,900],"floor_reached":44,"language":"ENG","playtime":4157,"items_purged":["Regret"],"score":880,"play_id":"5f906817-6e68-41d8-b38c-be460386bfda","local_time":"20210131090027","is_ascension_mode":true,"campfire_choices":[{"data":"Replay:AtTheReady","floor":6.0,"key":"SMITH"},{"data":"SignatureMove","floor":15.0,"key":"SMITH"},{"data":"Swivel","floor":24.0,"key":"SMITH"},{"floor":32,"key":"REST"}],"circlet_count":0,"master_deck":["Strike_P","Strike_P","Strike_P","Strike_P+1","Defend_P","Defend_P","Defend_P","Defend_P","Eruption+1","Vigilance","TalkToTheHand","EmptyFist","Replay:AtTheReady+1","FlurryOfBlows+1","FlurryOfBlows+1","Replay:BluntJabs","Protect","JustLucky+1","EmptyBody","TalkToTheHand","PathToVictory+1","SignatureMove+1","LessonLearned","Protect","Swivel+1","CrushJoints","infinitespire:Gouge","Replay:Battleflow","SandsOfTime+1","SashWhip+1","FlurryOfBlows+1","PathToVictory+1","Protect","Judgement","ThirdEye+1","BattleHymn+1","PathToVictory+1","PathToVictory","Writhe","SpiritShield"],"relics":["PureWater","Centennial Puzzle","Replay:Wax Seal","Regal Pillow","FossilizedHelix","hubris:SlimyHat","Strawberry","Painkiller Herb","Replay:Bottled Eggs","Nilry\u0027s Codex","hubris:64BitClover","infinitespire:Broken Mirror","Akabeko","Damaru","Replay:Wanted Poster","Bird Faced Urn","hubris:EvacipatedBox","OrangePellets","CeramicFish","infinitespire:Bottled Soul","Sundial"],"acts_visited":["Exordium","TheCity","TheBeyond"],"potions_floor_usage":[28,28,30,33,33,40],"damage_taken":[{"damage":0.0,"enemies":"2 Louse","floor":1.0,"turns":2.0},{"damage":3.0,"enemies":"Cultist","floor":3.0,"turns":4.0},{"damage":3.0,"enemies":"Jaw Worm","floor":5.0,"turns":3.0},{"damage":0.0,"enemies":"HollowMod:MossKnight","floor":8.0,"turns":5.0},{"damage":0.0,"enemies":"Red Slaver","floor":10.0,"turns":2.0},{"damage":6.0,"enemies":"3 Louse","floor":11.0,"turns":3.0},{"damage":0.0,"enemies":"Gremlin Nob","floor":12.0,"turns":3.0},{"damage":10.0,"enemies":"3 Sentries","floor":14.0,"turns":12.0},{"damage":17.0,"enemies":"The Guardian","floor":16.0,"turns":12.0},{"damage":0.0,"enemies":"Shell Parasite","floor":18.0,"turns":2.0},{"damage":0.0,"enemies":"2 Thieves","floor":19.0,"turns":4.0},{"damage":1.0,"enemies":"Chosen and Byrds","floor":20.0,"turns":6.0},{"damage":12.0,"enemies":"Gremlin Leader","floor":23.0,"turns":6.0},{"damage":23.0,"enemies":"Slavers","floor":25.0,"turns":8.0},{"damage":0.0,"enemies":"Snake Plant","floor":27.0,"turns":2.0},{"damage":0,"enemies":"Sentry and Sphere","floor":28,"turns":3},{"damage":0,"enemies":"Cultist and Chosen","floor":29,"turns":4},{"damage":0,"enemies":"Gremlin Leader","floor":30,"turns":5},{"damage":0,"enemies":"Centurion and Healer","floor":31,"turns":2},{"damage":0,"enemies":"Collector","floor":33,"turns":7},{"damage":0,"enemies":"3 Shapes","floor":35,"turns":3},{"damage":0,"enemies":"Orb Walker","floor":37,"turns":3},{"damage":9,"enemies":"Jaw Worm Horde","floor":38,"turns":4},{"damage":18,"enemies":"Nemesis","floor":40,"turns":7},{"damage":7,"enemies":"HollowMod:StalkingDevout","floor":42,"turns":6},{"damage":28,"enemies":"Nightmare","floor":44,"turns":3}],"seed_played":"-2119771336630346763","potions_obtained":[{"floor":1.0,"key":"Block Potion"},{"floor":5.0,"key":"Adrenaline Potion"},{"floor":10.0,"key":"Elixir"},{"floor":19.0,"key":"Explosive Potion"},{"floor":20.0,"key":"sneckomod:MuddlingPotion"},{"floor":25.0,"key":"Strength Potion"},{"floor":27.0,"key":"PowerPotion"},{"floor":28,"key":"BottledMiracle"},{"floor":31,"key":"Explosive Potion"},{"floor":33,"key":"Ambrosia"},{"floor":35,"key":"BlessingOfTheForge"},{"floor":40,"key":"bronze:BurnAndBuffPotion"}],"is_trial":false,"path_per_floor":["M","?","M","?","M","R","$","E","T","M","M","E","?","E","R","B",null,"?","?","?","AVR","?","E","T","E","T","?","?","?","E","?","T","B",null,"?","?","?","?","T","E","?","E","T","NM"],"character_chosen":"WATCHER","items_purchased":["Replay:Wax Seal","FlurryOfBlows","Replay:BluntJabs","Protect","hubris:EvacipatedBox","OrangePellets"],"campfire_rested":1,"item_purchase_floors":[7,7,7,7,39,39],"current_hp_per_floor":[72,72,69,69,66,66,66,66,66,66,60,60,60,57,57,40,79,79,79,78,78,62,50,50,27,27,27,27,27,27,27,65,65,79,79,79,79,70,41,25,45,42,42,16,16],"gold":900,"neow_bonus":"RANDOM_COMMON_RELIC","is_daily":false,"chose_seed":false,"campfire_upgraded":3,"win_rate":0.0,"timestamp":1612058427,"path_taken":["M","?","?","?","M","R","$","E","T","?","M","E","?","E","R","BOSS","?","?","?","AVR","?","E","T","E","T","?","?","?","E","?","T","BOSS","?","?","?","?","?","E","?","E","T","NM"],"items_purchased_type":["Relic","Card","Card","Card","Relic","Relic"],"build_version":"2020-12-22","purchased_purges":1,"victory":false,"max_hp_per_floor":[72,72,72,72,72,72,72,72,72,72,72,72,72,79,79,79,79,79,79,79,79,79,79,79,79,79,79,79,79,79,79,79,79,79,79,79,79,79,79,79,79,79,79,79,79],"card_choices":[{"not_picked":["Fasting2","ThirdEye"],"picked":"BattleHymn","floor":1.0},{"not_picked":["Halt","ThirdEye"],"picked":"TalkToTheHand","floor":3.0},{"not_picked":["Pray","Collect"],"picked":"Replay:AtTheReady","floor":5.0},{"not_picked":["Worship","ClearTheMind"],"picked":"JustLucky","floor":8.0},{"not_picked":["FlyingSleeves","ClearTheMind"],"picked":"EmptyBody","floor":10.0},{"not_picked":["EmptyMind","CutThroughFate"],"picked":"TalkToTheHand","floor":11.0},{"not_picked":["DeceiveReality","Consecrate"],"picked":"PathToVictory","floor":12.0},{"not_picked":["Halt","CutThroughFate"],"picked":"SignatureMove","floor":14.0},{"not_picked":["Vault","Blasphemy"],"picked":"LessonLearned","floor":16.0},{"not_picked":["ClearTheMind","Crescendo+1"],"picked":"Protect","floor":18.0},{"not_picked":["CutThroughFate","Nirvana"],"picked":"Swivel","floor":19.0},{"not_picked":["Brilliance","Replay:AtTheReady+1"],"picked":"CrushJoints","floor":20.0},{"not_picked":["Prostrate","Replay:DivineShield"],"picked":"Replay:Battleflow","floor":23.0},{"not_picked":["MentalFortress+1","Blasphemy"],"picked":"Replay:Battleflow","floor":25.0},{"not_picked":["Indignation","Replay:DivineShield+1"],"picked":"SandsOfTime+1","floor":27.0},{"not_picked":["DeceiveReality","ReachHeaven+1"],"picked":"SashWhip+1","floor":28},{"not_picked":["Replay:ManipulateFuture","FollowUp+1"],"picked":"FlurryOfBlows+1","floor":29},{"not_picked":["ThirdEye","WreathOfFlame"],"picked":"PathToVictory+1","floor":30},{"not_picked":["CarveReality","Evaluate"],"picked":"Protect","floor":31},{"not_picked":["LessonLearned","SpiritShield"],"picked":"Judgement","floor":33},{"not_picked":["Protect","Meditate+1"],"picked":"ThirdEye+1","floor":35},{"not_picked":["Study+1","MentalFortress"],"picked":"BattleHymn+1","floor":37},{"not_picked":["Perseverance+1","JustLucky"],"picked":"PathToVictory+1","floor":38},{"not_picked":["BowlingBash","EmptyFist+1"],"picked":"PathToVictory","floor":40},{"not_picked":["CutThroughFate","Replay:BluntJabs"],"picked":"SpiritShield","floor":42}],"player_experience":745550,"relics_obtained":[{"floor":8.0,"key":"Regal Pillow"},{"floor":9.0,"key":"FossilizedHelix"},{"floor":12.0,"key":"hubris:SlimyHat"},{"floor":14.0,"key":"Strawberry"},{"floor":22.0,"key":"Nilry\u0027s Codex"},{"floor":23.0,"key":"hubris:64BitClover"},{"floor":25.0,"key":"infinitespire:Broken Mirror"},{"floor":26.0,"key":"Akabeko"},{"floor":30,"key":"Damaru"},{"floor":37,"key":"Bird Faced Urn"},{"floor":40,"key":"CeramicFish"},{"floor":42,"key":"infinitespire:Bottled Soul"},{"floor":43,"key":"Sundial"}],"event_choices":[{"damage_healed":0.0,"max_hp_gain":0.0,"max_hp_loss":0.0,"gold_gain":275.0,"event_name":"Golden Shrine","player_choice":"Desecrate","floor":2.0,"gold_loss":0.0,"damage_taken":0.0,"cards_obtained":["Regret"]},{"damage_healed":0.0,"max_hp_gain":0.0,"max_hp_loss":0.0,"gold_gain":0.0,"cards_transformed":["BattleHymn"],"event_name":"Transmorgrifier","player_choice":"Transformed","floor":4.0,"gold_loss":0.0,"damage_taken":0.0,"cards_obtained":["EmptyFist"]},{"damage_healed":0.0,"max_hp_gain":0.0,"max_hp_loss":0.0,"gold_gain":0.0,"event_name":"Cursed Tome","player_choice":"Obtained Book","floor":22.0,"gold_loss":0.0,"damage_taken":16.0},{"cards_removed":["Replay:Battleflow"],"damage_healed":0,"gold_gain":0,"player_choice":"Purged","damage_taken":0,"max_hp_gain":0,"max_hp_loss":0,"event_name":"Purifier","floor":36,"gold_loss":0},{"damage_healed":20,"gold_gain":0,"player_choice":"Writhe","damage_taken":0,"max_hp_gain":0,"max_hp_loss":0,"event_name":"Winding Halls","floor":41,"gold_loss":0,"cards_obtained":["Writhe"]}],"is_beta":false,"boss_relics":[{"not_picked":["Velvet Choker","Ring of Chaos"],"picked":"Painkiller Herb"},{"not_picked":["Empty Cage","hubris:GrandSneckoEye"],"picked":"Replay:Wanted Poster"}],"items_purged_floors":[7],"is_endless":false,"potions_floor_spawned":[1,5,10,19,20,25,27,28,31,33,35,40],"killed_by":"Nightmare","ascension_level":3}}