{"host":"x5w9zppki4gdwvc7","time":1612106550,"event":{"mods":["AchievementEnabler","BaseMod","Colored Powertips","DeckTracker","Minty Spire (QoL Compilation)","Relic Sorter","SuperFastMode"],"gold_per_floor":[110,110,110,128,78,78,99,24,24,24,24,24,24,63,63,186,186,174,174,197,99,113,113,38,82,82,107,107,150,150,35,35,160,160,175,194,194,194,56,56,72,95,121,157,157,32,32,48,48,48,48],"floor_reached":50,"language":"ENG","playtime":2380,"items_purged":["Strike_G","Bite","Defend_G"],"score":577,"play_id":"792792cc-6e59-44f6-8e1c-689920f98cbb","local_time":"20210131162230","is_ascension_mode":true,"campfire_choices":[{"data":"Blade Dance","floor":6,"key":"SMITH"},{"data":"PiercingWail","floor":10,"key":"SMITH"},{"floor":12,"key":"REST"},{"floor":15,"key":"REST"},{"floor":23,"key":"REST"},{"data":"Leg Sweep","floor":32,"key":"SMITH"},{"floor":40,"key":"REST"},{"floor":47,"key":"RECALL"},{"floor":49,"key":"REST"}],"circlet_count":0,"master_deck":["Defend_G","Defend_G","Defend_G","Defend_G","Survivor","Neutralize+1","Blade Dance+1","All Out Attack","PiercingWail+1","Leg Sweep+1","Die Die Die","Noxious Fumes","Blade Dance","Flash of Steel+1","Dagger Throw+1","Bite","Bite","Bite","Acrobatics","Acrobatics","Footwork","Escape Plan","Tools of the Trade","Infinite Blades","Accuracy","PiercingWail+1","Dark Shackles+1","Terror+1","Backflip+1"],"relics":["Ring of the Snake","NeowsBlessing","Shuriken","Odd Mushroom","Ornamental Fan","Golden Idol","Dream Catcher","Sozu","Singing Bowl","Bag of Preparation","WristBlade","Whetstone","Toxic Egg 2"],"acts_visited":["Exordium","TheCity","TheBeyond"],"potions_floor_usage":[42,50],"damage_taken":[{"damage":0,"enemies":"Jaw Worm","floor":1,"turns":1},{"damage":0,"enemies":"2 Louse","floor":4,"turns":1},{"damage":0,"enemies":"The Mushroom Lair","floor":7,"turns":1},{"damage":4,"enemies":"Gremlin Nob","floor":14,"turns":3},{"damage":35,"enemies":"Slime Boss","floor":16,"turns":11},{"damage":4,"enemies":"2 Thieves","floor":18,"turns":4},{"damage":4,"enemies":"Shell Parasite","floor":20,"turns":6},{"damage":21,"enemies":"Cultist and Chosen","floor":22,"turns":7},{"damage":10,"enemies":"Gremlin Leader","floor":25,"turns":6},{"damage":12,"enemies":"Snecko","floor":27,"turns":5},{"damage":8,"enemies":"Book of Stabbing","floor":29,"turns":6},{"damage":14,"enemies":"Collector","floor":33,"turns":9},{"damage":0,"enemies":"Orb Walker","floor":35,"turns":3},{"damage":25,"enemies":"3 Shapes","floor":36,"turns":3},{"damage":16,"enemies":"Jaw Worm Horde","floor":41,"turns":3},{"damage":25,"enemies":"Spire Growth","floor":42,"turns":4},{"damage":8,"enemies":"Giant Head","floor":44,"turns":6},{"damage":15,"enemies":"Maw","floor":48,"turns":6},{"damage":35,"enemies":"Donu and Deca","floor":50,"turns":2}],"seed_played":"829576878482464373","potions_obtained":[{"floor":7,"key":"EntropicBrew"},{"floor":14,"key":"Block Potion"},{"floor":16,"key":"Dexterity Potion"}],"is_trial":false,"path_per_floor":["M","?","?","M","?","R","?","$","T","R","?","R","?","E","R","B",null,"M","?","M","$","M","R","?","E","T","M","?","E","?","$","R","B",null,"M","M","?","?","$","R","M","M","T","E","?","$","R","M","R","B"],"character_chosen":"THE_SILENT","items_purchased":["Flash of Steel","Footwork","Escape Plan","Infinite Blades"],"campfire_rested":5,"item_purchase_floors":[21,31,31,39],"current_hp_per_floor":[70,37,37,37,37,37,37,37,37,37,30,51,51,47,68,33,70,66,53,49,49,28,50,50,42,42,30,30,36,36,36,36,36,53,55,36,36,36,36,53,39,18,18,16,16,16,16,9,27,0,0],"gold":48,"neow_bonus":"THREE_ENEMY_KILL","is_daily":false,"chose_seed":false,"campfire_upgraded":3,"win_rate":0.0,"timestamp":1612106550,"path_taken":["M","?","?","M","?","R","?","?","T","R","?","R","?","E","R","BOSS","M","?","M","$","M","R","?","E","T","M","?","E","?","$","R","BOSS","M","?","?","?","?","R","M","M","T","E","?","$","R","M","R","BOSS"],"items_purchased_type":["Card","Card","Card","Card"],"build_version":"2020-12-22","purchased_purges":3,"victory":false,"max_hp_per_floor":[70,70,70,70,70,70,70,70,70,70,70,70,70,70,70,70,70,70,75,75,75,75,75,75,77,77,77,53,53,53,53,53,53,53,55,57,57,57,57,57,57,59,59,61,61,61,61,61,61,61,61],"card_choices":[{"not_picked":["Finisher","Flechettes"],"picked":"Blade Dance","floor":1},{"not_picked":["Bane","Slice"],"picked":"All Out Attack","floor":4},{"not_picked":["Deadly Poison","Calculated Gamble"],"picked":"PiercingWail","floor":7},{"not_picked":["Bane","Outmaneuver"],"picked":"Leg Sweep","floor":14},{"not_picked":["Doppelganger","Unload"],"picked":"Die Die Die","floor":16},{"not_picked":["Concentrate","Deflect"],"picked":"Noxious Fumes","floor":18},{"not_picked":["Quick Slash","Bane"],"picked":"Blade Dance","floor":20},{"not_picked":["Sucker Punch","Distraction","Poisoned Stab+1"],"picked":"SKIP","floor":22},{"not_picked":["Corpse Explosion","Eviscerate+1","Tactician"],"picked":"Singing Bowl","floor":25},{"not_picked":["PiercingWail","Acrobatics"],"picked":"Dagger Throw","floor":27},{"not_picked":["Flechettes","Quick Slash"],"picked":"Acrobatics","floor":29},{"not_picked":["Wraith Form v2","Storm of Steel"],"picked":"Tools of the Trade","floor":33},{"not_picked":["Blade Dance","Leg Sweep","Outmaneuver+1"],"picked":"Singing Bowl","floor":35},{"not_picked":["Blade Dance","Deflect","Sucker Punch+1"],"picked":"Singing Bowl","floor":36},{"not_picked":["Dagger Spray+1","Terror"],"picked":"Accuracy","floor":40},{"not_picked":["Deflect+1","Underhanded Strike"],"picked":"PiercingWail+1","floor":41},{"not_picked":["Poisoned Stab+1","Deflect+1","Flechettes+1"],"picked":"Singing Bowl","floor":42},{"not_picked":["Doppelganger+1","Dagger Throw","Dash"],"picked":"Singing Bowl","floor":44},{"not_picked":["Chrysalis+1","Transmutation+1"],"picked":"Dark Shackles+1","floor":45},{"not_picked":["Setup+1","Flechettes"],"picked":"Terror+1","floor":48},{"not_picked":["Dagger Spray","Slice+1"],"picked":"Backflip+1","floor":49}],"player_experience":321574,"relics_obtained":[{"floor":7,"key":"Odd Mushroom"},{"floor":9,"key":"Ornamental Fan"},{"floor":14,"key":"Dream Catcher"},{"floor":25,"key":"Singing Bowl"},{"floor":29,"key":"Bag of Preparation"},{"floor":43,"key":"Whetstone"},{"floor":44,"key":"Toxic Egg 2"}],"event_choices":[{"damage_healed":0,"gold_gain":0,"player_choice":"Success","damage_taken":33,"relics_obtained":["Shuriken"],"max_hp_gain":0,"max_hp_loss":0,"event_name":"Scrap Ooze","floor":2,"gold_loss":0},{"damage_healed":0,"gold_gain":0,"player_choice":"Grow","damage_taken":0,"max_hp_gain":0,"max_hp_loss":0,"event_name":"Living Wall","floor":3,"gold_loss":0,"cards_upgraded":["Neutralize"]},{"cards_removed":["Strike_G"],"damage_healed":0,"gold_gain":0,"player_choice":"Card Removal","damage_taken":0,"max_hp_gain":0,"max_hp_loss":0,"event_name":"The Cleric","floor":5,"gold_loss":50},{"damage_healed":0,"gold_gain":0,"player_choice":"Fought Mushrooms","damage_taken":0,"max_hp_gain":0,"max_hp_loss":0,"event_name":"Mushrooms","floor":7,"gold_loss":0},{"cards_removed":["Strike_G"],"damage_healed":0,"gold_gain":0,"player_choice":"Card Removal","damage_taken":7,"max_hp_gain":0,"max_hp_loss":0,"event_name":"Golden Wing","floor":11,"gold_loss":0},{"damage_healed":0,"gold_gain":0,"player_choice":"Take Wound","damage_taken":0,"relics_obtained":["Golden Idol"],"max_hp_gain":0,"max_hp_loss":0,"event_name":"Golden Idol","floor":13,"gold_loss":0,"cards_obtained":["Injury"]},{"damage_healed":0,"gold_gain":0,"player_choice":"Shed Blood","damage_taken":18,"max_hp_gain":5,"max_hp_loss":0,"event_name":"Forgotten Altar","floor":19,"gold_loss":0},{"cards_removed":["Injury"],"damage_healed":0,"gold_gain":0,"player_choice":"Gave Gold","damage_taken":0,"max_hp_gain":0,"max_hp_loss":0,"event_name":"Beggar","floor":24,"gold_loss":75},{"damage_healed":0,"gold_gain":0,"player_choice":"Became a vampire","damage_taken":0,"max_hp_gain":0,"max_hp_loss":24,"event_name":"Vampires","floor":28,"gold_loss":0,"cards_obtained":["Bite","Bite","Bite","Bite","Bite"]},{"damage_healed":0,"gold_gain":0,"player_choice":"Copied","damage_taken":0,"max_hp_gain":0,"max_hp_loss":0,"event_name":"Duplicator","floor":30,"gold_loss":0,"cards_obtained":["Acrobatics"]},{"damage_healed":0,"gold_gain":0,"player_choice":"Ignored","damage_taken":0,"max_hp_gain":0,"max_hp_loss":0,"event_name":"Mysterious Sphere","floor":37,"gold_loss":0},{"cards_removed":["Bite"],"damage_healed":0,"gold_gain":0,"player_choice":"Removed Attack","damage_taken":0,"max_hp_gain":0,"max_hp_loss":0,"event_name":"Falling","floor":38,"gold_loss":0},{"damage_healed":0,"gold_gain":0,"player_choice":"Memory 1","damage_taken":0,"max_hp_gain":0,"max_hp_loss":0,"event_name":"SensoryStone","floor":45,"gold_loss":0}],"is_beta":false,"boss_relics":[{"not_picked":["Cursed Key","Snecko Eye"],"picked":"Sozu"},{"not_picked":["Pandora\u0027s Box","Astrolabe"],"picked":"WristBlade"}],"items_purged_floors":[8,39,46],"is_endless":false,"potions_floor_spawned":[7,14,16,18,22,25,33,35,41],"killed_by":"Donu and Deca","ascension_level":2}}