{"host":"rk1e5mmpnpniq13w","time":1612133979,"event":{"mods":["BaseMod","Colored Powertips","Hubris","Minty Spire (QoL Compilation)","Replay The Spire","StSLib","The Bug Knight"],"gold_per_floor":[118,130,3,18,35,35,90,90,113,113,127,127,160,172,172,277,277,289,289,307,307,307,307,326,360,360,377,396,396,396],"floor_reached":29,"language":"ENG","playtime":5605,"items_purged":["Amnesia"],"score":247,"play_id":"9d809d50-2917-40e9-a721-e2555f971882","local_time":"20210131175939","is_ascension_mode":false,"campfire_choices":[{"data":"HollowMod:SlysStrikes","floor":6,"key":"SMITH"},{"data":"HollowMod:SoulStrike","floor":10,"key":"SMITH"},{"data":"HollowMod:DoubleDash","floor":12,"key":"SMITH"},{"data":"HollowMod:MawleksShell","floor":15,"key":"SMITH"},{"data":"HollowMod:LifebloodCore","floor":23,"key":"SMITH"}],"circlet_count":0,"master_deck":["HollowMod:QuickDashStart+1","HollowMod:QuickDashStart+1","HollowMod:QuickDashStart+1","HollowMod:QuickDashStart+1","HollowMod:FocusHealStart","HollowMod:PogoStrike","HollowMod:DoubleDash+1","HollowMod:SoulStrike+1","HollowMod:HowlingWraiths","HollowMod:InfectionAssault","HollowMod:DashSlash","HollowMod:SlysStrikes+1","HollowMod:CornifersMapStart","HollowMod:NewInfectedGuardian","HollowMod:SoulShaman","HollowMod:MothsMistake","HollowMod:InfectedAttack","HollowMod:MawleksShell+1","HollowMod:LifebloodCore+1","HollowMod:SiblingsSouls","HollowMod:LifebloodCocoon","HollowMod:SoulSplash","Normality","HollowMod:NewGlowingWomb","HollowMod:InfectedAttack+1"],"relics":["HollowMod:VesselMask","Replay:PocketPolymizer","HollowMod:KingsBrand","Boot","Replay:Bottled Eggs","Cursed Key","Toy Ornithopter","HollowMod:StagPassRelic"],"acts_visited":["Exordium","TheCity"],"potions_floor_usage":[25],"damage_taken":[{"damage":0,"enemies":"2 Louse","floor":1,"turns":4},{"damage":0,"enemies":"Small Slimes","floor":2,"turns":4},{"damage":2,"enemies":"Jaw Worm","floor":4,"turns":5},{"damage":6,"enemies":"Red Slaver","floor":5,"turns":3},{"damage":14,"enemies":"3 Sentries","floor":7,"turns":7},{"damage":3,"enemies":"Blue Slaver","floor":11,"turns":5},{"damage":12,"enemies":"3 Sentries","floor":13,"turns":7},{"damage":0,"enemies":"Looter","floor":14,"turns":4},{"damage":34,"enemies":"Slime Boss","floor":16,"turns":5},{"damage":0,"enemies":"Shell Parasite","floor":18,"turns":5},{"damage":0,"enemies":"Chosen","floor":20,"turns":5},{"damage":22,"enemies":"Snake Plant","floor":24,"turns":6},{"damage":22,"enemies":"Slavers","floor":25,"turns":7},{"damage":11,"enemies":"Cultist and Chosen","floor":27,"turns":7},{"damage":0,"enemies":"Centurion and Healer","floor":28,"turns":9},{"damage":47,"enemies":"3 Cultists","floor":29,"turns":5}],"seed_played":"-1999120888708487696","potions_obtained":[{"floor":4,"key":"Explosive Potion"},{"floor":7,"key":"Fire Potion"},{"floor":13,"key":"Weak Potion"},{"floor":14,"key":"SteroidPotion"},{"floor":25,"key":"Explosive Potion"},{"floor":27,"key":"PowerPotion"}],"is_trial":false,"path_per_floor":["M","M","$","M","M","R","?","?","T","R","M","R","E","M","R","B",null,"M","?","M","?","?","R","M","E","T","M","M","M"],"character_chosen":"THE_BUGKNIGHT","items_purchased":["HollowMod:HowlingWraiths"],"campfire_rested":0,"item_purchase_floors":[3],"current_hp_per_floor":[75,75,75,74,68,68,60,60,60,60,63,63,51,51,51,23,75,75,75,75,61,80,80,64,42,42,41,47,0,0],"gold":396,"neow_bonus":"ONE_RARE_RELIC","is_daily":false,"chose_seed":false,"campfire_upgraded":5,"win_rate":0.0,"timestamp":1612133979,"path_taken":["M","M","$","M","M","R","?","?","T","R","M","R","E","M","R","BOSS","M","?","M","?","?","R","M","E","T","M","M","?"],"items_purchased_type":["Card"],"build_version":"2020-12-22","purchased_purges":1,"victory":false,"max_hp_per_floor":[75,75,75,75,75,75,75,75,75,75,75,75,75,75,75,75,75,75,75,75,80,80,80,80,80,80,80,80,80,80],"card_choices":[{"not_picked":["HollowMod:SharpenedNail","HollowMod:FallenFury"],"picked":"HollowMod:DoubleDash","floor":1},{"not_picked":["HollowMod:SharpenedNail","HollowMod:NewLittleFool"],"picked":"HollowMod:SoulStrike","floor":2},{"not_picked":["HollowMod:CornifersMapStart","HollowMod:VengefulVoid"],"picked":"HollowMod:InfectionAssault","floor":4},{"not_picked":["HollowMod:GreatSlash","HollowMod:SoulSplash"],"picked":"HollowMod:DashSlash","floor":5},{"not_picked":["HollowMod:CoiledNail","HollowMod:InfectedCysts"],"picked":"HollowMod:CornifersMapStart","floor":7},{"not_picked":["HollowMod:FastStrike","HollowMod:HowlingWraiths"],"picked":"HollowMod:DesolateDive","floor":11},{"not_picked":["HollowMod:CycloneSlash","HollowMod:SoulSplash"],"picked":"HollowMod:MothsMistake","floor":13},{"not_picked":["HollowMod:PureNailStrike","HollowMod:SoulEater"],"picked":"HollowMod:InfectedAttack","floor":14},{"not_picked":["HollowMod:HornetsHelp","HollowMod:LordofShades"],"picked":"HollowMod:LifebloodCore","floor":16},{"not_picked":["HollowMod:CornifersMapStart","HollowMod:InfectedCysts"],"picked":"HollowMod:SiblingsSouls","floor":18},{"not_picked":["HollowMod:CoiledNail","HollowMod:FastStrike","HollowMod:TaintedHusks"],"picked":"SKIP","floor":20},{"not_picked":["HollowMod:HowlingWraiths","HollowMod:DesolateDive+1"],"picked":"HollowMod:SoulSplash","floor":24},{"not_picked":["HollowMod:MidwifesHunger","HollowMod:DescendingDark","HollowMod:InfectedAttack"],"picked":"SKIP","floor":25},{"not_picked":["HollowMod:NewLittleFool","HollowMod:BlackTendrils"],"picked":"HollowMod:NewGlowingWomb","floor":27},{"not_picked":["HollowMod:SoulShaman+1","HollowMod:SiblingsShadow+1"],"picked":"HollowMod:InfectedAttack+1","floor":28}],"player_experience":405897,"relics_obtained":[{"floor":9,"key":"Boot"},{"floor":13,"key":"Replay:Bottled Eggs"},{"floor":25,"key":"Toy Ornithopter"},{"floor":26,"key":"HollowMod:StagPassRelic"}],"event_choices":[{"damage_healed":0,"gold_gain":0,"player_choice":"Searched \u00272\u0027 times","damage_taken":0,"relics_obtained":["HollowMod:KingsBrand"],"max_hp_gain":0,"max_hp_loss":0,"event_name":"Dead Adventurer","floor":7,"gold_loss":0},{"damage_healed":0,"gold_gain":0,"player_choice":"Ignored","damage_taken":0,"max_hp_gain":0,"max_hp_loss":0,"event_name":"Liars Game","floor":8,"gold_loss":0},{"damage_healed":0,"gold_gain":0,"player_choice":"Ignored","damage_taken":0,"max_hp_gain":0,"max_hp_loss":0,"event_name":"Vampires","floor":19,"gold_loss":0},{"damage_healed":0,"gold_gain":0,"player_choice":"Shed Blood","damage_taken":19,"max_hp_gain":5,"max_hp_loss":0,"event_name":"Forgotten Altar","floor":21,"gold_loss":0},{"damage_healed":26,"gold_gain":0,"player_choice":"Heal","damage_taken":0,"max_hp_gain":0,"max_hp_loss":0,"event_name":"The Library","floor":22,"gold_loss":0}],"is_beta":false,"boss_relics":[{"not_picked":["Runic Pyramid","Astrolabe"],"picked":"Cursed Key"}],"items_purged_floors":[3],"is_endless":false,"potions_floor_spawned":[4,7,13,14,25,27],"killed_by":"3 Cultists","ascension_level":0}}