{"host":"684z1xpuwaoqmmh1","time":1612107090,"event":{"mods":["A Magickal Journey","BaseMod","Dio Mod","Downfall","Hermit","Jorbs\u0027s Wanderer Trilogy","Marisa????????","Minty Spire (QoL Compilation)","Robot Space Explorer","Shade Mod","StSLib","The Elementalist","The Hayseed","The Hierophant","The Marked","The Mystic","The Runesmith","The Saiyan","The Vixen","TheFirefly"],"gold_per_floor":[118,118,134,150,168,200,200,150,150,150,150,177,177,196,196,196,196],"floor_reached":16,"language":"ENG","playtime":932,"items_purged":[],"score":135,"play_id":"4a5a6dd0-2d53-4be8-9b89-dc8fd1119952","local_time":"20210131173130","is_ascension_mode":false,"campfire_choices":[{"data":"thefirefly:RecollectionSubroutine","floor":7,"key":"SMITH"},{"data":"thefirefly:MirrorShield","floor":10,"key":"SMITH"},{"floor":13,"key":"REST"},{"data":"thefirefly:Regeneration","floor":15,"key":"SMITH"}],"circlet_count":0,"master_deck":["thefirefly:Strike","thefirefly:Strike","thefirefly:Strike","thefirefly:Defend","thefirefly:Defend","thefirefly:Defend","thefirefly:Defend","thefirefly:StealthMode","thefirefly:PhotonBlast+1","thefirefly:NebulaVeil","thefirefly:FlakCannon","thefirefly:ErraticMotions","thefirefly:RecollectionSubroutine+1","thefirefly:MirrorShield+1","thefirefly:Flight","thefirefly:Regeneration+1"],"relics":["thefirefly:StealthSystem","Calipers","thefirefly:PhaseCrystal","Torii","Slimebound:PreparedRelic"],"acts_visited":["Exordium"],"potions_floor_usage":[6],"damage_taken":[{"damage":0.0,"enemies":"Small Slimes","floor":1.0,"turns":5.0},{"damage":0,"enemies":"2 Louse","floor":3,"turns":4},{"damage":0,"enemies":"Jaw Worm","floor":4,"turns":5},{"damage":15,"enemies":"Large Slime","floor":5,"turns":7},{"damage":10,"enemies":"Gremlin Nob","floor":6,"turns":4},{"damage":1,"enemies":"3 Sentries","floor":12,"turns":7},{"damage":1,"enemies":"3 Louse","floor":14,"turns":3},{"damage":10,"enemies":"Hexaghost","floor":16,"turns":13}],"seed_played":"-8531862766953616668","potions_obtained":[{"floor":1.0,"key":"SteroidPotion"},{"floor":6,"key":"PowerPotion"},{"floor":12,"key":"LiquidMemories"},{"floor":14,"key":"Dexterity Potion"}],"is_trial":false,"path_per_floor":["M","?","M","M","M","E","R","?","T","R","?","E","R","M","R","B"],"character_chosen":"THE_FIREFLY","items_purchased":[],"campfire_rested":1,"item_purchase_floors":[],"current_hp_per_floor":[60,60,60,60,45,35,35,35,35,35,17,16,34,33,33,23,23],"gold":196,"neow_bonus":"TEN_PERCENT_HP_BONUS","is_daily":false,"chose_seed":false,"campfire_upgraded":3,"win_rate":0.0,"timestamp":1612107090,"path_taken":["M","?","M","M","M","E","R","?","T","R","?","E","R","M","R","BOSS"],"items_purchased_type":[],"build_version":"2020-12-22","purchased_purges":0,"victory":false,"max_hp_per_floor":[60,60,60,60,60,60,60,60,60,60,60,60,60,60,60,60,60],"card_choices":[{"not_picked":["thefirefly:ChargedLaser","thefirefly:RollBack"],"picked":"thefirefly:NebulaVeil","floor":1.0},{"not_picked":["thefirefly:Distort","thefirefly:StoredPower"],"picked":"thefirefly:FlakCannon","floor":3},{"not_picked":["thefirefly:FlareScreen","thefirefly:SteadyAim"],"picked":"thefirefly:ErraticMotions","floor":4},{"not_picked":["thefirefly:CoveringFire","thefirefly:HyperFocus"],"picked":"thefirefly:RecollectionSubroutine","floor":5},{"not_picked":["thefirefly:Distort","thefirefly:PotentAmmunition"],"picked":"thefirefly:MirrorShield","floor":6},{"not_picked":["thefirefly:FlakCannon","thefirefly:ArtillleryBeam"],"picked":"thefirefly:Flight","floor":12},{"not_picked":["thefirefly:ShieldArray","thefirefly:DecoyShot"],"picked":"thefirefly:Regeneration","floor":14}],"player_experience":2913259,"relics_obtained":[{"floor":6,"key":"Calipers"},{"floor":9,"key":"thefirefly:PhaseCrystal"},{"floor":12,"key":"Slimebound:PreparedRelic"}],"event_choices":[{"damage_healed":0.0,"max_hp_gain":0.0,"max_hp_loss":0.0,"gold_gain":0.0,"event_name":"Living Wall","player_choice":"Grow","floor":2.0,"gold_loss":0.0,"damage_taken":0.0,"cards_upgraded":["thefirefly:PhotonBlast"]},{"cards_removed":["thefirefly:Strike"],"damage_healed":0,"gold_gain":0,"player_choice":"Card Removal","damage_taken":0,"max_hp_gain":0,"max_hp_loss":0,"event_name":"The Cleric","floor":8,"gold_loss":50},{"damage_healed":0,"gold_gain":0,"player_choice":"Success","damage_taken":18,"relics_obtained":["Torii"],"max_hp_gain":0,"max_hp_loss":0,"event_name":"Scrap Ooze","floor":11,"gold_loss":0}],"is_beta":false,"boss_relics":[],"items_purged_floors":[],"is_endless":false,"potions_floor_spawned":[1,6,12,14],"killed_by":"Hexaghost","ascension_level":0}}