{"host":"3ghcx3e93lhog3cp","time":1612114821,"event":{"mods":["AchievementEnabler","BaseMod","Downfall","Minty Spire (QoL Compilation)","Replay The Spire","StSLib"],"gold_per_floor":[99,109,120,133,133,150,174,174,191,252,302,352,369,473,484,582,582,582,61,72,90,100,100,100,100,150,300,300,327,327,327,327,327],"floor_reached":31,"language":"ENG","playtime":4068,"items_purged":[],"score":247,"play_id":"d0abeedd-1310-4302-8b99-db2db7548758","local_time":"20210131094021","is_ascension_mode":false,"campfire_choices":[{"data":"Slimebound:OozeBath","floor":1,"key":"SMITH"},{"data":"Slimebound:Gluttony","floor":8,"key":"SMITH"},{"data":"Slimebound:WasteNot","floor":18,"key":"SMITH"},{"data":"Slimebound:Split","floor":23,"key":"SMITH"},{"data":"Slimebound:SlimeBarrage","floor":25,"key":"SMITH"},{"floor":28,"key":"REST"},{"floor":30,"key":"REST"}],"circlet_count":0,"master_deck":["Slimebound:Strike_Slimebound","Slimebound:Tackle","Slimebound:Defend_Slimebound","Slimebound:Defend_Slimebound","Slimebound:Defend_Slimebound","Slimebound:Split+1","Slimebound:CorrosiveSpit","Slimebound:OozeBath+1","Slimebound:Gluttony+1","Slimebound:Prepare","Slimebound:SplitAcid","Slimebound:SlimeBarrage+1","Slimebound:SamplingLick","Slimebound:LeadByExample","Slimebound:Repurpose","Slimebound:WasteNot+1","Slimebound:FinishingTackle+1","expansioncontent:StudyTheSpire","Slimebound:PressTheAttack","Slimebound:PressTheAttack+1","Slimebound:LeechEnergy+1","Slimebound:LivingWall","Slimebound:OozeBath","Slimebound:RainOfGoop","J.A.X.","Slimebound:SelfFormingGoo"],"relics":["Slimebound:AbsorbEndCombatUpgraded","SsserpentHead","Boot","MealTicket","Omamori","Strange Spoon","Juzu Bracelet","Ancient Tea Set","MutagenicStrength","Kunai"],"acts_visited":["Exordium","TheCity"],"potions_floor_usage":[16,16,27,27,31,31],"damage_taken":[{"damage":3,"enemies":"2 Louse","floor":2,"turns":3},{"damage":0,"enemies":"Cultist","floor":3,"turns":3},{"damage":5,"enemies":"Small Slimes","floor":4,"turns":3},{"damage":4,"enemies":"Blue Slaver","floor":6,"turns":3},{"damage":6,"enemies":"Gremlin Gang","floor":9,"turns":3},{"damage":13,"enemies":"Exordium Wildlife","floor":10,"turns":5},{"damage":4,"enemies":"Blue Slaver","floor":13,"turns":4},{"damage":6,"enemies":"3 Louse","floor":15,"turns":4},{"damage":39,"enemies":"IC_STATUS_ARCHETYPE","floor":16,"turns":9},{"damage":0,"enemies":"downfall:FleeingMerchant","floor":19,"turns":4},{"damage":25,"enemies":"Shell Parasite","floor":20,"turns":5},{"damage":3,"enemies":"Snecko","floor":21,"turns":5},{"damage":17,"enemies":"Centurion and Healer","floor":22,"turns":6},{"damage":58,"enemies":"downfall:Augmenter","floor":27,"turns":6},{"damage":39,"enemies":"Book of Stabbing","floor":29,"turns":6},{"damage":36,"enemies":"Snake Plant","floor":31,"turns":4}],"seed_played":"9211646065178369339","potions_obtained":[{"floor":2,"key":"LifebloodPotion"},{"floor":9,"key":"Weak Potion"},{"floor":10,"key":"Cursed Concoction"},{"floor":16,"key":"Swift Potion"},{"floor":20,"key":"sneckomod:MuddlingPotion"},{"floor":27,"key":"PowerPotion"}],"is_trial":false,"path_per_floor":["R","M","M","M","?","M","T","R","M","M","?","?","M","T","M","B",null,"R","$","M","M","M","R","T","R","?","?","R","E","R","M"],"character_chosen":"SLIMEBOUND","items_purchased":["expansioncontent:StudyTheSpire","Omamori","Strange Spoon","Slimebound:PressTheAttack"],"campfire_rested":2,"item_purchase_floors":[19,19,19,19],"current_hp_per_floor":[47,46,50,49,49,49,49,49,47,42,42,42,42,42,42,11,65,65,65,52,64,62,62,62,62,62,19,38,11,30,0,0,0],"gold":327,"neow_bonus":"THREE_RARE_CARDS","is_daily":false,"chose_seed":false,"campfire_upgraded":5,"win_rate":0.0,"timestamp":1612114821,"path_taken":["R","M","M","M","?","M","T","R","M","?","?","?","M","?","M","BOSS","R","$","M","M","M","R","T","R","?","?","R","E","R","M"],"items_purchased_type":["Card","Relic","Relic","Card"],"build_version":"2020-12-22","purchased_purges":0,"victory":false,"max_hp_per_floor":[65,65,65,65,65,65,65,65,65,65,65,65,65,65,65,65,65,65,65,65,65,65,65,65,65,65,65,65,65,65,65,65,65],"card_choices":[{"not_picked":["Slimebound:Teamwork","Slimebound:MinionMaster"],"picked":"Slimebound:OozeBath","floor":0},{"not_picked":["Slimebound:SplitBruiser","Slimebound:Chomp"],"picked":"Slimebound:Gluttony","floor":2},{"not_picked":["Slimebound:Dissolve","Slimebound:FormOfPuddle"],"picked":"Slimebound:Prepare","floor":3},{"not_picked":["Slimebound:SamplingLick","Slimebound:LivingWall"],"picked":"Slimebound:SplitAcid","floor":4},{"not_picked":["Slimebound:SplitLeeching","Slimebound:Dissolve"],"picked":"Slimebound:SlimeBarrage","floor":6},{"not_picked":["Slimebound:HauntingLick","Slimebound:GoopTackle"],"picked":"Slimebound:SamplingLick","floor":9},{"not_picked":["Slimebound:SlimeBarrage","Slimebound:LivingWall"],"picked":"Slimebound:LeadByExample","floor":10},{"not_picked":["Slimebound:SplitMire","Slimebound:ComboTackle"],"picked":"Slimebound:Repurpose","floor":13},{"not_picked":["Slimebound:SplitMire","Slimebound:SamplingLick","Slimebound:SlimeBarrage"],"picked":"SKIP","floor":15},{"not_picked":["Slimebound:SelfFormingGoo","Slimebound:DuplicatedForm"],"picked":"Slimebound:WasteNot","floor":16},{"not_picked":["Slimebound:ItLooksTasty+1","Slimebound:HauntingLick"],"picked":"Slimebound:FinishingTackle+1","floor":19},{"not_picked":["Slimebound:GoopTackle","Slimebound:SamplingLick"],"picked":"Slimebound:PressTheAttack+1","floor":20},{"not_picked":["Slimebound:PressTheAttack","Slimebound:FinishingTackle"],"picked":"Slimebound:LeechEnergy+1","floor":21},{"not_picked":["Slimebound:FormOfPuddle","Slimebound:GrowthPunch+1","Slimebound:BestDefense"],"picked":"SKIP","floor":22},{"not_picked":["Slimebound:HauntingLick","Slimebound:GoopTackle+1"],"picked":"Slimebound:LivingWall","floor":27},{"not_picked":[],"picked":"J.A.X.","floor":27},{"not_picked":["Slimebound:SlimeSpikes","Slimebound:FinishingTackle"],"picked":"Slimebound:SelfFormingGoo","floor":29}],"player_experience":248763,"relics_obtained":[{"floor":7,"key":"Boot"},{"floor":14,"key":"MealTicket"},{"floor":24,"key":"Juzu Bracelet"},{"floor":27,"key":"MutagenicStrength"},{"floor":29,"key":"Kunai"}],"event_choices":[{"damage_healed":0,"gold_gain":0,"player_choice":"Trade","damage_taken":0,"relics_obtained":["SsserpentHead"],"max_hp_gain":0,"max_hp_loss":0,"event_name":"FaceTrader","floor":5,"gold_loss":0},{"damage_healed":0,"gold_gain":0,"player_choice":"Stole Relic","damage_taken":0,"relics_obtained":["Ancient Tea Set"],"max_hp_gain":0,"max_hp_loss":0,"event_name":"Addict","floor":26,"gold_loss":0,"cards_obtained":["Pride"]}],"is_beta":false,"boss_relics":[{"not_picked":["Empty Cage","Black Star"],"picked":"Slimebound:AbsorbEndCombatUpgraded"}],"items_purged_floors":[],"is_endless":false,"potions_floor_spawned":[2,9,10,16,20,27],"killed_by":"Snake Plant","ascension_level":0}}