{"host":"df48i9djcn92c5sx","time":1612080363,"event":{"mods":["Act Like it!","Arknights","BaseMod","Decade(王小明)","Downfall","Gensokyo","Marisa（F雨　魔理沙）","Minty Spire (QoL Compilation)","READ ME - Guardian Mod","READ ME - Snecko Mod","Reimu（博丽灵梦）","Remilia（蕾米莉亚）","Shop Mod","StSLib","The Jungle","The Servant 0.9.4"],"gold_per_floor":[110,110,128,28,41,41,75,75,124,135,151,25,25,37,37,137,137,152,152,170,20,33,33,33,59,59,59,93,93,108,123,123,220,220,239,149,149,162,180,180,180,180],"floor_reached":41,"language":"ZHS","playtime":1655,"items_purged":["Strike_Lin:ReiMu"],"score":529,"play_id":"052023e4-edcc-41de-b2e0-2c7ae5481933","local_time":"20210131160603","is_ascension_mode":true,"campfire_choices":[{"data":"ShadowOfCrow2:ReiMu","floor":6,"key":"SMITH"},{"data":"Enchanting:ReiMu","floor":8,"key":"SMITH"},{"data":"TightArray:ReiMu","floor":13,"key":"SMITH"},{"data":"PayForSelf:ReiMu","floor":15,"key":"SMITH"},{"data":"RunawayExorcism:ReiMu","floor":23,"key":"SMITH"},{"floor":27,"key":"REST"},{"data":"Conquer:ReiMu","floor":29,"key":"SMITH"},{"data":"HakureiPhantom:ReiMu","floor":32,"key":"SMITH"},{"data":"Dreaming:ReiMu","floor":40,"key":"SMITH"}],"circlet_count":0,"master_deck":["Strike_Lin:ReiMu","Strike_Lin:ReiMu","Strike_Lin:ReiMu","Defend_Lin:ReiMu","Defend_Lin:ReiMu","Defend_Lin:ReiMu","Defend_Lin:ReiMu","NB:ReiMu+1","Stagnation:ReiMu","ShadowOfCrow2:ReiMu+1","Enchanting:ReiMu+1","HakureiPhantom:ReiMu+1","Amulet:ReiMu","TightArray:ReiMu+1","PayForSelf:ReiMu+1","RunawayExorcism:ReiMu+1","InherentArray:ReiMu+1","FantasyMoon:ReiMu+1","Conquer:ReiMu+1","RunawayExorcism:ReiMu","RainPray2:ReiMu","SubAcupoint:ReiMu+1","Dreaming:ReiMu+1","AlertArray:ReiMu+1","Gensokyo:CustomPotion"],"relics":["FlyPower:ReiMu","Gensokyo:Mercy","Pantograph","Oddly Smooth Stone","Velvet Choker","Gensokyo:MosesMiracle","Toolbox","Gremlin Horn","Meat on the Bone","Nunchaku","bronze:MakeshiftBattery"],"acts_visited":["Exordium","Gensokyo:Gensokyo","Gensokyo:Gensokyoer"],"potions_floor_usage":[7,7,7,22,39,41],"damage_taken":[{"damage":3,"enemies":"Gensokyo:2_Kodama","floor":1,"turns":6},{"damage":0,"enemies":"Gensokyo:Gryphon","floor":3,"turns":4},{"damage":0,"enemies":"Gensokyo:3_Fairies","floor":5,"turns":6},{"damage":11,"enemies":"Gensokyo:Cirno","floor":7,"turns":6},{"damage":0,"enemies":"Gensokyo:2_Rabbits","floor":10,"turns":4},{"damage":0,"enemies":"Gensokyo:LivingMonolith","floor":11,"turns":4},{"damage":0,"enemies":"Gensokyo:Gryphon_and_Rabbit","floor":14,"turns":5},{"damage":8,"enemies":"Gensokyo:Yukari","floor":16,"turns":7},{"damage":4,"enemies":"Gensokyo:Chomper","floor":18,"turns":3},{"damage":4,"enemies":"Gensokyo:AngelMirror","floor":20,"turns":5},{"damage":11,"enemies":"Gensokyo:Slime_Group","floor":22,"turns":4},{"damage":28,"enemies":"Gensokyo:Reisen","floor":25,"turns":6},{"damage":3,"enemies":"Gensokyo:Koishi","floor":28,"turns":4},{"damage":4,"enemies":"Gensokyo:Monolith_and_Dog","floor":30,"turns":5},{"damage":3,"enemies":"Gensokyo:Chomper_and_Gloop","floor":31,"turns":4},{"damage":17,"enemies":"Gensokyo:Kaguya","floor":33,"turns":11},{"damage":6,"enemies":"Gensokyo:AncientGuardian","floor":35,"turns":6},{"damage":0,"enemies":"Gensokyo:3_Bats","floor":38,"turns":1},{"damage":0,"enemies":"Gensokyo:3_Boulders","floor":39,"turns":3},{"damage":67,"enemies":"Gensokyo:Kasen","floor":41,"turns":8}],"seed_played":"6535324435746518880","potions_obtained":[{"floor":1,"key":"BottledKami:ReiMu"},{"floor":3,"key":"DistilledChaos"},{"floor":5,"key":"Strength Potion"},{"floor":20,"key":"Ancient Potion"},{"floor":28,"key":"Explosive Potion"},{"floor":35,"key":"LiquidBronze"},{"floor":39,"key":"AttackPotion"}],"is_trial":false,"path_per_floor":["M","?","M","?","M","R","E","R","T","M","M","$","R","M","R","B",null,"M","?","M","$","M","R","?","E","T","R","E","R","M","M","R","B",null,"M","?","$","M","M","R","E"],"character_chosen":"REIMU","items_purchased":["TightArray:ReiMu","Toolbox"],"campfire_rested":1,"item_purchase_floors":[12,21],"current_hp_per_floor":[62,62,62,62,62,62,51,51,51,51,51,51,51,51,51,57,63,59,59,55,55,44,44,44,16,16,35,44,44,40,37,37,45,60,54,54,54,54,54,54,0,0],"gold":180,"neow_bonus":"UPGRADE_CARD","is_daily":false,"chose_seed":false,"campfire_upgraded":8,"win_rate":0.0,"timestamp":1612080363,"path_taken":["M","?","M","?","M","R","E","R","T","?","M","$","R","M","R","BOSS","M","?","M","$","M","R","?","E","T","R","E","R","?","M","R","BOSS","M","?","$","M","?","R","E"],"items_purchased_type":["Card","Relic"],"build_version":"2020-12-22","purchased_purges":1,"victory":false,"max_hp_per_floor":[65,65,65,65,65,65,65,65,65,65,65,65,65,65,65,65,65,65,65,65,65,65,65,65,65,65,65,65,65,65,65,65,65,65,65,65,65,65,65,65,65,65],"card_choices":[{"not_picked":["CollectionFlower2:ReiMu","AlertArray:ReiMu"],"picked":"DoubleButterfly:ReiMu","floor":1},{"not_picked":["SubcavityInstant:ReiMu","Enchanting:ReiMu"],"picked":"ShadowOfCrow2:ReiMu","floor":3},{"not_picked":["Intuition:ReiMu","LearningPray:ReiMu","EmergencyTakeOff:ReiMu"],"picked":"SKIP","floor":5},{"not_picked":["EmergencyTakeOff:ReiMu","AirStrike:ReiMu"],"picked":"Enchanting:ReiMu","floor":7},{"not_picked":["FineLineFantasy:ReiMu","CollectionFlower2:ReiMu"],"picked":"HakureiPhantom:ReiMu","floor":10},{"not_picked":["Enchanting:ReiMu","CareerPray:ReiMu"],"picked":"Amulet:ReiMu","floor":11},{"not_picked":["RainPray2:ReiMu","MikOfLucky:ReiMu"],"picked":"PayForSelf:ReiMu","floor":14},{"not_picked":["PrayRite:ReiMu","CardOfSanctity:ReiMu"],"picked":"RunawayExorcism:ReiMu","floor":16},{"not_picked":["SubcavityInstant:ReiMu","SafetyPray:ReiMu+1"],"picked":"InherentArray:ReiMu+1","floor":18},{"not_picked":["TightArray:ReiMu","UpKicking:ReiMu+1","FoulBorder2:ReiMu"],"picked":"SKIP","floor":20},{"not_picked":["Revelation:ReiMu+1","AlertArray:ReiMu"],"picked":"FantasyMoon:ReiMu+1","floor":22},{"not_picked":["Meditation:ReiMu+1","EmergencyTakeOff:ReiMu"],"picked":"Conquer:ReiMu","floor":25},{"not_picked":["RainPray2:ReiMu","SpringWay:ReiMu"],"picked":"RunawayExorcism:ReiMu","floor":28},{"not_picked":["WonderfulDomain:ReiMu+1","SpringWay:ReiMu"],"picked":"RainPray2:ReiMu","floor":30},{"not_picked":["CareerPray:ReiMu","SubcavityInstant:ReiMu"],"picked":"SubAcupoint:ReiMu+1","floor":31},{"not_picked":["KamiRite:ReiMu","OctopathSalyBorderN:ReiMu"],"picked":"Dreaming:ReiMu","floor":33},{"not_picked":["FantasyMoon:ReiMu","Enchanting:ReiMu+1"],"picked":"AlertArray:ReiMu+1","floor":35},{"not_picked":["SpreadBorder2:ReiMu+1","SubAcupoint:ReiMu","BarrageOfMoneybags:ReiMu+1"],"picked":"SKIP","floor":38},{"not_picked":["SubAcupoint:ReiMu","SubcavityInstant:ReiMu","Enchanting:ReiMu"],"picked":"SKIP","floor":39}],"player_experience":1499429,"relics_obtained":[{"floor":7,"key":"Oddly Smooth Stone"},{"floor":25,"key":"Gensokyo:MosesMiracle"},{"floor":25,"key":"Gremlin Horn"},{"floor":26,"key":"Meat on the Bone"},{"floor":28,"key":"Nunchaku"}],"event_choices":[],"is_beta":false,"boss_relics":[{"not_picked":["RedLine:ReiMu","expansioncontent:StudyCardRelic"],"picked":"Velvet Choker"},{"not_picked":["Fusion Hammer","SlaversCollar"],"picked":"bronze:MakeshiftBattery"}],"items_purged_floors":[12],"is_endless":false,"potions_floor_spawned":[1,3,5,20,28,35,39],"killed_by":"Gensokyo:Kasen","ascension_level":5}}