{"host":"y76clbnovzmw9ubx","time":1612065154,"event":{"mods":["AchievementEnabler","BaseMod","Minty Spire (QoL Compilation)","Permanent Neow","Relic Stats"],"gold_per_floor":[18,30,41,61,80,80,107,119,131,185,206,234,263,313,334,429,441,472,484,516,478,506,527,559,571,592,638,659,710,223,246,246,331,331,347,347,357,369,369,369],"floor_reached":39,"language":"ENG","playtime":3879,"items_purged":["Injury"],"score":940,"play_id":"1e8bade1-e92a-49c3-a89d-5243b39347ff","local_time":"20210130225234","is_ascension_mode":true,"campfire_choices":[{"data":"Noxious Fumes","floor":6.0,"key":"SMITH"},{"floor":8,"key":"REST"},{"floor":11,"key":"REST"},{"floor":15,"key":"REST"},{"floor":23,"key":"REST"},{"data":"Catalyst","floor":25,"key":"SMITH"},{"floor":28,"key":"REST"},{"floor":32,"key":"REST"}],"circlet_count":0,"master_deck":["AscendersBane","Strike_G+1","Strike_G+1","Strike_G+1","Strike_G+1","Strike_G+1","Defend_G+1","Defend_G+1","Defend_G+1","Defend_G+1","Defend_G+1","Survivor","Neutralize","Venomology","Catalyst+1","Noxious Fumes+1","Dagger Spray","Leg Sweep","Deadly Poison","Dodge and Roll","Calculated Gamble","Quick Slash","Skewer","Noxious Fumes","Burst","Dodge and Roll","Well Laid Plans+1","PiercingWail","Deadly Poison","PiercingWail+1","Footwork","Catalyst","Catalyst","Venomology"],"relics":["Ring of the Snake","MawBank","Dream Catcher","CeramicFish","Sundial","Cursed Key","Pear","Ninja Scroll","Happy Flower","MealTicket","Chemical X","SacredBark"],"acts_visited":["Exordium","TheCity","TheBeyond"],"potions_floor_usage":[7,7,10,13,13,14,14,22,22,27,27,29,29,31,31,33,33,33,35,35,38,38],"damage_taken":[{"damage":2.0,"enemies":"Jaw Worm","floor":1.0,"turns":6.0},{"damage":9.0,"enemies":"2 Louse","floor":2.0,"turns":5.0},{"damage":3.0,"enemies":"Cultist","floor":3.0,"turns":6.0},{"damage":4.0,"enemies":"2 Fungi Beasts","floor":4.0,"turns":3.0},{"damage":14.0,"enemies":"Red Slaver","floor":5.0,"turns":6.0},{"damage":17,"enemies":"Gremlin Nob","floor":7,"turns":4},{"damage":8,"enemies":"Lagavulin","floor":10,"turns":6},{"damage":6,"enemies":"Blue Slaver","floor":12,"turns":5},{"damage":0,"enemies":"2 Fungi Beasts","floor":13,"turns":4},{"damage":42,"enemies":"Gremlin Nob","floor":14,"turns":5},{"damage":8,"enemies":"Hexaghost","floor":16,"turns":9},{"damage":20,"enemies":"Shell Parasite","floor":18,"turns":6},{"damage":28,"enemies":"Spheric Guardian","floor":20,"turns":7},{"damage":23,"enemies":"Chosen and Byrds","floor":22,"turns":8},{"damage":10,"enemies":"Centurion and Healer","floor":24,"turns":8},{"damage":32,"enemies":"Slavers","floor":27,"turns":6},{"damage":20,"enemies":"Book of Stabbing","floor":29,"turns":5},{"damage":8,"enemies":"Snake Plant","floor":31,"turns":4},{"damage":23,"enemies":"Automaton","floor":33,"turns":8},{"damage":32,"enemies":"3 Darklings","floor":35,"turns":7},{"damage":13,"enemies":"Orb Walker","floor":37,"turns":3},{"damage":11,"enemies":"Jaw Worm Horde","floor":38,"turns":4},{"damage":15,"enemies":"Transient","floor":39,"turns":3}],"seed_played":"5278543221821556650","potions_obtained":[{"floor":2.0,"key":"Fruit Juice"},{"floor":3.0,"key":"CunningPotion"},{"floor":10,"key":"Weak Potion"},{"floor":13,"key":"Strength Potion"},{"floor":16,"key":"CunningPotion"},{"floor":24,"key":"BlessingOfTheForge"},{"floor":27,"key":"EssenceOfSteel"},{"floor":31,"key":"GhostInAJar"},{"floor":33,"key":"Energy Potion"}],"is_trial":false,"path_per_floor":["M","M","M","M","M","R","E","R","T","E","R","M","M","E","R","B",null,"M","?","M","?","M","R","M","R","T","E","R","E","$","M","R","B",null,"M","?","M","M","M"],"character_chosen":"THE_SILENT","items_purchased":["MealTicket","Chemical X","CunningPotion"],"campfire_rested":6,"item_purchase_floors":[30,30,30],"current_hp_per_floor":[57,48,50,46,32,32,15,36,36,28,49,43,43,1,22,14,57,37,37,9,9,21,42,32,32,42,10,34,14,14,6,30,7,63,31,31,18,7,0,0],"gold":369,"neow_bonus":"THREE_RARE_CARDS","is_daily":false,"chose_seed":false,"campfire_upgraded":2,"win_rate":0.0,"timestamp":1612065154,"path_taken":["M","M","M","M","M","R","E","R","T","E","R","M","M","E","R","BOSS","M","?","M","?","M","R","M","R","T","E","R","E","$","M","R","BOSS","M","?","M","M","M"],"items_purchased_type":["Relic","Relic","Potion"],"build_version":"2020-12-22","purchased_purges":1,"victory":false,"max_hp_per_floor":[66,66,71,71,71,71,71,71,71,71,71,71,71,71,71,71,71,71,71,71,71,71,71,71,71,81,81,81,81,81,81,81,81,81,81,81,81,81,81,81],"relic_stats":{"Dream Catcher":5,"Happy Flower":[9],"counters":[23,128],"Sundial":[6],"CeramicFish":135,"MealTicket":0,"Chemical X":[7],"MawBank":276,"Cursed Key":1,"obtain_stats":[{"Dream Catcher":9,"Pear":26,"Happy Flower":29,"Sundial":14,"Ninja Scroll":27,"CeramicFish":10,"SacredBark":34,"MealTicket":30,"Chemical X":30,"MawBank":7,"Cursed Key":17,"Ring of the Snake":0},{"Dream Catcher":6,"Pear":15,"Happy Flower":17,"Sundial":10,"Ninja Scroll":16,"CeramicFish":7,"SacredBark":19,"MealTicket":17,"Chemical X":17,"MawBank":6,"Cursed Key":11,"Ring of the Snake":0},{"Dream Catcher":30,"Pear":88,"Happy Flower":99,"Sundial":50,"Ninja Scroll":94,"CeramicFish":36,"SacredBark":111,"MealTicket":99,"Chemical X":99,"MawBank":30,"Cursed Key":59,"Ring of the Snake":0}],"Ring of the Snake":[46]},"card_choices":[{"not_picked":["After Image","Storm of Steel"],"picked":"Venomology","floor":0.0},{"not_picked":["PiercingWail","Sucker Punch"],"picked":"Catalyst","floor":1.0},{"not_picked":["Deadly Poison","Prepared"],"picked":"Noxious Fumes","floor":2.0},{"not_picked":["Terror","Slice"],"picked":"Dagger Spray","floor":3.0},{"not_picked":["Dodge and Roll","Crippling Poison"],"picked":"Leg Sweep","floor":4.0},{"not_picked":["Crippling Poison","Underhanded Strike"],"picked":"Deadly Poison","floor":5.0},{"not_picked":["Bane","Prepared"],"picked":"Dodge and Roll","floor":7},{"not_picked":["Choke","Grand Finale"],"picked":"Calculated Gamble","floor":10},{"not_picked":["PiercingWail","Concentrate"],"picked":"Quick Slash","floor":11},{"not_picked":["Tactician","Dagger Throw","Reflex"],"picked":"SKIP","floor":12},{"not_picked":["Blade Dance","Choke","Flying Knee"],"picked":"SKIP","floor":13},{"not_picked":["Terror","Blade Dance"],"picked":"Skewer","floor":14},{"not_picked":["Deflect","Dagger Throw"],"picked":"Noxious Fumes","floor":15},{"not_picked":["A Thousand Cuts","Grand Finale"],"picked":"Burst","floor":16},{"not_picked":["Predator","Calculated Gamble"],"picked":"Dodge and Roll","floor":18},{"not_picked":["Poisoned Stab","Outmaneuver"],"picked":"Well Laid Plans+1","floor":20},{"not_picked":["Endless Agony","Calculated Gamble+1","Dodge and Roll"],"picked":"SKIP","floor":22},{"not_picked":["Expertise","Endless Agony"],"picked":"PiercingWail","floor":23},{"not_picked":["Dagger Throw","Heel Hook"],"picked":"Deadly Poison","floor":24},{"not_picked":["Setup+1","Deflect"],"picked":"PiercingWail+1","floor":27},{"not_picked":["Slice","Acrobatics"],"picked":"Footwork","floor":28},{"not_picked":["Bouncing Flask","Malaise"],"picked":"Catalyst","floor":29},{"not_picked":["Concentrate","Dagger Throw"],"picked":"Catalyst","floor":31},{"not_picked":["Burst","Storm of Steel"],"picked":"Venomology","floor":33},{"not_picked":["Acrobatics","Eviscerate+1","Distraction"],"picked":"SKIP","floor":35},{"not_picked":["Cloak And Dagger","Dagger Spray","Distraction"],"picked":"SKIP","floor":37},{"not_picked":["Bouncing Flask","Quick Slash+1","Flechettes"],"picked":"SKIP","floor":38}],"player_experience":3157836,"relics_obtained":[{"floor":7,"key":"MawBank"},{"floor":9,"key":"Dream Catcher"},{"floor":10,"key":"CeramicFish"},{"floor":14,"key":"Sundial"},{"floor":26,"key":"Pear"},{"floor":27,"key":"Ninja Scroll"},{"floor":29,"key":"Happy Flower"}],"event_choices":[{"damage_healed":0,"gold_gain":0,"player_choice":"Simplicity","damage_taken":0,"max_hp_gain":0,"max_hp_loss":0,"event_name":"Back to Basics","floor":19,"gold_loss":0,"cards_upgraded":["Strike_G","Strike_G","Strike_G","Strike_G","Strike_G","Defend_G","Defend_G","Defend_G","Defend_G","Defend_G"]},{"damage_healed":0,"gold_gain":0,"player_choice":"Bet on Murderer","damage_taken":0,"max_hp_gain":0,"max_hp_loss":0,"event_name":"The Joust","floor":21,"gold_loss":50},{"damage_healed":0,"gold_gain":0,"player_choice":"Ignored","damage_taken":0,"max_hp_gain":0,"max_hp_loss":0,"event_name":"Tomb of Lord Red Mask","floor":36,"gold_loss":0}],"is_beta":false,"boss_relics":[{"not_picked":["Runic Pyramid","Pandora\u0027s Box"],"picked":"Cursed Key"},{"not_picked":["Snecko Eye","SlaversCollar"],"picked":"SacredBark"}],"items_purged_floors":[30],"is_endless":false,"potions_floor_spawned":[2,3,10,13,16,18,24,27,31,33,37],"killed_by":"Transient","ascension_level":20}}