{"host":"xjs3b8lu14idcd3l","time":1612064313,"event":{"mods":["Act Like it!","BaseMod","CapriCore","Friendly Minions","Gensokyo","Kiyohime£®«Âºß£©","Koishi","Marisa£®ÏF”Í°°ƒß¿Ì…≥£©","Minty Spire (QoL Compilation)","Prisma Mod","Reimu£®≤©¿ˆ¡È√Œ£©","Remilia£®¿Ÿ√◊¿Ú—«£©","Replay The Spire","StSLib","The Administrix","The Immortal","The Servant 0.9.4","Youmu£®ªÍ∆«—˝√Œ£©","Yuyuko"],"gold_per_floor":[109,39,39,86,103,135,135,155,179,194,194,194,204,231,231,231,231],"floor_reached":16,"language":"ZHS","playtime":924,"items_purged":[],"score":135,"play_id":"d0a6083a-0577-452b-945e-2a4e6b927132","local_time":"20210131113833","is_ascension_mode":false,"campfire_choices":[{"data":"Koishi:UnconsciousUrges","floor":7,"key":"SMITH"},{"data":"Koishi:GhostParty","floor":12,"key":"SMITH"},{"data":"Koishi:UnconsciousUprising","floor":15,"key":"SMITH"}],"circlet_count":0,"master_deck":["Koishi:BasicStrike","Koishi:BasicStrike","Koishi:BasicStrike","Koishi:BasicStrike+1","Koishi:BasicDefend","Koishi:BasicDefend","Koishi:BasicDefend","Koishi:BasicDefend","Koishi:Provoke","Koishi:HauntingSlash","Koishi:SilentAndRestless","Koishi:Jaunt+1","Injury","Koishi:StingingMind","Koishi:UnconsciousUrges+1","Koishi:Whimsy","Koishi:GhostParty+1","Koishi:UnconsciousUprising+1","Koishi:DreadfulBlow"],"relics":["Koishi:ImaginaryFriend","Koishi:AHoleWhereASisterShouldBe","Bag of Preparation","Durian","Blood Vial","Blue Doll"],"acts_visited":["Gensokyo:Gensokyo"],"potions_floor_usage":[14,14],"damage_taken":[{"damage":1,"enemies":"Gensokyo:2_Kodama","floor":1,"turns":3},{"damage":2,"enemies":"Gensokyo:Gryphon","floor":5,"turns":3},{"damage":13,"enemies":"Gensokyo:Mamizou","floor":6,"turns":8},{"damage":0,"enemies":"Gensokyo:3_Fairies","floor":8,"turns":3},{"damage":19,"enemies":"Gensokyo:LivingMonolith","floor":10,"turns":3},{"damage":23,"enemies":"Gensokyo:3_Kodama","floor":13,"turns":8},{"damage":0,"enemies":"Gensokyo:Cirno","floor":14,"turns":10},{"damage":24,"enemies":"Gensokyo:Reimu","floor":16,"turns":13}],"seed_played":"4100131975682172239","potions_obtained":[{"floor":6,"key":"DistilledChaos"},{"floor":8,"key":"MagicPotion:ReiMu"},{"floor":10,"key":"ColorlessPotion"}],"is_trial":false,"path_per_floor":["M","?","?","T","M","E","R","M","T","M","?","R","M","E","R","B"],"character_chosen":"KOISHI","items_purchased":[],"campfire_rested":0,"item_purchase_floors":[],"current_hp_per_floor":[60,60,60,60,59,60,60,60,60,48,48,48,37,51,51,37,37],"gold":231,"neow_bonus":"ONE_RANDOM_RARE_CARD","is_daily":false,"chose_seed":false,"campfire_upgraded":3,"win_rate":0.0,"timestamp":1612064313,"path_taken":["M","?","?","?","?","E","R","M","T","M","?","R","M","E","R","BOSS"],"items_purchased_type":[],"build_version":"2020-12-22","purchased_purges":0,"victory":false,"max_hp_per_floor":[60,60,60,60,60,65,65,65,65,65,65,65,65,65,65,65,65],"card_choices":[{"not_picked":["Koishi:Whimsy","Koishi:PhilosophyOfTheDespised"],"picked":"Koishi:Jaunt","floor":1},{"not_picked":["Koishi:BramblyRoseGarden","Koishi:PhantomBarrier"],"picked":"Koishi:StingingMind","floor":5},{"not_picked":["Koishi:UnseenTerror","Koishi:ReflexRadar"],"picked":"Koishi:UnconsciousUrges","floor":6},{"not_picked":["Koishi:UnansweredLove","Koishi:FleetingPhantom"],"picked":"Koishi:Whimsy","floor":8},{"not_picked":["Koishi:UnansweredLove","Koishi:DreadfulBlow"],"picked":"Koishi:GhostParty","floor":10},{"not_picked":["Koishi:PhilosophyOfTheDespised","Koishi:MassHysteria"],"picked":"Koishi:UnconsciousUprising","floor":13},{"not_picked":["Koishi:Vanish","Koishi:UnconsciousUprising"],"picked":"Koishi:DreadfulBlow","floor":14}],"player_experience":196720,"relics_obtained":[{"floor":4,"key":"Bag of Preparation"},{"floor":6,"key":"Durian"},{"floor":9,"key":"Blood Vial"},{"floor":14,"key":"Blue Doll"}],"event_choices":[],"is_beta":false,"boss_relics":[],"items_purged_floors":[],"is_endless":false,"potions_floor_spawned":[6,8,10],"killed_by":"Gensokyo:Reimu","ascension_level":0}}