{"host":"KYO","time":1612066028,"event":{"mods":["ATMod(阿瑾Mod)","BaseMod","Minty Spire (QoL Compilation)","Permanent Neow","Remove Card Discount Mod","Replay The Spire","Shop Mod","StSLib","SuperFastMode","TestMod","[IsaacMod]以撒尖塔","【遗物卡牌】REMEMod"],"gold_per_floor":[110,126,137,172,247,247,272,272,321,333,333,364,364,394,394,472,472,482,482,504,516,528,528],"floor_reached":22,"language":"ZHS","playtime":742,"items_purged":[],"score":504,"play_id":"db4bbd52-87da-4f7f-9f8d-89462fbf9a39","local_time":"20210131120708","is_ascension_mode":true,"campfire_choices":[{"data":"Eruption","floor":6,"key":"SMITH"},{"floor":8,"key":"REST"},{"data":"Vigilance","floor":11,"key":"SMITH"},{"data":"InnerPeace","floor":13,"key":"SMITH"}],"circlet_count":0,"master_deck":["AscendersBane","Strike_P","Strike_P","Strike_P","Strike_P","Defend_P+1","Defend_P+1","Defend_P","Eruption+1","Vigilance+1","InnerPeace+1","Scrawl","JustLucky","Strike_P","DevaForm","FlurryOfBlows+1"],"relics":["HushsDoor","AT_ATBox","REME_ComplimentaryCards","testmod-TestBox","SatanicBible","testmod-GiftOfSatan","testmod-NegativeEmotionEnhancer","AT_ArchangelStaff","AT_ChloranthyRing","Mercury Hourglass","Thread and Needle","testmod-Fanaticism","MawBank"],"acts_visited":["Exordium","TheCity"],"potions_floor_usage":[],"damage_taken":[{"damage":0,"enemies":"Cultist","floor":1,"turns":3},{"damage":8,"enemies":"2 Louse","floor":2,"turns":1},{"damage":6,"enemies":"Jaw Worm","floor":3,"turns":3},{"damage":0,"enemies":"Lagavulin","floor":7,"turns":4},{"damage":8,"enemies":"Red Slaver","floor":10,"turns":4},{"damage":0,"enemies":"3 Sentries","floor":12,"turns":1},{"damage":1,"enemies":"Lagavulin","floor":14,"turns":3},{"damage":33,"enemies":"Hexaghost","floor":16,"turns":4},{"damage":16,"enemies":"Spheric Guardian","floor":18,"turns":3},{"damage":0,"enemies":"Chosen","floor":20,"turns":3},{"damage":32,"enemies":"Shelled Parasite and Fungi","floor":22,"turns":2}],"seed_played":"-1191975025965845464","potions_obtained":[{"floor":2,"key":"testmod-EscapePotion"},{"floor":4,"key":"FairyPotion"},{"floor":7,"key":"Dexterity Potion"}],"is_trial":false,"path_per_floor":["M","M","M","?","?","R","E","R","T","M","R","E","R","E","R","B",null,"M","?","M","?","M"],"character_chosen":"WATCHER","items_purchased":[],"campfire_rested":1,"item_purchase_floors":[],"current_hp_per_floor":[67,62,58,30,19,19,21,42,42,48,48,52,52,66,66,35,66,57,42,44,44,12,12],"gold":528,"neow_bonus":"BOSS_RELIC","is_daily":false,"chose_seed":false,"campfire_upgraded":3,"win_rate":0.0,"timestamp":1612066028,"path_taken":["M","M","?","?","?","R","E","R","T","M","R","E","R","E","R","BOSS","M","?","?","?","M"],"items_purchased_type":[],"build_version":"2020-12-18","purchased_purges":0,"victory":false,"max_hp_per_floor":[69,70,71,71,71,71,72,72,72,73,73,74,74,75,75,76,76,77,77,78,78,78,78],"card_choices":[{"not_picked":["REME_CRH","AT_ChampionStep"],"picked":"InnerPeace","floor":1},{"not_picked":["Replay:Hum","Replay:Cycle","Tantrum"],"picked":"SKIP","floor":2},{"not_picked":["REME_Repentance","WindmillStrike","BattleHymn"],"picked":"SKIP","floor":3},{"not_picked":["Study","Indignation"],"picked":"Bomb","floor":7},{"not_picked":["Consecrate","CrushJoints","Vengeance"],"picked":"SKIP","floor":10},{"not_picked":["Crescendo","FearNoEvil"],"picked":"Bomb","floor":12},{"not_picked":["Collect","WaveOfTheHand"],"picked":"Scrawl","floor":14},{"not_picked":["Establishment","Brilliance"],"picked":"DevaForm","floor":16},{"not_picked":["Consecrate+1","EmptyFist"],"picked":"FlurryOfBlows+1","floor":18},{"not_picked":["JustLucky","Crescendo","Consecrate"],"picked":"SKIP","floor":20}],"player_experience":715534,"relics_obtained":[{"floor":4,"key":"AT_ArchangelStaff"},{"floor":7,"key":"AT_ChloranthyRing"},{"floor":12,"key":"Mercury Hourglass"},{"floor":14,"key":"Thread and Needle"}],"event_choices":[{"damage_healed":0,"gold_gain":75,"player_choice":"Gather Gold","damage_taken":11,"max_hp_gain":0,"max_hp_loss":0,"event_name":"World of Goop","floor":5,"gold_loss":0},{"damage_healed":0,"gold_gain":0,"player_choice":"Swap Relic","damage_taken":0,"relics_obtained":["War Paint"],"max_hp_gain":0,"max_hp_loss":0,"event_name":"给自己的盒子","floor":21,"relics_lost":["War Paint"],"gold_loss":0}],"is_beta":true,"boss_relics":[{"not_picked":["Philosopher\u0027s Stone","Replay:Drink Me"],"picked":"testmod-Fanaticism"},{"not_picked":[]}],"items_purged_floors":[],"is_endless":false,"potions_floor_spawned":[2,7,16,20],"killed_by":"Shelled Parasite and Fungi","ascension_level":20}}