{"host":"p34rppyhk302xzzg","time":1612067539,"event":{"mods":["Act Like it!","Ascension Reborn","BaseMod","Better Vampires","BetterRewards","Colored Map","Gensokyo","Googly Eyes","Hallownest","Koishi","Lobotomy","LobotomyExtend","Marisa£®ÏF”Í°°ƒß¿Ì…≥£©","Minty Spire (QoL Compilation)","Pale of the Ancients","Quick Restart","Reimu£®≤©¿ˆ¡È√Œ£©","Remilia£®¿Ÿ√◊¿Ú—«£©","Replay The Spire","SOS£®Àπ∞Õ¥Ô÷Æ◊”£©","StSLib","The Administrix","The Bug Knight","UnlockEverythingMod","Waifu the Spire","Yakumo Yukari mod","Youmu£®ªÍ∆«—˝√Œ£©","noobMod","°æ“≈ŒÔø®≈∆°øREMEMod"],"gold_per_floor":[116,116,139,159,159,159,159,159,248,21,44,67,103,205,205,331,331,347,347,347],"floor_reached":19,"language":"ZHS","playtime":1161,"items_purged":[],"score":65,"play_id":"b40b838e-b330-48ba-9fa4-b2e6d906b22c","local_time":"20210131123219","is_ascension_mode":true,"campfire_choices":[{"data":"DevaForm","floor":6,"key":"SMITH"},{"data":"PowerUp","floor":8,"key":"SMITH"},{"floor":15,"key":"RECALL"}],"circlet_count":0,"master_deck":["Strike_MRS+1","Strike_MRS+1","Strike_MRS+1","Strike_MRS+1","Defend_MRS","Defend_MRS","Defend_MRS","Defend_MRS","MasterSpark+1","UpSweep","DevaForm+1","Scorched","PowerUp+1","Gensokyo:MarisaTwilightSpark+1","FairyFestival","MagicAbsorber","Murderer","MachineGunSpark+1","GasGiant","CrumblingArmor","OortCloud","OldLady","EarthLightRay","LittleHelper","AsteroidBelt","Yin","ShootingEcho+1","6A+1","BigBird","MillisecondPulsars","GalaxyChild","PowerUp"],"relics":["MiniHakkero","REME_ComplimentaryCards","ice","CogitoBucket","LetterFromLob","Divine Protection","Juzu Bracelet","Gensokyo:MarisaPhilosophersStone","Molten Egg 2","SimpleLauncher","Darkstone Periapt","ChangeAnything","Akabeko","Philosopher\u0027s Stone"],"acts_visited":["Exordium","Gensokyo:Gensokyo"],"potions_floor_usage":[5],"damage_taken":[{"damage":4,"enemies":"Gensokyo:Python","floor":1,"turns":3},{"damage":0,"enemies":"Gensokyo:3_Fairies","floor":3,"turns":2},{"damage":0,"enemies":"Gensokyo:2_Kodama","floor":4,"turns":2},{"damage":26,"enemies":"Gensokyo:2_Kodama","floor":5,"turns":5},{"damage":0,"enemies":"Gensokyo:2_Rabbits","floor":11,"turns":3},{"damage":0,"enemies":"Gensokyo:LivingMonolith","floor":12,"turns":2},{"damage":0,"enemies":"Gensokyo:Gryphon_and_Rabbit","floor":13,"turns":2},{"damage":2,"enemies":"Gensokyo:Cirno","floor":14,"turns":5},{"damage":16,"enemies":"Gensokyo:Kokoro","floor":16,"turns":9},{"damage":0,"enemies":"Gensokyo:CosmicMonolith","floor":18,"turns":2},{"damage":0,"enemies":"Gensokyo:3_Dogs","floor":19,"turns":3}],"seed_played":"8709787654352831924","potions_obtained":[{"floor":1,"key":"Reflective Coating"},{"floor":5,"key":"SteroidPotion"},{"floor":12,"key":"PanachePotion"},{"floor":13,"key":"ColorlessPotion"}],"is_trial":false,"path_per_floor":["M","?","M","M","?","R","?","R","T","$","M","M","M","E","R_BF","B",null,"M","M"],"character_chosen":"MARISA","items_purchased":["SimpleLauncher"],"campfire_rested":0,"item_purchase_floors":[10],"current_hp_per_floor":[76,76,76,76,54,54,30,30,30,30,32,32,38,36,36,33,85,85,0,0],"gold":347,"neow_bonus":"","is_daily":false,"chose_seed":false,"campfire_upgraded":2,"win_rate":0.0,"timestamp":1612067539,"path_taken":["M","?","?","M","?","R","?","R","T","?","M","M","M","E","R_BF","BOSS","M","M"],"items_purchased_type":["Relic"],"build_version":"2020-12-22","purchased_purges":0,"victory":false,"max_hp_per_floor":[80,80,80,80,80,80,80,80,80,80,80,80,80,80,80,85,85,85,85,85],"card_choices":[{"not_picked":["CrumblingArmor","OldLady"],"picked":"Scorched","floor":1},{"not_picked":["UnstableBomb","MilkyWay"],"picked":"PowerUp","floor":1},{"not_picked":["MeatLantern","OSAHOGD"],"picked":"FairyFestival","floor":3},{"not_picked":["LuminesStrike","MillisecondPulsars"],"picked":"MagicAbsorber","floor":3},{"not_picked":["SpiderBud","MeatLantern","FieryBird"],"picked":"Singing Bowl","floor":4},{"not_picked":["BeautyBeast","MHz"],"picked":"Murderer","floor":4},{"not_picked":["GrandCross","LuminesStrike"],"picked":"MachineGunSpark","floor":4},{"not_picked":["Bloodbath","Alriune"],"picked":"CrumblingArmor","floor":5},{"not_picked":["GrandCross","RefractionSpark"],"picked":"OortCloud","floor":5},{"not_picked":["PunishingBird","CherryBlossoms"],"picked":"OldLady","floor":11},{"not_picked":["GalacticHalo","SporeBomb"],"picked":"EarthLightRay","floor":11},{"not_picked":["BeautyBeast","MHz","WallGazer"],"picked":"Singing Bowl","floor":12},{"not_picked":["UniverseFragment","BlackSwan"],"picked":"LittleHelper","floor":12},{"not_picked":["GalacticHalo","6A+1"],"picked":"AsteroidBelt","floor":12},{"not_picked":["MHz","Alriune","PunishingBird"],"picked":"Singing Bowl","floor":13},{"not_picked":["OSAHOGD","ShyLook"],"picked":"Yin","floor":13},{"not_picked":["OrrerysSun","OpenUniverse"],"picked":"ShootingEcho+1","floor":13},{"not_picked":["GravityBeat+1","NonDirectionalLaser+1"],"picked":"6A+1","floor":14},{"not_picked":["BlackSwan","OSAHOGD","SpiderBud"],"picked":"Singing Bowl","floor":16},{"not_picked":["Porccubus","MHz"],"picked":"BigBird","floor":16},{"not_picked":["UltimateShortwave","CollectingQuirk+1"],"picked":"MillisecondPulsars","floor":16},{"not_picked":["BigBadWolf","MHz"],"picked":"GalaxyChild","floor":18},{"not_picked":["AsteroidBelt","SuperPerseids"],"picked":"PowerUp","floor":18}],"player_experience":83271,"relics_obtained":[{"floor":1,"key":"LetterFromLob"},{"floor":3,"key":"Divine Protection"},{"floor":4,"key":"Juzu Bracelet"},{"floor":5,"key":"Gensokyo:MarisaPhilosophersStone"},{"floor":9,"key":"Molten Egg 2"},{"floor":12,"key":"Darkstone Periapt"},{"floor":14,"key":"Akabeko"}],"event_choices":[],"is_beta":false,"boss_relics":[{"not_picked":["REME_LowDesire","Replay:Drink Me"],"picked":"Philosopher\u0027s Stone"}],"items_purged_floors":[],"is_endless":false,"potions_floor_spawned":[1,5,12,13],"killed_by":"Gensokyo:3_Dogs","ascension_level":-14}}