{"host":"at8674jmuidj9jgx","time":1612118662,"event":{"mods":["AchievementEnabler","BaseMod","Colored Map","Colored Powertips","Minty Spire (QoL Compilation)","SuperFastMode"],"gold_per_floor":[110,210,228,244,262,296,142,170,170,170,195,228,228,77,77,175,175,193,193,213,227,240,240,240],"floor_reached":23,"language":"ENG","playtime":913,"items_purged":[],"score":253,"play_id":"5fb45071-36ed-4931-aa81-ff6353be2699","local_time":"20210131214422","is_ascension_mode":true,"campfire_choices":[{"floor":10,"key":"REST"},{"floor":13,"key":"REST"},{"floor":15,"key":"REST"}],"circlet_count":0,"master_deck":["Strike_R","Strike_R","Strike_R","Strike_R","Strike_R","Defend_R+1","Defend_R","Defend_R","Defend_R+1","Bash","Heavy Blade","Sever Soul","Sword Boomerang","Anger","Battle Trance","Demon Form","Twin Strike","Double Tap","Double Tap"],"relics":["Fusion Hammer","Nunchaku","Orrery","Orichalcum","Red Skull","Odd Mushroom","HornCleat","War Paint","Runic Dome"],"acts_visited":["Exordium","TheCity"],"potions_floor_usage":[5,6,12,12,16,16,23,23,23],"damage_taken":[{"damage":2,"enemies":"Jaw Worm","floor":1,"turns":3},{"damage":1,"enemies":"Cultist","floor":3,"turns":3},{"damage":0,"enemies":"2 Louse","floor":4,"turns":2},{"damage":14,"enemies":"Exordium Wildlife","floor":5,"turns":3},{"damage":30,"enemies":"3 Sentries","floor":6,"turns":7},{"damage":16,"enemies":"Gremlin Nob","floor":8,"turns":3},{"damage":20,"enemies":"The Mushroom Lair","floor":11,"turns":3},{"damage":4,"enemies":"3 Sentries","floor":12,"turns":3},{"damage":39,"enemies":"The Guardian","floor":16,"turns":5},{"damage":6,"enemies":"Chosen","floor":18,"turns":3},{"damage":7,"enemies":"3 Byrds","floor":20,"turns":4},{"damage":30,"enemies":"Centurion and Healer","floor":21,"turns":4},{"damage":18,"enemies":"Snake Plant","floor":22,"turns":2},{"damage":30,"enemies":"Gremlin Leader","floor":23,"turns":2}],"seed_played":"4902206792082858721","potions_obtained":[{"floor":3,"key":"Strength Potion"},{"floor":4,"key":"Block Potion"},{"floor":12,"key":"EntropicBrew"},{"floor":20,"key":"Strength Potion"},{"floor":21,"key":"Explosive Potion"},{"floor":22,"key":"SpeedPotion"}],"is_trial":false,"path_per_floor":["M","?","M","M","M","E","$","E","T","R","?","E","R","$","R","B",null,"M","?","M","M","M","E"],"character_chosen":"IRONCLAD","items_purchased":["Orrery","War Paint"],"campfire_rested":3,"item_purchase_floors":[7,14],"current_hp_per_floor":[78,78,77,77,63,33,33,17,17,41,21,22,47,47,72,33,85,79,79,72,42,24,0,0],"gold":240,"neow_bonus":"BOSS_RELIC","is_daily":false,"chose_seed":false,"campfire_upgraded":0,"win_rate":0.0,"timestamp":1612118662,"path_taken":["M","?","?","?","M","E","?","E","T","R","?","E","R","$","R","BOSS","M","?","M","?","?","E"],"items_purchased_type":["Relic","Relic"],"build_version":"2020-12-22","purchased_purges":0,"victory":false,"max_hp_per_floor":[80,80,80,80,80,80,80,80,80,80,80,85,85,85,85,85,85,85,85,85,85,85,85,85],"card_choices":[{"not_picked":["Pummel","Clash"],"picked":"Heavy Blade","floor":1},{"not_picked":["Iron Wave","Havoc"],"picked":"Sever Soul","floor":3},{"not_picked":["Warcry","Evolve","Iron Wave"],"picked":"SKIP","floor":4},{"not_picked":["True Grit","Cleave"],"picked":"Sword Boomerang","floor":5},{"not_picked":["Rupture","Feed"],"picked":"Anger","floor":6},{"not_picked":["Burning Pact","Headbutt"],"picked":"Battle Trance","floor":7},{"not_picked":["Corruption","Warcry"],"picked":"Demon Form","floor":7},{"not_picked":["Wild Strike","Clash"],"picked":"Twin Strike","floor":7},{"not_picked":["Fire Breathing","Clothesline","Shockwave"],"picked":"SKIP","floor":8},{"not_picked":["Evolve","Fire Breathing","Clothesline"],"picked":"SKIP","floor":12},{"not_picked":["Impervious","Feed"],"picked":"Double Tap","floor":16},{"not_picked":["Metallicize","Dual Wield+1","Armaments"],"picked":"SKIP","floor":18},{"not_picked":["Carnage","Dark Embrace","Thunderclap"],"picked":"SKIP","floor":20},{"not_picked":["Iron Wave","Rupture+1","Fiend Fire"],"picked":"SKIP","floor":21},{"not_picked":["Clash","Clothesline","Dual Wield"],"picked":"SKIP","floor":22}],"player_experience":124420,"relics_obtained":[{"floor":6,"key":"Nunchaku"},{"floor":8,"key":"Orichalcum"},{"floor":9,"key":"Red Skull"},{"floor":11,"key":"Odd Mushroom"},{"floor":12,"key":"HornCleat"}],"event_choices":[{"damage_healed":0,"gold_gain":100,"player_choice":"Gold","damage_taken":0,"max_hp_gain":0,"max_hp_loss":0,"event_name":"Wheel of Change","floor":2,"gold_loss":0},{"damage_healed":0,"gold_gain":0,"player_choice":"Fought Mushrooms","damage_taken":0,"max_hp_gain":0,"max_hp_loss":0,"event_name":"Mushrooms","floor":11,"gold_loss":0},{"damage_healed":0,"gold_gain":0,"player_choice":"Copied","damage_taken":0,"max_hp_gain":0,"max_hp_loss":0,"event_name":"Duplicator","floor":19,"gold_loss":0,"cards_obtained":["Double Tap"]}],"is_beta":false,"boss_relics":[{"not_picked":["Astrolabe","SacredBark"],"picked":"Runic Dome"}],"items_purged_floors":[],"is_endless":false,"potions_floor_spawned":[3,4,12,20,21,22],"killed_by":"Gremlin Leader","ascension_level":4}}