{"host":"ijtyqc57s6c9mbij","time":1612072048,"event":{"mods":["BaseMod","Colored Map","Downfall","Minty Spire (QoL Compilation)","StSLib"],"gold_per_floor":[99,117,128,128,228,262,262,62,91,109,142,162,62,62,81,180,180,180,194,211,225,225,86,86,186,186,199,147,147,147,147,163,264,264,264,280,280,330,307,307,307,323,323,323,323],"floor_reached":43,"language":"ENG","playtime":2675,"items_purged":["downfall:Bewildered"],"score":569,"play_id":"897c17aa-0947-41c7-909a-7d90cf7f2e4b","local_time":"20210130214728","daily_mods":["Red Cards","Terminal"],"is_ascension_mode":true,"campfire_choices":[{"floor":1.0,"key":"RECALL"},{"data":"Limit Break","floor":8.0,"key":"SMITH"},{"data":"champ:DefensiveStyle","floor":13.0,"key":"SMITH"},{"data":"champ:Taunt","floor":18.0,"key":"SMITH"},{"data":"champ:UltimateStance","floor":29.0,"key":"SMITH"},{"data":"Rupture","floor":35.0,"key":"SMITH"},{"data":"Corruption","floor":40.0,"key":"SMITH"}],"circlet_count":0,"master_deck":["champ:Defend","champ:Defend","champ:Execute","champ:Taunt+1","champ:Endure","Clothesline","Limit Break+1","champ:DefensiveStyle+1","Pommel Strike","champ:Shatter","Pommel Strike","Carnage","Barricade","Armaments+1","champ:Endure+1","champ:UltimateStance+1","Dual Wield+1","Heavy Blade","J.A.X.","champ:Circumvent+1","Flame Barrier","champ:SwordSigil","Fiend Fire","Seeing Red","Rupture+1","Slimebound:Tackle+1","Slimebound:Tackle+1","Slimebound:Tackle+1","Bloodletting+1","Corruption+1","champ:FocusedBerserking+1","Flex","champ:AdrenalArmor+1","Flex","champ:EnchantCrown"],"relics":["champ:ChampionCrown","Tiny Chest","downfall:HeartBlessingRed","downfall:HeartBlessingBlue","Oddly Smooth Stone","Mummified Hand","downfall:HeartBlessingGreen","Lantern","sneckomod:SneckoTalon","sneckomod:BabySnecko","MealTicket","MutagenicStrength","champ:DuelingGlove","Sozu","Bottled Flame","Torii","CaptainsWheel","Mercury Hourglass"],"acts_visited":["Exordium","TheCity","TheBeyond"],"potions_floor_usage":[],"damage_taken":[{"damage":10.0,"enemies":"2 Louse","floor":2.0,"turns":3.0},{"damage":11.0,"enemies":"Jaw Worm","floor":3.0,"turns":4.0},{"damage":41.0,"enemies":"Gremlin Nob","floor":6.0,"turns":5.0},{"damage":42.0,"enemies":"Lagavulin","floor":9.0,"turns":9.0},{"damage":10.0,"enemies":"Small Slimes","floor":10.0,"turns":3.0},{"damage":20.0,"enemies":"3 Sentries","floor":11.0,"turns":7.0},{"damage":11.0,"enemies":"2 Fungi Beasts","floor":12.0,"turns":3.0},{"damage":10.0,"enemies":"Red Slaver","floor":15.0,"turns":2.0},{"damage":66.0,"enemies":"WA_ARCHETYPE_RETAIN","floor":16.0,"turns":8.0},{"damage":39.0,"enemies":"3 Byrds","floor":19.0,"turns":6.0},{"damage":0.0,"enemies":"Spheric Guardian","floor":20.0,"turns":1.0},{"damage":10.0,"enemies":"Centurion and Healer","floor":21.0,"turns":5.0},{"damage":10.0,"enemies":"downfall:FleeingMerchant","floor":23.0,"turns":4.0},{"damage":17.0,"enemies":"downfall:Augmenter","floor":25.0,"turns":6.0},{"damage":5.0,"enemies":"Cultist and Chosen","floor":27.0,"turns":4.0},{"damage":33.0,"enemies":"downfall:FleeingMerchant","floor":28.0,"turns":4.0},{"damage":13.0,"enemies":"Snake Plant","floor":32.0,"turns":2.0},{"damage":19.0,"enemies":"DF_ARCHETYPE_CLAW","floor":33.0,"turns":6.0},{"damage":22.0,"enemies":"3 Shapes","floor":36.0,"turns":4.0},{"damage":44.0,"enemies":"3 Shapes","floor":38.0,"turns":5.0},{"damage":44.0,"enemies":"downfall:FleeingMerchant","floor":39.0,"turns":4.0},{"damage":40,"enemies":"3 Darklings","floor":42,"turns":4},{"damage":36,"enemies":"Maw","floor":43,"turns":4}],"seed_played":"5344612103847025689","potions_obtained":[{"floor":2.0,"key":"EssenceOfSteel"},{"floor":3.0,"key":"sneckomod:MuddlingPotion"},{"floor":11.0,"key":"Guardian:BlockOnCardUsePotion"},{"floor":12.0,"key":"DuplicationPotion"},{"floor":16.0,"key":"FearPotion"},{"floor":20.0,"key":"Strength Potion"},{"floor":27.0,"key":"sneckomod:MuddlingPotion"},{"floor":30.0,"key":"CultistPotion"},{"floor":32.0,"key":"PowerPotion"}],"is_trial":true,"path_per_floor":["R","M","M","?","?","E","T","R","E","M","E","M","R","?","M","B",null,"R","M","M","M","?","$","T","?","T","M","$","R","?","?","M","B",null,"R","M","T","?","$","R","T","M","M"],"character_chosen":"THE_CHAMP","items_purchased":["Heavy Blade","Rupture","CaptainsWheel","Flex"],"campfire_rested":0,"item_purchase_floors":[23,28,39,39],"current_hp_per_floor":[88,87,86,95,94,73,73,83,61,61,61,60,60,57,57,21,92,91,82,82,82,82,82,82,75,75,75,79,79,79,78,75,66,75,74,62,62,53,59,59,59,29,0,0,0],"gold":323,"neow_bonus":"","is_daily":false,"chose_seed":false,"campfire_upgraded":6,"win_rate":0.0,"timestamp":1612072048,"path_taken":["R","M","M","?","?","E","T","R","E","M","E","M","R","?","M","BOSS","R","M","M","M","?","$","T","?","?","?","$","R","?","?","M","BOSS","R","M","?","?","$","R","T","M","M"],"items_purchased_type":["Card","Card","Relic","Card"],"build_version":"2020-12-22","purchased_purges":1,"victory":false,"max_hp_per_floor":[88,87,86,95,94,93,92,101,100,99,98,97,96,95,94,93,92,91,90,89,88,87,86,85,84,83,82,81,80,79,78,77,76,75,74,73,72,71,70,69,68,67,67,67,67],"card_choices":[{"not_picked":["Iron Wave","champ:BringItOn"],"picked":"champ:Endure","floor":2.0},{"not_picked":["Fire Breathing","Feel No Pain"],"picked":"Clothesline","floor":3.0},{"not_picked":["champ:BerserkersShout","Fire Breathing"],"picked":"Limit Break","floor":6.0},{"not_picked":["champ:GutPunch","True Grit"],"picked":"champ:DefensiveStyle","floor":9.0},{"not_picked":["Iron Wave","champ:DefensiveShout"],"picked":"Pommel Strike","floor":10.0},{"not_picked":["Rampage","Anger"],"picked":"champ:Shatter","floor":11.0},{"not_picked":["champ:DefensiveShout","champ:CrownThrow"],"picked":"Pommel Strike","floor":12.0},{"not_picked":["Anger","Sword Boomerang"],"picked":"Carnage","floor":15.0},{"not_picked":["Double Tap","Limit Break"],"picked":"Barricade","floor":16.0},{"not_picked":["Sword Boomerang","Thunderclap"],"picked":"Armaments+1","floor":19.0},{"not_picked":["champ:Circumvent+1","Fire Breathing"],"picked":"champ:Endure+1","floor":20.0},{"not_picked":["champ:EnGarde","Sword Boomerang"],"picked":"champ:UltimateStance","floor":21.0},{"not_picked":["Evolve+1","Battle Trance"],"picked":"Dual Wield+1","floor":23.0},{"not_picked":[],"picked":"J.A.X.","floor":25.0},{"not_picked":["Dual Wield","champ:PerfectedStrike"],"picked":"champ:Circumvent+1","floor":25.0},{"not_picked":["Pommel Strike","champ:BladeFlurry"],"picked":"Fiend Fire","floor":27.0},{"not_picked":["Flame Barrier+1","Pommel Strike"],"picked":"Seeing Red","floor":28.0},{"not_picked":["Heavy Blade","Rampage"],"picked":"Bloodletting+1","floor":32.0},{"not_picked":["Barricade","Brutality"],"picked":"Corruption","floor":33.0},{"not_picked":["champ:StanceDance","champ:EnGarde"],"picked":"champ:FocusedBerserking+1","floor":36.0},{"not_picked":["Sword Boomerang","Cleave"],"picked":"Flex","floor":38.0},{"not_picked":["champ:ShieldSigil","champ:EnGarde+1"],"picked":"champ:AdrenalArmor+1","floor":39.0},{"not_picked":["Rampage+1","champ:RecklessLeap+1"],"picked":"champ:EnchantCrown","floor":42}],"player_experience":928724,"relics_obtained":[{"floor":6.0,"key":"Tiny Chest"},{"floor":9.0,"key":"Oddly Smooth Stone"},{"floor":11.0,"key":"Mummified Hand"},{"floor":24.0,"key":"MealTicket"},{"floor":25.0,"key":"MutagenicStrength"},{"floor":26.0,"key":"champ:DuelingGlove"},{"floor":37.0,"key":"Bottled Flame"},{"floor":38.0,"key":"Torii"},{"floor":41,"key":"Mercury Hourglass"}],"event_choices":[{"damage_healed":0.0,"max_hp_gain":0.0,"max_hp_loss":0.0,"gold_gain":0.0,"event_name":"Scrap Ooze","player_choice":"Success","floor":14.0,"gold_loss":0.0,"damage_taken":3.0,"relics_obtained":["Lantern"]}],"is_beta":false,"boss_relics":[{"not_picked":["Coffee Dripper","Black Star"],"picked":"sneckomod:SneckoTalon"},{"not_picked":["Empty Cage","Tiny House"],"picked":"Sozu"}],"items_purged_floors":[23],"is_endless":false,"potions_floor_spawned":[2,3,11,12,16,20,21,27,32,42],"killed_by":"Maw","ascension_level":1}}