{"host":"gf8hyl7jhl0is674","time":1612054738,"event":{"mods":["2.2 Compatiblity","Act Like it!","Aspiration","BaseMod","Chen","Colored Map","Gensokyo","KinomotoSakuraMod(????)","Koishi","Marisa????????","Minty Spire (QoL Compilation)","Onozuka Komachi Mod","Permanent Neow","StSLib","The Administrix","The Blue Laboratory","The Servant 0.9.4","Waifu the Spire"],"gold_per_floor":[115,129,141,141,154,154,182,194,271,283,295,328,347,347,347,450,450,465,465,465,483,497,497,131,131,200,200,213,213,213,83,83,187,187,203,217,217,127,36,36,70,70,110,130,130,130,163,163,163,163,163,163,15,50,50,50],"floor_reached":55,"language":"ENG","playtime":7532,"items_purged":["AdministrixMod:Strike_Administrix"],"score":810,"play_id":"a39c1bc1-24c6-4b8d-91b3-f229a9e2e7af","local_time":"20210130175857","is_ascension_mode":false,"campfire_choices":[{"floor":6,"key":"RECALL"},{"data":"AdministrixMod:DreamsMausoleum","floor":15,"key":"SMITH"},{"floor":23,"key":"REST"},{"data":"Burst","floor":27,"key":"SMITH"},{"data":"AdministrixMod:NewbornDivinity","floor":30,"key":"SMITH"},{"data":"Study","floor":32,"key":"SMITH"},{"data":"AdministrixMod:LightOfYourLife","floor":40,"key":"SMITH"},{"data":"AdministrixMod:TrickOfTheLight","floor":42,"key":"SMITH"},{"data":"AdministrixMod:Transition","floor":45,"key":"SMITH"},{"data":"AdministrixMod:SyncreticSurge","floor":49,"key":"SMITH"},{"data":"AdministrixMod:SipOfSparks","floor":52,"key":"SMITH"}],"circlet_count":0,"master_deck":["AdministrixMod:RedCloak","AdministrixMod:Defend_Administrix+1","AdministrixMod:Defend_Administrix+1","AdministrixMod:BlueCloak","AdministrixMod:TrickOfTheLight+1","AdministrixMod:ExtolVirtue","AdministrixMod:DreamsMausoleum+1","Skewer","Doppelganger","AdministrixMod:LightOfYourLife+1","AdministrixMod:BrewingCloister+1","AdministrixMod:SipOfSparks+1","AdministrixMod:HaveItAll","AdministrixMod:Transition+1","AdministrixMod:SyncreticSurge+1","AdministrixMod:NewbornDivinity+1","Protect","Chen:Instinct","Burst+1","Finisher","AdministrixMod:ChooseYourEnd+1","Protect+1","Study+1","AdministrixMod:RebukeDesires+1","ConjureBlade+1","AdministrixMod:TouchOfCinnabar+1","AdministrixMod:CenturiesAscent+1","Gensokyo:CustomPotion","Finesse","AdministrixMod:XianArts+1","AdministrixMod:BegetEternity+1","AdministrixMod:CenturiesAscent+1","ForeignInfluence+1"],"relics":["SacredBark","Lantern","War Paint","aspiration:WatcherSkillbook","aspiration:Lifesprig","AdministrixMod:DragonsEyeCharm","Gensokyo:DirgeOfMelancholy","Molten Egg 2","PreservedInsect","Philosopher\u0027s Stone","Ornamental Fan","AdministrixMod:GoldenChickadee","Question Card","Du-Vu Doll","OrangePellets","Mercury Hourglass"],"acts_visited":["Gensokyo:Gensokyo","Gensokyo:Gensokyoer","Gensokyo:Gensokyoest","TheEnding"],"potions_floor_usage":[7,10,11,12,12,16,18,22,22,28,33,33,33,35,41,44,47,54,55,55],"damage_taken":[{"damage":0,"enemies":"Gensokyo:Python","floor":1,"turns":4},{"damage":0,"enemies":"Gensokyo:3_Fairies","floor":2,"turns":3},{"damage":3,"enemies":"Gensokyo:2_Kodama","floor":3,"turns":3},{"damage":11,"enemies":"Gensokyo:Kitsune","floor":5,"turns":5},{"damage":8,"enemies":"Gensokyo:Mamizou","floor":7,"turns":7},{"damage":0,"enemies":"Gensokyo:LivingMonolith","floor":8,"turns":3},{"damage":0,"enemies":"Gensokyo:VengefulSpirit","floor":10,"turns":4},{"damage":1,"enemies":"Gensokyo:3_Kodama","floor":11,"turns":4},{"damage":11,"enemies":"Gensokyo:Aya","floor":12,"turns":9},{"damage":0,"enemies":"Gensokyo:2_Rabbits","floor":13,"turns":5},{"damage":10,"enemies":"Gensokyo:Reimu","floor":16,"turns":10},{"damage":11,"enemies":"Gensokyo:3_Dogs","floor":18,"turns":7},{"damage":3,"enemies":"Gensokyo:Chomper","floor":21,"turns":5},{"damage":25,"enemies":"Gensokyo:Monolith_and_Dog","floor":22,"turns":8},{"damage":3,"enemies":"Gensokyo:Wraith","floor":28,"turns":6},{"damage":28,"enemies":"Gensokyo:Eternal_Rivals","floor":33,"turns":10},{"damage":3,"enemies":"Gensokyo:3_Boulders","floor":35,"turns":6},{"damage":8,"enemies":"Gensokyo:3_Bats","floor":36,"turns":6},{"damage":0,"enemies":"Gensokyo:Kasen","floor":41,"turns":4},{"damage":0,"enemies":"Gensokyo:Rafflesia","floor":44,"turns":6},{"damage":2,"enemies":"Gensokyo:Marisa","floor":47,"turns":4},{"damage":0,"enemies":"Gensokyo:Yuyuko","floor":50,"turns":5},{"damage":12,"enemies":"Shield and Spear","floor":54,"turns":6},{"damage":58,"enemies":"The Heart","floor":55,"turns":6}],"seed_played":"-780854910125823579","potions_obtained":[{"floor":2,"key":"blueLaboratory:Moonshine"},{"floor":5,"key":"blueLaboratory:BottleOfRum"},{"floor":7,"key":"blueLaboratory:SavagePotion"},{"floor":8,"key":"AttackPotion"},{"floor":21,"key":"blueLaboratory:LouseDecoction"},{"floor":28,"key":"AdministrixMod:AttunementTonic"},{"floor":33,"key":"blueLaboratory:BottleOfVodka"},{"floor":35,"key":"SneckoOil"},{"floor":36,"key":"EssenceOfSteel"},{"floor":41,"key":"LiquidMemories"},{"floor":54,"key":"CultistPotion"}],"is_trial":false,"path_per_floor":["M","M","M","?","M","R","E","M","T","M","M","E","M","?","R","B",null,"M","?","?","M","M","R","$","?","T","R","M","?","R","$","R","B",null,"M","M","?","?","$","R","E","R","T","M","R","?","E","T","R","B",null,"R","$","E","B"],"character_chosen":"TheAdministrix","items_purchased":["aspiration:Lifesprig","AdministrixMod:DragonsEyeCharm","Study","AdministrixMod:RebukeDesires+1","Finesse","OrangePellets"],"campfire_rested":1,"item_purchase_floors":[24,24,31,31,39,53],"current_hp_per_floor":[65,65,62,62,51,51,43,43,43,43,42,31,31,51,51,41,65,54,54,54,51,26,45,45,45,45,45,42,42,42,42,42,14,60,57,49,49,49,49,49,49,49,49,49,49,49,47,47,47,47,60,60,60,48,0,0],"gold":50,"neow_bonus":"BOSS_RELIC","is_daily":false,"chose_seed":false,"campfire_upgraded":9,"win_rate":0.0,"timestamp":1612054737,"path_taken":["M","M","M","?","?","R","E","M","T","M","M","E","M","?","R","BOSS","M","?","?","?","M","R","$","?","T","R","?","?","R","$","R","BOSS","M","?","?","?","?","R","E","R","T","M","R","?","E","?","R","BOSS","R","$","E","BOSS"],"items_purchased_type":["Relic","Relic","Card","Card","Card","Relic"],"build_version":"2020-12-22","purchased_purges":1,"victory":false,"max_hp_per_floor":[65,65,65,65,65,65,65,65,65,65,65,65,65,65,65,65,65,65,65,65,65,65,65,65,65,65,65,65,60,60,60,60,60,60,60,60,60,60,60,60,60,60,60,60,60,60,60,60,60,60,60,60,60,60,60,60],"card_choices":[{"not_picked":["AdministrixMod:HiddenPower","AdministrixMod:HarmonicReverence"],"picked":"AdministrixMod:TrickOfTheLight","floor":1},{"not_picked":["AdministrixMod:Katabasis","AdministrixMod:SyncreticPlunge"],"picked":"AdministrixMod:ExtolVirtue","floor":2},{"not_picked":["AdministrixMod:CenturiesAscent","AdministrixMod:CrackingPangu"],"picked":"AdministrixMod:DreamsMausoleum","floor":3},{"not_picked":["AdministrixMod:TouchOfCinnabar","AdministrixMod:Wuji"],"picked":"AdministrixMod:LightOfYourLife","floor":5},{"not_picked":["AdministrixMod:TrickOfTheLight","AdministrixMod:CenturiesAscent"],"picked":"AdministrixMod:BrewingCloister","floor":7},{"not_picked":["AdministrixMod:BegetEternity","AdministrixMod:FiendishCrimson"],"picked":"AdministrixMod:SipOfSparks","floor":8},{"not_picked":["AdministrixMod:XianArts","AdministrixMod:FiendishCrimson"],"picked":"AdministrixMod:HaveItAll","floor":10},{"not_picked":["AdministrixMod:BloodBargain","AdministrixMod:Overdrive","AdministrixMod:NoblePath"],"picked":"SKIP","floor":11},{"not_picked":["AdministrixMod:LightOfYourLife","AdministrixMod:SyncreticPlunge"],"picked":"AdministrixMod:Transition","floor":12},{"not_picked":["AdministrixMod:CrackingPangu","AdministrixMod:Overdrive"],"picked":"AdministrixMod:SyncreticSurge","floor":13},{"not_picked":["AdministrixMod:CosmosControl","AdministrixMod:TenDesires"],"picked":"AdministrixMod:NewbornDivinity","floor":16},{"not_picked":["AdministrixMod:CrackingPangu","AdministrixMod:BegetEternity+1","AdministrixMod:TouchOfCinnabar"],"picked":"Protect","floor":18},{"not_picked":["AdministrixMod:FiendishCrimson","EmptyFist","AdministrixMod:Convergence+1"],"picked":"Consecrate","floor":21},{"not_picked":["AdministrixMod:SipOfSparks","BowlingBash+1","Fasting2"],"picked":"AdministrixMod:ChooseYourEnd+1","floor":22},{"not_picked":["Scrawl","WheelKick+1","AdministrixMod:NoblePath+1"],"picked":"Protect+1","floor":28},{"not_picked":["AdministrixMod:FalseDeath","Wish","AdministrixMod:GirlsDoItBetter+1"],"picked":"ConjureBlade","floor":33},{"not_picked":["AdministrixMod:CastOffRegrets+1","ReachHeaven+1","AdministrixMod:UnstableVigor+1"],"picked":"AdministrixMod:TouchOfCinnabar+1","floor":35},{"not_picked":["AdministrixMod:DiversionaryTactic+1","Prostrate","AdministrixMod:LightOfYourLife"],"picked":"AdministrixMod:CenturiesAscent+1","floor":36},{"not_picked":["AdministrixMod:Wuji","AdministrixMod:FearOfDeath","AdministrixMod:RebukeDesires+1"],"picked":"AdministrixMod:XianArts+1","floor":41},{"not_picked":["AdministrixMod:SealAway+1","AdministrixMod:TouchOfCinnabar+1","Collect"],"picked":"AdministrixMod:BegetEternity+1","floor":44},{"not_picked":["WindmillStrike+1","Weave+1","AdministrixMod:NewWardrobe+1"],"picked":"AdministrixMod:CenturiesAscent+1","floor":47},{"not_picked":["AdministrixMod:SealAway","AdministrixMod:DiversionaryTactic+1","ClearTheMind","Swivel"],"picked":"ForeignInfluence+1","floor":54}],"player_experience":354061,"relics_obtained":[{"floor":7,"key":"Lantern"},{"floor":12,"key":"War Paint"},{"floor":26,"key":"Molten Egg 2"},{"floor":41,"key":"Ornamental Fan"},{"floor":43,"key":"AdministrixMod:GoldenChickadee"},{"floor":47,"key":"Question Card"},{"floor":48,"key":"Du-Vu Doll"},{"floor":54,"key":"Mercury Hourglass"}],"event_choices":[],"is_beta":false,"boss_relics":[{"not_picked":["aspiration:DefectSkillbook","aspiration:FutureDiary"],"picked":"aspiration:WatcherSkillbook"},{"not_picked":["AdministrixMod:BloodSoakedVeil","aspiration:RunicSpoon"],"picked":"Philosopher\u0027s Stone"}],"items_purged_floors":[24],"is_endless":false,"potions_floor_spawned":[2,5,7,8,21,28,33,35,36,41,54],"killed_by":"The Heart","ascension_level":0}}