{"host":"fortuna","time":1612125596,"event":{"mods":["100% Spire Juice","Act Like it!","Arknights","BaseMod","Downfall","Gensokyo","Hallownest","Luminous","Minty Spire (QoL Compilation)","Reimu£®≤©¿ˆ¡È√Œ£©","Relic Stats","StSLib","The Administrix","Waifu the Spire","WarShipGirlsR/’ΩΩ¢…Ÿ≈ÆR mod","Yakumo Yukari mod"],"gold_per_floor":[110,110,110,7,19,110,122,154,34,68,84,104,130,10,10,10,10],"floor_reached":16,"language":"ZHS","playtime":1258,"items_purged":[],"score":160,"play_id":"c9f2c11d-a545-4b88-8b34-87265586cd01","local_time":"20210201043956","is_ascension_mode":true,"campfire_choices":[{"data":"Moonworks:CloudOfSeagulls","floor":15,"key":"SMITH"}],"circlet_count":0,"master_deck":["Moonworks:Strike","Moonworks:Strike","Moonworks:Strike","Moonworks:Strike","Moonworks:Defend","Moonworks:Defend","Moonworks:Defend","Moonworks:Defend","Moonworks:Ambush","Moonworks:LongDistanceShot","Moonworks:EvilSpyWorkPreparation","Moonworks:BindingChains","Moonworks:EvilSpyWorkPreparation","Moonworks:TacticalRetreat","Moonworks:DeployBits","Moonworks:SakisCookie","Moonworks:AngelHand","Moonworks:CloudOfSeagulls+1"],"relics":["Moonworks:BrokenBomb","Moonworks:Homemark","Bag of Marbles","Mango","Gambling Chip","Mango","Ginger","Tea:ReiMu","Lantern","Gremlin Horn","Gensokyo:OccultBall"],"acts_visited":["Gensokyo:Gensokyo"],"potions_floor_usage":[6,10,13],"damage_taken":[{"damage":2,"enemies":"Gensokyo:Gryphon","floor":1,"turns":3},{"damage":18,"enemies":"Gensokyo:2_Kodama","floor":5,"turns":6},{"damage":25,"enemies":"Gensokyo:Cirno","floor":6,"turns":7},{"damage":4,"enemies":"Gensokyo:3_Fairies","floor":7,"turns":4},{"damage":6,"enemies":"Gensokyo:Aya","floor":8,"turns":5},{"damage":3,"enemies":"Gensokyo:Mamizou","floor":10,"turns":7},{"damage":0,"enemies":"Gensokyo:Gryphon_and_Rabbit","floor":11,"turns":6},{"damage":1,"enemies":"Gensokyo:Python_and_Kodama","floor":12,"turns":4},{"damage":15,"enemies":"Gensokyo:Mamizou","floor":13,"turns":9},{"damage":34,"enemies":"Gensokyo:Reimu","floor":16,"turns":15}],"seed_played":"-3607117353633308884","potions_obtained":[{"floor":5,"key":"Regen Potion"},{"floor":6,"key":"Swift Potion"},{"floor":10,"key":"Ancient Potion"},{"floor":11,"key":"SkillPotion"},{"floor":13,"key":"Fire Potion"}],"is_trial":false,"path_per_floor":["M","$","?","COS","M","E","M","E","T","?","M","M","E","?","R","B"],"character_chosen":"THE_STARBREAKER","items_purchased":[],"campfire_rested":0,"item_purchase_floors":[],"current_hp_per_floor":[58,58,51,51,33,23,19,27,27,24,24,23,8,8,34,0,0],"gold":10,"neow_bonus":"RANDOM_COMMON_RELIC","is_daily":false,"chose_seed":false,"campfire_upgraded":1,"win_rate":0.0,"timestamp":1612125596,"path_taken":["M","?","?","COS","?","E","M","E","T","?","?","M","E","?","R","BOSS"],"items_purchased_type":[],"build_version":"2020-12-18","purchased_purges":0,"victory":false,"max_hp_per_floor":[60,60,74,74,74,74,74,88,88,88,88,88,88,88,88,88,88],"relic_stats":{"Gremlin Horn":[0,0],"counters":[10,66],"Gambling Chip":[11],"Ginger":[0],"obtain_stats":[{"Lantern":10,"Gremlin Horn":13,"Moonworks:Homemark":0,"Gambling Chip":6,"Tea:ReiMu":9,"Mango":3,"Gensokyo:OccultBall":14,"Bag of Marbles":0,"Ginger":8,"Moonworks:BrokenBomb":0},{"Lantern":6,"Gremlin Horn":9,"Moonworks:Homemark":0,"Gambling Chip":3,"Tea:ReiMu":5,"Mango":1,"Gensokyo:OccultBall":9,"Bag of Marbles":0,"Ginger":5,"Moonworks:BrokenBomb":0},{"Lantern":32,"Gremlin Horn":51,"Moonworks:Homemark":0,"Gambling Chip":16,"Tea:ReiMu":25,"Mango":3,"Gensokyo:OccultBall":51,"Bag of Marbles":0,"Ginger":25,"Moonworks:BrokenBomb":0}]},"card_choices":[{"not_picked":["Moonworks:LulusLuckyEgg","Moonworks:Assault"],"picked":"Moonworks:EvilSpyWorkPreparation","floor":1},{"not_picked":["Moonworks:EvilSpyWorkPreparation","Moonworks:AngelHand"],"picked":"Moonworks:Heat300Percent","floor":5},{"not_picked":["Moonworks:IntelligenceOfficer","Moonworks:BigMagnum"],"picked":"Moonworks:BindingChains","floor":6},{"not_picked":["Moonworks:TreasureThief","Moonworks:ExtendedPhotonRifle"],"picked":"Moonworks:EvilSpyWorkPreparation","floor":7},{"not_picked":["Moonworks:BeyondHell","Moonworks:DeployBits"],"picked":"Moonworks:TacticalRetreat","floor":8},{"not_picked":["Moonworks:FinalSurgery","Moonworks:x16BigRocket"],"picked":"Moonworks:DeployBits","floor":10},{"not_picked":["Moonworks:BigMagnum","Moonworks:AngelHand"],"picked":"Moonworks:SakisCookie","floor":11},{"not_picked":["Moonworks:IntelligenceOfficer","Moonworks:GoAway"],"picked":"Moonworks:AngelHand","floor":12},{"not_picked":["Moonworks:IndiscriminateFireSupport","Moonworks:Assault"],"picked":"Moonworks:CloudOfSeagulls","floor":13}],"player_experience":303070,"relics_obtained":[{"floor":6,"key":"Gambling Chip"},{"floor":8,"key":"Ginger"},{"floor":9,"key":"Tea:ReiMu"},{"floor":10,"key":"Lantern"},{"floor":13,"key":"Gremlin Horn"}],"event_choices":[],"is_beta":true,"boss_relics":[],"items_purged_floors":[],"is_endless":false,"potions_floor_spawned":[5,6,10,11,13],"killed_by":"Gensokyo:Reimu","ascension_level":1}}