{"host":"36zn1fhase90d3ns","time":1612069287,"event":{"mods":["2.2 Compatiblity","AchievementEnabler","Act Like it!","Aspiration","BaseMod","BetterRewards","Block Reminder","Colored Map","Colored Powertips","Conspire","Curses Come First","Custom Start","Dark Map","Energized Spire","Friendly Minions","Halation","Hermit","Hubris","Minty Spire (QoL Compilation)","Prisma Mod","Quick Restart","Relic Sorter","Reliquary","Remilia??????","Replay The Spire","Spicy Shops","StSLib","The Necromancer","Unceasing Turn Reminder","Yohane!","??????REMEMod"],"gold_per_floor":[118,131,82,82,98,98,123,123,175,175,190,190,208,255,255,359,359,378,378,458,81,96,96,101,101],"floor_reached":24,"language":"ENG","playtime":852,"items_purged":["hermit:Defend_Hermit","hermit:Strike_Hermit","hermit:Defend_Hermit"],"score":233,"play_id":"2a26a829-e4c2-46d9-a3cf-6f40e1ce0e54","local_time":"20210130230127","is_ascension_mode":true,"campfire_choices":[{"floor":6,"key":"REST"},{"floor":8,"key":"REST"},{"floor":10,"key":"RECALL"},{"data":"hermit:Maintenance","floor":15,"key":"SMITH"},{"data":"hermit:BodyArmor","floor":23,"key":"SMITH"}],"circlet_count":0,"master_deck":["hermit:Strike_Hermit","hermit:Strike_Hermit","hermit:Strike_Hermit","hermit:Defend_Hermit","hermit:Snapshot","hermit:Covet","PrismaMod:MiyuCarnivalDefend+1","hermit:Brawl+1","REME_FirmDetermination","hermit:Determination","hermit:Determination","hermit:Maintenance+1","hermit:Brawl","hermit:Purgatory","hermit:Scavenge","hermit:BodyArmor+1"],"relics":["hermit:Momento","REME_ComplimentaryCards","Guide Book","Vajra","Simple Rune","halation:VictoryRuler","Lantern","Philosopher\u0027s Stone","aspiration:RitualStick","REME_HourglassOfDeath","reliquary:FeatherDuster"],"acts_visited":["Exordium","TheCity"],"potions_floor_usage":[11,24,24],"damage_taken":[{"damage":0,"enemies":"Cultist","floor":1,"turns":4},{"damage":0,"enemies":"2 Louse","floor":2,"turns":2},{"damage":12,"enemies":"Jaw Worm","floor":5,"turns":3},{"damage":43,"enemies":"3 Sentries","floor":7,"turns":10},{"damage":0,"enemies":"Exordium Wildlife","floor":11,"turns":5},{"damage":0,"enemies":"Exordium Thugs","floor":13,"turns":5},{"damage":18,"enemies":"Fading Forest","floor":16,"turns":11},{"damage":24,"enemies":"Spheric Guardian","floor":18,"turns":4},{"damage":0,"enemies":"Chosen","floor":22,"turns":5},{"damage":41,"enemies":"Slavers","floor":24,"turns":2}],"seed_played":"-911525899307775133","potions_obtained":[{"floor":5,"key":"Strength Potion"},{"floor":7,"key":"Swift Potion"},{"floor":11,"key":"CultistPotion"},{"floor":18,"key":"Explosive Potion"}],"is_trial":false,"path_per_floor":["M","M","$","?","M","R","E","R","T","R","M","?","M","T","R","B",null,"M","?","T","$","M","R","E"],"character_chosen":"HERMIT","items_purchased":["hermit:Brawl","hermit:Dive","Guide Book","REME_FirmDetermination","Vajra","Simple Rune","hermit:Determination","hermit:Scavenge","hermit:BodyArmor","reliquary:FeatherDuster"],"campfire_rested":2,"item_purchase_floors":[0,0,0,0,0,0,3,21,21,21],"current_hp_per_floor":[40,40,40,40,28,50,7,29,29,29,29,54,54,54,54,36,75,51,36,36,36,36,36,0,0],"gold":101,"neow_bonus":"","is_daily":false,"chose_seed":false,"campfire_upgraded":2,"win_rate":0.0,"timestamp":1612069287,"path_taken":["M","M","$","?","M","R","E","R","T","R","M","?","M","?","R","BOSS","M","?","?","$","?","R","E"],"items_purchased_type":["Card","Card","Relic","Card","Relic","Relic","Card","Card","Card","Relic"],"build_version":"2020-12-22","purchased_purges":3,"victory":false,"max_hp_per_floor":[75,75,75,75,75,75,75,75,75,75,75,75,75,75,75,75,75,75,75,75,75,75,75,75,75],"card_choices":[{"not_picked":["hermit:Quickdraw","hermit:SprayPray","hermit:Vantage"],"picked":"SKIP","floor":1},{"not_picked":["hermit:Showdown","hermit:Desperado","hermit:Shortfuse"],"picked":"SKIP","floor":2},{"not_picked":["hermit:Manifest","hermit:CalledShot","hermit:Quickdraw"],"picked":"SKIP","floor":5},{"not_picked":["hermit:HighNoon","hermit:Enervate"],"picked":"hermit:Maintenance","floor":7},{"not_picked":["hermit:Coalescence","hermit:Grudge","hermit:Quickdraw"],"picked":"SKIP","floor":11},{"not_picked":["hermit:Misfire","hermit:ShadowCloak"],"picked":"hermit:Brawl","floor":13},{"not_picked":["hermit:EternalForm","hermit:Gambit"],"picked":"hermit:Purgatory","floor":16},{"not_picked":["hermit:LuckOfTheDraw","hermit:Midnight+1","hermit:LowProfile"],"picked":"SKIP","floor":18},{"not_picked":["hermit:LoneWolf","hermit:Roulette","hermit:Midnight+1"],"picked":"SKIP","floor":22}],"player_experience":515694,"relics_obtained":[{"floor":7,"key":"halation:VictoryRuler"},{"floor":14,"key":"Lantern"},{"floor":20,"key":"REME_HourglassOfDeath"}],"event_choices":[{"cards_removed":["hermit:Defend_Hermit"],"damage_healed":0,"gold_gain":0,"player_choice":"Forget","damage_taken":0,"max_hp_gain":0,"max_hp_loss":0,"event_name":"Living Wall","floor":4,"gold_loss":0},{"damage_healed":25,"gold_gain":0,"player_choice":"Banana","damage_taken":0,"max_hp_gain":0,"max_hp_loss":0,"event_name":"Big Fish","floor":12,"gold_loss":0}],"is_beta":false,"boss_relics":[{"not_picked":["hermit:DentedPlate","aspiration:PoetsPen_weak"],"picked":"Philosopher\u0027s Stone"}],"items_purged_floors":[0,0,21],"is_endless":false,"potions_floor_spawned":[5,7,11,18],"killed_by":"Slavers","ascension_level":4}}