{"host":"y76x98twjnyyxs83","time":1612126332,"event":{"mods":["BaseMod","Colored Powertips","Minty Spire (QoL Compilation)","Permanent Neow","Quick Restart","Rare Cards Sparkle","Relic Stats","StSLib"],"gold_per_floor":[114,125,137,148,166,166,192,192,215,238,273,285,322,334,346,431,443,466,478,68,78,92,103,129,143,143,143,143,170,187,205,205,277,277,290,304,318,318,337,664,679,714,738,738,738,738,765,780,780,780,780,780,156,156,156],"floor_reached":54,"language":"ENG","playtime":3788,"items_purged":["Strike_G","Bite"],"score":1720,"play_id":"bb4ab233-75a4-4e4f-a91d-819b855fbf62","local_time":"20210201045212","is_ascension_mode":true,"campfire_choices":[{"data":"Skewer","floor":6.0,"key":"SMITH"},{"data":"Noxious Fumes","floor":8.0,"key":"SMITH"},{"floor":12.0,"key":"REST"},{"floor":15.0,"key":"REST"},{"floor":32.0,"key":"REST"},{"floor":44.0,"key":"REST"},{"floor":46.0,"key":"RECALL"},{"floor":49,"key":"REST"},{"floor":52,"key":"REST"}],"circlet_count":0,"master_deck":["AscendersBane","Defend_G","Defend_G","Defend_G","Defend_G","Defend_G","Survivor","Neutralize","Backstab","Skewer+1","Dagger Spray","Noxious Fumes","Dagger Throw","Noxious Fumes+1","PiercingWail","Leg Sweep","Tools of the Trade","Well Laid Plans+1","J.A.X.","Predator","Underhanded Strike","Footwork+1","Acrobatics","Footwork+1","Footwork+1","Bite","Bite","Bite","Bite","Deflect","Leg Sweep","Malaise","Deadly Poison+1","Tactician","Crippling Poison+1","Bouncing Flask","Deflect+1","PiercingWail","Well Laid Plans+1"],"relics":["Ring of the Snake","Centennial Puzzle","Oddly Smooth Stone","Odd Mushroom","MawBank","Anchor","Fusion Hammer","Paper Crane","Frozen Egg 2","Mercury Hourglass","HornCleat","Busted Crown","Old Coin","Pen Nib","Strawberry","Bottled Flame","Calipers"],"acts_visited":["Exordium","TheCity","TheBeyond","TheEnding"],"potions_floor_usage":[54,54],"damage_taken":[{"damage":7.0,"enemies":"Cultist","floor":1.0,"turns":5.0},{"damage":0.0,"enemies":"Jaw Worm","floor":2.0,"turns":4.0},{"damage":1.0,"enemies":"2 Louse","floor":3.0,"turns":2.0},{"damage":0.0,"enemies":"2 Fungi Beasts","floor":4.0,"turns":3.0},{"damage":8.0,"enemies":"3 Louse","floor":5.0,"turns":3.0},{"damage":25.0,"enemies":"3 Sentries","floor":7.0,"turns":6.0},{"damage":3.0,"enemies":"The Mushroom Lair","floor":10.0,"turns":4.0},{"damage":14.0,"enemies":"Lagavulin","floor":11.0,"turns":6.0},{"damage":12.0,"enemies":"3 Sentries","floor":13.0,"turns":6.0},{"damage":13.0,"enemies":"The Guardian","floor":16.0,"turns":10.0},{"damage":0.0,"enemies":"Chosen","floor":18.0,"turns":5.0},{"damage":3.0,"enemies":"Spheric Guardian","floor":21.0,"turns":4.0},{"damage":24.0,"enemies":"Cultist and Chosen","floor":22.0,"turns":8.0},{"damage":9.0,"enemies":"Snake Plant","floor":23.0,"turns":5.0},{"damage":10.0,"enemies":"Gremlin Leader","floor":24.0,"turns":7.0},{"damage":0.0,"enemies":"Chosen and Byrds","floor":25.0,"turns":6.0},{"damage":6.0,"enemies":"Book of Stabbing","floor":29.0,"turns":5.0},{"damage":0.0,"enemies":"Centurion and Healer","floor":30.0,"turns":8.0},{"damage":5.0,"enemies":"Snake Plant","floor":31.0,"turns":6.0},{"damage":9.0,"enemies":"Collector","floor":33.0,"turns":9.0},{"damage":7.0,"enemies":"3 Darklings","floor":35.0,"turns":6.0},{"damage":0.0,"enemies":"Orb Walker","floor":36.0,"turns":4.0},{"damage":3.0,"enemies":"Writhing Mass","floor":37.0,"turns":8.0},{"damage":35.0,"enemies":"Spire Growth","floor":39.0,"turns":6.0},{"damage":8.0,"enemies":"Giant Head","floor":40.0,"turns":10.0},{"damage":42.0,"enemies":"Transient","floor":41.0,"turns":6.0},{"damage":3.0,"enemies":"Nemesis","floor":42.0,"turns":9.0},{"damage":3,"enemies":"Giant Head","floor":47,"turns":10},{"damage":8,"enemies":"Sphere and 2 Shapes","floor":48,"turns":6},{"damage":26,"enemies":"Time Eater","floor":50,"turns":15},{"damage":75,"enemies":"Shield and Spear","floor":54,"turns":7}],"seed_played":"5838031714814188338","potions_obtained":[{"floor":1.0,"key":"GhostInAJar"},{"floor":3.0,"key":"Fire Potion"},{"floor":16.0,"key":"SkillPotion"},{"floor":18.0,"key":"PowerPotion"},{"floor":30.0,"key":"SteroidPotion"},{"floor":33.0,"key":"Dexterity Potion"},{"floor":41.0,"key":"CunningPotion"}],"is_trial":false,"path_per_floor":["M","M","M","M","M","R","E","R","T","?","E","R","E","?","R","B",null,"M","?","$","M","M","M","E","M","T","?","T","E","M","M","R","B",null,"M","M","M","?","M","E","M","E","T","R","?","R","E","M","R","B",null,"R","$","E"],"character_chosen":"THE_SILENT","items_purchased":["Paper Crane","Predator","DuplicationPotion","Calipers","PiercingWail","Well Laid Plans+1"],"campfire_rested":6,"item_purchase_floors":[20,20,53,53,53,53],"current_hp_per_floor":[52,52,51,51,43,43,18,18,18,17,5,24,14,3,22,11,52,54,54,54,53,31,24,16,18,18,18,18,16,32,41,60,66,66,64,66,66,63,28,38,10,25,32,53,53,53,70,68,70,62,68,70,70,0,0],"gold":156,"neow_bonus":"RANDOM_COMMON_RELIC","is_daily":false,"chose_seed":false,"campfire_upgraded":2,"win_rate":0.0,"timestamp":1612126332,"path_taken":["M","M","M","?","?","R","E","R","T","?","E","R","E","?","R","BOSS","M","?","$","M","M","M","E","M","T","?","?","E","M","?","R","BOSS","M","?","M","?","M","E","M","E","T","R","?","R","E","M","R","BOSS","R","$","E"],"items_purchased_type":["Relic","Card","Potion","Relic","Card","Card"],"build_version":"2020-12-22","purchased_purges":2,"victory":false,"max_hp_per_floor":[66,66,66,66,66,66,66,66,66,66,66,66,66,66,66,66,66,66,66,66,66,66,66,66,66,66,66,66,66,66,66,66,66,66,66,66,66,63,63,63,63,63,70,70,70,70,70,70,70,70,70,70,70,70,70],"relic_stats":{"Centennial Puzzle":[75],"Busted Crown":18,"counters":[31,199],"Pen Nib":[5],"MawBank":108,"obtain_stats":[{"Calipers":53,"Oddly Smooth Stone":7,"Pen Nib":42,"Odd Mushroom":10,"Paper Crane":20,"Frozen Egg 2":24,"MawBank":11,"Mercury Hourglass":28,"Old Coin":40,"Blood Vial":9,"Centennial Puzzle":0,"Anchor":13,"Bottled Flame":47,"HornCleat":29,"Busted Crown":34,"Strawberry":43,"Fusion Hammer":17,"Ring of the Snake":0},{"Calipers":30,"Oddly Smooth Stone":6,"Pen Nib":27,"Odd Mushroom":7,"Paper Crane":11,"Frozen Egg 2":15,"MawBank":8,"Mercury Hourglass":16,"Old Coin":25,"Blood Vial":6,"Centennial Puzzle":0,"Anchor":9,"Bottled Flame":28,"HornCleat":17,"Busted Crown":20,"Strawberry":27,"Fusion Hammer":10,"Ring of the Snake":0},{"Calipers":192,"Oddly Smooth Stone":23,"Pen Nib":161,"Odd Mushroom":27,"Paper Crane":54,"Frozen Egg 2":78,"MawBank":33,"Mercury Hourglass":84,"Old Coin":146,"Blood Vial":23,"Centennial Puzzle":0,"Anchor":39,"Bottled Flame":171,"HornCleat":89,"Busted Crown":112,"Strawberry":161,"Fusion Hammer":49,"Ring of the Snake":0}],"Ring of the Snake":[62],"Mercury Hourglass":[380]},"card_choices":[{"not_picked":["Leg Sweep","Calculated Gamble"],"picked":"Backstab","floor":1.0},{"not_picked":["Outmaneuver","Quick Slash"],"picked":"Skewer","floor":2.0},{"not_picked":["Underhanded Strike","Setup"],"picked":"Dagger Spray","floor":3.0},{"not_picked":["Poisoned Stab","Acrobatics"],"picked":"Noxious Fumes","floor":4.0},{"not_picked":["Flying Knee","Dagger Throw","Riddle With Holes"],"picked":"SKIP","floor":5.0},{"not_picked":["Flying Knee","Riddle With Holes"],"picked":"Dagger Throw","floor":5.0},{"not_picked":["Blade Dance","Flying Knee"],"picked":"Noxious Fumes","floor":7.0},{"not_picked":["Underhanded Strike","Blade Dance"],"picked":"PiercingWail","floor":11.0},{"not_picked":["Flying Knee","Reflex"],"picked":"Leg Sweep","floor":13.0},{"not_picked":["Bullet Time","Grand Finale"],"picked":"Tools of the Trade","floor":16.0},{"not_picked":["Cloak And Dagger+1","Acrobatics+1"],"picked":"Well Laid Plans+1","floor":18.0},{"not_picked":["Masterful Stab+1","Sucker Punch"],"picked":"Underhanded Strike","floor":21.0},{"not_picked":["Poisoned Stab","Reflex"],"picked":"Footwork+1","floor":22.0},{"not_picked":["Sucker Punch","Expertise"],"picked":"Acrobatics","floor":23.0},{"not_picked":["Infinite Blades+1","Tools of the Trade+1"],"picked":"Footwork+1","floor":24.0},{"not_picked":["Dodge and Roll","Bane"],"picked":"Footwork+1","floor":25.0},{"not_picked":["Quick Slash","Outmaneuver"],"picked":"Deflect","floor":29.0},{"not_picked":["Distraction","Concentrate"],"picked":"Leg Sweep","floor":30.0},{"not_picked":["Bane+1","Quick Slash","Blade Dance+1"],"picked":"SKIP","floor":31.0},{"not_picked":["After Image+1","A Thousand Cuts+1"],"picked":"Malaise","floor":33.0},{"not_picked":[],"picked":"Deadly Poison+1","floor":35.0},{"not_picked":[],"picked":"Tactician","floor":36.0},{"not_picked":["Dagger Throw"],"picked":"SKIP","floor":37.0},{"not_picked":[],"picked":"Crippling Poison+1","floor":39.0},{"not_picked":["Riddle With Holes+1"],"picked":"SKIP","floor":40.0},{"not_picked":[],"picked":"Bouncing Flask","floor":41.0},{"not_picked":["Backstab+1"],"picked":"SKIP","floor":42.0},{"not_picked":[],"picked":"Deflect+1","floor":47},{"not_picked":["Skewer"],"picked":"SKIP","floor":48}],"player_experience":1178034,"relics_obtained":[{"floor":7.0,"key":"Oddly Smooth Stone"},{"floor":9.0,"key":"Blood Vial"},{"floor":10.0,"key":"Odd Mushroom"},{"floor":11.0,"key":"MawBank"},{"floor":13.0,"key":"Anchor"},{"floor":24.0,"key":"Frozen Egg 2"},{"floor":28.0,"key":"Mercury Hourglass"},{"floor":29.0,"key":"HornCleat"},{"floor":40.0,"key":"Old Coin"},{"floor":42.0,"key":"Pen Nib"},{"floor":43.0,"key":"Strawberry"},{"floor":47,"key":"Bottled Flame"}],"event_choices":[{"damage_healed":0.0,"max_hp_gain":0.0,"max_hp_loss":0.0,"gold_gain":0.0,"event_name":"Mushrooms","player_choice":"Fought Mushrooms","floor":10.0,"gold_loss":0.0,"damage_taken":0.0},{"damage_healed":0.0,"max_hp_gain":0.0,"max_hp_loss":0.0,"gold_gain":0.0,"event_name":"Scrap Ooze","player_choice":"Fled","floor":14.0,"gold_loss":0.0,"damage_taken":11.0},{"damage_healed":0.0,"max_hp_gain":0.0,"max_hp_loss":0.0,"gold_gain":0.0,"event_name":"Drug Dealer","player_choice":"Obtain J.A.X.","floor":19.0,"gold_loss":0.0,"damage_taken":0.0,"cards_obtained":["J.A.X."]},{"damage_healed":0.0,"max_hp_gain":0.0,"max_hp_loss":0.0,"gold_gain":0.0,"event_name":"Vampires","player_choice":"Became a vampire (Vial)","floor":27.0,"relics_lost":["Blood Vial"],"gold_loss":0.0,"damage_taken":0.0,"cards_obtained":["Bite","Bite","Bite","Bite","Bite"]},{"damage_healed":0.0,"max_hp_gain":0.0,"max_hp_loss":3.0,"gold_gain":0.0,"event_name":"Winding Halls","player_choice":"Max HP","floor":38.0,"gold_loss":0.0,"damage_taken":0.0},{"damage_healed":0.0,"max_hp_gain":0.0,"max_hp_loss":0.0,"gold_gain":0.0,"event_name":"Tomb of Lord Red Mask","player_choice":"Ignored","floor":45.0,"gold_loss":0.0,"damage_taken":0.0}],"is_beta":false,"boss_relics":[{"not_picked":["Ring of the Serpent","Ectoplasm"],"picked":"Fusion Hammer"},{"not_picked":["Pandora\u0027s Box","Tiny House"],"picked":"Busted Crown"}],"items_purged_floors":[20,53],"is_endless":false,"potions_floor_spawned":[1,3,11,16,18,24,30,33,35,37,41],"killed_by":"Shield and Spear","ascension_level":18}}