{"host":"yrnalve8h0i0utgz","time":1612116839,"event":{"mods":["BaseMod","Bestiary","Minty Spire (QoL Compilation)","StSLib","SuperFastMode"],"gold_per_floor":[119,131,40,40,55,55,81,98,98,98,130,130,130,153,153,272,272,292,313,36,71,96,96,117,117,199,199,240,240,284,284,284],"floor_reached":31,"language":"ENG","playtime":1227,"items_purged":["Strike_P"],"score":333,"play_id":"16e43570-8d16-43ea-b6be-deea09cb8691","local_time":"20210131191359","is_ascension_mode":false,"campfire_choices":[{"data":"WindmillStrike","floor":6,"key":"SMITH"},{"data":"Eruption","floor":10,"key":"SMITH"},{"floor":13,"key":"REST"},{"data":"SandsOfTime","floor":15,"key":"SMITH"},{"data":"Prostrate","floor":23,"key":"SMITH"},{"floor":25,"key":"REST"},{"data":"Prostrate","floor":27,"key":"SMITH"},{"data":"Prostrate","floor":29,"key":"SMITH"}],"circlet_count":0,"master_deck":["Strike_P","Strike_P","Strike_P","Defend_P","Defend_P","Defend_P","Eruption+1","Vigilance","SandsOfTime+1","Prostrate+1","Prostrate+1","WindmillStrike+1","Indignation","Prostrate+1","InnerPeace","Pray","DevaForm","Wireheading","ThirdEye+1","Brilliance","Protect+1","Weave"],"relics":["HolyWater","NeowsBlessing","Bottled Lightning","Mummified Hand","Bottled Flame","Golden Idol","Lee\u0027s Waffle","Red Mask","Matryoshka","Happy Flower","Bag of Preparation"],"acts_visited":["Exordium","TheCity"],"potions_floor_usage":[7,16,19,21,22,28,31],"damage_taken":[{"damage":0,"enemies":"Cultist","floor":1,"turns":1},{"damage":0,"enemies":"2 Louse","floor":2,"turns":1},{"damage":0,"enemies":"Small Slimes","floor":5,"turns":1},{"damage":10,"enemies":"3 Sentries","floor":7,"turns":6},{"damage":9,"enemies":"2 Fungi Beasts","floor":8,"turns":6},{"damage":0,"enemies":"Lagavulin","floor":11,"turns":5},{"damage":0,"enemies":"Exordium Wildlife","floor":14,"turns":3},{"damage":24,"enemies":"The Guardian","floor":16,"turns":6},{"damage":19,"enemies":"Spheric Guardian","floor":18,"turns":4},{"damage":15,"enemies":"3 Byrds","floor":19,"turns":5},{"damage":2,"enemies":"Masked Bandits","floor":21,"turns":2},{"damage":12,"enemies":"Cultist and Chosen","floor":22,"turns":6},{"damage":27,"enemies":"Snecko","floor":24,"turns":5},{"damage":3,"enemies":"Book of Stabbing","floor":28,"turns":3},{"damage":0,"enemies":"Gremlin Leader","floor":30,"turns":5},{"damage":71,"enemies":"Chosen and Byrds","floor":31,"turns":6}],"seed_played":"8529493939213130223","potions_obtained":[{"floor":1,"key":"AttackPotion"},{"floor":11,"key":"Strength Potion"},{"floor":14,"key":"Swift Potion"},{"floor":16,"key":"FearPotion"},{"floor":18,"key":"SkillPotion"},{"floor":24,"key":"Fire Potion"}],"is_trial":false,"path_per_floor":["M","M","$","?","M","R","E","M","T","R","E","?","R","M","R","B",null,"M","M","$","?","M","R","M","R","T","R","E","R","E","M"],"character_chosen":"WATCHER","items_purchased":["Prostrate","WindmillStrike","Lee\u0027s Waffle","Block Potion"],"campfire_rested":2,"item_purchase_floors":[3,3,20,20],"current_hp_per_floor":[72,72,72,72,72,72,62,53,53,53,53,35,56,56,56,32,72,53,38,79,77,65,65,38,61,61,61,58,58,58,0,0],"gold":284,"neow_bonus":"THREE_ENEMY_KILL","is_daily":false,"chose_seed":false,"campfire_upgraded":6,"win_rate":0.0,"timestamp":1612116839,"path_taken":["M","?","$","?","M","R","E","M","T","R","E","?","R","M","R","BOSS","M","M","$","?","M","R","M","R","T","R","E","R","E","M"],"items_purchased_type":["Card","Card","Relic","Potion"],"build_version":"2020-12-22","purchased_purges":1,"victory":false,"max_hp_per_floor":[72,72,72,72,72,72,72,72,72,72,72,72,72,72,72,72,72,72,72,79,79,79,79,79,79,79,79,79,79,79,79,79],"card_choices":[{"not_picked":["Worship","ClearTheMind"],"picked":"SandsOfTime","floor":1},{"not_picked":["EmptyFist","ThirdEye","Prostrate"],"picked":"SKIP","floor":2},{"not_picked":["EmptyFist","ThirdEye"],"picked":"Prostrate","floor":2},{"not_picked":["Vengeance","FlurryOfBlows"],"picked":"Prostrate","floor":5},{"not_picked":["Prostrate","Protect","InnerPeace"],"picked":"SKIP","floor":7},{"not_picked":["Prostrate","Protect"],"picked":"InnerPeace","floor":7},{"not_picked":["SashWhip","EmptyFist","PathToVictory"],"picked":"SKIP","floor":8},{"not_picked":["Indignation","Swivel"],"picked":"Pray","floor":11},{"not_picked":["Sanctity","Vengeance","Crescendo"],"picked":"SKIP","floor":14},{"not_picked":["Blasphemy","Alpha"],"picked":"DevaForm","floor":16},{"not_picked":["Indignation+1","EmptyBody+1"],"picked":"Wireheading","floor":18},{"not_picked":["CutThroughFate","Halt","Indignation"],"picked":"SKIP","floor":19},{"not_picked":["ClearTheMind","FollowUp+1"],"picked":"ThirdEye+1","floor":22},{"not_picked":["Crescendo","EmptyMind"],"picked":"Brilliance","floor":24},{"not_picked":["MentalFortress","ClearTheMind"],"picked":"Protect+1","floor":28},{"not_picked":["Study","Meditate"],"picked":"Weave","floor":30}],"player_experience":261623,"relics_obtained":[{"floor":7,"key":"Bottled Lightning"},{"floor":9,"key":"Mummified Hand"},{"floor":11,"key":"Bottled Flame"},{"floor":21,"key":"Red Mask"},{"floor":26,"key":"Matryoshka"},{"floor":28,"key":"Happy Flower"},{"floor":30,"key":"Bag of Preparation"}],"event_choices":[{"damage_healed":0,"gold_gain":0,"cards_transformed":["Defend_P"],"player_choice":"Change","damage_taken":0,"max_hp_gain":0,"max_hp_loss":0,"event_name":"Living Wall","floor":4,"gold_loss":0,"cards_obtained":["Indignation"]},{"damage_healed":0,"gold_gain":0,"player_choice":"Take Damage","damage_taken":18,"relics_obtained":["Golden Idol"],"max_hp_gain":0,"max_hp_loss":0,"event_name":"Golden Idol","floor":12,"gold_loss":0},{"damage_healed":0,"gold_gain":0,"player_choice":"Fought Bandits","damage_taken":0,"max_hp_gain":0,"max_hp_loss":0,"event_name":"Masked Bandits","floor":21,"gold_loss":0}],"is_beta":false,"boss_relics":[{"not_picked":["Tiny House","SlaversCollar"],"picked":"HolyWater"}],"items_purged_floors":[20],"is_endless":false,"potions_floor_spawned":[1,11,14,16,18,24],"killed_by":"Chosen and Byrds","ascension_level":0}}