{"host":"j00kb0hny0pcox9b","time":1612129504,"event":{"mods":["AchievementEnabler","BaseMod","Minty Spire (QoL Compilation)","StSLib"],"gold_per_floor":[114,114,130,141,156,156,3,32,32,32,48,48,67,101,101,197,197,217,80,80,80,35,35,45,45,45,62,62,62,11,11,11,112,112,123,123,123,136,11,11,11],"floor_reached":40,"language":"ENG","playtime":2920,"items_purged":["Strike_P","Strike_P","EmptyBody"],"score":407,"play_id":"c7e2a8a4-365f-4ae7-afde-3e1e9f6e2488","local_time":"20210131144504","is_ascension_mode":false,"campfire_choices":[{"data":"Eruption","floor":6,"key":"SMITH"},{"data":"Vigilance","floor":15,"key":"SMITH"},{"data":"Writhe","floor":23,"key":"PURGE"},{"data":"EmptyBody","floor":25,"key":"SMITH"},{"data":"Conclude","floor":29,"key":"PURGE"},{"data":"DeceiveReality","floor":32,"key":"SMITH"}],"circlet_count":0,"master_deck":["Strike_P","Strike_P","Defend_P","Defend_P","Eruption+1","Vigilance+1","SashWhip+1","Evaluate+1","FollowUp","FlurryOfBlows","DeceiveReality+1","SpiritShield","BattleHymn","Protect","LessonLearned","CurseOfTheBell","EmptyBody+1","Crescendo+1","EmptyFist","Evaluate","WheelKick","Halt+1","Indignation","Flash of Steel","Vengeance+1"],"relics":["PureWater","NeowsBlessing","Odd Mushroom","Eternal Feather","Darkstone Periapt","Calling Bell","Nunchaku","Frozen Egg 2","Peace Pipe","Ancient Tea Set","CloakClasp","Boot","Velvet Choker"],"acts_visited":["Exordium","TheCity","TheBeyond"],"potions_floor_usage":[8,11,16,16,24,27,33,35,40],"damage_taken":[{"damage":0,"enemies":"Small Slimes","floor":1,"turns":1},{"damage":0,"enemies":"Cultist","floor":3,"turns":1},{"damage":0,"enemies":"Jaw Worm","floor":4,"turns":1},{"damage":3,"enemies":"Large Slime","floor":5,"turns":6},{"damage":7,"enemies":"The Mushroom Lair","floor":8,"turns":4},{"damage":0,"enemies":"Red Slaver","floor":11,"turns":2},{"damage":14,"enemies":"Exordium Wildlife","floor":13,"turns":4},{"damage":0,"enemies":"Lagavulin","floor":14,"turns":8},{"damage":18,"enemies":"The Guardian","floor":16,"turns":13},{"damage":1,"enemies":"Chosen","floor":18,"turns":6},{"damage":5,"enemies":"Shell Parasite","floor":24,"turns":5},{"damage":0,"enemies":"Snecko","floor":27,"turns":8},{"damage":68,"enemies":"Champ","floor":33,"turns":22},{"damage":25,"enemies":"3 Darklings","floor":35,"turns":14},{"damage":25,"enemies":"3 Shapes","floor":38,"turns":5},{"damage":57,"enemies":"Transient","floor":40,"turns":4}],"seed_played":"-687107107381942212","potions_obtained":[{"floor":5,"key":"Explosive Potion"},{"floor":8,"key":"SpeedPotion"},{"floor":13,"key":"Fire Potion"},{"floor":14,"key":"SkillPotion"},{"floor":16,"key":"StancePotion"},{"floor":24,"key":"BlessingOfTheForge"},{"floor":27,"key":"SpeedPotion"},{"floor":33,"key":"SkillPotion"},{"floor":38,"key":"Explosive Potion"}],"is_trial":false,"path_per_floor":["M","?","M","M","M","R","$","?","T","?","M","?","M","E","R","B",null,"M","$","?","?","$","R","M","R","T","M","T","R","$","?","R","B",null,"M","?","?","M","$","M"],"character_chosen":"WATCHER","items_purchased":["DeceiveReality","ReachHeaven","EmptyBody","EmptyFist"],"campfire_rested":0,"item_purchase_floors":[7,19,22,30],"current_hp_per_floor":[72,72,72,72,69,69,69,62,62,62,62,62,48,48,57,39,78,77,77,77,83,83,84,79,84,84,84,84,84,84,84,84,16,84,59,59,59,34,34,0,0],"gold":11,"neow_bonus":"THREE_ENEMY_KILL","is_daily":false,"chose_seed":false,"campfire_upgraded":4,"win_rate":0.0,"timestamp":1612129504,"path_taken":["M","?","M","M","M","R","?","?","T","?","?","?","M","E","R","BOSS","M","$","?","?","$","R","M","R","T","M","?","R","?","?","R","BOSS","M","?","?","?","$","M"],"items_purchased_type":["Card","Card","Card","Card"],"build_version":"2020-12-22","purchased_purges":3,"victory":false,"max_hp_per_floor":[72,72,72,72,72,72,72,72,72,72,72,72,72,72,72,72,78,78,78,78,84,84,84,84,84,84,84,84,84,84,84,84,84,84,84,84,84,84,84,84,84],"card_choices":[{"not_picked":["ThirdEye","WaveOfTheHand"],"picked":"SashWhip","floor":1},{"not_picked":["Worship","Consecrate"],"picked":"Evaluate","floor":3},{"not_picked":["Wallop","CarveReality"],"picked":"FollowUp","floor":4},{"not_picked":["FlyingSleeves","FollowUp"],"picked":"FlurryOfBlows","floor":5},{"not_picked":["WheelKick","WindmillStrike"],"picked":"SpiritShield","floor":8},{"not_picked":["FlyingSleeves","Pray"],"picked":"BattleHymn","floor":11},{"not_picked":["CarveReality","CutThroughFate"],"picked":"Protect","floor":13},{"not_picked":["FlyingSleeves","FearNoEvil"],"picked":"Conclude","floor":14},{"not_picked":["Wish","DevaForm"],"picked":"LessonLearned","floor":16},{"not_picked":["CrushJoints+1","Nirvana+1","BattleHymn+1"],"picked":"SKIP","floor":18},{"not_picked":["Pray","LikeWater+1"],"picked":"EmptyBody","floor":24},{"not_picked":["PathToVictory","CrushJoints"],"picked":"Crescendo+1","floor":27},{"not_picked":["FollowUp","Protect+1"],"picked":"Halt+1","floor":35},{"not_picked":["Wallop+1","CarveReality+1"],"picked":"Vengeance+1","floor":38}],"player_experience":275362,"relics_obtained":[{"floor":8,"key":"Odd Mushroom"},{"floor":9,"key":"Eternal Feather"},{"floor":14,"key":"Darkstone Periapt"},{"floor":17,"key":"Nunchaku"},{"floor":17,"key":"Frozen Egg 2"},{"floor":17,"key":"Peace Pipe"},{"floor":26,"key":"CloakClasp"},{"floor":28,"key":"Boot"}],"event_choices":[{"cards_removed":["Defend_P"],"damage_healed":0,"gold_gain":0,"player_choice":"Purged","damage_taken":0,"max_hp_gain":0,"max_hp_loss":0,"event_name":"Purifier","floor":2,"gold_loss":0},{"damage_healed":0,"gold_gain":0,"player_choice":"Fought Mushrooms","damage_taken":0,"max_hp_gain":0,"max_hp_loss":0,"event_name":"Mushrooms","floor":8,"gold_loss":0},{"damage_healed":0,"gold_gain":0,"player_choice":"Forge","damage_taken":0,"max_hp_gain":0,"max_hp_loss":0,"event_name":"Accursed Blacksmith","floor":10,"gold_loss":0,"cards_upgraded":["Evaluate"]},{"damage_healed":0,"gold_gain":0,"player_choice":"Grow","damage_taken":0,"max_hp_gain":0,"max_hp_loss":0,"event_name":"Living Wall","floor":12,"gold_loss":0,"cards_upgraded":["SashWhip"]},{"damage_healed":0,"gold_gain":0,"player_choice":"Ignored","damage_taken":0,"max_hp_gain":0,"max_hp_loss":0,"event_name":"Vampires","floor":20,"gold_loss":0},{"damage_healed":0,"gold_gain":0,"player_choice":"Opened","damage_taken":0,"relics_obtained":["Ancient Tea Set"],"max_hp_gain":0,"max_hp_loss":0,"event_name":"The Mausoleum","floor":21,"gold_loss":0,"cards_obtained":["Writhe"]},{"damage_healed":0,"gold_gain":0,"cards_transformed":["Defend_P","ReachHeaven"],"player_choice":"Became Test Subject","damage_taken":0,"max_hp_gain":0,"max_hp_loss":0,"event_name":"Drug Dealer","floor":31,"gold_loss":0,"cards_obtained":["Evaluate","WheelKick"]},{"damage_healed":0,"gold_gain":0,"player_choice":"Ignored","damage_taken":0,"max_hp_gain":0,"max_hp_loss":0,"event_name":"Tomb of Lord Red Mask","floor":36,"gold_loss":0},{"damage_healed":0,"gold_gain":0,"player_choice":"2 cards matched","damage_taken":0,"max_hp_gain":0,"max_hp_loss":0,"event_name":"Match and Keep!","floor":37,"gold_loss":0,"cards_obtained":["Indignation","Flash of Steel"]}],"is_beta":false,"boss_relics":[{"not_picked":["SacredBark","Busted Crown"],"picked":"Calling Bell"},{"not_picked":["Runic Dome","Coffee Dripper"],"picked":"Velvet Choker"}],"items_purged_floors":[7,19,39],"is_endless":false,"potions_floor_spawned":[5,8,13,14,16,24,27,33,38],"killed_by":"Transient","ascension_level":0}}