{"host":"uceopoba4zvqsgiy","time":1612075084,"event":{"mods":["Act Like it!","BaseMod","Better Skull","Better Third Choice","Elementarium","Evolution","GifTheSpireLib","Hermit","Humility","Infinite Spire","Jorbs\u0027s Wanderer Trilogy","Marked Mod","Minty Spire (QoL Compilation)","Potionbrewer","Reliquary","Replay The Spire","Robot Space Explorer","Shade Mod","Spicy Shops","StS++","StSLib","Stuff the Spire","The Blue Laboratory","The Caster","The Cursed","The Dragon Tamer","The Hierophant","The Jungle","TheSurvivalist","Wandering Minibosses"],"gold_per_floor":[109,109,120,21,21,47,47,77,77,104,114,114,114,109,109,206,206,214,139,156,156,156,164,164,196,222,250,245,245],"floor_reached":28,"language":"ENG","playtime":1882,"items_purged":[],"score":329,"play_id":"2c6aae33-ede9-4ebb-87f2-de9286fd5fa7","local_time":"20210131170804","is_ascension_mode":true,"campfire_choices":[{"data":"RobotSpaceExplorer:Comet","floor":7,"key":"SMITH"},{"floor":12,"key":"REST"},{"data":"RobotSpaceExplorer:StarDust","floor":15,"key":"SMITH"},{"floor":24,"key":"REST"}],"circlet_count":0,"master_deck":["RobotSpaceExplorer:Strike","RobotSpaceExplorer:Strike","RobotSpaceExplorer:Strike","RobotSpaceExplorer:Defend","RobotSpaceExplorer:Defend","RobotSpaceExplorer:Defend","RobotSpaceExplorer:Defend","RobotSpaceExplorer:Scan","RobotSpaceExplorer:MiniLasers","RobotSpaceExplorer:FreezeRay","RobotSpaceExplorer:Comet+1","RobotSpaceExplorer:StarLightning+1","RobotSpaceExplorer:StarDust+1","RobotSpaceExplorer:GearShield","RobotSpaceExplorer:HighVoltage","RobotSpaceExplorer:PowerGlove+1","RobotSpaceExplorer:Discharger","ReplayTheSpireMod:Splinters","stsjorbsmod:Paralysis","RobotSpaceExplorer:Accelerator","StuffTheSpire:PlasmaPulse","infinitespire:Punishment","RobotSpaceExplorer:DroneSwarm","RobotSpaceExplorer:GearShield","RobotSpaceExplorer:StarLightning"],"relics":["StuffTheSpire:OccultApparatus","EVO:Axolotl","NeowsBlessing","Nunchaku","StuffTheSpire:Mouthbags","infinitespire:Cubic Diamond","reliquary:RedPaperclip","Frozen Eye","ReplayTheSpireMod:SealedPack","StuffTheSpire:HeavyRock","Anchor","reliquary:Buckler"],"acts_visited":["Exordium","TheCity"],"potions_floor_usage":[8,25,25,25],"damage_taken":[{"damage":0,"enemies":"2 Louse","floor":1,"turns":1},{"damage":0,"enemies":"Cultist","floor":3,"turns":1},{"damage":0,"enemies":"Replay:BlueRogue","floor":6,"turns":1},{"damage":16,"enemies":"Lagavulin","floor":8,"turns":5},{"damage":24,"enemies":"3 Sentries","floor":10,"turns":6},{"damage":0,"enemies":"Jaw Worm","floor":11,"turns":3},{"damage":0,"enemies":"Red Slaver","floor":14,"turns":6},{"damage":18,"enemies":"Fading Forest","floor":16,"turns":11},{"damage":8,"enemies":"Shell Parasite","floor":18,"turns":5},{"damage":13,"enemies":"Chosen","floor":20,"turns":5},{"damage":28,"enemies":"Snake Plant","floor":23,"turns":5},{"damage":30,"enemies":"Book of Stabbing","floor":25,"turns":4},{"damage":14,"enemies":"Slavers","floor":27,"turns":5},{"damage":8,"enemies":"Sentry and Sphere","floor":28,"turns":3}],"seed_played":"-4129153704089764750","potions_obtained":[{"floor":1,"key":"potionbrewer:AcidPotion"},{"floor":11,"key":"FearPotion"},{"floor":16,"key":"potionbrewer:NoxiousPotion"},{"floor":20,"key":"LiquidBronze"},{"floor":23,"key":"blueLaboratory:EmptyBottle"}],"is_trial":false,"path_per_floor":["M","?","M","$","$","E","R","E","T","E","M","R","?","M","R","B",null,"M","?","M","AVR","?","M","R","E","T","E","M"],"character_chosen":"RobotSpaceExplorer","items_purchased":["RobotSpaceExplorer:FreezeRay"],"campfire_rested":2,"item_purchase_floors":[4],"current_hp_per_floor":[75,75,75,75,75,75,75,59,59,35,35,57,57,57,57,45,75,67,67,54,54,54,26,48,18,18,4,0,0],"gold":245,"neow_bonus":"THREE_ENEMY_KILL","is_daily":false,"chose_seed":false,"campfire_upgraded":2,"win_rate":0.0,"timestamp":1612075084,"path_taken":["M","?","M","?","$","E","R","E","T","E","M","R","?","?","R","BOSS","M","?","M","AVR","?","M","R","E","T","E","M"],"items_purchased_type":["Card"],"build_version":"2020-12-22","purchased_purges":0,"victory":false,"max_hp_per_floor":[75,75,75,75,75,75,75,75,75,75,75,75,75,75,75,75,75,75,75,75,75,75,75,75,75,75,75,75,75],"card_choices":[{"not_picked":["RobotSpaceExplorer:ShovelStrike","RobotSpaceExplorer:GlueSpray","RobotSpaceExplorer:SurgingStrike"],"picked":"SKIP","floor":1},{"not_picked":["RobotSpaceExplorer:SurgingShield","RobotSpaceExplorer:Probe","RobotSpaceExplorer:FrostMissile"],"picked":"SKIP","floor":3},{"not_picked":["RobotSpaceExplorer:SlimeMissile","RobotSpaceExplorer:SurgingShield"],"picked":"RobotSpaceExplorer:Comet","floor":6},{"not_picked":["RobotSpaceExplorer:Counterblock","RobotSpaceExplorer:MetalStrike"],"picked":"RobotSpaceExplorer:StarLightning","floor":8},{"not_picked":["RobotSpaceExplorer:SwiftStep","RobotSpaceExplorer:PowerGlove"],"picked":"RobotSpaceExplorer:StarDust","floor":10},{"not_picked":["RobotSpaceExplorer:Probe","RobotSpaceExplorer:Counterblock"],"picked":"RobotSpaceExplorer:GearShield","floor":11},{"not_picked":["RobotSpaceExplorer:Electropulse","RobotSpaceExplorer:SlimeMissile","RobotSpaceExplorer:Probe"],"picked":"SKIP","floor":14},{"not_picked":["RobotSpaceExplorer:BlastShield","RobotSpaceExplorer:Wormhole"],"picked":"RobotSpaceExplorer:HighVoltage","floor":16},{"not_picked":["RobotSpaceExplorer:ImprovisedAttack","RobotSpaceExplorer:SlimeMissile"],"picked":"RobotSpaceExplorer:PowerGlove","floor":18},{"not_picked":["RobotSpaceExplorer:FranticSearch","RobotSpaceExplorer:TurboDodge"],"picked":"RobotSpaceExplorer:Discharger","floor":20},{"not_picked":["caster:Fira+1","DTMod:SwitchingTactic"],"picked":"stsjorbsmod:Paralysis","floor":21},{"not_picked":["RobotSpaceExplorer:Explosion","RobotSpaceExplorer:Asteroid"],"picked":"RobotSpaceExplorer:Accelerator","floor":21},{"not_picked":["ReplayTheSpireMod:Trickstab","Dramatic Entrance"],"picked":"StuffTheSpire:PlasmaPulse","floor":21},{"not_picked":["infinitespire:Execution","infinitespire:FinalStrike"],"picked":"infinitespire:Punishment","floor":21},{"not_picked":["RobotSpaceExplorer:TurboDodge+1","RobotSpaceExplorer:RigExplosive"],"picked":"RobotSpaceExplorer:DroneSwarm","floor":23},{"not_picked":["RobotSpaceExplorer:ImprovisedAttack","RobotSpaceExplorer:Pulsar"],"picked":"RobotSpaceExplorer:GearShield","floor":25},{"not_picked":["RobotSpaceExplorer:Ammunition","RobotSpaceExplorer:Jetpack"],"picked":"RobotSpaceExplorer:StarLightning","floor":27}],"player_experience":1432195,"relics_obtained":[{"floor":6,"key":"Divine Protection"},{"floor":8,"key":"Nunchaku"},{"floor":9,"key":"StuffTheSpire:Mouthbags"},{"floor":10,"key":"Mercury Hourglass"},{"floor":25,"key":"StuffTheSpire:HeavyRock"},{"floor":26,"key":"Anchor"},{"floor":27,"key":"reliquary:Buckler"}],"event_choices":[{"damage_healed":0,"gold_gain":0,"player_choice":"Bought 0 Potions","damage_taken":0,"max_hp_gain":0,"max_hp_loss":0,"event_name":"The Woman in Blue","floor":2,"gold_loss":0},{"cards_removed":["RobotSpaceExplorer:Strike"],"damage_healed":0,"gold_gain":0,"player_choice":"Gave Gold","damage_taken":0,"max_hp_gain":0,"max_hp_loss":0,"event_name":"Beggar","floor":19,"gold_loss":75}],"is_beta":false,"boss_relics":[{"not_picked":["Snecko Eye","StuffTheSpire:ModemDavis"],"picked":"reliquary:RedPaperclip"}],"items_purged_floors":[],"is_endless":false,"potions_floor_spawned":[1,11,16,20,23],"killed_by":"Sentry and Sphere","ascension_level":2,"is_humility":true}}