{"host":"udyc8f81k2jocuhg","time":1612100721,"event":{"mods":["2.2 Compatiblity","BaseMod","Better Third Choice","Colored Powertips","Conspire","Custom Start","GifTheSpireLib","Hermit","Minty Spire (QoL Compilation)","Permanent Neow","Quick Restart","Relic Filter","Relic Stats","Replay The Spire","Shop Mod","Spikes Relics","StSLib","Stuff the Spire"],"gold_per_floor":[110,128,138,413,424,424,457,487,570,615,627,210,244,257,257,329,329,346,359,17,33,33,33,58,78,103,121,153,172,172,184,184,261,261,277,290,301,301,313,345,345,99,99,118,151,151,179,199,199,199,199,199,48,80,80,80],"floor_reached":55,"language":"ENG","playtime":2703,"items_purged":["Regret","Strike_G","Strike_G+1"],"score":1683,"play_id":"105ec6d9-de1c-417d-bda3-5f2a6edf059e","local_time":"20210131144521","is_ascension_mode":true,"campfire_choices":[{"data":"Accuracy","floor":6.0,"key":"SMITH"},{"data":"Deflect","floor":11.0,"key":"SMITH"},{"floor":15.0,"key":"REST"},{"data":"Footwork","floor":23.0,"key":"SMITH"},{"data":"StuffTheSpire:Sprint","floor":30.0,"key":"SMITH"},{"data":"Leg Sweep","floor":32.0,"key":"SMITH"},{"floor":49.0,"key":"RECALL"},{"data":"Footwork","floor":52.0,"key":"SMITH"}],"circlet_count":0,"master_deck":["AscendersBane","Strike_G+1","Strike_G+1","Strike_G+1","Defend_G+1","Defend_G+1","Defend_G+1","Defend_G+1","Defend_G+1","Survivor+1","Neutralize","Slice+1","Accuracy+1","StuffTheSpire:Sprint+1","Infinite Blades","Dagger Spray","Deflect+1","Footwork+1","StuffTheSpire:MirrorStance","Accuracy+1","Leg Sweep+1","Blade Dance+1","Cloak And Dagger","Dodge and Roll","Adrenaline","Cloak And Dagger","StuffTheSpire:ReptileScales","Footwork+1","Escape Plan","Noxious Fumes"],"relics":["WristBlade","MawBank","Whetstone","Rawhide","StuffTheSpire:MayFlowers","Coffee Dripper","StuffTheSpire:Gunfinga","Durian","Darkstone Periapt","Bag of Marbles","Replay:Wax Seal","Black Star","conspire:BottledYoYo","Bronze Scales","ToxicTincture","War Paint","Blue Doll","CaptainsWheel","StuffTheSpire:GrapeVine","Pocketwatch","Replay:Bottled Eggs","conspire:Boomerang"],"acts_visited":["Exordium","TheCity","TheBeyond","TheEnding"],"potions_floor_usage":[],"damage_taken":[{"damage":4.0,"enemies":"Small Slimes","floor":1.0,"turns":4.0},{"damage":5.0,"enemies":"Cultist","floor":2.0,"turns":4.0},{"damage":18.0,"enemies":"Jaw Worm","floor":3.0,"turns":4.0},{"damage":9.0,"enemies":"Blue Slaver","floor":5.0,"turns":5.0},{"damage":0.0,"enemies":"Lagavulin","floor":7.0,"turns":4.0},{"damage":1.0,"enemies":"Looter","floor":8.0,"turns":3.0},{"damage":12.0,"enemies":"3 Sentries","floor":10.0,"turns":7.0},{"damage":0.0,"enemies":"Lagavulin","floor":13.0,"turns":4.0},{"damage":1.0,"enemies":"Large Slime","floor":14.0,"turns":5.0},{"damage":10.0,"enemies":"Fading Forest","floor":16.0,"turns":11.0},{"damage":7.0,"enemies":"Shell Parasite","floor":18.0,"turns":6.0},{"damage":0.0,"enemies":"conspire:FuzzyDice","floor":19.0,"turns":9.0},{"damage":12.0,"enemies":"conspire:SneckoGhost","floor":24.0,"turns":13.0},{"damage":6.0,"enemies":"3 Cultists","floor":25.0,"turns":4.0},{"damage":0.0,"enemies":"Shelled Parasite and Fungi","floor":27.0,"turns":3.0},{"damage":0.0,"enemies":"conspire:Head Lice","floor":28.0,"turns":9.0},{"damage":29.0,"enemies":"Chosen and Byrds","floor":29.0,"turns":7.0},{"damage":0.0,"enemies":"Centurion and Healer","floor":31.0,"turns":4.0},{"damage":0.0,"enemies":"Champ","floor":33.0,"turns":13.0},{"damage":0.0,"enemies":"Orb Walker","floor":35.0,"turns":5.0},{"damage":8.0,"enemies":"3 Shapes","floor":36.0,"turns":3.0},{"damage":0.0,"enemies":"Jaw Worm Horde","floor":37.0,"turns":4.0},{"damage":2.0,"enemies":"3 Darklings","floor":39.0,"turns":8.0},{"damage":19.0,"enemies":"Giant Head","floor":40.0,"turns":9.0},{"damage":2.0,"enemies":"4 Shapes","floor":44.0,"turns":8.0},{"damage":0.0,"enemies":"Nemesis","floor":45.0,"turns":7.0},{"damage":1.0,"enemies":"Giant Head","floor":47.0,"turns":7.0},{"damage":0.0,"enemies":"Transient","floor":48.0,"turns":5.0},{"damage":55.0,"enemies":"Time Eater","floor":50.0,"turns":13.0},{"damage":24.0,"enemies":"Shield and Spear","floor":54.0,"turns":7.0},{"damage":46,"enemies":"The Heart","floor":55,"turns":8}],"seed_played":"-8851313121343209035","potions_obtained":[{"floor":5.0,"key":"EntropicBrew"},{"floor":7.0,"key":"Reflective Coating"},{"floor":13.0,"key":"Fire Potion"},{"floor":14.0,"key":"Explosive Potion"},{"floor":16.0,"key":"Reflective Coating"},{"floor":19.0,"key":"Regen Potion"},{"floor":25.0,"key":"AttackPotion"},{"floor":33.0,"key":"SpeedPotion"},{"floor":37.0,"key":"ColorlessPotion"},{"floor":45.0,"key":"DistilledChaos"},{"floor":47.0,"key":"Weak Potion"}],"is_trial":false,"path_per_floor":["M","M","M","?","M","R","E","M","T","E","R","$","E","M","R","B",null,"M","M","$","?","?","R","E","M","T","M","E","M","R","M","R","B",null,"M","M","M","?","M","E","?","$","T","M","E","?","E","M","R","B",null,"R","$","E","B"],"character_chosen":"THE_SILENT","items_purchased":["Footwork","Rawhide","Accuracy","StuffTheSpire:Gunfinga","ToxicTincture","Footwork","Noxious Fumes"],"campfire_rested":1,"item_purchase_floors":[12,12,20,20,42,42,53],"current_hp_per_floor":[55,50,32,32,23,23,23,22,22,10,10,10,10,9,28,38,59,55,61,61,45,45,45,69,63,63,63,69,45,45,45,45,51,66,66,58,58,58,62,49,45,45,45,49,55,55,59,62,62,13,57,57,57,39,0,0],"gold":80,"neow_bonus":"BOSS_RELIC","is_daily":false,"chose_seed":false,"campfire_upgraded":6,"win_rate":0.0,"timestamp":1612100721,"path_taken":["M","M","M","?","M","R","E","M","T","E","R","$","E","M","R","BOSS","M","?","$","?","?","R","E","M","T","M","E","M","R","M","R","BOSS","M","M","M","?","M","E","?","$","T","M","E","?","E","M","R","BOSS","R","$","E","BOSS"],"items_purchased_type":["Card","Relic","Card","Relic","Relic","Card","Card"],"build_version":"2020-12-22","purchased_purges":3,"victory":false,"max_hp_per_floor":[66,66,66,66,66,66,66,66,66,66,66,66,66,66,66,66,66,66,66,66,71,71,71,71,71,71,71,71,71,71,71,71,71,71,71,71,71,71,71,71,71,71,71,71,71,71,71,71,71,71,71,71,71,71,71,71],"relic_stats":{"Darkstone Periapt":0,"counters":[31,203],"Bronze Scales":[268],"Black Star":4,"Whetstone":["Slice","Strike_G"],"War Paint":["Survivor","Blade Dance"],"MawBank":60,"obtain_stats":[{"Darkstone Periapt":24,"Rawhide":12,"Blue Doll":45,"StuffTheSpire:GrapeVine":46,"conspire:Boomerang":54,"Whetstone":10,"ToxicTincture":42,"War Paint":43,"MawBank":7,"StuffTheSpire:Gunfinga":20,"CaptainsWheel":45,"WristBlade":0,"StuffTheSpire:MayFlowers":13,"Bronze Scales":40,"Coffee Dripper":17,"Durian":21,"Bag of Marbles":26,"Black Star":34,"conspire:BottledYoYo":40,"Replay:Wax Seal":28,"Replay:Bottled Eggs":47,"Ring of the Snake":0,"Pocketwatch":47},{"Darkstone Periapt":13,"Rawhide":7,"Blue Doll":26,"StuffTheSpire:GrapeVine":26,"conspire:Boomerang":30,"Whetstone":7,"ToxicTincture":24,"War Paint":24,"MawBank":5,"StuffTheSpire:Gunfinga":12,"CaptainsWheel":26,"WristBlade":0,"StuffTheSpire:MayFlowers":8,"Bronze Scales":24,"Coffee Dripper":10,"Durian":12,"Bag of Marbles":14,"Black Star":19,"conspire:BottledYoYo":24,"Replay:Wax Seal":16,"Replay:Bottled Eggs":27,"Ring of the Snake":0,"Pocketwatch":27},{"Darkstone Periapt":79,"Rawhide":31,"Blue Doll":163,"StuffTheSpire:GrapeVine":163,"conspire:Boomerang":195,"Whetstone":31,"ToxicTincture":148,"War Paint":148,"MawBank":21,"StuffTheSpire:Gunfinga":66,"CaptainsWheel":163,"WristBlade":0,"StuffTheSpire:MayFlowers":35,"Bronze Scales":148,"Coffee Dripper":51,"Durian":66,"Bag of Marbles":83,"Black Star":119,"conspire:BottledYoYo":148,"Replay:Wax Seal":95,"Replay:Bottled Eggs":170,"Ring of the Snake":0,"Pocketwatch":170}],"Pocketwatch":[12]},"card_choices":[{"not_picked":["Dagger Throw","StuffTheSpire:ClusterCrunch"],"picked":"Slice","floor":1.0},{"not_picked":["StuffTheSpire:BumpUp","Bane"],"picked":"Accuracy","floor":2.0},{"not_picked":["StuffTheSpire:BumpUp","Deflect"],"picked":"StuffTheSpire:Sprint","floor":3.0},{"not_picked":["Replay:Poison Smokescreen","Reflex"],"picked":"Infinite Blades","floor":5.0},{"not_picked":["Sucker Punch","StuffTheSpire:ClusterCrunch"],"picked":"Dagger Spray","floor":7.0},{"not_picked":["Quick Slash","Bane"],"picked":"Deflect","floor":8.0},{"not_picked":["Backflip","Dagger Throw","Grand Finale"],"picked":"SKIP","floor":10.0},{"not_picked":["Hidden Blade","conspire:DoublingDagger","Crippling Poison"],"picked":"SKIP","floor":13.0},{"not_picked":["Flechettes","Quick Slash","Acrobatics"],"picked":"SKIP","floor":14.0},{"not_picked":["StuffTheSpire:Python","Sucker Punch","Dagger Throw"],"picked":"SKIP","floor":18.0},{"not_picked":["Dodge and Roll","StuffTheSpire:BumpUp"],"picked":"StuffTheSpire:MirrorStance","floor":19.0},{"not_picked":["Dodge and Roll","Deflect"],"picked":"Leg Sweep","floor":21.0},{"not_picked":["Acrobatics","Tools of the Trade","Dash"],"picked":"SKIP","floor":24.0},{"not_picked":["Finisher+1","StuffTheSpire:Incursion"],"picked":"Blade Dance","floor":25.0},{"not_picked":["Dagger Throw","StuffTheSpire:MirrorStance","StuffTheSpire:Injection"],"picked":"SKIP","floor":27.0},{"not_picked":["StuffTheSpire:ClusterCrunch","Flying Knee"],"picked":"Cloak And Dagger","floor":28.0},{"not_picked":["Replay:Poison Smokescreen","Underhanded Strike","Poisoned Stab"],"picked":"SKIP","floor":29.0},{"not_picked":["Backflip","Poisoned Stab"],"picked":"Dodge and Roll","floor":31.0},{"not_picked":["StuffTheSpire:FinalStruggle","Storm of Steel"],"picked":"Adrenaline","floor":33.0},{"not_picked":["conspire:DoublingDagger","ReplayTheSpireMod:Scrap Shanks+1","Quick Slash"],"picked":"SKIP","floor":35.0},{"not_picked":["StuffTheSpire:Python","Dagger Throw"],"picked":"Cloak And Dagger","floor":36.0},{"not_picked":["Sucker Punch","Bane","Flying Knee"],"picked":"SKIP","floor":37.0},{"not_picked":["StuffTheSpire:Incursion+1","Dagger Spray","Dagger Throw+1"],"picked":"SKIP","floor":39.0},{"not_picked":["ReplayTheSpireMod:Necrosis","Dodge and Roll"],"picked":"StuffTheSpire:ReptileScales","floor":40.0},{"not_picked":["Expertise+1","StuffTheSpire:Python","StuffTheSpire:Injection+1"],"picked":"SKIP","floor":44.0},{"not_picked":["StuffTheSpire:Python","Sucker Punch","StuffTheSpire:Repulse"],"picked":"SKIP","floor":45.0},{"not_picked":["Wraith Form v2","StuffTheSpire:ClusterCrunch"],"picked":"Escape Plan","floor":47.0},{"not_picked":["Deadly Poison+1","Endless Agony+1","Dodge and Roll"],"picked":"SKIP","floor":48.0},{"not_picked":["StuffTheSpire:ClusterCrunch","Dagger Throw+1","Bane"],"picked":"SKIP","floor":54.0}],"player_experience":2038120,"relics_obtained":[{"floor":7.0,"key":"MawBank"},{"floor":10.0,"key":"Whetstone"},{"floor":13.0,"key":"StuffTheSpire:MayFlowers"},{"floor":21.0,"key":"Durian"},{"floor":24.0,"key":"Darkstone Periapt"},{"floor":26.0,"key":"Bag of Marbles"},{"floor":28.0,"key":"Replay:Wax Seal"},{"floor":40.0,"key":"conspire:BottledYoYo"},{"floor":40.0,"key":"Bronze Scales"},{"floor":43.0,"key":"War Paint"},{"floor":45.0,"key":"Blue Doll"},{"floor":45.0,"key":"CaptainsWheel"},{"floor":47.0,"key":"Pocketwatch"},{"floor":47.0,"key":"Replay:Bottled Eggs"},{"floor":54.0,"key":"conspire:Boomerang"}],"event_choices":[{"damage_healed":0.0,"max_hp_gain":0.0,"max_hp_loss":0.0,"gold_gain":275.0,"event_name":"Golden Shrine","player_choice":"Desecrate","floor":4.0,"gold_loss":0.0,"damage_taken":0.0,"cards_obtained":["Regret"]},{"damage_healed":0.0,"max_hp_gain":0.0,"max_hp_loss":8.0,"gold_gain":0.0,"event_name":"betterThird:BetterWriting","player_choice":"Simplicity","floor":22.0,"gold_loss":0.0,"damage_taken":0.0},{"damage_healed":0.0,"max_hp_gain":0.0,"max_hp_loss":0.0,"gold_gain":0.0,"event_name":"conspire:Investor","player_choice":"Leave","floor":41.0,"gold_loss":0.0,"damage_taken":0.0},{"damage_healed":0.0,"max_hp_gain":0.0,"max_hp_loss":0.0,"gold_gain":0.0,"event_name":"WeMeetAgain","player_choice":"Gave Potion","floor":46.0,"gold_loss":0.0,"damage_taken":0.0,"relics_obtained":["StuffTheSpire:GrapeVine"]}],"is_beta":false,"boss_relics":[{"not_picked":["Philosopher\u0027s Stone","Snecko Eye"],"picked":"Coffee Dripper"},{"not_picked":["Replay:Bronze Core","Runic Dome"],"picked":"Black Star"}],"items_purged_floors":[12,20,53],"is_endless":false,"potions_floor_spawned":[5,7,13,14,16,19,25,29,33,37,45,47],"killed_by":"The Heart","ascension_level":16}}