{"host":"5kirneupyg4uzd3w","time":1612110357,"event":{"mods":["BaseMod","Colored Map","Custom Start","Minty Spire (QoL Compilation)","StSLib","SuperFastMode"],"gold_per_floor":[115,126,126,126,144,144,144,144,167,202,127,127,127,144,144,144,144],"floor_reached":16,"language":"KOR","playtime":394,"items_purged":["Strike_R"],"score":246,"play_id":"ea8292f8-1d12-4f23-ac23-812f463b2697","local_time":"20210201012557","is_ascension_mode":true,"campfire_choices":[{"data":"Body Slam","floor":6.0,"key":"SMITH"},{"data":"Feel No Pain","floor":8.0,"key":"SMITH"},{"floor":12,"key":"REST"},{"data":"Entrench","floor":15,"key":"SMITH"}],"circlet_count":0,"master_deck":["AscendersBane","Strike_R","Strike_R","Strike_R+1","Defend_R+1","Defend_R","Defend_R","Bash","Offering","Feel No Pain+1","Body Slam+1","Evolve","Entrench+1"],"relics":["Burning Blood","Ornamental Fan","Centennial Puzzle","Thread and Needle"],"acts_visited":["Exordium"],"potions_floor_usage":[10,10],"damage_taken":[{"damage":8.0,"enemies":"Jaw Worm","floor":1.0,"turns":3.0},{"damage":18.0,"enemies":"Small Slimes","floor":2.0,"turns":3.0},{"damage":7.0,"enemies":"Cultist","floor":5.0,"turns":4.0},{"damage":6,"enemies":"Gremlin Nob","floor":10,"turns":2},{"damage":3,"enemies":"Blue Slaver","floor":14,"turns":5},{"damage":37,"enemies":"The Guardian","floor":16,"turns":12}],"seed_played":"2951809152860050399","potions_obtained":[{"floor":1.0,"key":"ColorlessPotion"},{"floor":2.0,"key":"LiquidBronze"},{"floor":5.0,"key":"BlessingOfTheForge"}],"is_trial":false,"path_per_floor":["M","M","?","?","M","R","?","R","T","E","$","R","?","M","R","B"],"character_chosen":"IRONCLAD","items_purchased":[],"campfire_rested":1,"item_purchase_floors":[],"current_hp_per_floor":[66,54,36,36,35,35,15,15,15,15,15,35,35,38,38,1,1],"gold":144,"neow_bonus":"THREE_RARE_CARDS","is_daily":false,"chose_seed":false,"campfire_upgraded":3,"win_rate":0.0,"timestamp":1612110357,"path_taken":["M","M","?","?","?","R","?","R","T","E","$","R","?","M","R","BOSS"],"items_purchased_type":[],"build_version":"2020-12-22","purchased_purges":1,"victory":false,"max_hp_per_floor":[68,68,68,68,68,68,68,68,68,68,68,68,68,68,68,68,68],"card_choices":[{"not_picked":["Reaper","Barricade"],"picked":"Offering","floor":0.0},{"not_picked":["Entrench","Headbutt"],"picked":"Feel No Pain","floor":1.0},{"not_picked":["Heavy Blade","Flex","Clothesline"],"picked":"SKIP","floor":2.0},{"not_picked":["Reckless Charge","Twin Strike"],"picked":"Body Slam","floor":5.0},{"not_picked":["Perfected Strike","Twin Strike"],"picked":"Evolve","floor":10},{"not_picked":["Clothesline","Cleave"],"picked":"Entrench","floor":14}],"player_experience":301570,"relics_obtained":[{"floor":9.0,"key":"Centennial Puzzle"},{"floor":10,"key":"Thread and Needle"}],"event_choices":[{"damage_healed":0.0,"max_hp_gain":0.0,"max_hp_loss":0.0,"gold_gain":0.0,"event_name":"Scrap Ooze","player_choice":"Success","floor":3.0,"gold_loss":0.0,"damage_taken":18.0,"relics_obtained":["Ornamental Fan"]},{"cards_removed":["Strike_R"],"damage_healed":0.0,"max_hp_gain":0.0,"max_hp_loss":0.0,"gold_gain":0.0,"event_name":"Purifier","player_choice":"Purged","floor":4.0,"gold_loss":0.0,"damage_taken":0.0},{"damage_healed":0.0,"max_hp_gain":0.0,"max_hp_loss":0.0,"gold_gain":0.0,"event_name":"Shining Light","player_choice":"Entered Light","floor":7.0,"gold_loss":0.0,"damage_taken":20.0,"cards_upgraded":["Strike_R","Defend_R"]},{"cards_removed":["Defend_R"],"damage_healed":0,"gold_gain":0,"player_choice":"Purged","damage_taken":0,"max_hp_gain":0,"max_hp_loss":0,"event_name":"Purifier","floor":13,"gold_loss":0}],"is_beta":false,"boss_relics":[],"items_purged_floors":[11],"is_endless":false,"potions_floor_spawned":[1,2,5],"killed_by":"The Guardian","ascension_level":20}}