{"host":"Bilverbakes","time":1612115358,"event":{"mods":["2.2 Compatiblity","AchievementEnabler","BaseMod","Bestiary","Colored Map","Minty Spire (QoL Compilation)","Relic Stats","StSLib","ojb\u0027s Info Mod"],"gold_per_floor":[114,114,134,152,152,152,63,92,92,92,112,112,37,62,62,138,138,149,64,64,64,11,39,39,74,97,113,38,38,56,74,74,74,74],"floor_reached":33,"language":"ENG","playtime":1159,"items_purged":[],"score":582,"play_id":"f308b00f-370c-40eb-81bf-56bb0d2e40d0","local_time":"20210131114918","is_ascension_mode":true,"campfire_choices":[{"data":"Neutralize","floor":6.0,"key":"SMITH"},{"data":"Predator","floor":10.0,"key":"SMITH"},{"data":"Strike_G","floor":15.0,"key":"PURGE"},{"data":"Strike_G","floor":24,"key":"PURGE"},{"floor":32,"key":"REST"}],"circlet_count":0,"master_deck":["AscendersBane","Strike_G","Defend_G","Defend_G","Defend_G","Defend_G","Defend_G","Survivor","Neutralize+1","Predator+1","Bane","Quick Slash","Predator","Poisoned Stab","Die Die Die","Dash","Terror","Backflip","Dagger Spray+1","Skewer"],"relics":["Busted Crown","White Beast Statue","Toy Ornithopter","Question Card","Peace Pipe","Black Star","Matryoshka","Enchiridion","Sundial","Tiny Chest","Smiling Mask","Singing Bowl","Art of War","Oddly Smooth Stone"],"acts_visited":["Exordium","TheCity"],"potions_floor_usage":[16,18,23,23,25,31,33,33],"damage_taken":[{"damage":4.0,"enemies":"Small Slimes","floor":1.0,"turns":4.0},{"damage":9.0,"enemies":"Jaw Worm","floor":3.0,"turns":4.0},{"damage":0.0,"enemies":"Cultist","floor":4.0,"turns":3.0},{"damage":7.0,"enemies":"Lagavulin","floor":8.0,"turns":6.0},{"damage":0.0,"enemies":"Large Slime","floor":11.0,"turns":4.0},{"damage":4.0,"enemies":"Gremlin Nob","floor":14.0,"turns":3.0},{"damage":6,"enemies":"Slime Boss","floor":16,"turns":10},{"damage":8,"enemies":"Shell Parasite","floor":18,"turns":4},{"damage":4,"enemies":"Gremlin Leader","floor":23,"turns":4},{"damage":31,"enemies":"Book of Stabbing","floor":25,"turns":4},{"damage":1,"enemies":"3 Byrds","floor":27,"turns":5},{"damage":0,"enemies":"3 Cultists","floor":30,"turns":4},{"damage":18,"enemies":"Shelled Parasite and Fungi","floor":31,"turns":5},{"damage":46,"enemies":"Automaton","floor":33,"turns":8}],"seed_played":"6342846245971821927","potions_obtained":[{"floor":1.0,"key":"SteroidPotion"},{"floor":3.0,"key":"LiquidBronze"},{"floor":4.0,"key":"Block Potion"},{"floor":8.0,"key":"SpeedPotion"},{"floor":11.0,"key":"GhostInAJar"},{"floor":14.0,"key":"DistilledChaos"},{"floor":16,"key":"Strength Potion"},{"floor":18,"key":"BlessingOfTheForge"},{"floor":23,"key":"Explosive Potion"},{"floor":25,"key":"SpeedPotion"},{"floor":27,"key":"Strength Potion"},{"floor":31,"key":"EssenceOfSteel"}],"is_trial":false,"path_per_floor":["M","?","M","M","T","R","$","E","T","R","M","?","?","E","R","B",null,"M","?","?","?","$","E","R","E","T","M","?","$","M","M","R","B"],"character_chosen":"THE_SILENT","items_purchased":["Predator","Backflip"],"campfire_rested":1,"item_purchase_floors":[7,22],"current_hp_per_floor":[55,60,51,51,51,51,51,44,44,44,44,44,44,45,45,44,64,61,61,61,40,40,46,46,22,22,21,21,21,23,12,35,0,0],"gold":74,"neow_bonus":"BOSS_RELIC","is_daily":false,"chose_seed":false,"campfire_upgraded":2,"win_rate":0.0,"timestamp":1612115358,"path_taken":["M","?","M","M","?","R","$","E","T","R","?","?","?","E","R","BOSS","M","?","?","?","?","E","R","E","T","M","?","$","M","M","R","BOSS"],"items_purchased_type":["Card","Card"],"build_version":"2020-12-18","purchased_purges":0,"victory":false,"max_hp_per_floor":[66,71,71,71,71,71,71,71,71,71,71,71,71,71,71,71,71,71,71,71,71,71,71,71,73,73,73,73,73,75,77,77,77,77],"relic_stats":{"Peace Pipe":2,"Busted Crown":26,"Singing Bowl":6,"counters":[14,68],"Sundial":[4],"Tiny Chest":0,"Black Star":2,"Art of War":[1],"Question Card":9,"Smiling Mask":0,"obtain_stats":[{"Singing Bowl":25,"Enchiridion":21,"Oddly Smooth Stone":26,"Question Card":9,"Smiling Mask":25,"White Beast Statue":5,"Peace Pipe":14,"Busted Crown":0,"Matryoshka":19,"Sundial":23,"Tiny Chest":23,"Black Star":17,"Art of War":26,"Toy Ornithopter":8,"Ring of the Snake":0},{"Singing Bowl":10,"Enchiridion":8,"Oddly Smooth Stone":10,"Question Card":4,"Smiling Mask":10,"White Beast Statue":3,"Peace Pipe":6,"Busted Crown":0,"Matryoshka":8,"Sundial":9,"Tiny Chest":9,"Black Star":7,"Art of War":10,"Toy Ornithopter":4,"Ring of the Snake":0},{"Singing Bowl":46,"Enchiridion":38,"Oddly Smooth Stone":46,"Question Card":17,"Smiling Mask":46,"White Beast Statue":11,"Peace Pipe":24,"Busted Crown":0,"Matryoshka":38,"Sundial":42,"Tiny Chest":42,"Black Star":34,"Art of War":46,"Toy Ornithopter":17,"Ring of the Snake":0}],"Toy Ornithopter":45},"card_choices":[{"not_picked":[],"picked":"Predator","floor":1.0},{"not_picked":[],"picked":"Bane","floor":3.0},{"not_picked":[],"picked":"Quick Slash","floor":4.0},{"not_picked":["Heel Hook"],"picked":"SKIP","floor":8.0},{"not_picked":["Dodge and Roll"],"picked":"Poisoned Stab","floor":11.0},{"not_picked":["Endless Agony","Catalyst"],"picked":"SKIP","floor":14.0},{"not_picked":["Envenom"],"picked":"Die Die Die","floor":16},{"not_picked":["Reflex"],"picked":"Dash","floor":18},{"not_picked":["Escape Plan+1"],"picked":"Dagger Spray+1","floor":23},{"not_picked":["Envenom","Prepared"],"picked":"Singing Bowl","floor":25},{"not_picked":["Dagger Spray"],"picked":"Skewer","floor":27},{"not_picked":["Backflip","Dash"],"picked":"Singing Bowl","floor":30},{"not_picked":["Underhanded Strike","Dagger Spray"],"picked":"Singing Bowl","floor":31}],"player_experience":864825,"relics_obtained":[{"floor":5.0,"key":"White Beast Statue"},{"floor":8.0,"key":"Toy Ornithopter"},{"floor":9.0,"key":"Question Card"},{"floor":14.0,"key":"Peace Pipe"},{"floor":21,"key":"Enchiridion"},{"floor":23,"key":"Sundial"},{"floor":23,"key":"Tiny Chest"},{"floor":25,"key":"Smiling Mask"},{"floor":25,"key":"Singing Bowl"},{"floor":26,"key":"Art of War"},{"floor":26,"key":"Oddly Smooth Stone"}],"event_choices":[{"damage_healed":0.0,"max_hp_gain":5.0,"max_hp_loss":0.0,"gold_gain":0.0,"event_name":"Big Fish","player_choice":"Donut","floor":2.0,"gold_loss":0.0,"damage_taken":0.0},{"damage_healed":0.0,"max_hp_gain":0.0,"max_hp_loss":0.0,"gold_gain":0.0,"event_name":"Liars Game","player_choice":"Ignored","floor":12.0,"gold_loss":0.0,"damage_taken":0.0},{"cards_removed":["Strike_G"],"damage_healed":0.0,"max_hp_gain":0.0,"max_hp_loss":0.0,"gold_gain":0.0,"event_name":"The Cleric","player_choice":"Card Removal","floor":13.0,"gold_loss":75.0,"damage_taken":0.0},{"damage_healed":0,"gold_gain":0,"player_choice":"Obtained Relic","damage_taken":0,"relics_obtained":["Matryoshka"],"max_hp_gain":0,"max_hp_loss":0,"event_name":"Addict","floor":19,"gold_loss":85},{"damage_healed":0,"gold_gain":0,"player_choice":"Read","damage_taken":0,"max_hp_gain":0,"max_hp_loss":0,"event_name":"The Library","floor":20,"gold_loss":0,"cards_obtained":["Terror"]},{"damage_healed":0,"gold_gain":0,"player_choice":"Obtained Book","damage_taken":21,"max_hp_gain":0,"max_hp_loss":0,"event_name":"Cursed Tome","floor":21,"gold_loss":0},{"cards_removed":["Strike_G"],"damage_healed":0,"gold_gain":0,"player_choice":"Gave Gold","damage_taken":0,"max_hp_gain":0,"max_hp_loss":0,"event_name":"Beggar","floor":28,"gold_loss":75}],"is_beta":true,"boss_relics":[{"not_picked":["Sozu","Fusion Hammer"],"picked":"Black Star"}],"items_purged_floors":[],"is_endless":false,"potions_floor_spawned":[1,3,4,8,11,14,16,18,23,25,27,30,31],"killed_by":"Automaton","ascension_level":20}}