{"host":"y76clbnovzmw9ubx","time":1612100985,"event":{"mods":["AchievementEnabler","BaseMod","Minty Spire (QoL Compilation)","Permanent Neow","Relic Stats"],"gold_per_floor":[10,30,50,0,17,17,48,48,48,48,58,84,5,19,19,96,96,107,125,142,14,14,41,41,61,112,137,137,52,96,33,45,57,57],"floor_reached":33,"language":"ENG","playtime":1717,"items_purged":["Strike_G"],"score":730,"play_id":"c74eefe3-f01c-426d-bb39-ac7951818a25","local_time":"20210131084945","is_ascension_mode":true,"campfire_choices":[{"data":"Panache","floor":6,"key":"SMITH"},{"data":"Cloak And Dagger","floor":8,"key":"SMITH"},{"data":"Adrenaline","floor":10,"key":"SMITH"},{"floor":15,"key":"REST"},{"data":"Cloak And Dagger","floor":24,"key":"SMITH"},{"floor":32,"key":"REST"}],"circlet_count":0,"master_deck":["AscendersBane","Strike_G","Defend_G","Defend_G","Defend_G","Defend_G","Survivor","Neutralize","Panache+1","Infinite Blades","Cloak And Dagger+1","Backflip","Adrenaline+1","Well Laid Plans","Cloak And Dagger+1","Adrenaline","Adrenaline","Dash+1","Storm of Steel+1","Underhanded Strike+1","Dodge and Roll+1","Calculated Gamble+1","Crippling Poison","Cloak And Dagger","Backstab","Blade Dance","Venomology"],"relics":["Ring of the Snake","Ice Cream","Paper Crane","Mercury Hourglass","Astrolabe","CaptainsWheel","PreservedInsect","The Courier","MawBank","Bottled Tornado"],"acts_visited":["Exordium","TheCity"],"potions_floor_usage":[7,16,16,27,30,33,33],"damage_taken":[{"damage":6,"enemies":"Cultist","floor":1,"turns":5},{"damage":8,"enemies":"2 Louse","floor":2,"turns":5},{"damage":9,"enemies":"Jaw Worm","floor":3,"turns":5},{"damage":1,"enemies":"Looter","floor":5,"turns":4},{"damage":4,"enemies":"Lagavulin","floor":7,"turns":9},{"damage":0,"enemies":"Large Slime","floor":11,"turns":4},{"damage":20,"enemies":"Gremlin Nob","floor":12,"turns":4},{"damage":0,"enemies":"Blue Slaver","floor":14,"turns":2},{"damage":29,"enemies":"Slime Boss","floor":16,"turns":7},{"damage":5,"enemies":"Spheric Guardian","floor":18,"turns":4},{"damage":0,"enemies":"3 Byrds","floor":19,"turns":3},{"damage":0,"enemies":"Centurion and Healer","floor":20,"turns":3},{"damage":0,"enemies":"Gremlin Leader","floor":23,"turns":3},{"damage":7,"enemies":"Cultist and Chosen","floor":25,"turns":5},{"damage":9,"enemies":"Slavers","floor":27,"turns":3},{"damage":0,"enemies":"Book of Stabbing","floor":30,"turns":3},{"damage":54,"enemies":"Automaton","floor":33,"turns":6}],"seed_played":"-6989524756178425412","potions_obtained":[{"floor":1,"key":"LiquidBronze"},{"floor":3,"key":"EssenceOfSteel"},{"floor":12,"key":"SteroidPotion"},{"floor":19,"key":"Explosive Potion"},{"floor":20,"key":"ColorlessPotion"},{"floor":30,"key":"Explosive Potion"}],"is_trial":false,"path_per_floor":["M","M","M","$","M","R","E","R","T","R","M","E","$","M","R","B",null,"M","M","M","$","?","E","R","M","T","E","?","?","E","?","R","B"],"character_chosen":"THE_SILENT","items_purchased":["Cloak And Dagger","Cloak And Dagger","Swift Potion","Cloak And Dagger"],"campfire_rested":2,"item_purchase_floors":[4,13,13,21],"current_hp_per_floor":[53,45,36,36,35,35,31,31,31,31,31,11,11,11,30,1,50,45,45,45,45,39,39,39,32,32,23,23,23,23,23,42,0,0],"gold":57,"neow_bonus":"RANDOM_COLORLESS_2","is_daily":false,"chose_seed":false,"campfire_upgraded":4,"win_rate":0.0,"timestamp":1612100985,"path_taken":["M","M","M","$","M","R","E","R","T","R","M","E","?","M","R","BOSS","M","M","M","?","?","E","R","?","T","E","?","?","E","?","R","BOSS"],"items_purchased_type":["Card","Card","Potion","Card"],"build_version":"2020-12-22","purchased_purges":1,"victory":false,"max_hp_per_floor":[66,66,66,66,66,66,66,66,66,66,66,66,66,66,66,66,66,66,66,66,66,66,66,66,66,66,66,66,66,66,66,66,66,66],"relic_stats":{"counters":[17,74],"Astrolabe":["Dash","Storm of Steel","Underhanded Strike"],"PreservedInsect":85,"MawBank":48,"obtain_stats":[{"Ice Cream":7,"CaptainsWheel":23,"Astrolabe":17,"PreservedInsect":26,"The Courier":27,"Paper Crane":9,"Bottled Tornado":30,"MawBank":29,"Ring of the Snake":0,"Mercury Hourglass":12},{"Ice Cream":5,"CaptainsWheel":13,"Astrolabe":9,"PreservedInsect":14,"The Courier":15,"Paper Crane":5,"Bottled Tornado":16,"MawBank":15,"Ring of the Snake":0,"Mercury Hourglass":7},{"Ice Cream":28,"CaptainsWheel":57,"Astrolabe":45,"PreservedInsect":62,"The Courier":65,"Paper Crane":28,"Bottled Tornado":68,"MawBank":65,"Ring of the Snake":0,"Mercury Hourglass":36}],"Ring of the Snake":[34],"Mercury Hourglass":[188]},"card_choices":[{"not_picked":["Magnetism","Apotheosis"],"picked":"Panache","floor":0},{"not_picked":["Prepared","Dodge and Roll","Outmaneuver"],"picked":"SKIP","floor":1},{"not_picked":["Dagger Throw","Dash"],"picked":"Infinite Blades","floor":2},{"not_picked":["Bane","Dagger Throw","Deadly Poison"],"picked":"SKIP","floor":3},{"not_picked":["Bane","Blur"],"picked":"Backflip","floor":5},{"not_picked":["Dagger Spray","Venomology"],"picked":"Adrenaline","floor":7},{"not_picked":["Prepared","Outmaneuver"],"picked":"Well Laid Plans","floor":11},{"not_picked":["Sucker Punch","Backflip","Outmaneuver"],"picked":"SKIP","floor":12},{"not_picked":["Deflect","Acrobatics"],"picked":"Adrenaline","floor":14},{"not_picked":["Wraith Form v2","Bullet Time"],"picked":"Adrenaline","floor":16},{"not_picked":["Underhanded Strike","Blur"],"picked":"Dodge and Roll+1","floor":18},{"not_picked":["Dagger Throw","Terror"],"picked":"Calculated Gamble+1","floor":19},{"not_picked":["Dodge and Roll","Sucker Punch"],"picked":"Crippling Poison","floor":20},{"not_picked":["Dodge and Roll","Dagger Throw","Calculated Gamble"],"picked":"SKIP","floor":23},{"not_picked":["Outmaneuver","Flying Knee"],"picked":"Backstab","floor":25},{"not_picked":["Dagger Spray","Noxious Fumes"],"picked":"Blade Dance","floor":27},{"not_picked":["Setup+1","Dagger Throw"],"picked":"Venomology","floor":30}],"player_experience":3164928,"relics_obtained":[{"floor":7,"key":"Ice Cream"},{"floor":9,"key":"Paper Crane"},{"floor":12,"key":"Mercury Hourglass"},{"floor":23,"key":"CaptainsWheel"},{"floor":26,"key":"PreservedInsect"},{"floor":27,"key":"The Courier"},{"floor":30,"key":"Bottled Tornado"}],"event_choices":[{"damage_healed":0,"gold_gain":0,"player_choice":"","damage_taken":6,"max_hp_gain":0,"max_hp_loss":0,"event_name":"Knowing Skull","floor":22,"potions_obtained":[],"gold_loss":0,"cards_obtained":[]},{"damage_healed":0,"gold_gain":0,"player_choice":"Ignored","damage_taken":0,"max_hp_gain":0,"max_hp_loss":0,"event_name":"The Mausoleum","floor":28,"gold_loss":0},{"damage_healed":0,"gold_gain":0,"player_choice":"Obtained Relic","damage_taken":0,"relics_obtained":["MawBank"],"max_hp_gain":0,"max_hp_loss":0,"event_name":"Addict","floor":29,"gold_loss":85},{"cards_removed":["Strike_G"],"damage_healed":0,"gold_gain":0,"player_choice":"Gave Gold","damage_taken":0,"max_hp_gain":0,"max_hp_loss":0,"event_name":"Beggar","floor":31,"gold_loss":75}],"is_beta":false,"boss_relics":[{"not_picked":["Velvet Choker","SlaversCollar"],"picked":"Astrolabe"}],"items_purged_floors":[21],"is_endless":false,"potions_floor_spawned":[1,3,5,12,14,19,20,23,30],"killed_by":"Automaton","ascension_level":20}}