{"host":"sian7qp8a9pc9xwd","time":1612113314,"event":{"mods":["BaseMod","Minty Spire (QoL Compilation)","StSLib","SuperFastMode"],"gold_per_floor":[118,129,179,179,179,179,219,34,61,74,109,133,7,25,25,151,151,166,187,45,70,70,70,70,83,134,59,59,59,74,74,74,205,205,218,281,614,624,624,624,641,641,641],"floor_reached":42,"language":"ENG","playtime":8240,"items_purged":["Strike_R","Strike_R","Clothesline","Defend_R"],"score":693,"play_id":"f244a7c7-3505-430b-8c79-5e04900c5da9","local_time":"20210131121514","is_ascension_mode":true,"campfire_choices":[{"data":"Bludgeon","floor":6,"key":"SMITH"},{"data":"Flame Barrier","floor":15,"key":"SMITH"},{"data":"Offering","floor":23,"key":"SMITH"},{"data":"Offering","floor":28,"key":"SMITH"},{"data":"Bloodletting","floor":32,"key":"SMITH"},{"data":"Bash","floor":40,"key":"SMITH"}],"circlet_count":0,"master_deck":["AscendersBane","Strike_R","Defend_R","Defend_R+1","Bash+1","Bludgeon+1","Flame Barrier+1","True Grit+1","Offering+1","Battle Trance","Impervious","Uppercut+1","Offering+1","Impervious","Burning Pact+1"],"relics":["Burning Blood","NeowsBlessing","Thread and Needle","Membership Card","Boot","Nunchaku","Bag of Preparation","Empty Cage","DollysMirror","War Paint","MutagenicStrength","Letter Opener","Runic Cube","Turnip"],"acts_visited":["Exordium","TheCity","TheBeyond"],"potions_floor_usage":[11,21,33,42],"damage_taken":[{"damage":0,"enemies":"Jaw Worm","floor":1,"turns":1},{"damage":0,"enemies":"Small Slimes","floor":2,"turns":1},{"damage":0,"enemies":"Gremlin Nob","floor":7,"turns":1},{"damage":0,"enemies":"2 Louse","floor":10,"turns":3},{"damage":9,"enemies":"Lagavulin","floor":11,"turns":6},{"damage":6,"enemies":"Blue Slaver","floor":12,"turns":2},{"damage":0,"enemies":"Looter","floor":14,"turns":2},{"damage":45,"enemies":"Hexaghost","floor":16,"turns":8},{"damage":3,"enemies":"Spheric Guardian","floor":18,"turns":4},{"damage":9,"enemies":"Chosen","floor":19,"turns":3},{"damage":15,"enemies":"Snecko","floor":21,"turns":4},{"damage":17,"enemies":"Cultist and Chosen","floor":25,"turns":6},{"damage":6,"enemies":"Chosen and Byrds","floor":30,"turns":3},{"damage":41,"enemies":"Champ","floor":33,"turns":6},{"damage":22,"enemies":"3 Darklings","floor":35,"turns":4},{"damage":12,"enemies":"Mind Bloom Boss Battle","floor":36,"turns":7},{"damage":12,"enemies":"3 Shapes","floor":38,"turns":4},{"damage":12,"enemies":"Jaw Worm Horde","floor":41,"turns":4},{"damage":31,"enemies":"Reptomancer","floor":42,"turns":3}],"seed_played":"5070051611814285586","potions_obtained":[{"floor":7,"key":"ColorlessPotion"},{"floor":11,"key":"BloodPotion"},{"floor":14,"key":"BloodPotion"},{"floor":21,"key":"SmokeBomb"},{"floor":25,"key":"DistilledChaos"},{"floor":41,"key":"HeartOfIron"}],"is_trial":false,"path_per_floor":["M","M","?","?","?","R","E","$","T","M","E","M","$","M","R","B",null,"M","M","$","M","$","R","?","M","T","$","R","?","M","?","R","B",null,"M","?","?","M","?","R","M","E"],"character_chosen":"IRONCLAD","items_purchased":["Membership Card","Bag of Preparation","DollysMirror"],"campfire_rested":0,"item_purchase_floors":[8,13,20],"current_hp_per_floor":[78,80,80,80,60,60,66,66,66,72,69,69,69,75,75,36,69,72,69,69,76,76,76,76,65,65,65,65,65,65,65,65,30,68,52,46,46,40,40,40,34,19,19],"gold":641,"neow_bonus":"THREE_ENEMY_KILL","is_daily":false,"chose_seed":false,"campfire_upgraded":6,"win_rate":0.0,"timestamp":1612113314,"path_taken":["M","M","?","?","?","R","E","?","T","M","E","M","$","M","R","BOSS","M","M","$","M","$","R","?","M","T","$","R","?","M","?","R","BOSS","M","?","?","M","?","R","M","E"],"items_purchased_type":["Relic","Relic","Relic"],"build_version":"2020-12-22","purchased_purges":4,"victory":false,"max_hp_per_floor":[80,80,80,80,80,80,80,80,80,80,80,80,80,80,80,80,80,80,80,80,80,80,80,80,80,80,80,80,80,80,80,80,80,80,80,80,80,80,80,80,80,80,80],"card_choices":[{"not_picked":["Cleave","Metallicize"],"picked":"Bloodletting","floor":1},{"not_picked":["Thunderclap","Shrug It Off"],"picked":"Clothesline","floor":2},{"not_picked":["Wild Strike","True Grit"],"picked":"Flame Barrier","floor":7},{"not_picked":["Inflame","Heavy Blade"],"picked":"True Grit","floor":10},{"not_picked":["Intimidate","Blood for Blood"],"picked":"Offering","floor":11},{"not_picked":["Pommel Strike","Havoc"],"picked":"Battle Trance","floor":12},{"not_picked":["Anger","Thunderclap","Cleave"],"picked":"SKIP","floor":14},{"not_picked":["Fiend Fire","Brutality"],"picked":"Impervious","floor":16},{"not_picked":["Battle Trance","Anger","Heavy Blade"],"picked":"SKIP","floor":18},{"not_picked":["Body Slam+1","Sword Boomerang"],"picked":"Uppercut+1","floor":19},{"not_picked":["Heavy Blade+1","Twin Strike","Cleave+1"],"picked":"SKIP","floor":21},{"not_picked":["Burning Pact","Power Through","Dual Wield"],"picked":"SKIP","floor":25},{"not_picked":["Wild Strike","Rupture","Cleave"],"picked":"SKIP","floor":30},{"not_picked":["Juggernaut","Immolate"],"picked":"Impervious","floor":33},{"not_picked":["Anger","Body Slam+1","Clash"],"picked":"SKIP","floor":35},{"not_picked":["Hemokinesis+1","Thunderclap+1"],"picked":"Burning Pact+1","floor":36},{"not_picked":["Fire Breathing","Sword Boomerang+1","Dual Wield+1"],"picked":"SKIP","floor":38},{"not_picked":["Burning Pact+1","Pommel Strike","Uppercut+1"],"picked":"SKIP","floor":41}],"player_experience":840449,"relics_obtained":[{"floor":7,"key":"Thread and Needle"},{"floor":9,"key":"Boot"},{"floor":11,"key":"Nunchaku"},{"floor":26,"key":"War Paint"},{"floor":36,"key":"Turnip"}],"event_choices":[{"damage_healed":0,"gold_gain":50,"player_choice":"Gained Gold","damage_taken":0,"max_hp_gain":0,"max_hp_loss":0,"event_name":"Golden Wing","floor":3,"gold_loss":0},{"damage_healed":0,"gold_gain":0,"cards_transformed":["Strike_R"],"player_choice":"Change","damage_taken":0,"max_hp_gain":0,"max_hp_loss":0,"event_name":"Living Wall","floor":4,"gold_loss":0,"cards_obtained":["Bludgeon"]},{"damage_healed":0,"gold_gain":0,"player_choice":"Take Damage","damage_taken":20,"relics_obtained":["Golden Idol"],"max_hp_gain":0,"max_hp_loss":0,"event_name":"Golden Idol","floor":5,"gold_loss":0},{"damage_healed":0,"gold_gain":0,"player_choice":"Inject Mutagens","damage_taken":0,"relics_obtained":["MutagenicStrength"],"max_hp_gain":0,"max_hp_loss":0,"event_name":"Drug Dealer","floor":29,"gold_loss":0},{"damage_healed":0,"gold_gain":0,"player_choice":"Opened","damage_taken":0,"relics_obtained":["Letter Opener"],"max_hp_gain":0,"max_hp_loss":0,"event_name":"The Mausoleum","floor":31,"gold_loss":0},{"damage_healed":0,"gold_gain":0,"player_choice":"Fight","damage_taken":0,"max_hp_gain":0,"max_hp_loss":0,"event_name":"MindBloom","floor":36,"gold_loss":0},{"damage_healed":0,"gold_gain":333,"player_choice":"Gave Idol","damage_taken":0,"max_hp_gain":0,"max_hp_loss":0,"event_name":"The Moai Head","floor":37,"relics_lost":["Golden Idol"],"gold_loss":0},{"cards_removed":["Bloodletting"],"damage_healed":0,"gold_gain":0,"player_choice":"Removed Skill","damage_taken":0,"max_hp_gain":0,"max_hp_loss":0,"event_name":"Falling","floor":39,"gold_loss":0}],"is_beta":false,"boss_relics":[{"not_picked":["Cursed Key","Black Star"],"picked":"Empty Cage"},{"not_picked":["Mark of Pain","Runic Dome"],"picked":"Runic Cube"}],"items_purged_floors":[8,13,20,27],"is_endless":false,"potions_floor_spawned":[7,11,14,21,25,41],"killed_by":"Reptomancer","ascension_level":11}}