{"host":"dm4yvegl9um2tlqd","time":1612101603,"event":{"mods":["2.2 Compatiblity","AchievementEnabler","BaseMod","Colored Map","DeckTracker","Highlight Path","KOR Keyword Fix","Keyboard Shortcuts","Minty Spire (QoL Compilation)","Permanent Neow","Quick Restart","Random Character Button","StSLib","SuperFastMode","everything is the same but u backflip on backflip"],"gold_per_floor":[15,33,33,58,73,73,114,34,61,61,76,76,151,171,171,171,171],"floor_reached":16,"language":"KOR","playtime":516,"items_purged":[],"score":153,"play_id":"858a3d2d-0ef5-435f-b1b6-f46251adf7d3","local_time":"20210131230003","is_ascension_mode":true,"campfire_choices":[{"data":"Armaments","floor":6,"key":"SMITH"},{"data":"Blood for Blood","floor":10,"key":"SMITH"},{"floor":15,"key":"REST"}],"circlet_count":0,"master_deck":["AscendersBane","Strike_R","Strike_R","Defend_R","Defend_R","Defend_R","Defend_R","Bash","Armaments+1","Pommel Strike","Whirlwind","Clothesline","Blood for Blood+1","Fiend Fire","Uppercut","Disarm"],"relics":["Burning Blood","Golden Idol","Oddly Smooth Stone","Boot"],"acts_visited":["Exordium"],"potions_floor_usage":[14,16],"damage_taken":[{"damage":7,"enemies":"Small Slimes","floor":1,"turns":6},{"damage":2,"enemies":"2 Louse","floor":2,"turns":4},{"damage":11,"enemies":"Jaw Worm","floor":4,"turns":4},{"damage":22,"enemies":"Red Slaver","floor":5,"turns":6},{"damage":29,"enemies":"Lagavulin","floor":7,"turns":10},{"damage":13,"enemies":"3 Louse","floor":11,"turns":4},{"damage":4,"enemies":"2 Fungi Beasts","floor":14,"turns":4},{"damage":36,"enemies":"Slime Boss","floor":16,"turns":6}],"seed_played":"-7075483182862629372","potions_obtained":[{"floor":5,"key":"Dexterity Potion"},{"floor":7,"key":"SkillPotion"},{"floor":11,"key":"Ancient Potion"}],"is_trial":false,"path_per_floor":["M","M","?","M","M","R","E","$","T","R","M","?","?","M","R","B"],"character_chosen":"IRONCLAD","items_purchased":["Fiend Fire"],"campfire_rested":1,"item_purchase_floors":[8],"current_hp_per_floor":[71,75,74,69,53,53,30,30,30,30,23,16,5,7,29,0,0],"gold":171,"neow_bonus":"REMOVE_TWO","is_daily":false,"chose_seed":false,"campfire_upgraded":2,"win_rate":0.0,"timestamp":1612101603,"path_taken":["M","M","?","M","M","R","E","$","T","R","M","?","?","M","R","BOSS"],"items_purchased_type":["Card"],"build_version":"2020-12-22","purchased_purges":0,"victory":false,"max_hp_per_floor":[80,80,74,74,74,74,74,74,74,74,74,74,74,74,74,74,74],"card_choices":[{"not_picked":["Flex","Iron Wave"],"picked":"Armaments","floor":1},{"not_picked":["Shrug It Off","Sever Soul"],"picked":"Pommel Strike","floor":2},{"not_picked":["Combust","True Grit"],"picked":"Whirlwind","floor":4},{"not_picked":["Intimidate","Havoc"],"picked":"Clothesline","floor":5},{"not_picked":["Pommel Strike","Thunderclap"],"picked":"Blood for Blood","floor":7},{"not_picked":["Thunderclap","Perfected Strike"],"picked":"Uppercut","floor":11},{"not_picked":["Bludgeon","True Grit"],"picked":"Disarm","floor":14}],"player_experience":103764,"relics_obtained":[{"floor":7,"key":"Oddly Smooth Stone"},{"floor":9,"key":"Boot"}],"event_choices":[{"damage_healed":0,"gold_gain":0,"player_choice":"Lose Max HP","damage_taken":0,"relics_obtained":["Golden Idol"],"max_hp_gain":0,"max_hp_loss":6,"event_name":"Golden Idol","floor":3,"gold_loss":0},{"cards_removed":["Strike_R"],"damage_healed":0,"gold_gain":0,"player_choice":"Card Removal","damage_taken":7,"max_hp_gain":0,"max_hp_loss":0,"event_name":"Golden Wing","floor":12,"gold_loss":0},{"damage_healed":0,"gold_gain":75,"player_choice":"Gather Gold","damage_taken":11,"max_hp_gain":0,"max_hp_loss":0,"event_name":"World of Goop","floor":13,"gold_loss":0}],"is_beta":false,"boss_relics":[],"items_purged_floors":[],"is_endless":false,"potions_floor_spawned":[5,7,11],"killed_by":"Slime Boss","ascension_level":10}}