{"host":"56d873i5r3uhle0q","time":1612063999,"event":{"mods":["100% Spire Juice","Act Like it!","Aspiration","BaseMod","Block Reminder","Conspire","Dota2Spire","Downfall","Gensokyo","Hermit","Hubris","Infinite Spire","Jedi Mod","Lobotomy","LobotomyExtend","Marisa????????","Marked Mod","Minty Spire (QoL Compilation)","Reliquary","Replay The Spire","StSLib","The Animator","The Bug Knight","The Cursed","The Marked","The Servant 0.9.4","everything is the same but u backflip on backflip","??????REMEMod"],"gold_per_floor":[119,129,129,141,121,121,91,101,101,120,120,120,140,158,158,158,158],"floor_reached":16,"language":"ENG","playtime":964,"items_purged":[],"score":96,"play_id":"7b1c1d47-3187-4c01-9d5d-0bf7df7d6956","local_time":"20210130203319","is_ascension_mode":false,"campfire_choices":[{"data":"Chill","floor":6,"key":"SMITH"},{"data":"Zap","floor":11,"key":"SMITH"},{"data":"Coolheaded","floor":15,"key":"SMITH"}],"circlet_count":0,"master_deck":["Strike_B","Strike_B","Strike_B","Defend_B","Defend_B","Defend_B","Defend_B","Zap+1","Dualcast","Glacier","ReplayTheSpireMod:Speed Training+1","Coolheaded+1","Consume","Chill+1","Glacier","Chill","Seek"],"relics":["Cracked Core","REME_ComplimentaryCards","LetterFromLob","Meat on the Bone"],"acts_visited":["Exordium"],"potions_floor_usage":[16],"damage_taken":[{"damage":0,"enemies":"Small Slimes","floor":1,"turns":3},{"damage":0,"enemies":"Cultist","floor":2,"turns":4},{"damage":0,"enemies":"2 Louse","floor":4,"turns":4},{"damage":8,"enemies":"Exordium Thugs","floor":5,"turns":6},{"damage":2,"enemies":"Looter","floor":7,"turns":4},{"damage":1,"enemies":"3 Louse","floor":8,"turns":6},{"damage":0,"enemies":"Gremlin Gang","floor":10,"turns":15},{"damage":1,"enemies":"Lots of Slimes","floor":13,"turns":6},{"damage":0,"enemies":"3 Louse","floor":14,"turns":6},{"damage":106,"enemies":"Fading Forest","floor":16,"turns":9}],"seed_played":"3964854876055379540","potions_obtained":[{"floor":1,"key":"jedi:wingpotion"},{"floor":8,"key":"jedi:tentaclejuice"},{"floor":10,"key":"Block Potion"}],"is_trial":false,"path_per_floor":["M","M","?","M","M","R","M","M","T","M","R","?","M","M","R","B"],"character_chosen":"DEFECT","items_purchased":[],"campfire_rested":0,"item_purchase_floors":[],"current_hp_per_floor":[75,75,75,75,67,67,65,64,64,64,64,75,74,74,74,0,0],"gold":158,"neow_bonus":"TRANSFORM_CARD","is_daily":false,"chose_seed":false,"campfire_upgraded":3,"win_rate":0.0,"timestamp":1612063999,"path_taken":["M","M","?","M","M","R","M","M","T","?","R","?","M","M","R","BOSS"],"items_purchased_type":[],"build_version":"2020-12-22","purchased_purges":0,"victory":false,"max_hp_per_floor":[75,75,75,75,75,75,75,75,75,75,75,75,75,75,75,75,75],"card_choices":[{"not_picked":["Barrage","Steam"],"picked":"Coolheaded","floor":1},{"not_picked":["Beam Cell","Panic Button","Steam"],"picked":"SKIP","floor":2},{"not_picked":["Tempest","Coolheaded"],"picked":"Consume","floor":4},{"not_picked":["jedi:locknload","FTL"],"picked":"Chill","floor":5},{"not_picked":["Sunder","Compile Driver"],"picked":"Glacier","floor":7},{"not_picked":["Streamline","Compile Driver","REME_SelfUpgrade"],"picked":"SKIP","floor":8},{"not_picked":["Ball Lightning","Rebound","jedi:BurstFrost"],"picked":"SKIP","floor":10},{"not_picked":["Hologram","Go for the Eyes"],"picked":"Chill","floor":13},{"not_picked":["jedi:BurstFrost","Ball Lightning"],"picked":"Seek","floor":14}],"player_experience":690558,"relics_obtained":[{"floor":1,"key":"LetterFromLob"},{"floor":9,"key":"Meat on the Bone"}],"event_choices":[{"damage_healed":0,"gold_gain":0,"player_choice":"Upgraded","damage_taken":0,"max_hp_gain":0,"max_hp_loss":0,"event_name":"Upgrade Shrine","floor":3,"gold_loss":0,"cards_upgraded":["ReplayTheSpireMod:Speed Training"]},{"damage_healed":11,"gold_gain":0,"player_choice":"Full Heal","damage_taken":0,"max_hp_gain":0,"max_hp_loss":0,"event_name":"Wheel of Change","floor":12,"gold_loss":0}],"is_beta":false,"boss_relics":[],"items_purged_floors":[],"is_endless":false,"potions_floor_spawned":[1,8,10,14],"killed_by":"Fading Forest","ascension_level":0}}