{"host":"p7cjtxxrilhp4dw7","time":1612126407,"event":{"mods":["BaseMod","Block Reminder","Colored Map","Curses Come First","Highlight Path","Minty Spire (QoL Compilation)","Replay The Spire","StSLib","The Hierophant"],"gold_per_floor":[118,118,118,134,199,199,233,298,366,377,377,412,4,22,22,122,122,141,116,135,85,135,135,166,235,261,324,374,406,421,471,471,566,566,580,266,280,353,417,444,494,494,520,570,585,659,685,705,705,705],"floor_reached":51,"language":"ENG","playtime":4498,"items_purged":["Strike_B"],"score":1293,"play_id":"122bd524-93b8-48cc-a15b-92b4b88701bf","local_time":"20210131135327","is_ascension_mode":true,"campfire_choices":[{"data":"Eruption","floor":6,"key":"SMITH"},{"floor":11,"key":"REST"},{"data":"Vigilance","floor":15,"key":"SMITH"},{"data":"Beam Cell","floor":23,"key":"SMITH"},{"floor":32,"key":"REST"},{"data":"Coolheaded","floor":42,"key":"SMITH"},{"data":"Turbo","floor":49,"key":"SMITH"}],"circlet_count":0,"master_deck":["Strike_B","Defend_B","Defend_B","Vigilance+1","Beam Cell+1","Vigilance","Eruption+1","Ball Lightning","Auto Shields","ReplayGash","Sweeping Beam","Beam Cell","Flash of Steel+1","All For One","Genetic Algorithm+1","ReplaySolidLightProjector+1","Gash+1","Scrape+1","Go for the Eyes+1","Coolheaded+1","Turbo+1","Gash+1","Machine Learning","Coolheaded+1","Gash","Go for the Eyes","Bandage Up","Steam+1"],"relics":["Cracked Core","SsserpentHead","Ginger","Eternal Feather","Orichalcum","Iron Hammer","Replay:Drink Me","Anchor","Tiny Chest","Replay:Bottled Flurry","Busted Crown","Replay:Mystery Machine","Strawberry","Whetstone","ReplayFunnel","Lantern","Pen Nib","Geode"],"acts_visited":["Exordium","TheCity","TheBeyond"],"potions_floor_usage":[12,12,16,33,33,39,50],"damage_taken":[{"damage":7,"enemies":"2 Louse","floor":1,"turns":2},{"damage":1,"enemies":"Cultist","floor":4,"turns":3},{"damage":0,"enemies":"Small Slimes","floor":5,"turns":3},{"damage":16,"enemies":"3 Sentries","floor":7,"turns":8},{"damage":2,"enemies":"Blue Slaver","floor":8,"turns":3},{"damage":17,"enemies":"Lots of Slimes","floor":10,"turns":5},{"damage":7,"enemies":"Lagavulin","floor":12,"turns":4},{"damage":0,"enemies":"Gremlin Gang","floor":14,"turns":3},{"damage":28,"enemies":"Hexaghost","floor":16,"turns":6},{"damage":0,"enemies":"3 Byrds","floor":18,"turns":4},{"damage":5,"enemies":"Spheric Guardian","floor":20,"turns":3},{"damage":56,"enemies":"Slavers","floor":24,"turns":6},{"damage":3,"enemies":"Snake Plant","floor":25,"turns":4},{"damage":3,"enemies":"Shelled Parasite and Fungi","floor":27,"turns":5},{"damage":0,"enemies":"Gremlin Leader","floor":29,"turns":5},{"damage":0,"enemies":"3 Cultists","floor":30,"turns":3},{"damage":0,"enemies":"Pondfish","floor":33,"turns":6},{"damage":0,"enemies":"3 Darklings","floor":35,"turns":4},{"damage":0,"enemies":"Orb Walker","floor":37,"turns":2},{"damage":0,"enemies":"Sphere and 2 Shapes","floor":39,"turns":3},{"damage":13,"enemies":"R_Hoarder","floor":40,"turns":4},{"damage":0,"enemies":"Transient","floor":45,"turns":5},{"damage":0,"enemies":"Giant Head","floor":47,"turns":3},{"damage":0,"enemies":"Jaw Worm Horde","floor":48,"turns":2},{"damage":0,"enemies":"Replay:Hell Engine","floor":50,"turns":5}],"seed_played":"-6647957372826269779","potions_obtained":[{"floor":7,"key":"SpeedPotion"},{"floor":8,"key":"LiquidMemories"},{"floor":12,"key":"SmokeBomb"},{"floor":14,"key":"Adrenaline Potion"},{"floor":16,"key":"Elixir"},{"floor":24,"key":"Flashbang"},{"floor":27,"key":"AttackPotion"},{"floor":29,"key":"Adrenaline Potion"},{"floor":35,"key":"Strength Potion"},{"floor":39,"key":"Fruit Juice"},{"floor":45,"key":"ColorlessPotion"}],"is_trial":false,"path_per_floor":["M","?","?","M","M","R","E","M","T","M","R","E","$","M","R","B",null,"M","?","M","$","?","R","E","M","T","M","?","E","M","?","R","B",null,"M","$","M","T","M","E","?","R","T","?","M","T","E","M","R_BF","B",null],"character_chosen":"DEFECT","items_purchased":["Flash of Steel","Iron Hammer","Gash","Replay:Mystery Machine","Gash","Strawberry"],"campfire_rested":2,"item_purchase_floors":[13,13,21,36,36,36],"current_hp_per_floor":[75,75,75,74,74,74,58,56,56,39,74,67,67,67,76,48,62,62,62,57,57,77,77,21,18,18,15,15,15,15,15,50,50,70,70,77,77,77,82,69,69,84,84,84,89,89,89,89,89,89],"gold":705,"neow_bonus":"TWENTY_PERCENT_HP_BONUS","is_daily":false,"chose_seed":false,"campfire_upgraded":5,"win_rate":0.0,"timestamp":1612126407,"path_taken":["M","?","?","M","?","R","E","?","T","M","R","E","$","M","R","BOSS","M","?","M","$","?","R","E","?","T","?","?","E","M","?","R","BOSS","M","$","M","?","?","E","?","R","T","?","M","?","E","M","R_BF","BOSS"],"items_purchased_type":["Card","Relic","Card","Relic","Card","Relic"],"build_version":"2020-12-22","purchased_purges":1,"victory":true,"max_hp_per_floor":[89,89,89,89,89,89,89,89,89,89,89,89,89,89,89,89,67,67,67,67,67,77,77,77,77,77,77,77,77,77,77,77,77,77,77,84,84,84,89,89,89,89,89,89,89,89,89,89,89,89],"card_choices":[{"not_picked":["Rebound","Gash"],"picked":"Beam Cell","floor":1},{"not_picked":["Force Field","BasicCrystalCard"],"picked":"Ball Lightning","floor":4},{"not_picked":["Steam","ReplayTheSpireMod:Reroute Power"],"picked":"Auto Shields","floor":5},{"not_picked":["ReplayTheSpireMod:Omega Cannon","ReplaySolidLightProjector","ReplayTheSpireMod:Calculation Training"],"picked":"SKIP","floor":7},{"not_picked":["Coolheaded","Turbo"],"picked":"ReplayGash","floor":8},{"not_picked":["Coolheaded","Leap"],"picked":"Sweeping Beam","floor":10},{"not_picked":["Hello World","Redo"],"picked":"Beam Cell","floor":12},{"not_picked":["BootSequence","Cold Snap"],"picked":"All For One","floor":14},{"not_picked":["Machine Learning","ReplayTheSpireMod:Omega Cannon"],"picked":"Echo Form","floor":16},{"not_picked":["Barrage+1","Coolheaded+1"],"picked":"Genetic Algorithm+1","floor":18},{"not_picked":["Crystallizer","Barrage"],"picked":"ReplaySolidLightProjector+1","floor":20},{"not_picked":["Turbo","Ball Lightning"],"picked":"Scrape+1","floor":24},{"not_picked":["BasicCrystalCard","ReplayTheSpireMod:Reroute Power"],"picked":"Go for the Eyes+1","floor":25},{"not_picked":["Glacier+1","Steam Power"],"picked":"Coolheaded+1","floor":27},{"not_picked":["Chill","Redo"],"picked":"Turbo","floor":29},{"not_picked":["Force Field","Glacier"],"picked":"Gash+1","floor":30},{"not_picked":["ReplayRNGCard","Rainbow"],"picked":"Machine Learning","floor":33},{"not_picked":[],"picked":"Coolheaded","floor":35},{"not_picked":["Leap"],"picked":"SKIP","floor":37},{"not_picked":[],"picked":"Go for the Eyes","floor":39},{"not_picked":["Cold Snap+1"],"picked":"SKIP","floor":40},{"not_picked":[],"picked":"Bandage Up","floor":41},{"not_picked":["Static Discharge"],"picked":"SKIP","floor":45},{"not_picked":["BasicCrystalCard"],"picked":"SKIP","floor":47},{"not_picked":[],"picked":"Steam+1","floor":48}],"player_experience":588633,"relics_obtained":[{"floor":7,"key":"Ginger"},{"floor":9,"key":"Eternal Feather"},{"floor":12,"key":"Orichalcum"},{"floor":24,"key":"Anchor"},{"floor":26,"key":"Tiny Chest"},{"floor":29,"key":"Replay:Bottled Flurry"},{"floor":38,"key":"Whetstone"},{"floor":40,"key":"ReplayFunnel"},{"floor":43,"key":"Lantern"},{"floor":46,"key":"Pen Nib"},{"floor":47,"key":"Geode"}],"event_choices":[{"damage_healed":0,"gold_gain":0,"player_choice":"Trade","damage_taken":0,"relics_obtained":["SsserpentHead"],"max_hp_gain":0,"max_hp_loss":0,"event_name":"FaceTrader","floor":3,"gold_loss":0},{"cards_removed":["Defend_B"],"damage_healed":0,"gold_gain":0,"player_choice":"Gave Gold","damage_taken":0,"max_hp_gain":0,"max_hp_loss":0,"event_name":"Beggar","floor":19,"gold_loss":75},{"cards_removed":["Echo Form"],"damage_healed":10,"gold_gain":0,"player_choice":"Offered Rare","damage_taken":0,"max_hp_gain":10,"max_hp_loss":0,"event_name":"Bonfire Elementals","floor":22,"gold_loss":0},{"damage_healed":0,"gold_gain":0,"player_choice":"Ignored","damage_taken":0,"max_hp_gain":0,"max_hp_loss":0,"event_name":"Vampires","floor":28,"gold_loss":0},{"cards_removed":["Strike_P"],"damage_healed":0,"gold_gain":0,"player_choice":"Elegance","damage_taken":0,"max_hp_gain":0,"max_hp_loss":0,"event_name":"Back to Basics","floor":31,"gold_loss":0},{"damage_healed":0,"gold_gain":0,"player_choice":"Memory 1","damage_taken":0,"max_hp_gain":0,"max_hp_loss":0,"event_name":"SensoryStone","floor":41,"gold_loss":0}],"is_beta":false,"boss_relics":[{"not_picked":["SlaversCollar","Astrolabe"],"picked":"Replay:Drink Me"},{"not_picked":["Velvet Choker","SacredBark"],"picked":"Busted Crown"}],"items_purged_floors":[13],"is_endless":false,"potions_floor_spawned":[7,8,12,14,16,24,27,29,30,35,39,45],"ascension_level":9}}