{"host":"qdfumeom6htv8yxl","time":1612125532,"event":{"mods":["AchievementEnabler","BaseMod","Bestiary","Block Reminder","Highlight Path","Minty Spire (QoL Compilation)","Quick Restart","Relic Stats"],"gold_per_floor":[111,111,76,151,151,184,194,194,218,235,235,235],"floor_reached":11,"language":"ENG","playtime":126,"items_purged":[],"score":192,"play_id":"7577836b-e3dc-46ee-b364-7629f2d16e92","local_time":"20210131143852","is_ascension_mode":true,"campfire_choices":[{"data":"Beam Cell","floor":8,"key":"SMITH"}],"circlet_count":0,"master_deck":["AscendersBane","Strike_B+1","Strike_B","Strike_B","Strike_B+1","Defend_B","Defend_B","Defend_B","Defend_B","Zap","Dualcast","Leap+1","Reboot","Beam Cell+1","Hologram"],"relics":["Cracked Core","NeowsBlessing","Ornamental Fan","Happy Flower"],"acts_visited":["Exordium"],"potions_floor_usage":[11],"damage_taken":[{"damage":0,"enemies":"2 Louse","floor":1,"turns":1},{"damage":0,"enemies":"Lagavulin","floor":6,"turns":1},{"damage":0,"enemies":"Small Slimes","floor":7,"turns":1},{"damage":0,"enemies":"Cultist","floor":10,"turns":3},{"damage":0,"enemies":"3 Sentries","floor":11,"turns":1}],"seed_played":"668320991258398393","potions_obtained":[{"floor":6,"key":"LiquidMemories"},{"floor":7,"key":"SkillPotion"}],"is_trial":false,"path_per_floor":["M","?","?","?","?","E","M","R","T","M","E"],"character_chosen":"DEFECT","items_purchased":[],"campfire_rested":0,"item_purchase_floors":[],"current_hp_per_floor":[64,43,60,49,49,49,49,49,49,49,49,49],"gold":235,"neow_bonus":"THREE_ENEMY_KILL","is_daily":false,"chose_seed":false,"campfire_upgraded":1,"win_rate":0.0,"timestamp":1612125532,"path_taken":["M","?","?","?","?","E","?","R","T","M","E"],"items_purchased_type":[],"build_version":"2020-12-22","purchased_purges":0,"victory":false,"max_hp_per_floor":[71,71,71,71,71,71,71,71,71,71,71,71],"relic_stats":{"Happy Flower":[1],"counters":[5,7],"Ornamental Fan":[4],"obtain_stats":[{"NeowsBlessing":0,"Happy Flower":9,"Ornamental Fan":6,"Cracked Core":0},{"NeowsBlessing":0,"Happy Flower":3,"Ornamental Fan":2,"Cracked Core":0},{"NeowsBlessing":0,"Happy Flower":3,"Ornamental Fan":2,"Cracked Core":0}]},"card_choices":[{"not_picked":["Turbo","Static Discharge"],"picked":"Leap","floor":1},{"not_picked":["Streamline","Compile Driver"],"picked":"Reboot","floor":6},{"not_picked":["Turbo","Compile Driver"],"picked":"Beam Cell","floor":7},{"not_picked":["Coolheaded","Ball Lightning"],"picked":"Hologram","floor":10}],"player_experience":1965140,"relics_obtained":[{"floor":6,"key":"Ornamental Fan"},{"floor":9,"key":"Happy Flower"}],"event_choices":[{"damage_healed":0,"gold_gain":0,"player_choice":"Entered Light","damage_taken":21,"max_hp_gain":0,"max_hp_loss":0,"event_name":"Shining Light","floor":2,"gold_loss":0,"cards_upgraded":["Strike_B","Strike_B"]},{"damage_healed":17,"gold_gain":0,"player_choice":"Healed","damage_taken":0,"max_hp_gain":0,"max_hp_loss":0,"event_name":"The Cleric","floor":3,"gold_loss":35},{"damage_healed":0,"gold_gain":75,"player_choice":"Gather Gold","damage_taken":11,"max_hp_gain":0,"max_hp_loss":0,"event_name":"World of Goop","floor":4,"gold_loss":0},{"damage_healed":0,"gold_gain":0,"player_choice":"Upgraded","damage_taken":0,"max_hp_gain":0,"max_hp_loss":0,"event_name":"Upgrade Shrine","floor":5,"gold_loss":0,"cards_upgraded":["Leap"]}],"is_beta":false,"boss_relics":[],"items_purged_floors":[],"is_endless":false,"potions_floor_spawned":[6,7,10],"killed_by":"3 Sentries","ascension_level":20}}