{"host":"2se5dq1do2gp0x9k","time":1612057250,"event":{"mods":["AchievementEnabler","BaseMod","Block Reminder","Colored Map","Colored Powertips","Minty Spire (QoL Compilation)","Relic Stats","StSLib","SuperFastMode"],"gold_per_floor":[111,111,36,36,50,50,90,90,90,110,124,124,160,160,160,160,160],"floor_reached":16,"language":"ENG","playtime":378,"items_purged":["Strike_B"],"score":216,"play_id":"03d85e32-5a57-4d74-bb8c-4d9beece713d","local_time":"20210130174050","is_ascension_mode":true,"campfire_choices":[{"data":"Chaos","floor":6,"key":"SMITH"},{"data":"Hologram","floor":8,"key":"SMITH"},{"floor":12,"key":"REST"},{"floor":15,"key":"REST"}],"circlet_count":0,"master_deck":["AscendersBane","Strike_B","Defend_B","Defend_B","Zap","Dualcast","Steam Power+1","Rainbow+1","Force Field+1","Gash","Chaos+1","Hologram+1","Steam"],"relics":["Astrolabe","Golden Idol","Oddly Smooth Stone","Du-Vu Doll","Frozen Egg 2"],"acts_visited":["Exordium"],"potions_floor_usage":[16,16],"damage_taken":[{"damage":11,"enemies":"Small Slimes","floor":1,"turns":3},{"damage":4,"enemies":"Cultist","floor":5,"turns":3},{"damage":20,"enemies":"Lagavulin","floor":7,"turns":8},{"damage":0,"enemies":"Jaw Worm","floor":10,"turns":2},{"damage":5,"enemies":"2 Fungi Beasts","floor":11,"turns":4},{"damage":10,"enemies":"3 Sentries","floor":13,"turns":6},{"damage":34,"enemies":"The Guardian","floor":16,"turns":2}],"seed_played":"-2280567051758091278","potions_obtained":[{"floor":7,"key":"Energy Potion"},{"floor":11,"key":"CultistPotion"}],"is_trial":false,"path_per_floor":["M","?","$","?","M","R","E","R","T","M","M","R","E","?","R","B"],"character_chosen":"DEFECT","items_purchased":[],"campfire_rested":2,"item_purchase_floors":[],"current_hp_per_floor":[53,53,53,53,49,49,29,29,29,29,24,43,33,7,26,0,0],"gold":160,"neow_bonus":"BOSS_RELIC","is_daily":false,"chose_seed":false,"campfire_upgraded":2,"win_rate":0.0,"timestamp":1612057250,"path_taken":["M","?","$","?","M","R","E","R","T","M","?","R","E","?","R","BOSS"],"items_purchased_type":[],"build_version":"2020-12-22","purchased_purges":1,"victory":false,"max_hp_per_floor":[71,64,64,64,64,64,64,64,64,64,64,64,64,64,64,64,64],"relic_stats":{"counters":[7,28],"Golden Idol":25,"Astrolabe":["Steam Power","Rainbow","Force Field"],"obtain_stats":[{"Du-Vu Doll":13,"Golden Idol":2,"Astrolabe":0,"Oddly Smooth Stone":7,"Frozen Egg 2":14,"Cracked Core":0},{"Du-Vu Doll":6,"Golden Idol":1,"Astrolabe":0,"Oddly Smooth Stone":3,"Frozen Egg 2":6,"Cracked Core":0},{"Du-Vu Doll":26,"Golden Idol":3,"Astrolabe":0,"Oddly Smooth Stone":14,"Frozen Egg 2":26,"Cracked Core":0}]},"card_choices":[{"not_picked":["Barrage","Turbo"],"picked":"Gash","floor":1},{"not_picked":["Cold Snap","Barrage"],"picked":"Chaos","floor":5},{"not_picked":["Redo","Tempest"],"picked":"Hologram","floor":7},{"not_picked":["Steam","Streamline","Steam Power"],"picked":"SKIP","floor":10},{"not_picked":["Turbo","Blizzard","Reboot"],"picked":"SKIP","floor":11},{"not_picked":["Beam Cell","Turbo"],"picked":"Steam","floor":13}],"player_experience":4004758,"relics_obtained":[{"floor":7,"key":"Oddly Smooth Stone"},{"floor":13,"key":"Du-Vu Doll"}],"event_choices":[{"damage_healed":0,"gold_gain":0,"player_choice":"Lose Max HP","damage_taken":0,"relics_obtained":["Golden Idol"],"max_hp_gain":0,"max_hp_loss":7,"event_name":"Golden Idol","floor":2,"gold_loss":0},{"cards_removed":["Strike_B"],"damage_healed":0,"gold_gain":0,"player_choice":"Offered Basic","damage_taken":0,"max_hp_gain":0,"max_hp_loss":0,"event_name":"Bonfire Elementals","floor":4,"gold_loss":0},{"damage_healed":0,"gold_gain":0,"player_choice":"Success","damage_taken":26,"relics_obtained":["Frozen Egg 2"],"max_hp_gain":0,"max_hp_loss":0,"event_name":"Scrap Ooze","floor":14,"gold_loss":0}],"is_beta":false,"boss_relics":[],"items_purged_floors":[3],"is_endless":false,"potions_floor_spawned":[7,11],"killed_by":"The Guardian","ascension_level":20}}