{"host":"v01bqsqy2z1qiiuc","time":1612077199,"event":{"mods":["BaseMod","Better Note","Colored Map","Highlight Path","Minty Spire (QoL Compilation)","Permanent Neow","StSLib"],"gold_per_floor":[115,135,147,76,87,87,11,11,11,11,11,11,26,41,41,142,142,152,165,178,178,202,202,222,222,222,51,71,71,71,71,71,172,172,187,205,205,205,216,216,228,245,245,245,259,259,15,40,40,40,40],"floor_reached":50,"language":"ENG","playtime":4300,"items_purged":["Shame","Strike_G"],"score":489,"play_id":"666296d3-21be-4ccb-a3d7-7ce22ce70569","local_time":"20210130231319","is_ascension_mode":false,"campfire_choices":[{"data":"Caltrops","floor":6.0,"key":"SMITH"},{"data":"Caltrops","floor":8.0,"key":"SMITH"},{"data":"Setup","floor":10.0,"key":"SMITH"},{"data":"Infinite Blades","floor":12.0,"key":"SMITH"},{"floor":15.0,"key":"REST"},{"data":"Envenom","floor":23.0,"key":"SMITH"},{"floor":25.0,"key":"REST"},{"data":"Good Instincts","floor":30,"key":"SMITH"},{"data":"Survivor","floor":32,"key":"SMITH"},{"data":"Phantasmal Killer","floor":40,"key":"SMITH"},{"floor":44,"key":"REST"},{"floor":46,"key":"REST"},{"floor":49,"key":"REST"}],"circlet_count":0,"master_deck":["Strike_G","Strike_G","Defend_G","Defend_G","Defend_G","Defend_G","Survivor+1","Neutralize+1","Caltrops+1","Backflip","Setup+1","Infinite Blades+1","Caltrops+1","Infinite Blades","Envenom+1","Blur","Slice","Slice+1","Backstab+1","Good Instincts+1","Infinite Blades","Acrobatics","Phantasmal Killer+1","Infinite Blades+1","Escape Plan+1","Blur","Accuracy+1","Escape Plan","Corpse Explosion"],"relics":["Ring of the Snake","Ornamental Fan","WristBlade","StoneCalendar","Centennial Puzzle","Gremlin Horn","Philosopher\u0027s Stone","Gambling Chip","Oddly Smooth Stone","Lantern","Snake Skull"],"acts_visited":["Exordium","TheCity","TheBeyond"],"potions_floor_usage":[28,45,48],"damage_taken":[{"damage":0.0,"enemies":"Cultist","floor":1.0,"turns":5.0},{"damage":0.0,"enemies":"2 Louse","floor":2.0,"turns":4.0},{"damage":0.0,"enemies":"Jaw Worm","floor":3.0,"turns":5.0},{"damage":11.0,"enemies":"Lots of Slimes","floor":5.0,"turns":5.0},{"damage":12.0,"enemies":"3 Louse","floor":13.0,"turns":3.0},{"damage":11.0,"enemies":"Exordium Thugs","floor":14.0,"turns":5.0},{"damage":12.0,"enemies":"Hexaghost","floor":16.0,"turns":9.0},{"damage":10.0,"enemies":"Spheric Guardian","floor":18.0,"turns":4.0},{"damage":8.0,"enemies":"Shell Parasite","floor":19.0,"turns":5.0},{"damage":5.0,"enemies":"Snecko","floor":20.0,"turns":4.0},{"damage":10.0,"enemies":"Cultist and Chosen","floor":24.0,"turns":6.0},{"damage":13,"enemies":"Centurion and Healer","floor":28,"turns":4},{"damage":5,"enemies":"Automaton","floor":33,"turns":8},{"damage":7,"enemies":"Orb Walker","floor":35,"turns":3},{"damage":5,"enemies":"3 Darklings","floor":36,"turns":4},{"damage":0,"enemies":"Maw","floor":39,"turns":6},{"damage":26,"enemies":"Spire Growth","floor":41,"turns":5},{"damage":15,"enemies":"Writhing Mass","floor":42,"turns":5},{"damage":5,"enemies":"Sphere and 2 Shapes","floor":45,"turns":4},{"damage":5,"enemies":"Nemesis","floor":48,"turns":5},{"damage":71,"enemies":"Awakened One","floor":50,"turns":8}],"seed_played":"-1908305516585934955","potions_obtained":[{"floor":5.0,"key":"SpeedPotion"},{"floor":13.0,"key":"Regen Potion"},{"floor":14.0,"key":"FearPotion"},{"floor":16.0,"key":"Poison Potion"},{"floor":18.0,"key":"Energy Potion"},{"floor":20.0,"key":"ColorlessPotion"},{"floor":36,"key":"EntropicBrew"},{"floor":42,"key":"SteroidPotion"},{"floor":45,"key":"SkillPotion"}],"is_trial":false,"path_per_floor":["M","M","M","$","M","R","$","R","T","R","?","R","M","M","R","B",null,"M","M","M","?","T","R","M","R","T","$","M","?","R","?","R","B",null,"M","M","?","?","M","R","M","M","T","R","M","R","$","E","R","B"],"character_chosen":"THE_SILENT","items_purchased":["Infinite Blades","Infinite Blades","Good Instincts","Lantern"],"campfire_rested":5,"item_purchase_floors":[4,7,27,47],"current_hp_per_floor":[70,70,70,70,59,59,59,59,59,59,59,59,47,36,57,45,70,60,52,47,47,47,47,52,70,70,70,57,57,57,57,57,52,70,63,58,58,58,58,58,32,17,17,38,33,54,54,49,70,0,0],"gold":40,"neow_bonus":"UPGRADE_CARD","is_daily":false,"chose_seed":false,"campfire_upgraded":8,"win_rate":0.0,"timestamp":1612077199,"path_taken":["M","M","M","?","M","R","$","R","T","R","?","R","?","M","R","BOSS","M","M","M","?","?","R","M","R","T","$","?","?","R","?","R","BOSS","M","M","?","?","?","R","M","M","T","R","M","R","$","E","R","BOSS"],"items_purchased_type":["Card","Card","Card","Relic"],"build_version":"2020-12-22","purchased_purges":2,"victory":false,"max_hp_per_floor":[70,70,70,70,70,70,70,70,70,70,70,70,70,70,70,70,70,70,70,70,70,70,70,70,70,70,70,70,70,70,70,70,70,70,70,70,70,70,70,70,70,70,70,70,70,70,70,70,70,70,70],"card_choices":[{"not_picked":["Dodge and Roll","Poisoned Stab"],"picked":"Caltrops","floor":1.0},{"not_picked":["Tactician","Outmaneuver"],"picked":"Backflip","floor":2.0},{"not_picked":["Dagger Throw","Masterful Stab"],"picked":"Setup","floor":3.0},{"not_picked":["Catalyst","Concentrate"],"picked":"Caltrops","floor":5.0},{"not_picked":["Sucker Punch","Backflip","Dagger Throw"],"picked":"SKIP","floor":13.0},{"not_picked":["Riddle With Holes","Flying Knee","PiercingWail"],"picked":"SKIP","floor":14.0},{"not_picked":["Night Terror","Glass Knife"],"picked":"Envenom","floor":16.0},{"not_picked":["Outmaneuver","Crippling Poison"],"picked":"Blur","floor":18.0},{"not_picked":["Acrobatics+1","Skewer"],"picked":"Slice","floor":19.0},{"not_picked":["Calculated Gamble","Outmaneuver"],"picked":"Slice+1","floor":20.0},{"not_picked":["Slice","Tactician"],"picked":"Backstab+1","floor":24.0},{"not_picked":["Blade Dance","Acrobatics"],"picked":"Infinite Blades","floor":28},{"not_picked":["Grand Finale","Night Terror"],"picked":"Phantasmal Killer","floor":33},{"not_picked":["Predator+1","Flying Knee"],"picked":"Infinite Blades+1","floor":35},{"not_picked":["Quick Slash+1","Acrobatics","Heel Hook"],"picked":"SKIP","floor":36},{"not_picked":["Deflect+1","Backflip"],"picked":"Escape Plan+1","floor":39},{"not_picked":["Blade Dance+1","Deadly Poison"],"picked":"Blur","floor":41},{"not_picked":["Masterful Stab+1","Eviscerate+1"],"picked":"Accuracy+1","floor":42},{"not_picked":["Blade Dance+1","Tactician"],"picked":"Escape Plan","floor":45},{"not_picked":["Flying Knee+1","Dodge and Roll+1"],"picked":"Corpse Explosion","floor":48}],"player_experience":528724,"relics_obtained":[{"floor":9.0,"key":"Ornamental Fan"},{"floor":22.0,"key":"Centennial Puzzle"},{"floor":26.0,"key":"Gremlin Horn"},{"floor":43,"key":"Oddly Smooth Stone"},{"floor":48,"key":"Snake Skull"}],"event_choices":[{"cards_removed":["Strike_G"],"damage_healed":0.0,"max_hp_gain":0.0,"max_hp_loss":0.0,"gold_gain":0.0,"event_name":"betterNote:BetterNote","player_choice":"Give","floor":11.0,"gold_loss":0.0,"damage_taken":0.0,"cards_obtained":["Recycle"]},{"damage_healed":0.0,"max_hp_gain":0.0,"max_hp_loss":0.0,"gold_gain":0.0,"event_name":"Addict","player_choice":"Stole Relic","floor":21.0,"gold_loss":0.0,"damage_taken":0.0,"relics_obtained":["StoneCalendar"],"cards_obtained":["Shame"]},{"cards_removed":["Strike_G"],"damage_healed":0,"gold_gain":0,"player_choice":"Elegance","damage_taken":0,"max_hp_gain":0,"max_hp_loss":0,"event_name":"Back to Basics","floor":29,"gold_loss":0},{"damage_healed":0,"gold_gain":0,"cards_transformed":["Strike_G"],"player_choice":"Transformed","damage_taken":0,"max_hp_gain":0,"max_hp_loss":0,"event_name":"Transmorgrifier","floor":31,"gold_loss":0,"cards_obtained":["Acrobatics"]},{"cards_removed":["Defend_G"],"damage_healed":0,"gold_gain":0,"player_choice":"Removed Skill","damage_taken":0,"max_hp_gain":0,"max_hp_loss":0,"event_name":"Falling","floor":37,"gold_loss":0},{"damage_healed":0,"gold_gain":0,"player_choice":"Gave Potion","damage_taken":0,"relics_obtained":["Gambling Chip"],"max_hp_gain":0,"max_hp_loss":0,"event_name":"WeMeetAgain","floor":38,"gold_loss":0}],"is_beta":false,"boss_relics":[{"not_picked":["Coffee Dripper","Ring of the Serpent"],"picked":"WristBlade"},{"not_picked":["Velvet Choker","Tiny House"],"picked":"Philosopher\u0027s Stone"}],"items_purged_floors":[27,47],"is_endless":false,"potions_floor_spawned":[5,13,14,16,18,20,36,42,45],"killed_by":"Awakened One","ascension_level":0}}