{"host":"ssahdsoo349p0ms1","time":1612059947,"event":{"mods":["AchievementEnabler","BaseMod","Colored Powertips","Filter the Spire","Minty Spire (QoL Compilation)","StSLib"],"gold_per_floor":[114,134,144,160,170,198,198,373,373,51,83,140,169,181,181,276,276,286,201,201,218,138,163,163,178,178,212,212,239,164,178,178,282,282,295,295,295,4,22,22,49,61,61,61,73,73,107,127,127,127,127],"floor_reached":50,"language":"ENG","playtime":2405,"items_purged":["Doubt","Strike_B","Strike_B"],"score":970,"play_id":"f3b049f8-46a4-4da6-bffe-d1329ee6d544","local_time":"20210130202547","is_ascension_mode":true,"campfire_choices":[{"floor":7.0,"key":"REST"},{"floor":15.0,"key":"REST"},{"data":"Electrodynamics","floor":24.0,"key":"SMITH"},{"data":"Go for the Eyes","floor":28.0,"key":"SMITH"},{"data":"Genetic Algorithm","floor":32.0,"key":"SMITH"},{"data":"Hologram","floor":40.0,"key":"SMITH"},{"data":"Sunder","floor":46.0,"key":"SMITH"},{"floor":49,"key":"RECALL"}],"circlet_count":0,"master_deck":["AscendersBane","Strike_B+1","Defend_B","Defend_B+1","Defend_B+1","Defend_B","Zap","Dualcast","Go for the Eyes+1","Doom and Gloom","FTL","Ball Lightning","Coolheaded","Reinforced Body","Barrage+1","Undo","Self Repair","Electrodynamics+1","Genetic Algorithm+1","Barrage","Amplify","Static Discharge+1","Chrysalis","Capacitor","Apotheosis","Hologram+1","Sunder+1","Barrage+1","Meteor Strike","Hologram+1"],"relics":["SlaversCollar","Akabeko","Potion Belt","Mercury Hourglass","Lantern","Singing Bowl","The Courier","Snecko Eye","War Paint","PreservedInsect","Meat on the Bone","Happy Flower","Mummified Hand","Thread and Needle","Black Star","Nunchaku","Boot","Toxic Egg 2","Whetstone"],"acts_visited":["Exordium","TheCity","TheBeyond"],"potions_floor_usage":[48,48],"damage_taken":[{"damage":11.0,"enemies":"Cultist","floor":1.0,"turns":4.0},{"damage":16.0,"enemies":"Small Slimes","floor":2.0,"turns":5.0},{"damage":0.0,"enemies":"Jaw Worm","floor":3.0,"turns":3.0},{"damage":0.0,"enemies":"2 Fungi Beasts","floor":4.0,"turns":2.0},{"damage":7.0,"enemies":"3 Louse","floor":5.0,"turns":2.0},{"damage":22.0,"enemies":"Gremlin Nob","floor":6.0,"turns":5.0},{"damage":0.0,"enemies":"Lagavulin","floor":11.0,"turns":7.0},{"damage":11.0,"enemies":"3 Sentries","floor":12.0,"turns":3.0},{"damage":8.0,"enemies":"Gremlin Nob","floor":13.0,"turns":4.0},{"damage":3.0,"enemies":"Large Slime","floor":14.0,"turns":6.0},{"damage":10.0,"enemies":"Hexaghost","floor":16.0,"turns":9.0},{"damage":6.0,"enemies":"Chosen","floor":18.0,"turns":5.0},{"damage":11.0,"enemies":"2 Thieves","floor":21.0,"turns":3.0},{"damage":0.0,"enemies":"Gremlin Leader","floor":23.0,"turns":4.0},{"damage":10.0,"enemies":"Shelled Parasite and Fungi","floor":25.0,"turns":6.0},{"damage":5.0,"enemies":"Book of Stabbing","floor":27.0,"turns":3.0},{"damage":10.0,"enemies":"Slavers","floor":29.0,"turns":3.0},{"damage":2.0,"enemies":"Snake Plant","floor":31.0,"turns":2.0},{"damage":68.0,"enemies":"Collector","floor":33.0,"turns":15.0},{"damage":3.0,"enemies":"3 Darklings","floor":35.0,"turns":2.0},{"damage":4.0,"enemies":"3 Shapes","floor":39.0,"turns":6.0},{"damage":41.0,"enemies":"Reptomancer","floor":41.0,"turns":4.0},{"damage":42.0,"enemies":"Writhing Mass","floor":42.0,"turns":5.0},{"damage":6.0,"enemies":"Sphere and 2 Shapes","floor":45.0,"turns":4.0},{"damage":4.0,"enemies":"Nemesis","floor":47.0,"turns":4.0},{"damage":12,"enemies":"Jaw Worm Horde","floor":48,"turns":4},{"damage":58,"enemies":"Donu and Deca","floor":50,"turns":5}],"seed_played":"-829152002959194008","potions_obtained":[{"floor":5.0,"key":"BlessingOfTheForge"},{"floor":6.0,"key":"FearPotion"},{"floor":11.0,"key":"Block Potion"},{"floor":14.0,"key":"ColorlessPotion"},{"floor":23.0,"key":"Fire Potion"},{"floor":25.0,"key":"Swift Potion"},{"floor":29.0,"key":"Fruit Juice"},{"floor":39.0,"key":"PowerPotion"},{"floor":42.0,"key":"Strength Potion"},{"floor":45.0,"key":"EssenceOfSteel"}],"is_trial":false,"path_per_floor":["M","M","M","M","M","E","R","?","T","$","E","?","E","M","R","B",null,"M","?","?","M","$","E","R","M","T","E","R","E","?","M","R","B",null,"M","?","?","$","M","R","E","M","T","$","M","R","E","M","R","B"],"character_chosen":"DEFECT","items_purchased":["Mercury Hourglass","Capacitor","Apotheosis"],"campfire_rested":2,"item_purchase_floors":[10,38,38],"current_hp_per_floor":[57,41,41,41,34,12,34,34,34,34,34,23,15,21,44,41,68,71,71,71,60,60,69,69,68,68,72,72,69,69,67,67,23,73,70,70,64,64,74,74,55,41,41,41,47,47,62,57,57,0,0],"gold":127,"neow_bonus":"BOSS_RELIC","is_daily":false,"chose_seed":false,"campfire_upgraded":5,"win_rate":0.0,"timestamp":1612059947,"path_taken":["M","M","M","?","M","E","R","?","T","$","E","?","E","M","R","BOSS","M","?","?","M","$","E","R","M","T","E","R","E","?","M","R","BOSS","M","?","?","$","M","R","E","M","T","$","M","R","E","M","R","BOSS"],"items_purchased_type":["Relic","Card","Card"],"build_version":"2020-12-22","purchased_purges":3,"victory":false,"max_hp_per_floor":[75,75,75,75,75,75,75,75,75,75,75,75,75,77,77,77,77,79,79,79,79,79,81,81,83,83,85,85,85,85,85,85,90,90,90,90,94,94,94,94,94,96,96,96,96,96,96,96,96,96,96],"card_choices":[{"not_picked":["Barrage","Beam Cell"],"picked":"Go for the Eyes","floor":1.0},{"not_picked":["Steam","Redo"],"picked":"Doom and Gloom","floor":2.0},{"not_picked":["Static Discharge","Skim"],"picked":"FTL","floor":3.0},{"not_picked":["Heatsinks","Barrage"],"picked":"Ball Lightning","floor":4.0},{"not_picked":["White Noise","Storm"],"picked":"Coolheaded","floor":5.0},{"not_picked":["Gash","Hologram"],"picked":"Reinforced Body","floor":6.0},{"not_picked":["Rebound","BootSequence"],"picked":"Barrage","floor":11.0},{"not_picked":["Redo","Conserve Battery"],"picked":"Undo","floor":12.0},{"not_picked":["White Noise","Fusion"],"picked":"Self Repair","floor":13.0},{"not_picked":["Streamline","Auto Shields","All For One"],"picked":"Singing Bowl","floor":14.0},{"not_picked":["Multi-Cast","Hyperbeam"],"picked":"Electrodynamics","floor":16.0},{"not_picked":["Static Discharge","Hologram","Leap"],"picked":"Singing Bowl","floor":18.0},{"not_picked":["Hello World","Aggregate"],"picked":"Cold Snap+1","floor":21.0},{"not_picked":["Storm","Auto Shields","Chaos"],"picked":"Singing Bowl","floor":23.0},{"not_picked":["Blizzard+1","Sweeping Beam","Beam Cell+1"],"picked":"Singing Bowl","floor":25.0},{"not_picked":["Redo","Sweeping Beam","Rebound"],"picked":"Singing Bowl","floor":27.0},{"not_picked":["Steam","Compile Driver"],"picked":"Genetic Algorithm","floor":29.0},{"not_picked":["Hello World+1","Go for the Eyes"],"picked":"Barrage","floor":31.0},{"not_picked":["Seek","Reboot"],"picked":"Amplify","floor":33.0},{"not_picked":["Ball Lightning","Turbo+1"],"picked":"Static Discharge+1","floor":35.0},{"not_picked":["Purity","Enlightenment","Panacea"],"picked":"Singing Bowl","floor":37.0},{"not_picked":["Deep Breath","Dark Shackles"],"picked":"Chrysalis","floor":37.0},{"not_picked":["Finesse","Purity","Deep Breath"],"picked":"Singing Bowl","floor":37.0},{"not_picked":["Streamline","Go for the Eyes+1"],"picked":"Hologram","floor":39.0},{"not_picked":["White Noise","Hyperbeam"],"picked":"Sunder","floor":41.0},{"not_picked":["Sweeping Beam","FTL+1","Go for the Eyes"],"picked":"Singing Bowl","floor":42.0},{"not_picked":["Conserve Battery+1","Stack+1"],"picked":"Barrage+1","floor":45.0},{"not_picked":["Static Discharge","Coolheaded+1"],"picked":"Meteor Strike","floor":47.0},{"not_picked":["Go for the Eyes+1","Barrage"],"picked":"Hologram+1","floor":48}],"player_experience":605476,"relics_obtained":[{"floor":6.0,"key":"Akabeko"},{"floor":9.0,"key":"Potion Belt"},{"floor":11.0,"key":"Lantern"},{"floor":13.0,"key":"The Courier"},{"floor":23.0,"key":"Meat on the Bone"},{"floor":26.0,"key":"Happy Flower"},{"floor":27.0,"key":"Mummified Hand"},{"floor":29.0,"key":"Thread and Needle"},{"floor":41.0,"key":"Nunchaku"},{"floor":41.0,"key":"Boot"},{"floor":47.0,"key":"Toxic Egg 2"},{"floor":47.0,"key":"Whetstone"}],"event_choices":[{"damage_healed":0.0,"max_hp_gain":0.0,"max_hp_loss":0.0,"gold_gain":175.0,"event_name":"Liars Game","player_choice":"AGREE","floor":8.0,"gold_loss":0.0,"damage_taken":0.0,"cards_obtained":["Doubt"]},{"damage_healed":0.0,"max_hp_gain":0.0,"max_hp_loss":0.0,"gold_gain":0.0,"event_name":"Dead Adventurer","player_choice":"Searched \u00272\u0027 times","floor":12.0,"gold_loss":0.0,"damage_taken":0.0,"relics_obtained":["Singing Bowl"]},{"damage_healed":0.0,"max_hp_gain":0.0,"max_hp_loss":0.0,"gold_gain":0.0,"event_name":"Addict","player_choice":"Obtained Relic","floor":19.0,"gold_loss":85.0,"damage_taken":0.0,"relics_obtained":["War Paint"]},{"damage_healed":0.0,"max_hp_gain":0.0,"max_hp_loss":0.0,"gold_gain":0.0,"event_name":"The Mausoleum","player_choice":"Opened","floor":20.0,"gold_loss":0.0,"damage_taken":0.0,"relics_obtained":["PreservedInsect"]},{"cards_removed":["Strike_B"],"damage_healed":0.0,"max_hp_gain":0.0,"max_hp_loss":0.0,"gold_gain":0.0,"event_name":"Beggar","player_choice":"Gave Gold","floor":30.0,"gold_loss":75.0,"damage_taken":0.0},{"cards_removed":["Cold Snap"],"damage_healed":0.0,"max_hp_gain":0.0,"max_hp_loss":0.0,"gold_gain":0.0,"event_name":"Falling","player_choice":"Removed Attack","floor":36.0,"gold_loss":0.0,"damage_taken":0.0},{"damage_healed":0.0,"max_hp_gain":0.0,"max_hp_loss":0.0,"gold_gain":0.0,"event_name":"SensoryStone","player_choice":"Memory 3","floor":37.0,"gold_loss":0.0,"damage_taken":10.0}],"is_beta":false,"boss_relics":[{"not_picked":["Nuclear Battery","Tiny House"],"picked":"Snecko Eye"},{"not_picked":["Empty Cage","Runic Dome"],"picked":"Black Star"}],"items_purged_floors":[10,22,38],"is_endless":false,"potions_floor_spawned":[5,6,11,14,23,25,29,39,42,45],"killed_by":"Donu and Deca","ascension_level":10}}