{"host":"nbyw9l72shd4wdzc","time":1612082582,"event":{"mods":["AchievementEnabler","Act Like it!","BaseMod","Better Note","BetterRewards","Dio Mod","Downfall","Gold Saver","Hermit","Minty Spire (QoL Compilation)","Rare Cards Sparkle","Robot Space Explorer","StSLib","The Alterego","The Cursed","TheHero"],"gold_per_floor":[251,261,50,50,50,69,116,16,16,31,62,76,22,40,57,162,162,162,1,1,1,14,14,40,52,64,83,83,95,95,123,135,235,235,235,285,312,332,171,183,237,253,280,72,72,105,5,5,19,19],"floor_reached":51,"language":"ENG","playtime":5571,"items_purged":[],"score":752,"play_id":"404dceab-adac-40a9-90b2-9b1ad38f1ead","local_time":"20210131004302","is_ascension_mode":false,"campfire_choices":[{"floor":1.0,"key":"RECALL"},{"data":"expansioncontent:StudyTheSpire","floor":8.0,"key":"SMITH"},{"data":"Guardian:ConstructionForm","floor":18.0,"key":"SMITH"},{"data":"Guardian:PrismaticBeam","floor":23.0,"key":"SMITH"},{"data":"Guardian:Emergency","floor":28.0,"key":"SMITH"},{"floor":30.0,"key":"REST"},{"data":"Guardian:RevengeProtocol","floor":35.0,"key":"SMITH"},{"floor":47,"key":"REST"}],"circlet_count":0,"master_deck":["Guardian:CurlUp","Guardian:TwinSlam","Guardian:PrimingBeam","Guardian:PrismaticBeam+1","expansioncontent:StudyTheSpire+1","Guardian:SpikerProtocol","Guardian:ConstructionForm+1","Guardian:ArmoredProtocol","Guardian:RefractedBeam","Guardian:Repulse","Guardian:ArmoredProtocol","Guardian:Planning","Guardian:TemporalStrike","Guardian:PrismaticBarrier","Guardian:Recover","Guardian:ExploitGems","Guardian:Emergency+1","Guardian:RevengeProtocol+1","Guardian:BronzeOrb+1","Guardian:EvasiveProtocol+1","Guardian:BronzeOrb","Sadistic Nature","Guardian:AncientConstruct"],"relics":["Guardian:ModeShifter","Singing Bowl","Blood Vial","downfall:HeartBlessingRed","Boot","Pandora\u0027s Box","Bronze Scales","Ancient Tea Set","Busted Crown","Torii","Guardian:PickAxe","Orichalcum","Smiling Mask","Centennial Puzzle","downfall:HeartBlessingBlue"],"acts_visited":["Exordium","TheCity","TheBeyond"],"potions_floor_usage":[44],"damage_taken":[{"damage":5.0,"enemies":"2 Louse","floor":2.0,"turns":3.0},{"damage":0.0,"enemies":"downfall:FleeingMerchant","floor":3.0,"turns":4.0},{"damage":10.0,"enemies":"Small Slimes","floor":6.0,"turns":5.0},{"damage":0.0,"enemies":"Cultist","floor":10.0,"turns":5.0},{"damage":18.0,"enemies":"3 Sentries","floor":11.0,"turns":11.0},{"damage":0.0,"enemies":"Red Slaver","floor":12.0,"turns":5.0},{"damage":0.0,"enemies":"downfall:FleeingMerchant","floor":13.0,"turns":4.0},{"damage":7.0,"enemies":"Blue Slaver","floor":14.0,"turns":3.0},{"damage":21.0,"enemies":"Exordium Wildlife","floor":15.0,"turns":6.0},{"damage":23.0,"enemies":"SI_SHIV_ARCHETYPE","floor":16.0,"turns":8.0},{"damage":12.0,"enemies":"downfall:FleeingMerchant","floor":19.0,"turns":4.0},{"damage":7.0,"enemies":"Shell Parasite","floor":22.0,"turns":5.0},{"damage":0.0,"enemies":"Chosen","floor":25.0,"turns":4.0},{"damage":13.0,"enemies":"3 Cultists","floor":26.0,"turns":5.0},{"damage":7.0,"enemies":"Cultist and Chosen","floor":27.0,"turns":5.0},{"damage":18.0,"enemies":"Snake Plant","floor":29.0,"turns":4.0},{"damage":14.0,"enemies":"Slavers","floor":31.0,"turns":5.0},{"damage":0.0,"enemies":"Snecko","floor":32.0,"turns":4.0},{"damage":69.0,"enemies":"IC_MUSHROOM_ARCHETYPE","floor":33.0,"turns":9.0},{"damage":0.0,"enemies":"IC_MUSHROOM_ARCHETYPE","floor":36.0,"turns":6.0},{"damage":15.0,"enemies":"3 Shapes","floor":38.0,"turns":5.0},{"damage":0.0,"enemies":"downfall:FleeingMerchant","floor":39.0,"turns":4.0},{"damage":12.0,"enemies":"Orb Walker","floor":40.0,"turns":4.0},{"damage":0.0,"enemies":"4 Shapes","floor":42.0,"turns":4.0},{"damage":23,"enemies":"Reptomancer","floor":43,"turns":8},{"damage":0,"enemies":"downfall:FleeingMerchant","floor":44,"turns":4},{"damage":0,"enemies":"Giant Head","floor":46,"turns":7},{"damage":0,"enemies":"Maw","floor":49,"turns":7},{"damage":88,"enemies":"DF_ARCHETYPE_ORBS","floor":50,"turns":14}],"seed_played":"3316837290119343245","potions_obtained":[{"floor":2.0,"key":"bronze:BurnAndBuffPotion"},{"floor":12.0,"key":"SkillPotion"},{"floor":14.0,"key":"bronze:BurnAndBuffPotion"},{"floor":15.0,"key":"Guardian:DefensiveModePotion"},{"floor":22.0,"key":"FearPotion"},{"floor":27.0,"key":"ColorlessPotion"},{"floor":33.0,"key":"Guardian:DefensiveModePotion"},{"floor":36.0,"key":"sneckomod:MuddlingPotion"},{"floor":38.0,"key":"Fire Potion"},{"floor":43,"key":"hexamod:SoulburnPotion"},{"floor":46,"key":"Regen Potion"}],"is_trial":false,"path_per_floor":["R","M","$","?","?","M","T","R","?","M","E","M","$","M","M","B",null,"R","$","?","?","M","R","T","M","M","M","R","M","R","E","M","B",null,"R","?","?","M","$","M","T","M","E","$","R","E","R","?","M","B",null],"character_chosen":"GUARDIAN","items_purchased":["expansioncontent:StudyTheSpire","Guardian:RefractedBeam","Guardian:ExploitGems","Guardian:PickAxe","Sadistic Nature"],"campfire_rested":2,"item_purchase_floors":[3,13,19,39,44],"current_hp_per_floor":[88,83,83,83,65,55,55,55,55,59,43,45,49,44,27,6,94,94,82,82,82,79,79,79,83,72,67,67,53,83,73,75,8,102,102,104,104,89,91,83,83,85,64,66,66,68,112,112,116,30],"gold":19,"neow_bonus":"TEN_PERCENT_HP_BONUS","is_daily":false,"chose_seed":false,"campfire_upgraded":5,"win_rate":0.0,"timestamp":1612082582,"path_taken":["R","M","$","?","?","M","T","R","?","?","E","M","?","M","M","BOSS","R","$","?","?","M","R","T","M","M","M","R","?","R","E","M","BOSS","R","?","?","M","$","M","T","M","E","$","R","E","R","?","M","BOSS"],"items_purchased_type":["Card","Card","Card","Relic","Card"],"build_version":"2020-12-22","purchased_purges":0,"victory":true,"max_hp_per_floor":[88,88,88,88,88,88,88,88,88,90,90,90,92,92,94,94,94,94,94,94,94,96,96,96,98,98,98,98,100,100,102,102,102,102,102,104,104,104,104,106,106,106,106,106,106,106,116,116,118,118],"card_choices":[{"not_picked":["Guardian:Clone","Guardian:Suspension"],"picked":"Guardian:PrimingBeam","floor":2.0},{"not_picked":["Guardian:VentSteam","Guardian:TemporalShield"],"picked":"Guardian:PrismaticBeam","floor":3.0},{"not_picked":["Guardian:GuardianWhirl","Guardian:RollAttack"],"picked":"Guardian:SpikerProtocol","floor":6.0},{"not_picked":["Guardian:Incinerate","Guardian:WalkerClaw","Guardian:Emergency"],"picked":"Singing Bowl","floor":10.0},{"not_picked":["Guardian:StasisStrike","Guardian:Reroute"],"picked":"Guardian:ArmoredProtocol","floor":11.0},{"not_picked":["Guardian:Gem_Green","Guardian:TimeCapacitor"],"picked":"Guardian:Gem_Red","floor":12.0},{"not_picked":["Guardian:TimeSifter","Guardian:Incinerate","Guardian:PrimingBeam"],"picked":"Singing Bowl","floor":13.0},{"not_picked":["Guardian:ChargeCore","Guardian:SentryBeam"],"picked":"Guardian:Repulse","floor":14.0},{"not_picked":["Guardian:ShieldSpikes","Guardian:Emergency","Guardian:Recover"],"picked":"Singing Bowl","floor":15.0},{"not_picked":["Guardian:BaubleBeam","Guardian:StasisField"],"picked":"Guardian:Gem_Synthetic","floor":16.0},{"not_picked":["Guardian:DecasProtection","Guardian:GuardianWhirl+1"],"picked":"Guardian:Gem_Lightblue","floor":19.0},{"not_picked":["Guardian:Emergency","Guardian:Gem_Cyan","Guardian:Reroute"],"picked":"Singing Bowl","floor":22.0},{"not_picked":["Guardian:TemporalStrike","Guardian:DonusPower","Guardian:SpikerProtocol+1"],"picked":"Singing Bowl","floor":25.0},{"not_picked":["Guardian:Incinerate","Guardian:VentSteam"],"picked":"Guardian:Emergency","floor":26.0},{"not_picked":["Guardian:BronzeArmor","Guardian:Incinerate"],"picked":"Guardian:Gem_Green","floor":27.0},{"not_picked":["Guardian:GuardianWhirl+1","Guardian:TemporalShield","Guardian:Gem_Red"],"picked":"Singing Bowl","floor":29.0},{"not_picked":["Guardian:DecasProtection+1","Guardian:TemporalShield","Guardian:MultiBeam"],"picked":"Singing Bowl","floor":31.0},{"not_picked":["Guardian:Repulse","Guardian:TemporalStrike+1"],"picked":"Guardian:Gem_Green","floor":32.0},{"not_picked":["Guardian:AncientConstruct","Guardian:StasisField"],"picked":"Guardian:RevengeProtocol","floor":33.0},{"not_picked":["Guardian:TemporalStrike"],"picked":"Singing Bowl","floor":36.0},{"not_picked":[],"picked":"Guardian:Gem_Cyan","floor":38.0},{"not_picked":[],"picked":"Guardian:BronzeOrb+1","floor":39.0},{"not_picked":["Guardian:Reroute"],"picked":"Singing Bowl","floor":40.0},{"not_picked":[],"picked":"Guardian:Gem_Lightblue","floor":42.0},{"not_picked":[],"picked":"Guardian:EvasiveProtocol+1","floor":43},{"not_picked":[],"picked":"Guardian:BronzeOrb","floor":44},{"not_picked":[],"picked":"Guardian:AncientConstruct","floor":46},{"not_picked":["Guardian:TemporalShield+1"],"picked":"Singing Bowl","floor":49}],"player_experience":332584,"relics_obtained":[{"floor":7.0,"key":"Blood Vial"},{"floor":11.0,"key":"Boot"},{"floor":24.0,"key":"Bronze Scales"},{"floor":31.0,"key":"Ancient Tea Set"},{"floor":36.0,"key":"Torii"},{"floor":41.0,"key":"Orichalcum"},{"floor":43,"key":"Smiling Mask"},{"floor":46,"key":"Centennial Puzzle"}],"event_choices":[{"cards_removed":["Guardian:Strike_Guardian"],"damage_healed":0.0,"max_hp_gain":0.0,"max_hp_loss":0.0,"gold_gain":0.0,"event_name":"The Cleric","player_choice":"Card Removal","floor":4.0,"gold_loss":0.0,"damage_taken":0.0},{"damage_healed":0.0,"max_hp_gain":0.0,"max_hp_loss":0.0,"gold_gain":0.0,"event_name":"Scrap Ooze","player_choice":"Success","floor":5.0,"gold_loss":0.0,"damage_taken":18.0,"relics_obtained":["Singing Bowl"]},{"damage_healed":0.0,"max_hp_gain":0.0,"max_hp_loss":0.0,"gold_gain":0.0,"event_name":"betterNote:BetterNote","player_choice":"Ignored","floor":20.0,"gold_loss":0.0,"damage_taken":0.0,"cards_obtained":["hermit:Determination"]}],"is_beta":false,"boss_relics":[{"not_picked":["Runic Pyramid","SacredBark"],"picked":"Pandora\u0027s Box"},{"not_picked":["Philosopher\u0027s Stone","Sozu"],"picked":"Busted Crown"}],"items_purged_floors":[],"is_endless":false,"potions_floor_spawned":[2,12,14,15,22,27,33,36,38,43,46],"ascension_level":0}}