{"host":"nsc6ozq3atyrdr3m","time":1612094113,"event":{"mods":["BaseMod","Colored Map","Minty Spire (QoL Compilation)"],"gold_per_floor":[117,89,164,139,139,170,170,205,228,228,248,248,265,265,265,336,336,346,100,100,100],"floor_reached":20,"language":"FRA","playtime":402,"items_purged":[],"score":356,"play_id":"e0124c94-f064-4976-bf59-96dd0a1f2096","local_time":"20210131125513","is_ascension_mode":true,"campfire_choices":[{"floor":7,"key":"REST"},{"floor":10,"key":"REST"},{"floor":15,"key":"REST"}],"circlet_count":0,"master_deck":["AscendersBane","Strike_R","Strike_R","Strike_R","Strike_R","Strike_R","Defend_R","Defend_R","Defend_R","Defend_R","Bash","Uppercut","Flex","Flex","Battle Trance","Inflame","Demon Form","Spot Weakness","Carnage"],"relics":["Runic Dome","Darkstone Periapt","Strawberry","Potion Belt","Art of War","Eternal Feather","Cursed Key","Juzu Bracelet"],"acts_visited":["Exordium","TheCity"],"potions_floor_usage":[6,16,20],"damage_taken":[{"damage":1,"enemies":"Cultist","floor":1,"turns":3},{"damage":20,"enemies":"Lagavulin","floor":6,"turns":7},{"damage":30,"enemies":"3 Sentries","floor":8,"turns":8},{"damage":11,"enemies":"Small Slimes","floor":11,"turns":3},{"damage":14,"enemies":"2 Louse","floor":13,"turns":3},{"damage":42,"enemies":"Slime Boss","floor":16,"turns":9},{"damage":45,"enemies":"Chosen","floor":18,"turns":7},{"damage":19,"enemies":"Shell Parasite","floor":20,"turns":2}],"seed_played":"-8564762573152579985","potions_obtained":[{"floor":1,"key":"Weak Potion"},{"floor":6,"key":"SpeedPotion"},{"floor":11,"key":"Weak Potion"},{"floor":16,"key":"SpeedPotion"},{"floor":18,"key":"ColorlessPotion"}],"is_trial":false,"path_per_floor":["M","$","?","$","?","E","R","E","T","R","M","?","M","T","R","B",null,"M","$","M"],"character_chosen":"IRONCLAD","items_purchased":["Flex","Flex","Juzu Bracelet","Carnage"],"campfire_rested":3,"item_purchase_floors":[2,4,19,19],"current_hp_per_floor":[67,67,56,56,38,25,49,19,19,43,32,32,18,18,51,9,64,19,19,0,0],"gold":100,"neow_bonus":"BOSS_RELIC","is_daily":false,"chose_seed":false,"campfire_upgraded":0,"win_rate":0.0,"timestamp":1612094113,"path_taken":["M","$","?","$","?","E","R","E","T","R","M","?","M","?","R","BOSS","M","?","M"],"items_purchased_type":["Card","Card","Relic","Card"],"build_version":"2020-12-22","purchased_purges":0,"victory":false,"max_hp_per_floor":[75,75,75,75,75,82,82,82,82,82,82,82,82,82,82,82,82,82,82,82,82],"card_choices":[{"not_picked":["Rupture","True Grit"],"picked":"Uppercut","floor":1},{"not_picked":["Ghostly Armor","Warcry"],"picked":"Battle Trance","floor":6},{"not_picked":["Entrench","Power Through","Hemokinesis"],"picked":"SKIP","floor":8},{"not_picked":["Fire Breathing","Entrench"],"picked":"Inflame","floor":11},{"not_picked":["Seeing Red","True Grit","Metallicize"],"picked":"SKIP","floor":13},{"not_picked":["Double Tap","Juggernaut"],"picked":"Demon Form","floor":16},{"not_picked":["Clash","True Grit+1"],"picked":"Spot Weakness","floor":18}],"player_experience":365300,"relics_obtained":[{"floor":6,"key":"Strawberry"},{"floor":8,"key":"Potion Belt"},{"floor":9,"key":"Art of War"},{"floor":14,"key":"Eternal Feather"}],"event_choices":[{"damage_healed":0,"gold_gain":75,"player_choice":"Gather Gold","damage_taken":11,"max_hp_gain":0,"max_hp_loss":0,"event_name":"World of Goop","floor":3,"gold_loss":0},{"damage_healed":0,"gold_gain":0,"player_choice":"Success","damage_taken":18,"relics_obtained":["Darkstone Periapt"],"max_hp_gain":0,"max_hp_loss":0,"event_name":"Scrap Ooze","floor":5,"gold_loss":0},{"damage_healed":0,"gold_gain":0,"player_choice":"Ignored","damage_taken":0,"max_hp_gain":0,"max_hp_loss":0,"event_name":"Liars Game","floor":12,"gold_loss":0}],"is_beta":false,"boss_relics":[{"not_picked":["Busted Crown","Snecko Eye"],"picked":"Cursed Key"}],"items_purged_floors":[],"is_endless":false,"potions_floor_spawned":[1,6,11,16,18],"killed_by":"Shell Parasite","ascension_level":20}}