{"host":"491vyvchqhlfizue","time":1612084626,"event":{"mods":["AchievementEnabler","BaseMod","BetterRewards","Colored Map","Conspire","Downfall","Infinite Spire","Minty Spire (QoL Compilation)","Reliquary","Replay The Spire","Shop Mod","Spikes Relics","StSLib","The Forsaken","The Runesmith"],"gold_per_floor":[110,130,210,210,122,150,150,168,194,222,47,120,155,170,170,247,247,264,296,0,19,19,54,54,87,111,111,146,161,161,14,14,91,91,103,103,128,1,17,17,47,47,118,118,136,163,163,179,401,401],"floor_reached":51,"language":"ENG","playtime":3509,"items_purged":["theForsaken:TheForsaken_Strike","theForsaken:TheForsaken_Defend","theForsaken:TheForsaken_Defend","theForsaken:TheForsaken_Strike","theForsaken:TheForsaken_Strike","theForsaken:TheForsaken_Strike+1"],"score":2058,"play_id":"31136acd-7af5-4378-9b2e-4e9e64a9f92d","local_time":"20210131041706","is_ascension_mode":true,"campfire_choices":[{"data":"theForsaken:Penitence","floor":7.0,"key":"SMITH"},{"data":"theForsaken:NobleSacrifice","floor":15.0,"key":"SMITH"},{"data":"Panache","floor":24.0,"key":"SMITH"},{"data":"infinitespire:Collect","floor":32.0,"key":"SMITH"},{"data":"theForsaken:DivineGuidance","floor":40.0,"key":"SMITH"},{"data":"infinitespire:UltimateForm","floor":44.0,"key":"SMITH"},{"data":"theForsaken:SpreadingPlague","floor":47.0,"key":"SMITH"}],"circlet_count":0,"master_deck":["AscendersBane","theForsaken:Smite+1","theForsaken:Penitence+1","theForsaken:DefensiveStance+1","theForsaken:DarkBargain","theForsaken:QuickAttack","theForsaken:DefensiveStance+1","infinitespire:Gouge+1","theForsaken:FatRoll","theForsaken:NobleSacrifice+1","theForsaken:QuickAttack","Panache+1","theForsaken:SpreadingPlague+1","theForsaken:QuickAttack","theForsaken:DarkBargain","infinitespire:Collect+1","theForsaken:Bolster","theForsaken:DivineGuidance+1","theForsaken:FatRoll","theForsaken:AncientWords+1","infinitespire:UltimateForm+1"],"relics":["theForsaken:ScalesOfTruth","ClockworkSouvenir","Bag of Preparation","MerchantsRug","infinitespire:CheckeredPen","reliquary:Buckler","Whetstone","Regal Pillow","Bronze Scales","Bag of Marbles","reliquary:TuningFork","Red Mask","Membership Card","Shuriken","SuspiciousGoo","ReplayFunnel","reliquary:Boomerang","ReplayTheSpireMod:Shallot","SlaversCollar","CherryCoatedStake","Frozen Eye","Empty Cage","Replay:PocketPolymizer","Happy Flower","conspire:TopHat","infinitespire:Lychee Nut","infinitespire:WardingShard","Orichalcum"],"acts_visited":["Exordium","TheCity","TheBeyond"],"potions_floor_usage":[50,50],"damage_taken":[{"damage":0.0,"enemies":"Jaw Worm","floor":1.0,"turns":3.0},{"damage":0.0,"enemies":"2 Louse","floor":2.0,"turns":2.0},{"damage":0.0,"enemies":"3 Sentries","floor":6.0,"turns":6.0},{"damage":0.0,"enemies":"Cultist","floor":8.0,"turns":3.0},{"damage":0.0,"enemies":"Lagavulin","floor":10.0,"turns":6.0},{"damage":0.0,"enemies":"Gremlin Nob","floor":13.0,"turns":4.0},{"damage":0.0,"enemies":"Blue Slaver","floor":14.0,"turns":2.0},{"damage":0.0,"enemies":"Slime Boss","floor":16.0,"turns":5.0},{"damage":0.0,"enemies":"Spheric Guardian","floor":18.0,"turns":1.0},{"damage":0.0,"enemies":"Masked Bandits","floor":19.0,"turns":5.0},{"damage":0.0,"enemies":"Shell Parasite","floor":21.0,"turns":3.0},{"damage":0.0,"enemies":"Book of Stabbing","floor":23.0,"turns":4.0},{"damage":0.0,"enemies":"Nightmare","floor":25.0,"turns":4.0},{"damage":0.0,"enemies":"Book of Stabbing","floor":28.0,"turns":3.0},{"damage":0.0,"enemies":"Snecko","floor":29.0,"turns":4.0},{"damage":0.0,"enemies":"Champ","floor":33.0,"turns":4.0},{"damage":0.0,"enemies":"3 Shapes","floor":35.0,"turns":2.0},{"damage":0.0,"enemies":"Mind Bloom Boss Battle","floor":37.0,"turns":3.0},{"damage":0.0,"enemies":"Orb Walker","floor":39.0,"turns":2.0},{"damage":0.0,"enemies":"R_Hoarder","floor":41.0,"turns":8.0},{"damage":5.0,"enemies":"3 Darklings","floor":45.0,"turns":3.0},{"damage":0.0,"enemies":"Giant Head","floor":46.0,"turns":3.0},{"damage":0.0,"enemies":"4 Shapes","floor":48.0,"turns":3.0},{"damage":0,"enemies":"conspire:OrnateMirror","floor":50,"turns":2}],"seed_played":"2550952240639973308","potions_obtained":[{"floor":2.0,"key":"infinitespire:BlackPotion"},{"floor":6.0,"key":"Swift Potion"},{"floor":12.0,"key":"DuplicationPotion"},{"floor":13.0,"key":"SkillPotion"},{"floor":19.0,"key":"FearPotion"},{"floor":23.0,"key":"Explosive Potion"},{"floor":25.0,"key":"champ:CounterPotion"},{"floor":35.0,"key":"Guardian:BlockOnCardUsePotion"}],"is_trial":false,"path_per_floor":["M","M","?","?","$","E","R","M","T","E","$","?","E","M","R","B",null,"M","?","$","M","?","E","R","NM","T","?","E","M","AVR","$","R","B",null,"M","?","?","$","M","R","E","AVR","T","R","M","E","R","M","R_BF","B",null],"character_chosen":"THE_FORSAKEN","items_purchased":["theForsaken:DefensiveStance+1","ClockworkSouvenir","Bag of Preparation","theForsaken:DarkBargain","theForsaken:QuickAttack","MerchantsRug","infinitespire:CheckeredPen","sneckomod:MuddlingPotion","AttackPotion","reliquary:Buckler","Panache","Membership Card","Shuriken","theForsaken:Bolster","Frozen Eye","Happy Flower","theForsaken:FatRoll","SpeedPotion","SpeedPotion"],"campfire_rested":0,"item_purchase_floors":[0,0,0,0,0,0,0,0,0,5,11,20,20,31,31,38,38,38,38],"current_hp_per_floor":[57,57,57,42,42,45,45,45,45,53,53,38,44,44,44,49,58,58,58,58,58,58,58,58,61,61,61,61,61,61,61,61,61,61,61,61,63,63,65,65,66,49,49,49,47,55,55,57,57,57],"gold":401,"neow_bonus":"","is_daily":false,"chose_seed":false,"campfire_upgraded":7,"win_rate":0.0,"timestamp":1612084626,"path_taken":["M","M","?","?","?","E","R","M","T","E","$","?","E","M","R","BOSS","M","?","$","M","?","E","R","NM","T","?","E","M","AVR","?","R","BOSS","M","?","?","$","M","R","E","AVR","T","R","M","E","R","M","R_BF","BOSS"],"items_purchased_type":["Card","Relic","Relic","Card","Card","Relic","Relic","Potion","Potion","Relic","Card","Relic","Relic","Card","Relic","Relic","Card","Potion","Potion"],"build_version":"2020-12-22","purchased_purges":6,"victory":true,"max_hp_per_floor":[61,61,61,61,61,61,61,61,61,61,61,61,61,61,61,61,61,61,61,61,61,61,61,61,61,61,61,61,61,61,61,61,61,61,61,61,63,63,65,65,66,49,49,49,52,55,55,57,57,57],"card_choices":[{"not_picked":["theForsaken:NobleSacrifice","theForsaken:CreepingInfection"],"picked":"theForsaken:DefensiveStance","floor":1.0},{"not_picked":["theForsaken:PowerUp","theForsaken:Preservation","theForsaken:BlightOfFamine"],"picked":"SKIP","floor":2.0},{"not_picked":["ReplayTheSpireMod:Haul","infinitespire:TheBestDefense"],"picked":"infinitespire:Gouge","floor":4.0},{"not_picked":["theForsaken:Preservation","theForsaken:LightRoll"],"picked":"theForsaken:FatRoll","floor":6.0},{"not_picked":["theForsaken:CleansingLight","theForsaken:HealingLight"],"picked":"theForsaken:NobleSacrifice","floor":8.0},{"not_picked":["theForsaken:Parry","theForsaken:HymnOfPatience"],"picked":"theForsaken:QuickAttack","floor":10.0},{"not_picked":["theForsaken:Retribution","theForsaken:HymnOfPatience","theForsaken:HealingLight"],"picked":"SKIP","floor":13.0},{"not_picked":["theForsaken:Preservation","theForsaken:ShieldBash","theForsaken:HymnOfPatience"],"picked":"SKIP","floor":14.0},{"not_picked":["theForsaken:Purification","theForsaken:SacredOath"],"picked":"theForsaken:SpreadingPlague","floor":16.0},{"not_picked":["theForsaken:ScorchingSunlight","theForsaken:BlessedWeapon","theForsaken:Thunderbolt"],"picked":"SKIP","floor":18.0},{"not_picked":["theForsaken:BlessedWeapon+1","theForsaken:HorrifyingStrike","theForsaken:CowardsBrand"],"picked":"SKIP","floor":21.0},{"not_picked":["theForsaken:WrathOfGod","theForsaken:BountifulSunlight"],"picked":"theForsaken:QuickAttack","floor":23.0},{"not_picked":["theForsaken:Devotion","theForsaken:WardingHymn"],"picked":"theForsaken:DarkBargain","floor":25.0},{"not_picked":["theForsaken:CorruptedForm","theForsaken:CleansingLight","theForsaken:PowerUp+1"],"picked":"SKIP","floor":28.0},{"not_picked":["theForsaken:Enfeeble","theForsaken:WrathOfGod","theForsaken:PanicDive"],"picked":"SKIP","floor":29.0},{"not_picked":["theForsaken:FountainOfLife","theForsaken:Retribution"],"picked":"theForsaken:DivineGuidance","floor":33.0},{"not_picked":["theForsaken:CreepingInfection","theForsaken:SpinAttack","theForsaken:CleansingLight+1"],"picked":"SKIP","floor":35.0},{"not_picked":["theForsaken:QuickAttack","theForsaken:PanicDive","theForsaken:ChargeAttack"],"picked":"SKIP","floor":39.0},{"not_picked":["theForsaken:CorruptDeck","theForsaken:Riposte"],"picked":"theForsaken:AncientWords+1","floor":41.0},{"not_picked":["theForsaken:RainingSunlight","theForsaken:WrathOfGod","theForsaken:NobleSacrifice"],"picked":"SKIP","floor":45.0},{"not_picked":["theForsaken:HymnOfPatience","theForsaken:Riposte","theForsaken:ChargeAttack+1"],"picked":"SKIP","floor":46.0},{"not_picked":["theForsaken:BlessedWeapon","theForsaken:HorrifyingStrike+1","theForsaken:ShieldBash+1"],"picked":"SKIP","floor":48.0}],"player_experience":94938,"relics_obtained":[{"floor":6.0,"key":"Whetstone"},{"floor":9.0,"key":"Regal Pillow"},{"floor":10.0,"key":"Bronze Scales"},{"floor":12.0,"key":"Bag of Marbles"},{"floor":13.0,"key":"reliquary:TuningFork"},{"floor":19.0,"key":"Red Mask"},{"floor":23.0,"key":"SuspiciousGoo"},{"floor":25.0,"key":"ReplayFunnel"},{"floor":26.0,"key":"reliquary:Boomerang"},{"floor":28.0,"key":"ReplayTheSpireMod:Shallot"},{"floor":37.0,"key":"Replay:PocketPolymizer"},{"floor":41.0,"key":"conspire:TopHat"},{"floor":43.0,"key":"infinitespire:WardingShard"},{"floor":46.0,"key":"Orichalcum"}],"event_choices":[{"damage_healed":0.0,"max_hp_gain":0.0,"max_hp_loss":0.0,"gold_gain":0.0,"event_name":"Masked Bandits","player_choice":"Fought Bandits","floor":19.0,"gold_loss":0.0,"damage_taken":0.0},{"damage_healed":0.0,"max_hp_gain":0.0,"max_hp_loss":0.0,"gold_gain":0.0,"event_name":"conspire:Investor","player_choice":"Leave","floor":22.0,"gold_loss":0.0,"damage_taken":0.0},{"damage_healed":0.0,"max_hp_gain":0.0,"max_hp_loss":0.0,"gold_gain":0.0,"event_name":"Vampires","player_choice":"Ignored","floor":27.0,"gold_loss":0.0,"damage_taken":0.0},{"damage_healed":0.0,"max_hp_gain":0.0,"max_hp_loss":0.0,"gold_gain":0.0,"event_name":"MindBloom","player_choice":"Fight","floor":37.0,"gold_loss":0.0,"damage_taken":0.0},{"damage_healed":0.0,"max_hp_gain":0.0,"max_hp_loss":0.0,"gold_gain":222.0,"event_name":"Tomb of Lord Red Mask","player_choice":"Wore Mask","floor":49.0,"gold_loss":0.0,"damage_taken":0.0}],"is_beta":false,"boss_relics":[{"not_picked":["conspire:SpecialSausage","Cursed Key"],"picked":"theForsaken:ScalesOfTruth"},{"not_picked":["reliquary:RedCape","reliquary:Ember"],"picked":"Empty Cage"}],"items_purged_floors":[0,0,20,30,31,42],"is_endless":false,"potions_floor_spawned":[2,6,13,14,19,23,25,35,39,46],"ascension_level":14}}