{"host":"g2yp6paluzgljz05","time":1612081803,"event":{"mods":["BaseMod","Bestiary","Colored Powertips","DeckTracker","Highlight Path","Minty Spire (QoL Compilation)","Quick Restart"],"gold_per_floor":[111,123,136,61,61,61,92,92,92,106,106,139,152,52,52,52,52],"floor_reached":16,"language":"ENG","playtime":792,"items_purged":["Strike_R","Strike_R"],"score":154,"play_id":"e327f8a2-b160-4983-adad-bad94b0b78ed","local_time":"20210131193003","is_ascension_mode":true,"campfire_choices":[{"data":"Seeing Red","floor":6,"key":"SMITH"},{"data":"Juggernaut","floor":15,"key":"SMITH"}],"circlet_count":0,"master_deck":["Strike_R","Defend_R","Defend_R","Defend_R","Defend_R","Bash","Flex","Seeing Red+1","Juggernaut+1","Flame Barrier","Shrug It Off","Shrug It Off"],"relics":["Burning Blood","NeowsBlessing","Girya","Paper Frog","Dead Branch"],"acts_visited":["Exordium"],"potions_floor_usage":[12,16],"damage_taken":[{"damage":0,"enemies":"Cultist","floor":1,"turns":1},{"damage":0,"enemies":"Jaw Worm","floor":2,"turns":1},{"damage":0,"enemies":"2 Louse","floor":3,"turns":1},{"damage":46,"enemies":"Lagavulin","floor":7,"turns":8},{"damage":1,"enemies":"2 Fungi Beasts","floor":10,"turns":4},{"damage":69,"enemies":"Gremlin Nob","floor":12,"turns":6},{"damage":5,"enemies":"Exordium Thugs","floor":13,"turns":6},{"damage":44,"enemies":"Slime Boss","floor":16,"turns":6}],"seed_played":"454013950808713282","potions_obtained":[{"floor":1,"key":"FairyPotion"},{"floor":7,"key":"Fire Potion"},{"floor":12,"key":"ElixirPotion"}],"is_trial":false,"path_per_floor":["M","M","M","$","?","R","E","?","T","M","?","E","M","$","R","B"],"character_chosen":"IRONCLAD","items_purchased":[],"campfire_rested":0,"item_purchase_floors":[],"current_hp_per_floor":[78,80,80,80,80,80,40,33,33,38,64,30,31,31,31,0,0],"gold":52,"neow_bonus":"THREE_ENEMY_KILL","is_daily":false,"chose_seed":false,"campfire_upgraded":2,"win_rate":0.0,"timestamp":1612081803,"path_taken":["M","M","?","$","?","R","E","?","T","M","?","E","M","$","R","BOSS"],"items_purchased_type":[],"build_version":"2020-12-22","purchased_purges":2,"victory":false,"max_hp_per_floor":[80,80,80,80,80,80,80,80,80,80,80,80,80,80,80,80,80],"card_choices":[{"not_picked":["Dropkick","Cleave"],"picked":"Flex","floor":1},{"not_picked":["Armaments","Perfected Strike"],"picked":"Seeing Red","floor":2},{"not_picked":["Havoc","Pummel","Iron Wave"],"picked":"SKIP","floor":3},{"not_picked":["Cleave","Shockwave"],"picked":"Flame Barrier","floor":7},{"not_picked":["Feel No Pain","Heavy Blade","Clothesline"],"picked":"SKIP","floor":10},{"not_picked":["Evolve","Disarm"],"picked":"Shrug It Off","floor":12},{"not_picked":["Twin Strike","Reckless Charge"],"picked":"Shrug It Off","floor":13}],"player_experience":288951,"relics_obtained":[{"floor":7,"key":"Girya"},{"floor":9,"key":"Paper Frog"},{"floor":12,"key":"Dead Branch"}],"event_choices":[{"damage_healed":0,"gold_gain":0,"cards_transformed":["Strike_R"],"player_choice":"Change","damage_taken":0,"max_hp_gain":0,"max_hp_loss":0,"event_name":"Living Wall","floor":5,"gold_loss":0,"cards_obtained":["Juggernaut"]},{"cards_removed":["Strike_R"],"damage_healed":0,"gold_gain":0,"player_choice":"Card Removal","damage_taken":7,"max_hp_gain":0,"max_hp_loss":0,"event_name":"Golden Wing","floor":8,"gold_loss":0},{"damage_healed":26,"gold_gain":0,"player_choice":"Banana","damage_taken":0,"max_hp_gain":0,"max_hp_loss":0,"event_name":"Big Fish","floor":11,"gold_loss":0}],"is_beta":false,"boss_relics":[],"items_purged_floors":[4,14],"is_endless":false,"potions_floor_spawned":[1,7,12],"killed_by":"Slime Boss","ascension_level":8}}