{"host":"w3d3m1yxg9zt90yy","time":1612081880,"event":{"mods":["BaseMod","Colored Map","Infinite Spire","Minty Spire (QoL Compilation)","Quick Restart","Replay The Spire","Shop Mod","StSLib","The Bladedancer","The Necromancer"],"gold_per_floor":[110,110,129,143,158,185,185,217,217,249,249,249,266,17,17,119,119,135,149,111,210,223,253,253,101,124,137,137,150,167,177,177,177,177],"floor_reached":33,"language":"ENG","playtime":1774,"items_purged":["Strike_W"],"score":408,"play_id":"c3930182-f368-44ae-bf31-03a7fbcd9cef","local_time":"20210131023120","is_ascension_mode":true,"campfire_choices":[{"data":"Death_March_Dance","floor":7,"key":"SMITH"},{"floor":11,"key":"REST"},{"data":"Bone_Shift","floor":15,"key":"SMITH"},{"floor":24,"key":"REST"},{"floor":32,"key":"REST"}],"circlet_count":0,"master_deck":["Strike_W","Strike_W","Defend_W","Defend_W","Defend_W","Defend_W","Negative_Energy_Arrows","Bone_Wall","Death_March_Dance+1","Bone_Bullets","Cloudkill","Negative_Energy_Javelin","Uncharnel","Scare","Blood_Shield","Life_Tap","Bone_Bullets","Bone_Shift+1","Cloudkill","Bone_Shift","The Bomb","Jack Of All Trades","Shade_Step","Vampiric_Strike+1","Bone_Bullets","Blood_Magic","Acid_Javelin"],"relics":["Busted Crown","Pear","Blood Vial","HornCleat","infinitespire:CursedDice","MerchantsRug","infinitespire:BottledMercury","Gremlin Food","Replay:Wax Seal"],"acts_visited":["Exordium","TheCity"],"potions_floor_usage":[16,31],"damage_taken":[{"damage":1,"enemies":"Cultist","floor":1,"turns":4},{"damage":0,"enemies":"Small Slimes","floor":3,"turns":2},{"damage":3,"enemies":"2 Louse","floor":4,"turns":2},{"damage":0,"enemies":"Large Slime","floor":5,"turns":4},{"damage":29,"enemies":"Gremlin Nob","floor":6,"turns":4},{"damage":17,"enemies":"Lagavulin","floor":8,"turns":5},{"damage":12,"enemies":"Gremlin Nob","floor":10,"turns":4},{"damage":10,"enemies":"Lots of Slimes","floor":13,"turns":2},{"damage":38,"enemies":"Slime Boss","floor":16,"turns":10},{"damage":8,"enemies":"3 Byrds","floor":18,"turns":4},{"damage":21,"enemies":"Spheric Guardian","floor":19,"turns":4},{"damage":34,"enemies":"Snecko","floor":22,"turns":5},{"damage":18,"enemies":"Replay:Snechameleon","floor":23,"turns":6},{"damage":20,"enemies":"3 Cultists","floor":27,"turns":5},{"damage":3,"enemies":"Centurion and Healer","floor":29,"turns":4},{"damage":28,"enemies":"Cultist and Chosen","floor":30,"turns":6},{"damage":3,"enemies":"Snecko","floor":31,"turns":4},{"damage":62,"enemies":"Champ","floor":33,"turns":10}],"seed_played":"-5031428343106169106","potions_obtained":[{"floor":3,"key":"Toxic Potion"},{"floor":6,"key":"DistilledChaos"},{"floor":10,"key":"Elixir"},{"floor":19,"key":"SteroidPotion"}],"is_trial":false,"path_per_floor":["M","?","M","M","M","E","R","E","T","E","R","?","M","$","R","B",null,"M","M","$","?","M","E","R","$","T","M","?","M","M","M","R","B"],"character_chosen":"NECROMANCER","items_purchased":["Bone_Shift","MerchantsRug","Bone_Shift","ReplayTheSpireMod:ShopPack","Gremlin Food","Vampiric_Strike"],"campfire_rested":3,"item_purchase_floors":[14,14,20,20,25,25],"current_hp_per_floor":[74,74,74,71,71,52,52,35,35,25,50,50,42,42,42,6,85,77,57,57,57,25,9,34,34,34,19,19,18,30,31,56,0,0],"gold":177,"neow_bonus":"BOSS_RELIC","is_daily":false,"chose_seed":false,"campfire_upgraded":2,"win_rate":0.0,"timestamp":1612081880,"path_taken":["M","?","?","M","M","E","R","E","T","E","R","?","?","$","R","BOSS","M","M","$","?","M","E","R","$","T","M","?","?","M","M","R","BOSS"],"items_purchased_type":["Card","Relic","Card","Relic","Relic","Card"],"build_version":"2020-12-22","purchased_purges":1,"victory":false,"max_hp_per_floor":[75,75,75,75,75,85,85,85,85,85,85,85,85,85,85,85,85,85,85,85,85,85,85,85,85,85,85,85,85,85,85,85,85,85],"card_choices":[{"not_picked":[],"picked":"Death_March_Dance","floor":1},{"not_picked":["Chill_Blood"],"picked":"SKIP","floor":3},{"not_picked":[],"picked":"Negative_Energy_Javelin","floor":4},{"not_picked":[],"picked":"Uncharnel","floor":5},{"not_picked":[],"picked":"Scare","floor":6},{"not_picked":[],"picked":"Blood_Shield","floor":8},{"not_picked":[],"picked":"Life_Tap","floor":10},{"not_picked":[],"picked":"Bone_Bullets","floor":13},{"not_picked":[],"picked":"Cloudkill","floor":16},{"not_picked":["Shackles_Of_Pain"],"picked":"SKIP","floor":18},{"not_picked":["Death_Knell"],"picked":"SKIP","floor":19},{"not_picked":[],"picked":"The Bomb","floor":20},{"not_picked":[],"picked":"Jack Of All Trades","floor":20},{"not_picked":["Flesh_Made_Foul"],"picked":"SKIP","floor":22},{"not_picked":[],"picked":"Shade_Step","floor":23},{"not_picked":["Blood_Whip+1"],"picked":"SKIP","floor":27},{"not_picked":[],"picked":"Acid_Javelin","floor":29},{"not_picked":["Corrupt"],"picked":"SKIP","floor":30},{"not_picked":["Death_Knell"],"picked":"SKIP","floor":31}],"player_experience":170184,"relics_obtained":[{"floor":6,"key":"Pear"},{"floor":8,"key":"Blood Vial"},{"floor":9,"key":"HornCleat"},{"floor":10,"key":"infinitespire:CursedDice"},{"floor":23,"key":"infinitespire:BottledMercury"},{"floor":26,"key":"Replay:Wax Seal"}],"event_choices":[{"damage_healed":0,"gold_gain":0,"player_choice":"2 cards matched","damage_taken":0,"max_hp_gain":0,"max_hp_loss":0,"event_name":"Match and Keep!","floor":2,"gold_loss":0,"cards_obtained":["Bone_Bullets","Cloudkill"]},{"damage_healed":0,"gold_gain":0,"player_choice":"2 cards matched","damage_taken":0,"max_hp_gain":0,"max_hp_loss":0,"event_name":"Match and Keep!","floor":2,"gold_loss":0,"cards_obtained":["Bone_Bullets","Cloudkill"]},{"cards_removed":["Strike_W"],"damage_healed":0,"gold_gain":0,"player_choice":"Purged","damage_taken":0,"max_hp_gain":0,"max_hp_loss":0,"event_name":"Purifier","floor":12,"gold_loss":0},{"damage_healed":0,"gold_gain":99,"player_choice":"Stole From Cult","damage_taken":0,"max_hp_gain":0,"max_hp_loss":0,"event_name":"Nest","floor":21,"gold_loss":0},{"damage_healed":0,"gold_gain":0,"player_choice":"2 cards matched","damage_taken":0,"max_hp_gain":0,"max_hp_loss":0,"event_name":"Match and Keep!","floor":28,"gold_loss":0,"cards_obtained":["Bone_Bullets","Blood_Magic"]}],"is_beta":false,"boss_relics":[{"not_picked":["Fusion Hammer","Replay:Wanted Poster"],"picked":"ReplayTheSpireMod:DimensionalGlitch"}],"items_purged_floors":[14],"is_endless":false,"potions_floor_spawned":[3,6,10,19,23,27,30,31],"killed_by":"Champ","ascension_level":1}}