{"host":"8am31i0j9qpslrrv","time":1612060479,"event":{"mods":["BaseMod","Curses Come First","Minty Spire (QoL Compilation)","Quick Restart","Replay The Spire","StSLib"],"gold_per_floor":[112,112,37,62,4,4,18,18,18,18,36,65,85,108,108,233,233,246,146,182,92,92],"floor_reached":21,"language":"ENG","playtime":1048,"items_purged":["Strike_R","Strike_R"],"score":169,"play_id":"92987354-8a2f-42d6-be13-f1c14de02ae5","local_time":"20210130213439","is_ascension_mode":false,"campfire_choices":[{"data":"True Grit","floor":6,"key":"SMITH"},{"data":"Fire Breathing","floor":8,"key":"SMITH"},{"data":"ReplayTheSpireMod:Strike From Hell","floor":15,"key":"SMITH"}],"circlet_count":0,"master_deck":["Strike_R","Strike_R","Defend_R","Defend_R","Defend_R","Bash","Clothesline","Run Through","True Grit+1","Fire Breathing+1","Dark Embrace","Dark Embrace","Berserk","ReplayTheSpireMod:Strike From Hell+1","Reaper"],"relics":["Burning Blood","Golden Idol","Self Forming Clay","Orichalcum","Odd Mushroom","Ooze Armor","Red Mask"],"acts_visited":["Exordium","TheCity"],"potions_floor_usage":[],"damage_taken":[{"damage":0,"enemies":"Small Slimes","floor":1,"turns":3},{"damage":0,"enemies":"Cultist","floor":4,"turns":4},{"damage":7,"enemies":"2 Louse","floor":7,"turns":2},{"damage":3,"enemies":"Blue Slaver","floor":11,"turns":5},{"damage":20,"enemies":"The Mushroom Lair","floor":12,"turns":6},{"damage":6,"enemies":"Large Slime","floor":13,"turns":5},{"damage":20,"enemies":"Exordium Wildlife","floor":14,"turns":7},{"damage":20,"enemies":"The Guardian","floor":16,"turns":12},{"damage":18,"enemies":"Spheric Guardian","floor":18,"turns":6},{"damage":69,"enemies":"Masked Bandits","floor":20,"turns":8},{"damage":30,"enemies":"2 Thieves","floor":21,"turns":3}],"seed_played":"-5366379489836204610","potions_obtained":[{"floor":12,"key":"Dexterity Potion"},{"floor":14,"key":"Weak Potion"},{"floor":20,"key":"Strength Potion"}],"is_trial":false,"path_per_floor":["M","?","$","M","$","R","M","R","T","?","M","?","M","M","R","B",null,"M","$","?","M"],"character_chosen":"IRONCLAD","items_purchased":["Dark Embrace"],"campfire_rested":0,"item_purchase_floors":[5],"current_hp_per_floor":[62,42,42,48,48,48,47,47,47,47,50,36,36,22,22,8,80,68,68,17,0,0],"gold":92,"neow_bonus":"TRANSFORM_TWO_CARDS","is_daily":false,"chose_seed":false,"campfire_upgraded":3,"win_rate":0.0,"timestamp":1612060479,"path_taken":["M","?","$","M","$","R","M","R","T","?","?","?","M","M","R","BOSS","M","$","?","M"],"items_purchased_type":["Card"],"build_version":"2020-12-22","purchased_purges":2,"victory":false,"max_hp_per_floor":[80,80,80,80,80,80,80,80,80,80,80,80,80,80,80,80,80,80,80,80,80,80],"card_choices":[{"not_picked":["Heavy Blade","Thunderclap"],"picked":"True Grit","floor":1},{"not_picked":["Thunderclap","Cleave"],"picked":"Fire Breathing","floor":4},{"not_picked":["Warcry","Thunderclap"],"picked":"Berserk","floor":7},{"not_picked":["Battle Trance","Rupture"],"picked":"ReplayTheSpireMod:Strike From Hell","floor":11},{"not_picked":["ReplayTheSpireMod:Corrosion Curse","Heavy Blade","Infernal Blade"],"picked":"SKIP","floor":13},{"not_picked":["Massacre","Perfected Strike","Wild Strike"],"picked":"SKIP","floor":14},{"not_picked":["Impervious","Limit Break"],"picked":"Reaper","floor":16},{"not_picked":["Pommel Strike+1","Cleave","True Grit+1"],"picked":"SKIP","floor":18}],"player_experience":782577,"relics_obtained":[{"floor":9,"key":"Self Forming Clay"},{"floor":10,"key":"Orichalcum"},{"floor":12,"key":"Odd Mushroom"},{"floor":20,"key":"Red Mask"}],"event_choices":[{"damage_healed":0,"gold_gain":0,"player_choice":"Take Damage","damage_taken":20,"relics_obtained":["Golden Idol"],"max_hp_gain":0,"max_hp_loss":0,"event_name":"Golden Idol","floor":2,"gold_loss":0},{"damage_healed":0,"gold_gain":0,"player_choice":"Relic","damage_taken":0,"max_hp_gain":0,"max_hp_loss":0,"event_name":"Wheel of Change","floor":10,"gold_loss":0},{"damage_healed":0,"gold_gain":0,"player_choice":"Fought Mushrooms","damage_taken":0,"max_hp_gain":0,"max_hp_loss":0,"event_name":"Mushrooms","floor":12,"gold_loss":0},{"damage_healed":0,"gold_gain":0,"player_choice":"Fought Bandits","damage_taken":0,"max_hp_gain":0,"max_hp_loss":0,"event_name":"Masked Bandits","floor":20,"gold_loss":0}],"is_beta":false,"boss_relics":[{"not_picked":["Pandora\u0027s Box","Replay:Wanted Poster"],"picked":"Ooze Armor"}],"items_purged_floors":[3,19],"is_endless":false,"potions_floor_spawned":[12,14,20],"killed_by":"2 Thieves","ascension_level":0}}