{"host":"17uzppmr1r5fe5jj","time":1612094338,"event":{"mods":["BaseMod","Colored Map","HololiveMod","Minty Spire (QoL Compilation)","Quick Restart","StSLib"],"gold_per_floor":[85,105,116,134,151,151,151,151,151,151,167,187,203,128,128,128,128],"floor_reached":16,"language":"ZHS","playtime":684,"items_purged":["Hololive_Strike"],"score":96,"play_id":"6a022a26-f7cb-4f86-ab89-70c833e356d7","local_time":"20210131195858","is_ascension_mode":false,"campfire_choices":[{"data":"Hololive_CallNakiriAyame","floor":6,"key":"SMITH"},{"data":"Hololive_CallMinatoAqua","floor":8,"key":"SMITH"},{"data":"Hololive_CallMurasakiShion","floor":10,"key":"SMITH"},{"data":"Hololive_StarCraft","floor":15,"key":"SMITH"}],"circlet_count":0,"master_deck":["Hololive_CallNakiriAyame+1","Hololive_CallMurasakiShion+1","Hololive_CallMinatoAqua+1","Hololive_Strike","Hololive_Defend","Hololive_Defend","Hololive_Defend","Hololive_Trident","Hololive_Drill","Hololive_ManjiGathering","Hololive_Rebound","Hololive_CallOmaruPolka","Hololive_StarCraft+1","Hololive_CocoNews"],"relics":["Hololive_TheStar","Hololive_Yo","TungstenRod"],"acts_visited":["Exordium"],"potions_floor_usage":[5],"damage_taken":[{"damage":0,"enemies":"Jaw Worm","floor":1,"turns":4},{"damage":0,"enemies":"Cultist","floor":2,"turns":3},{"damage":0,"enemies":"2 Louse","floor":3,"turns":2},{"damage":10,"enemies":"Looter","floor":4,"turns":4},{"damage":3,"enemies":"Lots of Slimes","floor":5,"turns":3},{"damage":6,"enemies":"Exordium Wildlife","floor":11,"turns":6},{"damage":0,"enemies":"2 Fungi Beasts","floor":12,"turns":5},{"damage":0,"enemies":"3 Louse","floor":13,"turns":4},{"damage":21,"enemies":"The Guardian","floor":16,"turns":2}],"seed_played":"740501151617440850","potions_obtained":[{"floor":4,"key":"Fire Potion"},{"floor":11,"key":"DuplicationPotion"},{"floor":12,"key":"SmokeBomb"}],"is_trial":false,"path_per_floor":["M","M","M","M","M","R","?","R","T","R","M","M","M","$","R","B"],"character_chosen":"Hololive_HololiveCharacter","items_purchased":[],"campfire_rested":0,"item_purchase_floors":[],"current_hp_per_floor":[35,35,35,25,22,22,22,22,22,22,16,16,16,16,16,0,0],"gold":128,"neow_bonus":"THREE_CARDS","is_daily":false,"chose_seed":false,"campfire_upgraded":4,"win_rate":0.0,"timestamp":1612094338,"path_taken":["M","M","M","M","M","R","?","R","T","R","M","M","?","$","R","BOSS"],"items_purchased_type":[],"build_version":"2020-12-22","purchased_purges":1,"victory":false,"max_hp_per_floor":[35,35,35,35,35,35,35,35,35,35,35,35,35,35,35,35,35],"card_choices":[{"not_picked":["Hololive_CallNakiriAyame","Hololive_SoulCatcher"],"picked":"Hololive_Drill","floor":0},{"not_picked":["Hololive_HuntDinosaur","Hololive_CallShiroganeNoel","Hololive_RevenueBasedLive","Hololive_DevilCharm"],"picked":"SKIP","floor":1},{"not_picked":["Hololive_Breathe","Hololive_CallYukihanaLamy","Hololive_StrengthChampion"],"picked":"Hololive_ManjiGathering","floor":2},{"not_picked":["Hololive_CallSpadeEcho","Hololive_LuckPotion","Hololive_Sequa"],"picked":"Hololive_Rebound","floor":3},{"not_picked":["Hololive_LuckPotion","Hololive_OvertimeWork","Hololive_Rebound"],"picked":"Hololive_CallOmaruPolka","floor":4},{"not_picked":["Hololive_HuntDinosaur","Hololive_Spy","Hololive_OvertimeWork"],"picked":"Hololive_StarCraft","floor":5},{"not_picked":["Hololive_Trident","Hololive_Psychosis","Hololive_CallHoshimachiSuisei","Hololive_HuntDinosaur"],"picked":"SKIP","floor":11},{"not_picked":["Hololive_FlyingPonyTail","Hololive_CallAyundaRisu","Hololive_Sequa","Hololive_StrengthChampion"],"picked":"SKIP","floor":12},{"not_picked":["Hololive_Breathe","Hololive_CallTsunomakiWatame","Hololive_FlyingPonyTail"],"picked":"Hololive_CocoNews","floor":13}],"player_experience":247662,"relics_obtained":[{"floor":9,"key":"TungstenRod"}],"event_choices":[{"cards_removed":["Hololive_Strike"],"damage_healed":0,"gold_gain":0,"player_choice":"Card Removal","damage_taken":0,"max_hp_gain":0,"max_hp_loss":0,"event_name":"Wheel of Change","floor":7,"gold_loss":0}],"is_beta":false,"boss_relics":[],"items_purged_floors":[14],"is_endless":false,"potions_floor_spawned":[4,11,12],"killed_by":"The Guardian","ascension_level":0}}