{"host":"42xf941fomyavgzy","time":1612056906,"event":{"mods":["Act Like it!","Astrologer","BaseMod","Colored Map","Minty Spire (QoL Compilation)","Shop Mod","StSLib","SuperFastMode","The Cursed"],"gold_per_floor":[110,126,126,126,37,69,69,85,85,117,117,151,169,186,186,283,283,296,52,0,16,31,31,43,43,95,95,109,208,236,236,236,236,236],"floor_reached":33,"language":"JPN","playtime":2057,"items_purged":["Strike_P"],"score":388,"play_id":"fb15beb0-8615-472d-8b9a-87641569033e","local_time":"20210131103506","is_ascension_mode":true,"campfire_choices":[{"data":"Judgement","floor":7,"key":"SMITH"},{"data":"Enlightenment","floor":15,"key":"SMITH"},{"floor":23,"key":"REST"},{"data":"SandsOfTime","floor":25,"key":"SMITH"},{"data":"Wallop","floor":27,"key":"SMITH"},{"floor":32,"key":"REST"}],"circlet_count":0,"master_deck":["Strike_P","Strike_P","Defend_P","Defend_P","Defend_P","Defend_P","Eruption","Vigilance","Evaluate","SashWhip","Enlightenment+1","Judgement+1","ThirdEye","Wallop+1","Parasite","Indignation","CutThroughFate","Vengeance","Omniscience","Adaptation","SandsOfTime+1","Protect+1","Worship+1","Wireheading","Nirvana+1"],"relics":["PureWater","NeowsBlessing","StrikeDummy","Ancient Tea Set","The Courier","Pen Nib","CaptainsWheel","Velvet Choker","Membership Card","Bronze Scales","Happy Flower","Unceasing Top","Potion Belt"],"acts_visited":["Exordium","TheCity"],"potions_floor_usage":[16,16,28,33],"damage_taken":[{"damage":0,"enemies":"Cultist","floor":1,"turns":1},{"damage":0,"enemies":"Jaw Worm","floor":2,"turns":1},{"damage":0,"enemies":"Lagavulin","floor":6,"turns":1},{"damage":7,"enemies":"Small Slimes","floor":8,"turns":2},{"damage":10,"enemies":"3 Sentries","floor":10,"turns":8},{"damage":10,"enemies":"Gremlin Nob","floor":12,"turns":3},{"damage":1,"enemies":"Exordium Wildlife","floor":13,"turns":4},{"damage":0,"enemies":"Looter","floor":14,"turns":2},{"damage":19,"enemies":"The Guardian","floor":16,"turns":10},{"damage":0,"enemies":"Spheric Guardian","floor":18,"turns":2},{"damage":25,"enemies":"Shell Parasite","floor":21,"turns":5},{"damage":7,"enemies":"Cultist and Chosen","floor":22,"turns":5},{"damage":7,"enemies":"Snecko","floor":24,"turns":4},{"damage":0,"enemies":"Centurion and Healer","floor":28,"turns":5},{"damage":26,"enemies":"Book of Stabbing","floor":30,"turns":5},{"damage":47,"enemies":"Champ","floor":33,"turns":12}],"seed_played":"1970790374811165316","potions_obtained":[{"floor":1,"key":"Ancient Potion"},{"floor":2,"key":"SpeedPotion"},{"floor":8,"key":"SkillPotion"},{"floor":10,"key":"SteroidPotion"},{"floor":22,"key":"FearPotion"},{"floor":24,"key":"DuplicationPotion"}],"is_trial":false,"path_per_floor":["M","M","?","T","$","E","R","M","T","E","?","E","M","M","R","B",null,"M","$","?","M","M","R","M","R","T","R","M","?","E","?","R","B"],"character_chosen":"WATCHER","items_purchased":["Enlightenment","Membership Card","Bronze Scales","Adaptation"],"campfire_rested":2,"item_purchase_floors":[5,19,19,19],"current_hp_per_floor":[72,72,65,65,65,65,65,58,58,48,66,56,55,55,55,36,63,63,63,63,38,31,52,45,45,45,45,45,45,19,19,40,0,0],"gold":236,"neow_bonus":"THREE_ENEMY_KILL","is_daily":false,"chose_seed":false,"campfire_upgraded":4,"win_rate":0.0,"timestamp":1612056906,"path_taken":["M","M","?","?","$","E","R","M","T","E","?","E","M","M","R","BOSS","M","$","?","M","M","R","M","R","T","R","M","?","E","?","R","BOSS"],"items_purchased_type":["Card","Relic","Relic","Card"],"build_version":"2020-12-22","purchased_purges":1,"victory":false,"max_hp_per_floor":[72,72,72,72,72,72,72,72,72,72,72,72,72,72,72,72,72,72,72,72,72,72,72,72,72,72,72,72,72,72,72,72,72,72],"card_choices":[{"not_picked":["Collect","CarveReality"],"picked":"Evaluate","floor":1},{"not_picked":["Perseverance","Adaptation"],"picked":"SashWhip","floor":2},{"not_picked":["FlurryOfBlows","EmptyBody"],"picked":"Judgement","floor":6},{"not_picked":["WreathOfFlame","Protect"],"picked":"ThirdEye","floor":8},{"not_picked":["InnerPeace","Evaluate"],"picked":"Wallop","floor":10},{"not_picked":["FlurryOfBlows","Perseverance"],"picked":"Indignation","floor":12},{"not_picked":["Evaluate","Halt"],"picked":"CutThroughFate","floor":13},{"not_picked":["Study","SashWhip"],"picked":"Vengeance","floor":14},{"not_picked":["Ragnarok","Blasphemy"],"picked":"Omniscience","floor":16},{"not_picked":["FollowUp","InnerPeace"],"picked":"Crescendo","floor":18},{"not_picked":["CrushJoints+1","Consecrate"],"picked":"SandsOfTime","floor":21},{"not_picked":["Sanctity","FlyingSleeves"],"picked":"Protect+1","floor":22},{"not_picked":["SashWhip","ClearTheMind"],"picked":"Worship+1","floor":24},{"not_picked":["Blasphemy","Protect"],"picked":"Wireheading","floor":28},{"not_picked":["BowlingBash","FlurryOfBlows"],"picked":"Nirvana+1","floor":30}],"player_experience":439771,"relics_obtained":[{"floor":4,"key":"StrikeDummy"},{"floor":6,"key":"Ancient Tea Set"},{"floor":9,"key":"The Courier"},{"floor":10,"key":"Pen Nib"},{"floor":12,"key":"CaptainsWheel"},{"floor":26,"key":"Happy Flower"},{"floor":30,"key":"Unceasing Top"}],"event_choices":[{"cards_removed":["Strike_P"],"damage_healed":0,"gold_gain":0,"player_choice":"Card Removal","damage_taken":7,"max_hp_gain":0,"max_hp_loss":0,"event_name":"Golden Wing","floor":3,"gold_loss":0},{"damage_healed":18,"gold_gain":0,"player_choice":"Healed and dodged fight","damage_taken":0,"max_hp_gain":0,"max_hp_loss":0,"event_name":"Mushrooms","floor":11,"gold_loss":0,"cards_obtained":["Parasite"]},{"damage_healed":0,"gold_gain":0,"player_choice":"Paid Fearfully","damage_taken":0,"max_hp_gain":0,"max_hp_loss":0,"event_name":"Masked Bandits","floor":20,"gold_loss":52},{"damage_healed":0,"gold_gain":99,"player_choice":"Stole From Cult","damage_taken":0,"max_hp_gain":0,"max_hp_loss":0,"event_name":"Nest","floor":29,"gold_loss":0},{"cards_removed":["Crescendo"],"damage_healed":0,"gold_gain":0,"player_choice":"Gave Card","damage_taken":0,"relics_obtained":["Potion Belt"],"max_hp_gain":0,"max_hp_loss":0,"event_name":"WeMeetAgain","floor":31,"gold_loss":0}],"is_beta":false,"boss_relics":[{"not_picked":["Runic Dome","Coffee Dripper"],"picked":"Velvet Choker"}],"items_purged_floors":[19],"is_endless":false,"potions_floor_spawned":[1,2,8,10,22,24],"killed_by":"Champ","ascension_level":5}}