{"host":"2t5wqx5om8wmj2wi","time":1612081097,"event":{"mods":["2.2 Compatiblity","Abigail Mod","Act Like it!","Arknights","Aspiration","BaseMod","Better-Laid Plans","Conspire","Downfall","Friendly Minions","Gensokyo","Kiyohime¡]²M®V¡^","Marisa¡]Ãú«B¡@Å]²z¨F¡^","Minty Spire (QoL Compilation)","MostiFishMod","Pale of the Ancients","Prisma Mod","Rare Cards Sparkle","Remilia¡]Á¢¦Ì²ú?¡^","Replay The Spire","RumiaBox-ÅS¦Ì?ªº¯«¯µ²°¤l","StSLib","The Animator","Yuri Mod","Yuyuko","¡i?ª«¥dµP¡jREMEMod"],"gold_per_floor":[109,109,184,197,197,197,231,241,265,293,293,293,293,322,338,348,348,448,448,458,29,59,59,79,79,79,79],"floor_reached":26,"language":"ZHS","playtime":844,"items_purged":["Strike_G"],"score":286,"play_id":"e77b9d42-330e-405b-95dc-ccc49c39cd01","local_time":"20210131161817","is_ascension_mode":true,"campfire_choices":[{"data":"Gensokyo:UnhurriedMind","floor":6,"key":"SMITH"},{"data":"Bouncing Flask","floor":17,"key":"SMITH"},{"data":"REME_GreenPollution","floor":25,"key":"SMITH"}],"circlet_count":0,"master_deck":["Strike_G","Strike_G","Defend_G","Defend_G","Defend_G","Defend_G","Defend_G","Survivor","Neutralize","Gensokyo:UnhurriedMind+1","Bouncing Flask+1","Draining Mist","PiercingWail","Replay:Poison Smokescreen","Poisoned Stab","MostiFishMod:HiddenBlade+1","REME_GreenPollution+1","Prepared","Catalyst+1","MostiFishMod:InvigoratingSolution+1"],"relics":["Ring of the Snake","DaveBox","REME_ComplimentaryCards","NeowsBlessing","SynthV:TestCard","Blood Vial","Ice Cream","MealTicket","conspire:Flyswatter","TungstenRod","GuanYuAspect","Tingsha","Toxic Egg 2"],"acts_visited":["Exordium","TheCity"],"potions_floor_usage":[14,22,26],"damage_taken":[{"damage":0,"enemies":"2 Louse","floor":1,"turns":1},{"damage":0,"enemies":"Small Slimes","floor":4,"turns":1},{"damage":0,"enemies":"Lagavulin","floor":7,"turns":1},{"damage":0,"enemies":"Cultist","floor":8,"turns":3},{"damage":25,"enemies":"Gremlin Nob","floor":10,"turns":4},{"damage":1,"enemies":"Lagavulin","floor":14,"turns":6},{"damage":0,"enemies":"Large Slime","floor":15,"turns":5},{"damage":0,"enemies":"Looter","floor":16,"turns":2},{"damage":38,"enemies":"Slime Boss","floor":18,"turns":15},{"damage":4,"enemies":"Shell Parasite","floor":20,"turns":3},{"damage":16,"enemies":"conspire:MimicChest","floor":22,"turns":6},{"damage":6,"enemies":"2 Thieves","floor":24,"turns":4},{"damage":62,"enemies":"REME_1_Revenger","floor":26,"turns":4}],"seed_played":"-220006461782945635","potions_obtained":[{"floor":10,"key":"Adrenaline Potion"},{"floor":14,"key":"Elixir"},{"floor":16,"key":"Strength Potion"},{"floor":18,"key":"Elixir"},{"floor":20,"key":"Swift Potion"}],"is_trial":false,"path_per_floor":["M","?","?","M","?","R","E","M","T","E","?","PTL","PTL","E","M","M","R","B",null,"M","$","?","?","M","R","E"],"character_chosen":"THE_SILENT","items_purchased":["Tingsha","Prepared"],"campfire_rested":0,"item_purchase_floors":[21,21],"current_hp_per_floor":[70,67,60,62,62,62,64,66,66,43,43,43,43,44,46,48,48,12,35,33,35,31,31,35,35,0,0],"gold":79,"neow_bonus":"THREE_ENEMY_KILL","is_daily":false,"chose_seed":false,"campfire_upgraded":3,"win_rate":0.0,"timestamp":1612081097,"path_taken":["M","?","?","?","?","R","E","M","T","E","?","PTL","PTL","E","M","M","R","BOSS","M","?","?","?","?","R","E"],"items_purchased_type":["Relic","Card"],"build_version":"2020-12-22","purchased_purges":1,"victory":false,"max_hp_per_floor":[70,70,70,70,70,70,70,70,70,70,70,70,70,70,70,70,70,70,35,35,35,35,35,35,35,35,35],"card_choices":[{"not_picked":["Outmaneuver","Flying Knee"],"picked":"Bouncing Flask","floor":1},{"not_picked":["Bane","Backflip","Underhanded Strike","Dash","Endless Agony"],"picked":"SKIP","floor":4},{"not_picked":["MostiFishMod:PerfectParry","Blade Dance","Endless Agony","Tools of the Trade"],"picked":"Draining Mist","floor":7},{"not_picked":["Endless Agony","Slice","Underhanded Strike","Quick Slash","Dodge and Roll"],"picked":"SKIP","floor":8},{"not_picked":["Dash","Sneak Up","Endless Agony","aspiration:Lunge"],"picked":"PiercingWail","floor":10},{"not_picked":["Masterful Stab","Outmaneuver","Heel Hook","Dagger Throw"],"picked":"Replay:Poison Smokescreen","floor":14},{"not_picked":["ReplayTheSpireMod:Exploit Weakness","Dodge and Roll","Bane","Slice"],"picked":"Poisoned Stab","floor":15},{"not_picked":["Outmaneuver","Dodge and Roll","Skewer","Blade Dance","Choke"],"picked":"SKIP","floor":16},{"not_picked":["Envenom","Doppelganger","Night Terror","After Image"],"picked":"MostiFishMod:HiddenBlade","floor":18},{"not_picked":["Expertise","Sucker Punch","Caltrops","Quick Slash"],"picked":"REME_GreenPollution","floor":20},{"not_picked":["Outmaneuver+1","Dagger Spray","Deflect+1","Footwork"],"picked":"Catalyst+1","floor":22},{"not_picked":["Dagger Throw","ReplayTheSpireMod:Tripwire+1","Outmaneuver+1","Backstab"],"picked":"MostiFishMod:InvigoratingSolution+1","floor":24}],"player_experience":280139,"relics_obtained":[{"floor":1,"key":"SynthV:TestCard"},{"floor":7,"key":"Ice Cream"},{"floor":9,"key":"MealTicket"},{"floor":10,"key":"conspire:Flyswatter"},{"floor":14,"key":"TungstenRod"},{"floor":22,"key":"Toxic Egg 2"}],"event_choices":[{"damage_healed":0,"gold_gain":0,"player_choice":"Success","damage_taken":3,"relics_obtained":["Blood Vial"],"max_hp_gain":0,"max_hp_loss":0,"event_name":"Scrap Ooze","floor":2,"gold_loss":0},{"damage_healed":0,"gold_gain":75,"player_choice":"Touch","damage_taken":7,"max_hp_gain":0,"max_hp_loss":0,"event_name":"FaceTrader","floor":3,"gold_loss":0},{"cards_removed":["Strike_G"],"damage_healed":0,"gold_gain":0,"player_choice":"Forget","damage_taken":0,"max_hp_gain":0,"max_hp_loss":0,"event_name":"Living Wall","floor":5,"gold_loss":0},{"cards_removed":["Strike_G"],"damage_healed":0,"gold_gain":0,"player_choice":"Offered Basic","damage_taken":0,"max_hp_gain":0,"max_hp_loss":0,"event_name":"Bonfire Elementals","floor":11,"gold_loss":0},{"damage_healed":0,"gold_gain":0,"player_choice":"Upgraded","damage_taken":0,"max_hp_gain":0,"max_hp_loss":0,"event_name":"Upgrade Shrine","floor":23,"gold_loss":0,"cards_upgraded":["MostiFishMod:HiddenBlade"]}],"is_beta":false,"boss_relics":[{"not_picked":["TimeKeys","OneHitWonderSystem"],"picked":"GuanYuAspect"}],"items_purged_floors":[21],"is_endless":false,"potions_floor_spawned":[10,14,16,18,20],"killed_by":"REME_1_Revenger","ascension_level":3}}