{"host":"k7udt7atmcuzf6l0","time":1612096191,"event":{"mods":["AchievementEnabler","BaseMod","BetterRewards","Colored Map","Colored Powertips","Highlight Path","Minty Spire (QoL Compilation)","Quick Restart","Rare Cards Sparkle","Relic Stats","StSLib","UnlockEverythingMod"],"gold_per_floor":[119,119,131,146,22,22,54,54,106,106,21,21,39,52,52,157,157,176,106,117,117,117,117,117],"floor_reached":23,"language":"ZHS","playtime":395,"items_purged":["Regret"],"score":189,"play_id":"706a258f-5f48-4b0a-b043-242e6d16b034","local_time":"20210131202951","is_ascension_mode":false,"campfire_choices":[{"data":"Flex","floor":6.0,"key":"SMITH"},{"data":"Spot Weakness","floor":8.0,"key":"SMITH"},{"data":"Sword Boomerang","floor":10.0,"key":"SMITH"},{"data":"Discovery","floor":12.0,"key":"SMITH"},{"data":"Limit Break","floor":15.0,"key":"SMITH"}],"circlet_count":0,"master_deck":["Strike_R","Strike_R","Strike_R","Strike_R","Strike_R","Defend_R","Defend_R","Defend_R","Defend_R","Bash","Sword Boomerang+1","Flex+1","Spot Weakness+1","Bloodletting","Discovery+1","Limit Break+1","Dropkick","Offering","Armaments","Inflame","Clash+1","Writhe"],"relics":["Burning Blood","NeowsBlessing","Bag of Preparation","Shuriken","Art of War","Runic Pyramid","Nilry\u0027s Codex","Tiny Chest"],"acts_visited":["Exordium","TheCity"],"potions_floor_usage":[23],"damage_taken":[{"damage":0.0,"enemies":"Small Slimes","floor":1.0,"turns":1.0},{"damage":0.0,"enemies":"Jaw Worm","floor":3.0,"turns":1.0},{"damage":0.0,"enemies":"Cultist","floor":4.0,"turns":1.0},{"damage":16.0,"enemies":"Gremlin Nob","floor":7.0,"turns":3.0},{"damage":9.0,"enemies":"2 Fungi Beasts","floor":13.0,"turns":2.0},{"damage":14.0,"enemies":"Large Slime","floor":14.0,"turns":4.0},{"damage":29.0,"enemies":"The Guardian","floor":16.0,"turns":5.0},{"damage":19.0,"enemies":"3 Byrds","floor":18.0,"turns":3.0},{"damage":0.0,"enemies":"Shell Parasite","floor":20.0,"turns":1.0},{"damage":9,"enemies":"Slavers","floor":23,"turns":2}],"seed_played":"8520725411622040828","potions_obtained":[{"floor":1.0,"key":"Ancient Potion"},{"floor":13.0,"key":"SneckoOil"},{"floor":14.0,"key":"SkillPotion"},{"floor":18.0,"key":"FearPotion"}],"is_trial":false,"path_per_floor":["M","?","M","M","$","R","E","R","T","R","$","R","M","M","R","B",null,"M","$","M","?","?","E"],"character_chosen":"IRONCLAD","items_purchased":["FearPotion","Discovery","Inflame"],"campfire_rested":0,"item_purchase_floors":[5,11,19],"current_hp_per_floor":[80,80,80,80,80,80,70,70,70,70,70,70,67,59,59,36,80,67,67,73,57,57,48,48],"gold":117,"neow_bonus":"THREE_ENEMY_KILL","is_daily":false,"chose_seed":false,"campfire_upgraded":5,"win_rate":0.0,"timestamp":1612096191,"path_taken":["M","?","M","M","$","R","E","R","T","R","$","R","M","M","R","BOSS","M","$","M","?","?","E"],"items_purchased_type":["Potion","Card","Card"],"build_version":"2020-12-22","purchased_purges":1,"victory":false,"max_hp_per_floor":[80,80,80,80,80,80,80,80,80,80,80,80,80,80,80,80,80,80,80,80,80,80,80,80],"relic_stats":{"counters":[10,23],"Shuriken":[3],"Tiny Chest":0,"Bag of Preparation":[18],"Art of War":[1],"obtain_stats":[{"NeowsBlessing":0,"Shuriken":7,"Nilry\u0027s Codex":21,"Tiny Chest":22,"Bag of Preparation":2,"Art of War":9,"Burning Blood":0,"Runic Pyramid":17},{"NeowsBlessing":0,"Shuriken":4,"Nilry\u0027s Codex":9,"Tiny Chest":9,"Bag of Preparation":1,"Art of War":4,"Burning Blood":0,"Runic Pyramid":7},{"NeowsBlessing":0,"Shuriken":6,"Nilry\u0027s Codex":21,"Tiny Chest":21,"Bag of Preparation":1,"Art of War":6,"Burning Blood":0,"Runic Pyramid":17}],"Burning Blood":36},"card_choices":[{"not_picked":["Metallicize","Clothesline"],"picked":"Sword Boomerang","floor":1.0},{"not_picked":["Combust","Sword Boomerang"],"picked":"Flex","floor":3.0},{"not_picked":["Reckless Charge","Cleave"],"picked":"Spot Weakness","floor":4.0},{"not_picked":["Evolve","Shrug It Off"],"picked":"Bloodletting","floor":7.0},{"not_picked":["Iron Wave","Infernal Blade"],"picked":"Limit Break","floor":13.0},{"not_picked":["Clothesline","Havoc"],"picked":"Dropkick","floor":14.0},{"not_picked":["Double Tap","Limit Break"],"picked":"Offering","floor":16.0},{"not_picked":["Rampage","Iron Wave"],"picked":"Armaments","floor":18.0},{"not_picked":["Entrench","Pommel Strike+1"],"picked":"Clash+1","floor":20.0}],"player_experience":20075,"relics_obtained":[{"floor":7.0,"key":"Shuriken"},{"floor":9.0,"key":"Art of War"},{"floor":21.0,"key":"Nilry\u0027s Codex"}],"event_choices":[{"damage_healed":0.0,"max_hp_gain":0.0,"max_hp_loss":0.0,"gold_gain":0.0,"event_name":"Big Fish","player_choice":"Box","floor":2.0,"gold_loss":0.0,"damage_taken":0.0,"relics_obtained":["Bag of Preparation"],"cards_obtained":["Regret"]},{"damage_healed":0.0,"max_hp_gain":0.0,"max_hp_loss":0.0,"gold_gain":0.0,"event_name":"Cursed Tome","player_choice":"Obtained Book","floor":21.0,"gold_loss":0.0,"damage_taken":16.0},{"damage_healed":0,"gold_gain":0,"player_choice":"Opened","damage_taken":0,"relics_obtained":["Tiny Chest"],"max_hp_gain":0,"max_hp_loss":0,"event_name":"The Mausoleum","floor":22,"gold_loss":0,"cards_obtained":["Writhe"]}],"is_beta":false,"boss_relics":[{"not_picked":["Cursed Key","Astrolabe"],"picked":"Runic Pyramid"}],"items_purged_floors":[5],"is_endless":false,"potions_floor_spawned":[1,13,14,18],"killed_by":"Slavers","ascension_level":0}}