{"host":"y9jgkjnf95sujozk","time":1612100095,"event":{"mods":["2.2 Compatiblity","AchievementEnabler","Act Like it!","BaseMod","BetterRewards","Block Reminder","Colored Map","Colored Powertips","Friendly Minions","Gensokyo","GifTheSpireLib","Hallownest","Hermit","Highlight Path","HololiveMod","Hubris","Infinite Spire","Jorbs\u0027s Wanderer Trilogy","Koishi","Marisa（霧雨　魔理沙）","Minty Spire (QoL Compilation)","Quick Restart","Random Character Button","Rare Cards Sparkle","Reimu（博??梦）","Remilia（蕾米莉?）","Replay The Spire","Shop Mod","StSLib","SuperFastMode","The Bug Knight","The Cursed","The Disciple","The Hierophant","The Jungle","The Poker Player","The Runesmith","The Senshi","The Servant 0.9.4"],"gold_per_floor":[112,127,140,157,157,157,157,157,227,227,238,258,292,292,292,389,389,404,404,61,75,75,104,104,120,120,30,49,62,62,62,62,62,62,165,165,183,458,458,458,470,470,470,470,496,496,508,528,528,575,575,575],"floor_reached":53,"language":"ENG","playtime":1178,"items_purged":["Regret"],"score":941,"play_id":"2cc9f337-0fd8-4468-ad49-63afb5243b2d","local_time":"20210131143455","is_ascension_mode":true,"campfire_choices":[{"floor":6,"key":"REST"},{"data":"Barrage","floor":8,"key":"SMITH"},{"data":"Redo","floor":10,"key":"SMITH"},{"floor":15,"key":"REST"},{"floor":24,"key":"REST"},{"floor":32,"key":"REST"},{"floor":34,"key":"REST"},{"floor":42,"key":"REST"},{"floor":44,"key":"REST"},{"floor":46,"key":"REST"},{"floor":49,"key":"REST"},{"floor":51,"key":"REST"}],"circlet_count":0,"master_deck":["Strike_B+1","Strike_B+1","Strike_B+1","Strike_B+1","Defend_B+1","Defend_B+1","Defend_B+1","Defend_B+1","Zap+1","Dualcast+1","Capacitor","Scrape","Redo+1","Barrage+1","Barrage","Darkness","infinitespire:Collect","hubris:Prefetch","Compile Driver","Crow Ritual","Tempest","Machine Learning","Coolheaded+1","Doom and Gloom","Compile Driver","Redo","Ball Lightning","Fusion","Thunder Strike","Compile Driver+1","hubris:Fate","infinitespire:FutureSight","infinitespire:Fortify","infinitespire:Gouge","Tempest","Chill+1","Redo","Leap","Force Field","Ball Lightning+1","Capacitor","Go for the Eyes+1","Barrage+1"],"relics":["Cracked Core","Incense Burner","Symbiotic Virus","hubris:Metronome","Bag of Marbles","Philosopher\u0027s Stone","Lee\u0027s Waffle","Dream Catcher","Replay:Bottled Snecko","theJungle:ParSnip","HollowMod:PaleOreRelic","Fusion Hammer","hubris:CuriousFeather","Runesmith:UraniumAnvil","infinitespire:Satchel","theSenshi:SpiralHeartMoonRodRelic"],"acts_visited":["Exordium","Exordium","TheBeyond"],"potions_floor_usage":[13,13,21,21,23,23,35,35,50,50,50,50,52],"damage_taken":[{"damage":1,"enemies":"Cultist","floor":1,"turns":3},{"damage":2,"enemies":"2 Louse","floor":2,"turns":3},{"damage":9,"enemies":"Jaw Worm","floor":3,"turns":4},{"damage":5,"enemies":"Large Slime","floor":4,"turns":5},{"damage":15,"enemies":"Exordium Thugs","floor":11,"turns":4},{"damage":16,"enemies":"3 Louse","floor":12,"turns":3},{"damage":9,"enemies":"3 Sentries","floor":13,"turns":5},{"damage":10,"enemies":"Slime Boss","floor":16,"turns":7},{"damage":5,"enemies":"theJungle:5_Spyders","floor":18,"turns":5},{"damage":12,"enemies":"theJungle:GiantWrat","floor":21,"turns":4},{"damage":28,"enemies":"theJungle:Cassacara","floor":23,"turns":7},{"damage":54,"enemies":"theJungle:2_Flameangoes","floor":25,"turns":5},{"damage":1,"enemies":"theJungle:2_Snecko_Cultists","floor":28,"turns":4},{"damage":0,"enemies":"theJungle:JungleHuntersEncounter","floor":29,"turns":3},{"damage":44,"enemies":"theJungle:TotemBoss","floor":35,"turns":7},{"damage":11,"enemies":"Orb Walker","floor":37,"turns":2},{"damage":0,"enemies":"3 Shapes","floor":41,"turns":1},{"damage":17,"enemies":"Jaw Worm Horde","floor":47,"turns":4},{"damage":3,"enemies":"3 Darklings","floor":48,"turns":2},{"damage":30,"enemies":"2 Orb Walkers","floor":50,"turns":4},{"damage":28,"enemies":"Time Eater","floor":52,"turns":6}],"seed_played":"-6771988408621613111","potions_obtained":[{"floor":1,"key":"ZuzhouPotion:ReiMu"},{"floor":4,"key":"Elixir"},{"floor":13,"key":"FairyPotion"},{"floor":16,"key":"Strength Potion"},{"floor":18,"key":"SteroidPotion"},{"floor":21,"key":"LifebloodPotion"},{"floor":22,"key":"Toxic Potion"},{"floor":23,"key":"Death Potion"},{"floor":29,"key":"SpeedPotion"},{"floor":35,"key":"ColorlessPotion"},{"floor":47,"key":"Dexterity Potion"}],"is_trial":false,"path_per_floor":["M","M","M","M","?","R","T","R","T","R","M","M","E","?","R","B",null,"M","?","$","M","?","E","R","M","T","?","M","M","PTL","PTL","R","?","R","B",null,"M","?","$","AVR","M","R","?","R","T","R","M","M","R","?","R","B",null],"character_chosen":"DEFECT","items_purchased":["Lee\u0027s Waffle","Crow Ritual"],"campfire_rested":10,"item_purchase_floors":[20,20],"current_hp_per_floor":[74,72,63,58,58,75,75,75,75,75,60,44,35,17,39,29,75,70,70,82,70,70,42,66,12,12,12,11,11,11,11,35,35,59,15,82,71,71,71,71,71,82,82,82,82,82,65,62,82,52,76,50],"gold":575,"neow_bonus":"","is_daily":false,"chose_seed":false,"campfire_upgraded":2,"win_rate":0.0,"timestamp":1612100095,"path_taken":["M","M","M","M","?","R","?","R","T","R","M","M","E","?","R","BOSS","M","?","$","M","?","E","R","?","T","?","M","M","PTL","PTL","R","?","R","BOSS","M","?","?","AVR","M","R","?","R","T","R","?","M","R","?","R","BOSS"],"items_purchased_type":["Relic","Card"],"build_version":"2020-12-22","purchased_purges":1,"victory":true,"max_hp_per_floor":[75,75,75,75,75,75,75,75,75,75,75,75,75,75,75,75,75,75,75,82,82,82,82,82,82,82,82,82,82,82,82,82,82,82,82,82,82,82,82,82,82,82,82,82,82,82,82,82,82,82,82,82],"card_choices":[{"not_picked":["BasicCrystalCard","Leap"],"picked":"Capacitor","floor":1},{"not_picked":["Rip and Tear","Skim"],"picked":"Scrape","floor":2},{"not_picked":["Leap","Genetic Algorithm"],"picked":"Redo","floor":3},{"not_picked":["Heatsinks","Rip and Tear"],"picked":"Barrage","floor":4},{"not_picked":["Beam Cell","Cold Snap"],"picked":"Barrage","floor":11},{"not_picked":["Double Energy","Stack"],"picked":"Redo","floor":12},{"not_picked":["Hologram","ReplaySort"],"picked":"Darkness","floor":13},{"not_picked":["hubris:InfiniteBlow+435","infinitespire:SevenWalls"],"picked":"infinitespire:Collect","floor":14},{"not_picked":["Seek","ReplayTheSpireMod:Omega Cannon"],"picked":"hubris:Prefetch","floor":16},{"not_picked":["Ball Lightning+1","Crystallizer"],"picked":"Compile Driver","floor":18},{"not_picked":["Coolheaded+1","Go for the Eyes"],"picked":"Tempest","floor":21},{"not_picked":["Self Repair","Heatsinks"],"picked":"Machine Learning","floor":23},{"not_picked":["Gash+1","Scrape"],"picked":"Coolheaded+1","floor":24},{"not_picked":["Rebound","hubris:DoWhile"],"picked":"Doom and Gloom","floor":25},{"not_picked":["Stack+1","Rebound"],"picked":"Compile Driver","floor":28},{"not_picked":["Recycle+1","Rip and Tear"],"picked":"Redo","floor":29},{"not_picked":["Hologram+1","Turbo"],"picked":"Ball Lightning","floor":32},{"not_picked":["Stack","Steam"],"picked":"Fusion","floor":34},{"not_picked":["Mirror Shield","Meteor Strike"],"picked":"Thunder Strike","floor":35},{"not_picked":["Ball Lightning+1","Aggregate"],"picked":"Compile Driver+1","floor":37},{"not_picked":["Glacier+1","Rebound"],"picked":"Tempest","floor":41},{"not_picked":["ReplayGash+1","Aggregate+1"],"picked":"Chill","floor":42},{"not_picked":["Go for the Eyes+1","Rebound"],"picked":"Redo","floor":44},{"not_picked":["Streamline+1","Turbo"],"picked":"Leap","floor":46},{"not_picked":["Genetic Algorithm","Scrape+1"],"picked":"Force Field","floor":47},{"not_picked":["Turbo","Defragment+1"],"picked":"Ball Lightning+1","floor":48},{"not_picked":["Coolheaded","Streamline+1"],"picked":"Capacitor","floor":49},{"not_picked":["Sweeping Beam+1","Seek"],"picked":"Go for the Eyes+1","floor":50},{"not_picked":["Doom and Gloom","FIFO Queue"],"picked":"Barrage+1","floor":51}],"player_experience":122426,"relics_obtained":[{"floor":7,"key":"Symbiotic Virus"},{"floor":9,"key":"hubris:Metronome"},{"floor":13,"key":"Bag of Marbles"},{"floor":23,"key":"Dream Catcher"},{"floor":26,"key":"Replay:Bottled Snecko"},{"floor":45,"key":"infinitespire:Satchel"},{"floor":50,"key":"theSenshi:SpiralHeartMoonRodRelic"}],"event_choices":[{"damage_healed":0,"gold_gain":0,"player_choice":"Got Potions","damage_taken":0,"max_hp_gain":0,"max_hp_loss":0,"event_name":"Lab","floor":22,"gold_loss":0},{"cards_removed":["Redo"],"damage_healed":0,"gold_gain":0,"player_choice":"Gave Card","damage_taken":0,"relics_obtained":["HollowMod:PaleOreRelic"],"max_hp_gain":0,"max_hp_loss":0,"event_name":"WeMeetAgain","floor":33,"gold_loss":0},{"damage_healed":0,"gold_gain":275,"player_choice":"Desecrate","damage_taken":0,"max_hp_gain":0,"max_hp_loss":0,"event_name":"Golden Shrine","floor":38,"gold_loss":0,"cards_obtained":["Regret"]},{"damage_healed":0,"gold_gain":0,"player_choice":"Upgraded","damage_taken":0,"max_hp_gain":0,"max_hp_loss":0,"event_name":"Upgrade Shrine","floor":43,"gold_loss":0,"cards_upgraded":["Chill"]},{"damage_healed":0,"gold_gain":0,"player_choice":"Fight","damage_taken":0,"max_hp_gain":0,"max_hp_loss":0,"event_name":"Mysterious Sphere","floor":50,"gold_loss":0}],"is_beta":false,"boss_relics":[{"not_picked":["Replay:Grab Bag","Honey Jar"],"picked":"Philosopher\u0027s Stone"},{"not_picked":["FrozenCore","infinitespire:Cupcake"],"picked":"Fusion Hammer"}],"items_purged_floors":[40],"is_endless":false,"potions_floor_spawned":[1,4,13,16,18,21,23,29,35,47],"ascension_level":1}}