{"host":"gaqyve1328ta0etl","time":1612088151,"event":{"mods":["BaseMod","Colored Map","Colored Powertips","Googly Eyes","Minty Spire (QoL Compilation)","Shop Mod","StSLib","SuperFastMode","The Hierophant","The Runesmith"],"gold_per_floor":[117,117,133,133,58,58,92,92,92,106,106,131,145,145,145,270,270,291,309,323,323,339,339,362,362,362,362,262,287,312,113,113,113,113],"floor_reached":33,"language":"ENG","playtime":680,"items_purged":["Strike_R","Strike_R","Strike_R"],"score":463,"play_id":"8befc20f-225e-467e-8ca9-143f12d7f19d","local_time":"20210131021551","is_ascension_mode":true,"campfire_choices":[{"data":"Wild Strike","floor":6.0,"key":"SMITH"},{"data":"Bash","floor":8.0,"key":"SMITH"},{"data":"Pommel Strike","floor":11.0,"key":"SMITH"},{"data":"Pommel Strike","floor":15.0,"key":"SMITH"},{"floor":23,"key":"REST"},{"floor":27,"key":"REST"},{"floor":32,"key":"REST"}],"circlet_count":0,"master_deck":["AscendersBane","Strike_R","Strike_R","Defend_R","Defend_R","Defend_R+1","Defend_R","Bash+1","Wild Strike+1","Pommel Strike+1","Pommel Strike+1","Limit Break","Body Slam","Spot Weakness+1","Armaments+1","Evolve","Fire Breathing"],"relics":["Burning Blood","NeowsBlessing","Golden Idol","Omamori","Matryoshka","Mark of Pain","War Paint","Pocketwatch"],"acts_visited":["Exordium","TheCity"],"potions_floor_usage":[22,24,30,30,30],"damage_taken":[{"damage":0.0,"enemies":"Small Slimes","floor":1.0,"turns":1.0},{"damage":0.0,"enemies":"Jaw Worm","floor":3.0,"turns":1.0},{"damage":0.0,"enemies":"Lagavulin","floor":7.0,"turns":1.0},{"damage":0.0,"enemies":"2 Louse","floor":10.0,"turns":2.0},{"damage":23.0,"enemies":"Lots of Slimes","floor":12.0,"turns":5.0},{"damage":1.0,"enemies":"2 Fungi Beasts","floor":13.0,"turns":3.0},{"damage":54.0,"enemies":"Hexaghost","floor":16.0,"turns":10.0},{"damage":40.0,"enemies":"Spheric Guardian","floor":18.0,"turns":6.0},{"damage":2,"enemies":"Chosen","floor":19,"turns":4},{"damage":26,"enemies":"Snecko","floor":20,"turns":5},{"damage":68,"enemies":"Snake Plant","floor":22,"turns":6},{"damage":37,"enemies":"Sentry and Sphere","floor":24,"turns":5},{"damage":24,"enemies":"Centurion and Healer","floor":29,"turns":6},{"damage":30,"enemies":"Shelled Parasite and Fungi","floor":30,"turns":5},{"damage":67,"enemies":"Automaton","floor":33,"turns":6}],"seed_played":"-4518113726380077206","potions_obtained":[{"floor":13.0,"key":"SkillPotion"},{"floor":14.0,"key":"Fruit Juice"},{"floor":14.0,"key":"CultistPotion"},{"floor":18,"key":"Weak Potion"},{"floor":20,"key":"BlessingOfTheForge"},{"floor":29,"key":"EntropicBrew"}],"is_trial":false,"path_per_floor":["M","?","M","?","$","R","E","R","T","M","R","M","M","?","R","B",null,"M","M","M","?","M","R","M","?","T","R","$","M","M","$","R","B"],"character_chosen":"IRONCLAD","items_purchased":["Fire Breathing"],"campfire_rested":3,"item_purchase_floors":[31],"current_hp_per_floor":[78,78,80,60,60,60,66,66,66,72,72,55,60,65,65,17,68,34,38,18,95,33,61,30,30,30,58,58,40,30,30,58,0,0],"gold":113,"neow_bonus":"THREE_ENEMY_KILL","is_daily":false,"chose_seed":false,"campfire_upgraded":4,"win_rate":0.0,"timestamp":1612088151,"path_taken":["M","?","M","?","$","R","E","R","T","M","R","?","M","?","R","BOSS","M","?","M","?","M","R","?","?","T","R","$","M","M","$","R","BOSS"],"items_purchased_type":["Card"],"build_version":"2020-12-22","purchased_purges":3,"victory":false,"max_hp_per_floor":[80,80,80,80,80,80,80,80,80,80,80,80,80,85,85,85,85,85,85,85,95,95,95,95,95,95,95,95,95,95,95,95,95,95],"card_choices":[{"not_picked":["Flex","Warcry"],"picked":"Wild Strike","floor":1.0},{"not_picked":["Warcry","Dark Embrace","Clash"],"picked":"SKIP","floor":3.0},{"not_picked":["Cleave","Rage","Thunderclap"],"picked":"SKIP","floor":7.0},{"not_picked":["Flex","Intimidate"],"picked":"Pommel Strike","floor":10.0},{"not_picked":["Rupture","Headbutt"],"picked":"Pommel Strike","floor":12.0},{"not_picked":["Warcry","Sword Boomerang"],"picked":"Impervious","floor":13.0},{"not_picked":["Brutality","Juggernaut"],"picked":"Limit Break","floor":16.0},{"not_picked":["True Grit","Carnage"],"picked":"Body Slam","floor":18},{"not_picked":["Seeing Red","Headbutt","Cleave"],"picked":"SKIP","floor":19},{"not_picked":["Heavy Blade","Rage"],"picked":"Spot Weakness","floor":20},{"not_picked":["Perfected Strike","Power Through","Spot Weakness"],"picked":"SKIP","floor":22},{"not_picked":["Twin Strike","Clash","Pommel Strike"],"picked":"SKIP","floor":24},{"not_picked":["Cleave","Combust"],"picked":"Armaments+1","floor":29},{"not_picked":["Whirlwind","Corruption"],"picked":"Evolve","floor":30}],"player_experience":2060245,"relics_obtained":[{"floor":7.0,"key":"Omamori"},{"floor":9.0,"key":"Matryoshka"},{"floor":26,"key":"War Paint"},{"floor":26,"key":"Pocketwatch"}],"event_choices":[{"damage_healed":0.0,"max_hp_gain":0.0,"max_hp_loss":0.0,"gold_gain":0.0,"event_name":"Liars Game","player_choice":"Ignored","floor":2.0,"gold_loss":0.0,"damage_taken":0.0},{"damage_healed":0.0,"max_hp_gain":0.0,"max_hp_loss":0.0,"gold_gain":0.0,"event_name":"Golden Idol","player_choice":"Take Damage","floor":4.0,"gold_loss":0.0,"damage_taken":20.0,"relics_obtained":["Golden Idol"]},{"damage_healed":0.0,"max_hp_gain":0.0,"max_hp_loss":0.0,"gold_gain":0.0,"event_name":"Lab","player_choice":"Got Potions","floor":14.0,"gold_loss":0.0,"damage_taken":0.0},{"cards_removed":["Impervious"],"damage_healed":67,"gold_gain":0,"player_choice":"Offered Rare","damage_taken":0,"max_hp_gain":10,"max_hp_loss":0,"event_name":"Bonfire Elementals","floor":21,"gold_loss":0},{"damage_healed":0,"gold_gain":0,"player_choice":"Ignored","damage_taken":0,"max_hp_gain":0,"max_hp_loss":0,"event_name":"Cursed Tome","floor":25,"gold_loss":0}],"is_beta":false,"boss_relics":[{"not_picked":["Runic Pyramid","Astrolabe"],"picked":"Mark of Pain"}],"items_purged_floors":[5,28,31],"is_endless":false,"potions_floor_spawned":[13,18,20,29],"killed_by":"Automaton","ascension_level":12}}