{"host":"nlowmoq7gy18n72d","time":1612128756,"event":{"mods":["BaseMod","Colored Powertips","Conspire","Downfall","Hermit","Highlight Path","Infinite Spire","Jorbs\u0027s Wanderer Trilogy","Minty Spire (QoL Compilation)","Rare Cards Sparkle","Replay The Spire","StSLib","The Cursed","The Hierophant"],"gold_per_floor":[99,114,125,110,125,140,188,88,120,120,142,156,156,186,198,198,198,198],"floor_reached":16,"language":"ENG","playtime":512,"items_purged":[],"score":123,"play_id":"9fbbf690-7a9d-4694-9dfd-f0fbf438707b","local_time":"20210201003236","is_ascension_mode":true,"campfire_choices":[{"floor":1,"key":"RECALL"},{"data":"bronze:InfiniteLoop","floor":8,"key":"SMITH"},{"data":"bronze:Overheat","floor":10,"key":"SMITH"}],"circlet_count":0,"master_deck":["bronze:Strike","bronze:Strike","bronze:Strike","bronze:Strike","bronze:Defend","bronze:Defend","bronze:Defend","bronze:Defend","bronze:Replicate","bronze:Goto","bronze:Constructor+1","bronze:Overheat+1","bronze:FindAndReplace","bronze:WhirlingStrike","bronze:InfiniteLoop+1","bronze:Frontload","bronze:CloningBeam","bronze:Separator","bronze:GetLatest","bronze:Safeguard"],"relics":["bronze:BronzeCore","Oddly Smooth Stone","downfall:HeartBlessingRed","Lantern","Odd Mushroom","Regal Pillow"],"acts_visited":["Exordium"],"potions_floor_usage":[4,11,16,16],"damage_taken":[{"damage":6,"enemies":"Cultist","floor":2,"turns":4},{"damage":5,"enemies":"Small Slimes","floor":3,"turns":3},{"damage":0,"enemies":"downfall:FleeingMerchant","floor":4,"turns":4},{"damage":3,"enemies":"Jaw Worm","floor":5,"turns":4},{"damage":0,"enemies":"2 Fungi Beasts","floor":6,"turns":2},{"damage":19,"enemies":"Lagavulin","floor":9,"turns":5},{"damage":3,"enemies":"The Mushroom Lair","floor":11,"turns":3},{"damage":0,"enemies":"Large Slime","floor":12,"turns":3},{"damage":12,"enemies":"3 Sentries","floor":14,"turns":7},{"damage":0,"enemies":"2 Fungi Beasts","floor":15,"turns":2},{"damage":41,"enemies":"SI_SHIV_ARCHETYPE","floor":16,"turns":8}],"seed_played":"6525446232680478208","potions_obtained":[{"floor":2,"key":"Reflective Coating"},{"floor":11,"key":"Fruit Juice"},{"floor":14,"key":"SteroidPotion"},{"floor":15,"key":"SpeedPotion"}],"is_trial":false,"path_per_floor":["R","M","M","$","M","M","T","R","E","R","?","M","?","E","M","B"],"character_chosen":"THE_AUTOMATON","items_purchased":[],"campfire_rested":0,"item_purchase_floors":[],"current_hp_per_floor":[77,71,66,66,63,63,63,63,44,44,46,46,46,34,34,0,0,0],"gold":198,"neow_bonus":"TEN_PERCENT_HP_BONUS","is_daily":false,"chose_seed":false,"campfire_upgraded":2,"win_rate":0.0,"timestamp":1612128756,"path_taken":["R","M","M","?","M","M","T","R","E","R","?","M","?","E","M","BOSS"],"items_purchased_type":[],"build_version":"2020-12-22","purchased_purges":0,"victory":false,"max_hp_per_floor":[77,77,77,77,77,77,77,77,77,77,82,82,82,82,82,82,82,82],"card_choices":[{"not_picked":["bronze:Safeguard","bronze:Turbo"],"picked":"bronze:Constructor","floor":2},{"not_picked":["bronze:BuggyMess","bronze:Invalidate"],"picked":"bronze:Overheat","floor":3},{"not_picked":["bronze:DelayedSlice","bronze:Turbo"],"picked":"bronze:FindAndReplace","floor":4},{"not_picked":["bronze:Iterate","bronze:OilSpill"],"picked":"bronze:WhirlingStrike","floor":5},{"not_picked":["bronze:Overload","bronze:Branch"],"picked":"bronze:InfiniteLoop","floor":6},{"not_picked":["bronze:Assembly","bronze:Shield"],"picked":"bronze:Frontload","floor":9},{"not_picked":["bronze:Constructor","bronze:Fortify"],"picked":"bronze:CloningBeam","floor":11},{"not_picked":["bronze:BitShift","bronze:ItsAFeature"],"picked":"bronze:Separator","floor":12},{"not_picked":["bronze:WhirlingStrike","bronze:BuggyMess"],"picked":"bronze:GetLatest","floor":14},{"not_picked":["bronze:MaxOutput","bronze:Shell"],"picked":"bronze:Safeguard","floor":15}],"player_experience":748802,"relics_obtained":[{"floor":7,"key":"Oddly Smooth Stone"},{"floor":9,"key":"Lantern"},{"floor":11,"key":"Odd Mushroom"},{"floor":14,"key":"Regal Pillow"}],"event_choices":[{"damage_healed":0,"gold_gain":0,"player_choice":"Fought Mushrooms","damage_taken":0,"max_hp_gain":0,"max_hp_loss":0,"event_name":"Mushrooms","floor":11,"gold_loss":0}],"is_beta":false,"boss_relics":[],"items_purged_floors":[],"is_endless":false,"potions_floor_spawned":[2,11,14,15],"killed_by":"SI_SHIV_ARCHETYPE","ascension_level":2}}