{"host":"fl6c84p0pqwjbhud","time":1612091410,"event":{"mods":["AchievementEnabler","BaseMod","Better Third Choice","Better-Laid Plans","Colored Map","Defuse TimeMaze Blight","Energized Spire","Highlight Path","Minty Spire (QoL Compilation)","Permanent Neow","Quick Restart","StSLib","Synergy Search","Transform Curses"],"gold_per_floor":[113,129,204,204,220,220,251,267,267,285,285,285,304,304,304,304,304],"floor_reached":16,"language":"ENG","playtime":1177,"items_purged":[],"score":102,"play_id":"5e6e73f0-4e60-4239-ac2e-3a4d65963c26","local_time":"20210131121010","is_ascension_mode":false,"campfire_choices":[{"data":"Eruption","floor":6,"key":"SMITH"},{"floor":11,"key":"REST"},{"floor":15,"key":"REST"}],"circlet_count":0,"master_deck":["Strike_P","Strike_P","Strike_P","Strike_P","Defend_P","Defend_P","Defend_P","Defend_P","Eruption+1","Vigilance","FollowUp","Protect","CarveReality","LikeWater","InnerPeace","BattleHymn","FollowUp","Pain"],"relics":["PureWater","Anchor","Mummified Hand","Darkstone Periapt","Unceasing Top","WarpedTongs"],"acts_visited":["Exordium"],"potions_floor_usage":[],"damage_taken":[{"damage":0,"enemies":"Jaw Worm","floor":1,"turns":5},{"damage":0,"enemies":"Cultist","floor":2,"turns":4},{"damage":0,"enemies":"2 Louse","floor":5,"turns":3},{"damage":31,"enemies":"3 Sentries","floor":7,"turns":5},{"damage":3,"enemies":"Exordium Thugs","floor":8,"turns":5},{"damage":20,"enemies":"Exordium Wildlife","floor":10,"turns":4},{"damage":6,"enemies":"Lots of Slimes","floor":13,"turns":5},{"damage":51,"enemies":"Hexaghost","floor":16,"turns":12}],"seed_played":"5602113706889332213","potions_obtained":[{"floor":2,"key":"SpeedPotion"},{"floor":8,"key":"Strength Potion"},{"floor":13,"key":"GamblersBrew"}],"is_trial":false,"path_per_floor":["M","M","?","?","M","R","E","M","T","M","R","T","M","?","R","B"],"character_chosen":"WATCHER","items_purchased":[],"campfire_rested":2,"item_purchase_floors":[],"current_hp_per_floor":[72,72,61,61,61,61,30,27,27,7,28,28,22,28,51,0,0],"gold":304,"neow_bonus":"RANDOM_COMMON_RELIC","is_daily":false,"chose_seed":false,"campfire_upgraded":1,"win_rate":0.0,"timestamp":1612091410,"path_taken":["M","M","?","?","M","R","E","?","T","M","R","?","M","?","R","BOSS"],"items_purchased_type":[],"build_version":"2020-12-22","purchased_purges":0,"victory":false,"max_hp_per_floor":[72,72,72,72,72,72,72,72,72,72,72,72,72,78,78,78,78],"card_choices":[{"not_picked":["WreathOfFlame","ThirdEye"],"picked":"FollowUp","floor":1},{"not_picked":["EmptyFist","ThirdEye"],"picked":"Protect","floor":2},{"not_picked":["EmptyBody","Adaptation"],"picked":"CarveReality","floor":5},{"not_picked":["WaveOfTheHand","Sanctity"],"picked":"LikeWater","floor":7},{"not_picked":["EmptyFist","SignatureMove"],"picked":"InnerPeace","floor":8},{"not_picked":["Halt","CutThroughFate"],"picked":"BattleHymn","floor":10},{"not_picked":["ThirdEye","Adaptation"],"picked":"FollowUp","floor":13}],"player_experience":470214,"relics_obtained":[{"floor":7,"key":"Mummified Hand"},{"floor":9,"key":"Darkstone Periapt"},{"floor":12,"key":"Unceasing Top"}],"event_choices":[{"damage_healed":0,"gold_gain":75,"player_choice":"Gold","damage_taken":11,"max_hp_gain":0,"max_hp_loss":0,"event_name":"betterThird:BetterGoop","floor":3,"gold_loss":0},{"damage_healed":0,"gold_gain":0,"player_choice":"Ignored","damage_taken":0,"max_hp_gain":0,"max_hp_loss":0,"event_name":"NoteForYourself","floor":4,"gold_loss":0},{"damage_healed":0,"gold_gain":0,"player_choice":"Rummage","damage_taken":0,"relics_obtained":["WarpedTongs"],"max_hp_gain":0,"max_hp_loss":0,"event_name":"Accursed Blacksmith","floor":14,"gold_loss":0,"cards_obtained":["Pain"]}],"is_beta":false,"boss_relics":[],"items_purged_floors":[],"is_endless":false,"potions_floor_spawned":[2,8,13],"killed_by":"Hexaghost","ascension_level":0}}