{"host":"oh2im4g9zxdu5z5u","time":1612054465,"event":{"mods":["AchievementEnabler","BaseMod","Colored Map","Colored Powertips","Highlight Path","Minty Spire (QoL Compilation)","Relic Stats","everything is the same but u backflip on backflip"],"gold_per_floor":[114,126,126,126,140,140,13,53,53,53,53,53,94,107,107,238,238,263,287,301,28,53,53,87,12,37,37,37,37,50,69,69,199,199,214,214,239,37,37,37,37,53,77,77,77,77],"floor_reached":45,"language":"ENG","playtime":2354,"items_purged":["Regret"],"score":516,"play_id":"7d9d1ec9-d3f5-4b62-a03a-a28554b1eb8f","local_time":"20210130185425","is_ascension_mode":false,"campfire_choices":[{"data":"Zap","floor":6,"key":"SMITH"},{"floor":11,"key":"REST"},{"floor":15,"key":"REST"},{"floor":23,"key":"REST"},{"floor":27,"key":"REST"},{"data":"Buffer","floor":29,"key":"SMITH"},{"floor":32,"key":"REST"},{"data":"Auto Shields","floor":40,"key":"SMITH"},{"data":"Bite","floor":44,"key":"SMITH"}],"circlet_count":0,"master_deck":["Defend_B","Defend_B","Defend_B","Defend_B","Zap+1","Dualcast","Streamline+1","Rebound+1","Heatsinks","Hello World","Beam Cell+1","Machine Learning","Buffer+1","Go for the Eyes","Creative AI","Self Repair","Gash","Double Energy","All For One","Gash","White Noise+1","Auto Shields+1","Bite+1","Bite","Bite","Bite","Bite","Sweeping Beam+1","Leap+1","Machine Learning","Conserve Battery+1","Gash","Gash","Loop","Discovery","Discovery","Panacea","Madness","Madness","Redo+1"],"relics":["Cracked Core","Golden Idol","Darkstone Periapt","Letter Opener","Tiny Chest","Orichalcum","SlaversCollar","Potion Belt","Bottled Flame","Oddly Smooth Stone","Snecko Eye","Bottled Lightning","Lantern"],"acts_visited":["Exordium","TheCity","TheBeyond"],"potions_floor_usage":[24,24,33],"damage_taken":[{"damage":6,"enemies":"2 Louse","floor":1,"turns":2},{"damage":10,"enemies":"Small Slimes","floor":2,"turns":3},{"damage":11,"enemies":"Jaw Worm","floor":5,"turns":3},{"damage":26,"enemies":"Lagavulin","floor":8,"turns":5},{"damage":14,"enemies":"3 Sentries","floor":13,"turns":7},{"damage":4,"enemies":"Looter","floor":14,"turns":3},{"damage":16,"enemies":"Slime Boss","floor":16,"turns":8},{"damage":29,"enemies":"Shell Parasite","floor":18,"turns":6},{"damage":11,"enemies":"Chosen","floor":19,"turns":5},{"damage":27,"enemies":"Snecko","floor":20,"turns":5},{"damage":21,"enemies":"Cultist and Chosen","floor":22,"turns":6},{"damage":20,"enemies":"Gremlin Leader","floor":24,"turns":7},{"damage":23,"enemies":"Snake Plant","floor":30,"turns":5},{"damage":34,"enemies":"3 Cultists","floor":31,"turns":5},{"damage":46,"enemies":"Automaton","floor":33,"turns":10},{"damage":18,"enemies":"Orb Walker","floor":35,"turns":5},{"damage":3,"enemies":"3 Darklings","floor":37,"turns":2},{"damage":13,"enemies":"4 Shapes","floor":42,"turns":7},{"damage":48,"enemies":"Spire Growth","floor":45,"turns":5}],"seed_played":"-8821753594576887554","potions_obtained":[{"floor":8,"key":"GamblersBrew"},{"floor":13,"key":"SteroidPotion"},{"floor":18,"key":"SteroidPotion"},{"floor":20,"key":"PowerPotion"},{"floor":31,"key":"FearPotion"},{"floor":37,"key":"BlessingOfTheForge"},{"floor":42,"key":"Energy Potion"}],"is_trial":false,"path_per_floor":["M","M","?","?","M","R","$","E","T","?","R","?","E","M","R","B",null,"M","M","M","$","M","R","E","?","T","R","?","R","M","M","R","B",null,"M","T","M","$","?","R","?","M","T","R","M"],"character_chosen":"DEFECT","items_purchased":["Hello World","Beam Cell","All For One","Potion Belt","Gash","Gash","Loop"],"campfire_rested":5,"item_purchase_floors":[7,7,21,21,21,38,38],"current_hp_per_floor":[76,66,66,66,55,55,55,29,29,14,36,42,28,24,48,32,82,53,49,29,29,8,32,19,19,19,43,43,43,37,20,37,18,57,41,41,46,46,36,36,29,29,29,29,0,0],"gold":77,"neow_bonus":"TEN_PERCENT_HP_BONUS","is_daily":false,"chose_seed":false,"campfire_upgraded":4,"win_rate":0.0,"timestamp":1612054465,"path_taken":["M","M","?","?","?","R","$","E","T","?","R","?","E","M","R","BOSS","M","M","M","$","M","R","E","?","T","R","?","R","?","M","R","BOSS","M","?","M","$","?","R","?","?","T","R","M"],"items_purchased_type":["Card","Card","Card","Relic","Card","Card","Card"],"build_version":"2020-12-22","purchased_purges":1,"victory":false,"max_hp_per_floor":[82,82,82,76,76,76,76,76,76,76,76,82,82,82,82,82,82,82,82,82,82,82,82,82,82,82,82,57,57,57,57,57,57,57,57,57,57,57,57,57,57,57,57,57,57,57],"relic_stats":{"Darkstone Periapt":6,"counters":[19,99],"Golden Idol":117,"Snecko Eye":[42,31,31,32],"Tiny Chest":1,"Letter Opener":[121],"Orichalcum":[246],"obtain_stats":[{"Darkstone Periapt":8,"Potion Belt":21,"Lantern":43,"Golden Idol":4,"Oddly Smooth Stone":26,"Letter Opener":9,"Orichalcum":13,"SlaversCollar":17,"Bottled Flame":24,"Snecko Eye":34,"Tiny Chest":12,"Bottled Lightning":36,"Cracked Core":0},{"Darkstone Periapt":4,"Potion Belt":10,"Lantern":18,"Golden Idol":2,"Oddly Smooth Stone":12,"Letter Opener":4,"Orichalcum":5,"SlaversCollar":7,"Bottled Flame":12,"Snecko Eye":15,"Tiny Chest":4,"Bottled Lightning":16,"Cracked Core":0},{"Darkstone Periapt":13,"Potion Belt":47,"Lantern":94,"Golden Idol":5,"Oddly Smooth Stone":60,"Letter Opener":13,"Orichalcum":20,"SlaversCollar":31,"Bottled Flame":60,"Snecko Eye":80,"Tiny Chest":13,"Bottled Lightning":85,"Cracked Core":0}]},"card_choices":[{"not_picked":["Stack","Ball Lightning"],"picked":"Streamline","floor":1},{"not_picked":["Force Field","Stack"],"picked":"Rebound","floor":2},{"not_picked":["Rebound","Lockon"],"picked":"Heatsinks","floor":5},{"not_picked":["Hologram","Go for the Eyes"],"picked":"Machine Learning","floor":8},{"not_picked":["Chill","Hologram"],"picked":"Buffer","floor":13},{"not_picked":["Streamline","Hello World"],"picked":"Go for the Eyes","floor":14},{"not_picked":["Rainbow","Seek"],"picked":"Creative AI","floor":16},{"not_picked":["Beam Cell","Lockon"],"picked":"Self Repair","floor":18},{"not_picked":["Go for the Eyes","Rebound"],"picked":"Gash","floor":19},{"not_picked":["Beam Cell","Melter"],"picked":"Double Energy","floor":20},{"not_picked":["Storm+1","Sweeping Beam"],"picked":"White Noise+1","floor":22},{"not_picked":["Rebound","Machine Learning"],"picked":"Auto Shields","floor":24},{"not_picked":["Go for the Eyes","Gash+1"],"picked":"Sweeping Beam+1","floor":30},{"not_picked":["Redo","Cold Snap"],"picked":"Leap+1","floor":31},{"not_picked":["Echo Form","All For One"],"picked":"Machine Learning","floor":33},{"not_picked":["Go for the Eyes+1","Blizzard+1"],"picked":"Conserve Battery+1","floor":35},{"not_picked":["Loop+1","Hologram"],"picked":"Gash","floor":37},{"not_picked":["Enlightenment","Swift Strike"],"picked":"Discovery","floor":39},{"not_picked":["Jack Of All Trades","Flash of Steel"],"picked":"Discovery","floor":39},{"not_picked":["Bandage Up","Secret Technique"],"picked":"Panacea","floor":39},{"not_picked":["Hologram","Steam"],"picked":"Redo+1","floor":42}],"player_experience":30958,"relics_obtained":[{"floor":8,"key":"Darkstone Periapt"},{"floor":9,"key":"Letter Opener"},{"floor":13,"key":"Orichalcum"},{"floor":24,"key":"Bottled Flame"},{"floor":26,"key":"Oddly Smooth Stone"},{"floor":36,"key":"Bottled Lightning"},{"floor":43,"key":"Lantern"}],"event_choices":[{"damage_healed":0,"gold_gain":0,"player_choice":"Grow","damage_taken":0,"max_hp_gain":0,"max_hp_loss":0,"event_name":"Living Wall","floor":3,"gold_loss":0,"cards_upgraded":["Streamline"]},{"damage_healed":0,"gold_gain":0,"player_choice":"Lose Max HP","damage_taken":0,"relics_obtained":["Golden Idol"],"max_hp_gain":0,"max_hp_loss":6,"event_name":"Golden Idol","floor":4,"gold_loss":0},{"damage_healed":0,"gold_gain":0,"player_choice":"Entered Light","damage_taken":15,"max_hp_gain":0,"max_hp_loss":0,"event_name":"Shining Light","floor":10,"gold_loss":0,"cards_upgraded":["Rebound","Beam Cell"]},{"damage_healed":0,"gold_gain":0,"player_choice":"Box","damage_taken":0,"relics_obtained":["Tiny Chest"],"max_hp_gain":0,"max_hp_loss":0,"event_name":"Big Fish","floor":12,"gold_loss":0,"cards_obtained":["Regret"]},{"cards_removed":["Strike_B"],"damage_healed":0,"gold_gain":0,"player_choice":"Gave Gold","damage_taken":0,"max_hp_gain":0,"max_hp_loss":0,"event_name":"Beggar","floor":25,"gold_loss":75},{"damage_healed":0,"gold_gain":0,"player_choice":"Became a vampire","damage_taken":0,"max_hp_gain":0,"max_hp_loss":25,"event_name":"Vampires","floor":28,"gold_loss":0,"cards_obtained":["Bite","Bite","Bite","Bite","Bite"]},{"damage_healed":0,"gold_gain":0,"player_choice":"Memory 3","damage_taken":10,"max_hp_gain":0,"max_hp_loss":0,"event_name":"SensoryStone","floor":39,"gold_loss":0},{"damage_healed":0,"gold_gain":0,"player_choice":"Embrace Madness","damage_taken":7,"max_hp_gain":0,"max_hp_loss":0,"event_name":"Winding Halls","floor":41,"gold_loss":0,"cards_obtained":["Madness","Madness"]}],"is_beta":false,"boss_relics":[{"not_picked":["Ectoplasm","Sozu"],"picked":"SlaversCollar"},{"not_picked":["Cursed Key","Inserter"],"picked":"Snecko Eye"}],"items_purged_floors":[38],"is_endless":false,"potions_floor_spawned":[8,13,18,20,31,37,42],"killed_by":"Spire Growth","ascension_level":0}}