{"host":"djfsqftupta9xgss","time":1612069958,"event":{"mods":["ATMod(°¢èªMod)","Act Like it!","BaseMod","Downfall","Gensokyo","Minty Spire (QoL Compilation)","MostiFishMod","Replay The Spire","Spicy Shops","StSLib","TestMod"],"gold_per_floor":[99,99,99,99,114,114,114,132,145,181,181,200,100,122,142,244,244,244,259,259,259],"floor_reached":19,"language":"ZHS","playtime":479,"items_purged":[],"score":242,"play_id":"5bfcd115-18f9-404d-a787-5c38ae90a3ad","local_time":"20210131131238","is_ascension_mode":false,"campfire_choices":[{"floor":11,"key":"RECALL"},{"data":"bronze:RecursiveStrike","floor":13,"key":"SMITH"},{"floor":18,"key":"DIG"}],"circlet_count":0,"master_deck":["bronze:Strike","bronze:Defend","bronze:Replicate","AT_FamilyPortrait","m_Bronzebash","Body Slam","bronze:BronzeOrb","bronze:CutThrough","Fire Breathing","bronze:RecursiveStrike+1","bronze:CutThrough"],"relics":["AT_ATBox","DaveBox","testmod-TestBox","testmod-Fanaticism","ExusiaiGun","downfall:HeartsMalice","m_BronzeBlood","ReplayTheSpireMod:Ninjato","CeramicFish","downfall:HeartBlessingRed","Odd Mushroom","testmod-KeyOfTheVoid","Anchor"],"acts_visited":["Exordium","TheCity"],"potions_floor_usage":[14],"damage_taken":[{"damage":0,"enemies":"Jaw Worm","floor":2,"turns":1},{"damage":0,"enemies":"Small Slimes","floor":3,"turns":1},{"damage":0,"enemies":"Small Slimes","floor":4,"turns":1},{"damage":0,"enemies":"Cultist","floor":5,"turns":1},{"damage":0,"enemies":"Gremlin Gang","floor":8,"turns":1},{"damage":0,"enemies":"2 Fungi Beasts","floor":9,"turns":1},{"damage":0,"enemies":"Gremlin Nob","floor":10,"turns":1},{"damage":0,"enemies":"Large Slime","floor":12,"turns":1},{"damage":0,"enemies":"The Mushroom Lair","floor":14,"turns":2},{"damage":0,"enemies":"Exordium Wildlife","floor":15,"turns":1},{"damage":0,"enemies":"DF_ARCHETYPE_STREAMLINE","floor":16,"turns":2},{"damage":0,"enemies":"Spheric Guardian","floor":19,"turns":1}],"seed_played":"-8304556240751281393","potions_obtained":[{"floor":4,"key":"Explosive Potion"},{"floor":5,"key":"SkillPotion"},{"floor":8,"key":"FearPotion"},{"floor":14,"key":"testmod-SpacePotion"},{"floor":15,"key":"BlessingOfTheForge"},{"floor":16,"key":"Dexterity Potion"}],"is_trial":false,"path_per_floor":["R","M","M","?","M","?","T","M","M","E","R","M","R","?","M","B",null,"R","M"],"character_chosen":"THE_AUTOMATON","items_purchased":[],"campfire_rested":0,"item_purchase_floors":[],"current_hp_per_floor":[70,70,70,70,70,70,70,70,70,70,70,70,70,70,70,70,70,70,70,70,70],"gold":259,"neow_bonus":"THREE_ENEMY_KILL","is_daily":false,"chose_seed":false,"campfire_upgraded":1,"win_rate":0.0,"timestamp":1612069958,"path_taken":["R","M","M","?","M","?","T","?","M","E","R","?","R","?","M","BOSS","R","M"],"items_purchased_type":[],"build_version":"2020-12-22","purchased_purges":0,"victory":false,"max_hp_per_floor":[70,70,70,70,70,70,70,70,70,70,70,70,70,70,70,70,70,70,70,70,70],"card_choices":[{"not_picked":["bronze:DelayedGuard","bronze:Iterate"],"picked":"Body Slam","floor":2},{"not_picked":["bronze:Invalidate","bronze:CutThrough"],"picked":"bronze:BronzeOrb","floor":3},{"not_picked":["bronze:FineTuning","bronze:Allocate"],"picked":"bronze:CutThrough","floor":5},{"not_picked":["bronze:FineTuning","bronze:Boost"],"picked":"Fire Breathing","floor":8},{"not_picked":["Metallicize","bronze:DelayedSlice"],"picked":"bronze:RecursiveStrike","floor":9},{"not_picked":["bronze:Shield","bronze:Invalidate"],"picked":"bronze:CutThrough","floor":10},{"not_picked":["bronze:Terminator","bronze:Return","bronze:Flail"],"picked":"SKIP","floor":12},{"not_picked":["Body Slam","bronze:WhirlingStrike","bronze:ForLoop"],"picked":"SKIP","floor":15},{"not_picked":["bronze:Frontload+1","bronze:Iterate","bronze:Overheat"],"picked":"SKIP","floor":19}],"player_experience":422003,"relics_obtained":[{"floor":7,"key":"ReplayTheSpireMod:Ninjato"},{"floor":10,"key":"CeramicFish"},{"floor":14,"key":"Odd Mushroom"},{"floor":18,"key":"Anchor"}],"event_choices":[{"damage_healed":0,"gold_gain":0,"player_choice":"Fought Mushrooms","damage_taken":0,"max_hp_gain":0,"max_hp_loss":0,"event_name":"Mushrooms","floor":14,"gold_loss":0}],"is_beta":false,"boss_relics":[{"not_picked":["testmod-Nine","TimeKeys"],"picked":"testmod-KeyOfTheVoid"}],"items_purged_floors":[],"is_endless":false,"potions_floor_spawned":[4,5,8,10,14,15,16],"killed_by":"Spheric Guardian","ascension_level":0}}