{"host":"jpcy2bclvs7juczu","time":1612102527,"event":{"mods":["Alarm Clock","BaseMod","Bestiary","Block Reminder","Colored Map","Colored Powertips","Curses Come First","Dark Map","Filter the Spire","Minty Spire (QoL Compilation)","Quick Restart","RNG Fix","Random Character Button","Relic Stats","Slay the Relics Exporter","Smile Girya","StSLib","everything is the same but u backflip on backflip","ojb\u0027s Better Paths Mod","ojb\u0027s Info Mod","slay the spire mod where everything is the same but ironclad has a cowboy hat"],"gold_per_floor":[110,121,121,141,160,192,212,238,238,238,255,180,211,211,211,309,309,309],"floor_reached":17,"language":"ENG","playtime":695,"items_purged":[],"score":379,"play_id":"54e6d26d-5818-443f-a8e4-9a0b285342be","local_time":"20210131091527","is_ascension_mode":true,"campfire_choices":[{"floor":10,"key":"REST"},{"data":"Fire Breathing","floor":15,"key":"SMITH"}],"circlet_count":0,"master_deck":["AscendersBane","Bash","Berserk","True Grit","Anger","Warcry","Reckless Charge","Power Through","Bludgeon+1","Sword Boomerang","Burning Pact","Bloodletting","Iron Wave","Fire Breathing+1","Cleave","Battle Trance","Impervious","CurseOfTheBell"],"relics":["Pandora\u0027s Box","Du-Vu Doll","Letter Opener","Darkstone Periapt","Golden Idol","Calling Bell","Anchor","Pear","Mango"],"acts_visited":["Exordium","TheCity"],"potions_floor_usage":[13],"damage_taken":[{"damage":14,"enemies":"2 Louse","floor":1,"turns":2},{"damage":0,"enemies":"Small Slimes","floor":2,"turns":2},{"damage":0,"enemies":"Cultist","floor":4,"turns":2},{"damage":3,"enemies":"Blue Slaver","floor":5,"turns":1},{"damage":7,"enemies":"Gremlin Nob","floor":6,"turns":3},{"damage":10,"enemies":"Lots of Slimes","floor":7,"turns":4},{"damage":25,"enemies":"3 Sentries","floor":8,"turns":5},{"damage":0,"enemies":"Exordium Wildlife","floor":11,"turns":2},{"damage":20,"enemies":"Lagavulin","floor":13,"turns":5},{"damage":9,"enemies":"Slime Boss","floor":16,"turns":5}],"seed_played":"-151419919728452247","potions_obtained":[{"floor":5,"key":"SmokeBomb"},{"floor":8,"key":"Regen Potion"},{"floor":13,"key":"Block Potion"},{"floor":16,"key":"BlessingOfTheForge"}],"is_trial":false,"path_per_floor":["M","M","?","M","M","E","M","E","T","R","M","?","E","?","R","B",null],"character_chosen":"IRONCLAD","items_purchased":[],"campfire_rested":1,"item_purchase_floors":[],"current_hp_per_floor":[54,54,54,54,51,44,34,9,9,31,31,31,25,25,25,16,85,85],"gold":309,"neow_bonus":"BOSS_RELIC","is_daily":false,"chose_seed":false,"campfire_upgraded":1,"win_rate":0.0,"timestamp":1612102527,"path_taken":["M","M","?","M","M","E","M","E","T","R","M","?","E","?","R","BOSS"],"items_purchased_type":[],"build_version":"2020-12-22","purchased_purges":0,"victory":false,"max_hp_per_floor":[75,75,75,75,75,75,75,75,75,75,75,75,75,68,68,68,98,98],"relic_stats":{"Darkstone Periapt":6,"counters":[10,31],"Golden Idol":20,"Pandora\u0027s Box":["Berserk","True Grit","Anger","Searing Blow","Warcry","Reckless Charge","Power Through","Bludgeon","Sword Boomerang"],"Letter Opener":[5],"obtain_stats":[{"Du-Vu Doll":8,"Darkstone Periapt":13,"Calling Bell":17,"Anchor":17,"Pear":17,"Golden Idol":14,"Pandora\u0027s Box":0,"Mango":17,"Letter Opener":9,"Burning Blood":0},{"Du-Vu Doll":7,"Darkstone Periapt":9,"Calling Bell":10,"Anchor":10,"Pear":10,"Golden Idol":9,"Pandora\u0027s Box":0,"Mango":10,"Letter Opener":7,"Burning Blood":0},{"Du-Vu Doll":19,"Darkstone Periapt":26,"Calling Bell":31,"Anchor":31,"Pear":31,"Golden Idol":26,"Pandora\u0027s Box":0,"Mango":31,"Letter Opener":19,"Burning Blood":0}]},"card_choices":[{"not_picked":["Headbutt","Searing Blow"],"picked":"Burning Pact","floor":1},{"not_picked":["Body Slam","Ghostly Armor"],"picked":"Bloodletting","floor":2},{"not_picked":["Warcry","Flame Barrier","Rampage"],"picked":"SKIP","floor":4},{"not_picked":["Sword Boomerang","Clothesline"],"picked":"Iron Wave","floor":5},{"not_picked":["Thunderclap","Entrench"],"picked":"Fire Breathing","floor":6},{"not_picked":["Thunderclap","Clash","Bloodletting"],"picked":"SKIP","floor":7},{"not_picked":["Disarm","Flame Barrier"],"picked":"Cleave","floor":8},{"not_picked":["Wild Strike","Inflame"],"picked":"Battle Trance","floor":11},{"not_picked":["Wild Strike","Bloodletting","Cleave"],"picked":"SKIP","floor":13},{"not_picked":["Fiend Fire","Double Tap"],"picked":"Impervious","floor":16}],"player_experience":1517976,"relics_obtained":[{"floor":8,"key":"Du-Vu Doll"},{"floor":9,"key":"Letter Opener"},{"floor":13,"key":"Darkstone Periapt"},{"floor":17,"key":"Anchor"},{"floor":17,"key":"Pear"},{"floor":17,"key":"Mango"}],"event_choices":[{"damage_healed":0,"gold_gain":0,"player_choice":"Grow","damage_taken":0,"max_hp_gain":0,"max_hp_loss":0,"event_name":"Living Wall","floor":3,"gold_loss":0,"cards_upgraded":["Bludgeon"]},{"cards_removed":["Searing Blow"],"damage_healed":0,"gold_gain":0,"player_choice":"Card Removal","damage_taken":0,"max_hp_gain":0,"max_hp_loss":0,"event_name":"The Cleric","floor":12,"gold_loss":75},{"damage_healed":0,"gold_gain":0,"player_choice":"Lose Max HP","damage_taken":0,"relics_obtained":["Golden Idol"],"max_hp_gain":0,"max_hp_loss":7,"event_name":"Golden Idol","floor":14,"gold_loss":0}],"is_beta":false,"boss_relics":[{"not_picked":["Astrolabe","SlaversCollar"],"picked":"Calling Bell"}],"items_purged_floors":[],"is_endless":false,"potions_floor_spawned":[5,8,11,13,16],"ascension_level":20}}