{"host":"ydh61a5ftgdajrbo","time":1612096851,"event":{"mods":["BaseMod","Colored Map","Downfall","Hermit","Minty Spire (QoL Compilation)","Spire Arcade","StSLib","The Cursed","The Servant 0.9.4"],"gold_per_floor":[109,125,125,149,149,190,190,208,208,231,262,282,298,298,298,417,417,440,440,144,157,178,213,312,352,379,402,327,227,227,227,227,358,358,385,413,425,450,462,474,50,83,83,83,121,121,87,108,108,108],"floor_reached":51,"language":"ZHS","playtime":2665,"items_purged":["hermit:Defend_Hermit","hermit:Strike_Hermit","hermit:Defend_Hermit"],"score":880,"play_id":"b6e6bc07-95bd-4caf-a0df-b3571dd55e3e","local_time":"20210131204051","is_ascension_mode":false,"campfire_choices":[{"data":"hermit:CursedWeapon","floor":7.0,"key":"SMITH"},{"floor":15.0,"key":"REST"},{"data":"hermit:Snapshot","floor":32.0,"key":"SMITH"},{"data":"hermit:Vantage","floor":40,"key":"SMITH"},{"data":"hermit:Dissolve","floor":44,"key":"SMITH"},{"data":"hermit:Determination","floor":49,"key":"SMITH"}],"circlet_count":0,"master_deck":["hermit:Strike_Hermit","hermit:Strike_Hermit","hermit:Defend_Hermit","hermit:Defend_Hermit","hermit:Snapshot+1","hermit:Covet","hermit:CursedWeapon+1","hermit:NoHoldsBarred","Injury","hermit:Vantage+1","hermit:Roulette","hermit:Misfire","hermit:LuckOfTheDraw","hermit:Glare","hermit:Quickdraw","hermit:LowProfile","Regret","hermit:FinalCanter","hermit:CalledShot+1","hermit:BigShot","hermit:Manifest","hermit:Deadeye+1","hermit:Manifest+1","hermit:RoundhouseKick","CurseOfTheBell","hermit:Coalescence+1","hermit:Ricochet+1","hermit:PistolWhip+1","hermit:CursedWeapon+1","hermit:Dissolve+1","hermit:Determination+1","hermit:TakeAim"],"relics":["hermit:Momento","NeowsBlessing","Golden Idol","Bottled Lightning","Shuriken","Letter Opener","Meat on the Bone","Velvet Choker","sneckomod:BabySnecko","Sling","Tiny Chest","HornCleat","Oddly Smooth Stone","hexamod:BolsterEngine","Eternal Feather","Calling Bell","MawBank","InkBottle","Calipers","PreservedInsect","DollysMirror","Anchor","hermit:Horseshoe","Ancient Tea Set","Prayer Wheel"],"acts_visited":["Exordium","TheCity","TheBeyond"],"potions_floor_usage":[42,50,50],"damage_taken":[{"damage":0.0,"enemies":"Cultist","floor":1.0,"turns":1.0},{"damage":2.0,"enemies":"2 Louse","floor":2.0,"turns":2.0},{"damage":2.0,"enemies":"Small Slimes","floor":4.0,"turns":2.0},{"damage":13.0,"enemies":"3 Sentries","floor":6.0,"turns":5.0},{"damage":3.0,"enemies":"Red Slaver","floor":8.0,"turns":2.0},{"damage":2.0,"enemies":"Blue Slaver","floor":10.0,"turns":3.0},{"damage":23.0,"enemies":"Lagavulin","floor":11.0,"turns":6.0},{"damage":2.0,"enemies":"Large Slime","floor":12.0,"turns":3.0},{"damage":0.0,"enemies":"2 Fungi Beasts","floor":13.0,"turns":2.0},{"damage":42.0,"enemies":"Hexaghost","floor":16.0,"turns":10.0},{"damage":2.0,"enemies":"Chosen","floor":18.0,"turns":3.0},{"damage":12.0,"enemies":"2 Thieves","floor":21.0,"turns":2.0},{"damage":2.0,"enemies":"Centurion and Healer","floor":22.0,"turns":3.0},{"damage":13.0,"enemies":"Gremlin Leader","floor":23.0,"turns":4.0},{"damage":24.0,"enemies":"Slavers","floor":25.0,"turns":4.0},{"damage":2.0,"enemies":"Snecko","floor":27.0,"turns":2.0},{"damage":14.0,"enemies":"Champ","floor":33.0,"turns":7.0},{"damage":2,"enemies":"Orb Walker","floor":35,"turns":2},{"damage":9,"enemies":"3 Darklings","floor":36,"turns":3},{"damage":2,"enemies":"Sphere and 2 Shapes","floor":38,"turns":2},{"damage":2,"enemies":"Reptomancer","floor":42,"turns":2},{"damage":2,"enemies":"Nemesis","floor":45,"turns":3},{"damage":2,"enemies":"Spire Growth","floor":48,"turns":2},{"damage":59,"enemies":"Time Eater","floor":50,"turns":9}],"seed_played":"-719754987088410371","potions_obtained":[{"floor":1.0,"key":"SkillPotion"},{"floor":2.0,"key":"SpeedPotion"},{"floor":6.0,"key":"Fire Potion"},{"floor":11.0,"key":"Fire Potion"},{"floor":16.0,"key":"hermit:Eclipse"},{"floor":21.0,"key":"SkillPotion"},{"floor":45,"key":"PowerPotion"}],"is_trial":false,"path_per_floor":["M","M","?","M","?","E","R","M","T","M","E","M","M","?","R","B",null,"M","?","$","M","M","E","?","E","T","M","?","$","T","T","R","B",null,"M","M","?","M","?","R","$","E","T","R","E","T","$","M","R","B",null],"character_chosen":"HERMIT","items_purchased":["hermit:BigShot","Sling","PreservedInsect","DollysMirror","hermit:Determination"],"campfire_rested":1,"item_purchase_floors":[20,20,41,41,47],"current_hp_per_floor":[75,73,73,71,71,58,58,55,55,53,30,28,28,28,50,20,75,73,73,73,61,59,46,46,34,34,44,44,44,44,44,56,42,75,73,64,64,62,62,75,75,73,73,75,73,73,73,71,75,28],"gold":108,"neow_bonus":"THREE_ENEMY_KILL","is_daily":false,"chose_seed":false,"campfire_upgraded":5,"win_rate":0.0,"timestamp":1612096851,"path_taken":["M","?","?","M","?","E","R","?","T","M","E","M","M","?","R","BOSS","M","?","$","M","M","E","?","E","T","M","?","$","?","?","R","BOSS","M","M","?","M","?","R","?","E","T","R","E","?","$","M","R","BOSS"],"items_purchased_type":["Card","Relic","Relic","Relic","Card"],"build_version":"2020-12-22","purchased_purges":3,"victory":true,"max_hp_per_floor":[75,75,75,75,75,75,75,75,75,75,75,75,75,75,75,75,75,75,75,75,75,75,75,75,75,75,75,75,75,75,75,75,75,75,75,75,75,75,75,75,75,75,75,75,75,75,75,75,75,75],"card_choices":[{"not_picked":["hermit:Vantage","hermit:LuckOfTheDraw"],"picked":"hermit:CursedWeapon","floor":1.0},{"not_picked":["hermit:HoleUp","hermit:TakeCover"],"picked":"hermit:NoHoldsBarred","floor":2.0},{"not_picked":["hermit:Grudge","hermit:Virtue"],"picked":"hermit:Vantage","floor":4.0},{"not_picked":["hermit:SprayPray","hermit:HighCaliber"],"picked":"hermit:Roulette","floor":6.0},{"not_picked":["hermit:BlackWind","hermit:Showdown"],"picked":"hermit:Misfire","floor":8.0},{"not_picked":["hermit:ItchyTrigger","hermit:LoneWolf"],"picked":"hermit:LuckOfTheDraw","floor":10.0},{"not_picked":["hermit:Coalescence","hermit:Reprieve"],"picked":"hermit:Glare","floor":11.0},{"not_picked":["hermit:HighCaliber","hermit:HoleUp"],"picked":"hermit:Quickdraw","floor":12.0},{"not_picked":["hermit:Dive","hermit:CalledShot"],"picked":"hermit:LowProfile","floor":13.0},{"not_picked":["hermit:BlackWind","hermit:Purgatory"],"picked":"hermit:FinalCanter","floor":16.0},{"not_picked":["hermit:BodyArmor+1","hermit:Roulette"],"picked":"hermit:CalledShot+1","floor":18.0},{"not_picked":["hermit:LuckOfTheDraw+1","hermit:Quickdraw"],"picked":"hermit:Manifest","floor":21.0},{"not_picked":["hermit:Quickdraw","hermit:BodyArmor+1"],"picked":"hermit:Deadeye+1","floor":22.0},{"not_picked":["hermit:CalledShot","hermit:Roulette+1"],"picked":"hermit:Manifest+1","floor":23.0},{"not_picked":["hermit:Virtue","hermit:Gambit","hermit:Midnight"],"picked":"SKIP","floor":25.0},{"not_picked":["hermit:Virtue","hermit:Gambit","hermit:Midnight"],"picked":"SKIP","floor":25.0},{"not_picked":["hermit:NoHoldsBarred","hermit:Snipe","hermit:Combo"],"picked":"SKIP","floor":27.0},{"not_picked":["hermit:Adapt","hermit:FromBeyond"],"picked":"hermit:RoundhouseKick","floor":33.0},{"not_picked":["hermit:Gestalt+1","hermit:SprayPray"],"picked":"hermit:Coalescence+1","floor":35},{"not_picked":["hermit:Grudge","hermit:TrackingShot+1"],"picked":"hermit:Ricochet+1","floor":36},{"not_picked":["hermit:BodyArmor+1","hermit:Coalescence+1"],"picked":"hermit:PistolWhip+1","floor":38},{"not_picked":["hermit:NoHoldsBarred","hermit:Desperado+1"],"picked":"hermit:Dissolve","floor":42},{"not_picked":["hermit:Grudge","hermit:Vantage+1","hermit:Horror+1"],"picked":"SKIP","floor":45},{"not_picked":["hermit:WideOpen","hermit:Manifest+1"],"picked":"hermit:TakeAim","floor":48},{"not_picked":["hermit:Ricochet+1","hermit:Headshot+1","hermit:Gestalt"],"picked":"SKIP","floor":48}],"player_experience":339271,"relics_obtained":[{"floor":6.0,"key":"Bottled Lightning"},{"floor":9.0,"key":"Shuriken"},{"floor":11.0,"key":"Letter Opener"},{"floor":23.0,"key":"Tiny Chest"},{"floor":25.0,"key":"HornCleat"},{"floor":26.0,"key":"Oddly Smooth Stone"},{"floor":30.0,"key":"hexamod:BolsterEngine"},{"floor":31.0,"key":"Eternal Feather"},{"floor":34,"key":"MawBank"},{"floor":34,"key":"InkBottle"},{"floor":34,"key":"Calipers"},{"floor":42,"key":"Anchor"},{"floor":43,"key":"hermit:Horseshoe"},{"floor":45,"key":"Ancient Tea Set"},{"floor":46,"key":"Prayer Wheel"}],"event_choices":[{"damage_healed":0.0,"max_hp_gain":0.0,"max_hp_loss":0.0,"gold_gain":0.0,"event_name":"Golden Idol","player_choice":"Take Wound","floor":3.0,"gold_loss":0.0,"damage_taken":0.0,"relics_obtained":["Golden Idol"],"cards_obtained":["Injury"]},{"cards_removed":["hermit:Strike_Hermit"],"damage_healed":0.0,"max_hp_gain":0.0,"max_hp_loss":0.0,"gold_gain":0.0,"event_name":"Wheel of Change","player_choice":"Card Removal","floor":5.0,"gold_loss":0.0,"damage_taken":0.0},{"damage_healed":0.0,"max_hp_gain":0.0,"max_hp_loss":0.0,"gold_gain":0.0,"event_name":"Big Fish","player_choice":"Box","floor":14.0,"gold_loss":0.0,"damage_taken":0.0,"relics_obtained":["Meat on the Bone"],"cards_obtained":["Regret"]},{"damage_healed":0.0,"max_hp_gain":0.0,"max_hp_loss":0.0,"gold_gain":99.0,"event_name":"Nest","player_choice":"Stole From Cult","floor":24.0,"gold_loss":0.0,"damage_taken":0.0},{"cards_removed":["downfall:Bewildered"],"damage_healed":0.0,"max_hp_gain":0.0,"max_hp_loss":0.0,"gold_gain":0.0,"event_name":"Beggar","player_choice":"Gave Gold","floor":28.0,"gold_loss":75.0,"damage_taken":0.0},{"damage_healed":0,"gold_gain":0,"player_choice":"Ignored","damage_taken":0,"max_hp_gain":0,"max_hp_loss":0,"event_name":"SecretPortal","floor":37,"gold_loss":0},{"damage_healed":0,"gold_gain":0,"player_choice":"Ignored","damage_taken":0,"max_hp_gain":0,"max_hp_loss":0,"event_name":"Tomb of Lord Red Mask","floor":39,"gold_loss":0}],"is_beta":false,"boss_relics":[{"not_picked":["Ectoplasm","Runic Pyramid"],"picked":"Velvet Choker"},{"not_picked":["Runic Dome","Snecko Eye"],"picked":"Calling Bell"}],"items_purged_floors":[20,29,41],"is_endless":false,"potions_floor_spawned":[1,2,6,11,12,16,21,25,27,38,45],"ascension_level":0}}