{"host":"xxyfyv4t3rs3ce5d","time":1612136880,"event":{"mods":["BaseMod","Hubris","Infinite Spire","Minty Spire (QoL Compilation)","Replay The Spire","Shop Mod","StSLib","The Jungle"],"gold_per_floor":[113,230,244,244,255,271,271,327,402,402,412,425,37,49,49,49,49],"floor_reached":16,"language":"ENG","playtime":894,"items_purged":["Eruption"],"score":94,"play_id":"cfc8e6cd-1a06-47af-b8ab-aa8dff36d782","local_time":"20210131184800","is_ascension_mode":false,"campfire_choices":[{"data":"Replay:ManipulateFuture","floor":7,"key":"SMITH"},{"data":"Nirvana","floor":10,"key":"SMITH"},{"data":"Replay:Cycle","floor":15,"key":"SMITH"}],"circlet_count":0,"master_deck":["Strike_P","Strike_P","Strike_P","Strike_P","Defend_P","Defend_P","Defend_P","Defend_P","Vigilance","Weave+1","Replay:Cycle+1","Nirvana+1","Replay:ManipulateFuture+1"],"relics":["PureWater","Toy Ornithopter","Replay:Accelerometer","Mango"],"acts_visited":["Exordium"],"potions_floor_usage":[8,8,16],"damage_taken":[{"damage":0,"enemies":"2 Louse","floor":1,"turns":1},{"damage":0,"enemies":"Small Slimes","floor":3,"turns":3},{"damage":6,"enemies":"Jaw Worm","floor":5,"turns":3},{"damage":6,"enemies":"Exordium Thugs","floor":6,"turns":7},{"damage":10,"enemies":"Gremlin Nob","floor":8,"turns":3},{"damage":4,"enemies":"Exordium Wildlife","floor":11,"turns":6},{"damage":7,"enemies":"2 Fungi Beasts","floor":12,"turns":4},{"damage":0,"enemies":"Exordium Thugs","floor":14,"turns":4},{"damage":21,"enemies":"The Guardian","floor":16,"turns":12}],"seed_played":"4238054703751421329","potions_obtained":[{"floor":5,"key":"PowerPotion"},{"floor":6,"key":"ColorlessPotion"},{"floor":12,"key":"Flashbang"}],"is_trial":false,"path_per_floor":["M","?","M","?","M","M","R","?","T","R","M","M","$","M","R","B"],"character_chosen":"WATCHER","items_purchased":["Mango"],"campfire_rested":0,"item_purchase_floors":[13],"current_hp_per_floor":[72,54,54,54,48,42,42,32,32,32,28,21,35,35,35,19,19],"gold":49,"neow_bonus":"THREE_CARDS","is_daily":false,"chose_seed":false,"campfire_upgraded":3,"win_rate":0.0,"timestamp":1612136880,"path_taken":["M","?","M","?","M","M","R","?","T","R","M","M","$","M","R","BOSS"],"items_purchased_type":["Relic"],"build_version":"2020-12-22","purchased_purges":1,"victory":false,"max_hp_per_floor":[72,72,72,72,72,72,72,72,72,72,72,72,86,86,86,86,86],"card_choices":[{"not_picked":["Crescendo","WindmillStrike"],"picked":"Weave","floor":0},{"not_picked":["EmptyBody","EmptyFist"],"picked":"Replay:Cycle","floor":1},{"not_picked":["Consecrate","Vault"],"picked":"Nirvana","floor":2},{"not_picked":["FollowUp","Crescendo"],"picked":"Replay:ManipulateFuture","floor":2},{"not_picked":["FollowUp","WreathOfFlame","WindmillStrike"],"picked":"SKIP","floor":3},{"not_picked":["FearNoEvil","PathToVictory","Replay:BluntJabs"],"picked":"SKIP","floor":5},{"not_picked":["FlyingSleeves","Replay:AtTheReady","Evaluate"],"picked":"SKIP","floor":6},{"not_picked":["WreathOfFlame","Protect","InnerPeace"],"picked":"SKIP","floor":11},{"not_picked":["ReachHeaven","Tantrum","MentalFortress"],"picked":"SKIP","floor":12},{"not_picked":["Tantrum","EmptyFist","ReachHeaven"],"picked":"SKIP","floor":14}],"player_experience":209624,"relics_obtained":[{"floor":8,"key":"Toy Ornithopter"},{"floor":9,"key":"Replay:Accelerometer"}],"event_choices":[{"damage_healed":0,"gold_gain":30,"player_choice":"Searched \u00272\u0027 times","damage_taken":0,"max_hp_gain":0,"max_hp_loss":0,"event_name":"Dead Adventurer","floor":8,"gold_loss":0}],"is_beta":false,"boss_relics":[],"items_purged_floors":[13],"is_endless":false,"potions_floor_spawned":[5,6,12],"killed_by":"The Guardian","ascension_level":0}}