{"host":"7j2n82b2zha9fuyn","time":1612061736,"event":{"mods":["BaseMod","Block Reminder","Minty Spire (QoL Compilation)","Replay The Spire","StSLib"],"gold_per_floor":[362,381,306,86,103,103,121,147,147,167,167,192,192,212,212,286,286,298,318,58,68,68,68,101,113,113,113,138,138,138],"floor_reached":29,"language":"ENG","playtime":2621,"items_purged":["Strike_B","Defend_B"],"score":618,"play_id":"a126232e-89e2-48b4-83ed-ade6832ddd94","local_time":"20210130195535","is_ascension_mode":true,"campfire_choices":[{"data":"Eruption","floor":6,"key":"SMITH"},{"data":"Electrodynamics","floor":11,"key":"SMITH"},{"floor":15,"key":"REST"},{"floor":23,"key":"REST"},{"floor":27,"key":"REST"}],"circlet_count":0,"master_deck":["AscendersBane","Strike_B","Defend_B","Defend_B","Defend_B","Zap","Dualcast","Eruption+1","Strike_P","Ball Lightning","Sweeping Beam","Ball Lightning","Electrodynamics+1","Coolheaded+1","Reinforced Body+1","Cold Snap+1","Barrage+1","Mirror Shield+1","Compile Driver+1","Auto Shields+1","Core Surge+1","Chaos+1","Defragment+1"],"relics":["Cracked Core","Toxic Egg 2","Mirror","Molten Egg 2","Sozu","Du-Vu Doll","Replay:Bottled Steam","Symbiotic Virus"],"acts_visited":["Exordium","TheCity"],"potions_floor_usage":[12,16,21],"damage_taken":[{"damage":7.0,"enemies":"Small Slimes","floor":1.0,"turns":3.0},{"damage":0,"enemies":"2 Louse","floor":2,"turns":2},{"damage":2,"enemies":"Jaw Worm","floor":5,"turns":2},{"damage":12,"enemies":"3 Louse","floor":7,"turns":3},{"damage":15,"enemies":"3 Sentries","floor":8,"turns":3},{"damage":0,"enemies":"Large Slime","floor":10,"turns":3},{"damage":14,"enemies":"Gremlin Nob","floor":12,"turns":4},{"damage":15,"enemies":"Gremlin Gang","floor":14,"turns":3},{"damage":0,"enemies":"Slime Boss","floor":16,"turns":5},{"damage":16,"enemies":"3 Byrds","floor":18,"turns":3},{"damage":4,"enemies":"Shell Parasite","floor":19,"turns":3},{"damage":2,"enemies":"Snecko","floor":21,"turns":4},{"damage":10,"enemies":"Replay:Snechameleon","floor":24,"turns":4},{"damage":14,"enemies":"Centurion and Healer","floor":25,"turns":2},{"damage":26,"enemies":"Slavers","floor":28,"turns":3},{"damage":19,"enemies":"Snake Plant","floor":29,"turns":1}],"seed_played":"525187047682163171","potions_obtained":[{"floor":1.0,"key":"Strength Potion"},{"floor":14,"key":"Block Potion"}],"is_trial":false,"path_per_floor":["M","M","?","$","M","R","M","E","T","M","R","E","?","M","R","B",null,"M","M","$","M","?","R","E","M","T","R","E","M"],"character_chosen":"DEFECT","items_purchased":["Sweeping Beam","Regen Potion","Core Surge+1"],"campfire_rested":3,"item_purchase_floors":[4,4,20],"current_hp_per_floor":[57,57,57,57,55,55,43,28,28,28,28,26,26,11,32,32,61,45,41,41,39,19,41,31,17,17,39,13,0,0],"gold":138,"neow_bonus":"TWO_FIFTY_GOLD","is_daily":false,"chose_seed":false,"campfire_upgraded":2,"win_rate":0.0,"timestamp":1612061735,"path_taken":["M","M","?","$","M","R","M","E","T","M","R","E","?","M","R","BOSS","M","M","$","M","?","R","E","M","T","R","E","M"],"items_purchased_type":["Card","Potion","Card"],"build_version":"2020-12-22","purchased_purges":2,"victory":false,"max_hp_per_floor":[71,71,71,71,71,71,71,71,71,71,71,71,71,71,71,71,71,71,71,71,71,76,76,76,76,76,76,76,76,76],"card_choices":[{"not_picked":["Skim","Beam Cell"],"picked":"Ball Lightning","floor":1.0},{"not_picked":["ReplayTheSpireMod:Reroute Power","Redo","Gash"],"picked":"SKIP","floor":2},{"not_picked":["Chill","Self Repair"],"picked":"Ball Lightning","floor":5},{"not_picked":["Barrage","ReplayTheSpireMod:Reroute Power"],"picked":"Electrodynamics","floor":7},{"not_picked":["Self Repair","Core Surge"],"picked":"Coolheaded+1","floor":8},{"not_picked":["Ball Lightning","Skim+1"],"picked":"Reinforced Body+1","floor":10},{"not_picked":["All For One+1","Coolheaded+1"],"picked":"Cold Snap+1","floor":12},{"not_picked":["Lockon+1","Turbo+1"],"picked":"Barrage+1","floor":14},{"not_picked":["Machine Learning","Electrodynamics"],"picked":"Mirror Shield+1","floor":16},{"not_picked":["Stack+1","Redo+1"],"picked":"Compile Driver+1","floor":18},{"not_picked":["Turbo+1","Sunder+1"],"picked":"Auto Shields+1","floor":19},{"not_picked":["BasicCrystalCard+1","ReplayGash+1","Compile Driver+1"],"picked":"SKIP","floor":21},{"not_picked":["Compile Driver+1","ReplayTheSpireMod:Reroute Power+1"],"picked":"Chaos+1","floor":24},{"not_picked":["Ball Lightning+1","Compile Driver+1"],"picked":"Defragment+1","floor":25},{"not_picked":["Blizzard+1","Storm","Compile Driver+1"],"picked":"SKIP","floor":28}],"player_experience":1957717,"relics_obtained":[{"floor":8,"key":"Toxic Egg 2"},{"floor":9,"key":"Mirror"},{"floor":12,"key":"Molten Egg 2"},{"floor":24,"key":"Du-Vu Doll"},{"floor":26,"key":"Replay:Bottled Steam"},{"floor":28,"key":"Symbiotic Virus"}],"event_choices":[{"cards_removed":["Strike_B"],"damage_healed":0,"gold_gain":0,"player_choice":"Card Removal","damage_taken":0,"max_hp_gain":0,"max_hp_loss":0,"event_name":"The Cleric","floor":3,"gold_loss":75},{"cards_removed":["Strike_B"],"damage_healed":0,"gold_gain":0,"player_choice":"Forget","damage_taken":0,"max_hp_gain":0,"max_hp_loss":0,"event_name":"Living Wall","floor":13,"gold_loss":0},{"damage_healed":0,"gold_gain":0,"player_choice":"Shed Blood","damage_taken":25,"max_hp_gain":5,"max_hp_loss":0,"event_name":"Forgotten Altar","floor":22,"gold_loss":0}],"is_beta":false,"boss_relics":[{"not_picked":["Philosopher\u0027s Stone","Runic Pyramid"],"picked":"Sozu"}],"items_purged_floors":[4,20],"is_endless":false,"potions_floor_spawned":[1,5,7,10,14,21,24,28],"killed_by":"Snake Plant","ascension_level":18}}