{"host":"0uumfqrc8aynrssa","time":1612088255,"event":{"mods":["AchievementEnabler","Act Like it!","Aspiration","Astrologer","BaseMod","Better Altar","Better Match","Better Note","Better Sensory Stone","Better Skull","Better Third Choice","Better Vampires","CapriCore","Colored Map","Colored Powertips","Conspire","Downfall","Energized Spire","Friendly Minions","Gensokyo","GifTheSpireLib","Hallownest","Hermit","Highlight Path","Hubris","Infinite Spire","Koishi","Marisa????????","Marked Mod","Minty Spire (QoL Compilation)","Pale of the Ancients","Permanent Neow","Potionbrewer","Random Character Button","Rare Cards Sparkle","Reimu??????","Relic Sorter","Reliquary","Remilia??????","Robot Space Explorer","Shop Mod","Somnambulant","Spicy Shops","Spikes Relics","Spire Arcade","StSLib","Stuff the Spire","The Animator","The Awakened One except there are too many feathers","The Bug Knight","The Cursed","The Hierophant","The Immortal","The Marked","The Problem Sleuth","The Runesmith","The Servant 0.9.4","TheBandit","TheFirefly","Trackpad","Wandering Minibosses","everything is the same but u backflip on backflip","slay the spire mod where everything is the same but ironclad has a cowboy hat"],"gold_per_floor":[111,111,111,136,29,29,29,109,109,125,136,29,29,39,39,139,139,355,143,143,143],"floor_reached":20,"language":"ENG","playtime":898,"items_purged":["Strike_G","Defend_G","Strike_G","Strike_G"],"score":168,"play_id":"7c0fbaeb-9701-4893-af8b-9f94a6840210","local_time":"20210131051735","is_ascension_mode":true,"campfire_choices":[{"data":"Noxious Fumes","floor":6,"key":"SMITH"},{"floor":15,"key":"REST"}],"circlet_count":0,"master_deck":["Strike_G","Strike_G","Defend_G","Defend_G","Defend_G","Defend_G","Survivor","Neutralize","The Bomb","Cloak And Dagger","Noxious Fumes+1","conspire:DoublingDagger","Deadly Poison","Gensokyo:LockedMedkit","Bane","Envenom","StuffTheSpire:Injection+1","Well Laid Plans"],"relics":["Ring of the Snake"],"acts_visited":["Gensokyo:Gensokyo","Gensokyo:Gensokyoer"],"potions_floor_usage":[14,16,16,18],"damage_taken":[{"damage":2,"enemies":"Gensokyo:3_Fairies","floor":1,"turns":4},{"damage":2,"enemies":"Gensokyo:2_Kodama","floor":10,"turns":3},{"damage":2,"enemies":"Gensokyo:Gryphon","floor":11,"turns":4},{"damage":5,"enemies":"Gensokyo:Python_and_Kodama","floor":14,"turns":4},{"damage":30,"enemies":"Gensokyo:Yukari","floor":16,"turns":9},{"damage":30,"enemies":"Gensokyo:CosmicMonolith","floor":18,"turns":6},{"damage":34,"enemies":"Gensokyo:3_Dogs","floor":20,"turns":3}],"seed_played":"7022984212615762147","potions_obtained":[{"floor":10,"key":"DistilledChaos"},{"floor":11,"key":"Guardian:BlockOnCardUsePotion"},{"floor":14,"key":"Dexterity Potion"}],"is_trial":false,"path_per_floor":["M","?","?","T","$","R","$","?","T","M","M","COS","$","M","R","B",null,"M","$","M"],"character_chosen":"THE_SILENT","items_purchased":["Noxious Fumes","conspire:TimeTravelPotion","Well Laid Plans"],"campfire_rested":1,"item_purchase_floors":[5,7,19],"current_hp_per_floor":[61,55,55,55,55,55,37,37,37,35,33,33,33,28,46,32,63,33,33,0,0],"gold":143,"neow_bonus":"RANDOM_COLORLESS_2","is_daily":false,"chose_seed":false,"campfire_upgraded":1,"win_rate":0.0,"timestamp":1612088255,"path_taken":["M","?","?","?","$","R","?","?","T","M","M","COS","?","M","R","BOSS","M","$","M"],"items_purchased_type":["Card","Potion","Card"],"build_version":"2020-12-22","purchased_purges":4,"victory":false,"max_hp_per_floor":[63,63,63,63,63,63,63,63,63,63,63,63,63,63,63,63,63,63,63,63,63],"card_choices":[{"not_picked":["Master of Strategy","Magnetism"],"picked":"The Bomb","floor":0},{"not_picked":["Tactician","Slice"],"picked":"Cloak And Dagger","floor":1},{"not_picked":["Dagger Throw","Backflip"],"picked":"conspire:DoublingDagger","floor":10},{"not_picked":["Blur","Dagger Spray"],"picked":"Deadly Poison","floor":11},{"not_picked":["Slice","Outmaneuver"],"picked":"Bane","floor":14},{"not_picked":["Grand Finale","Wraith Form v2"],"picked":"Envenom","floor":16},{"not_picked":["Sucker Punch","Prepared"],"picked":"StuffTheSpire:Injection+1","floor":18}],"player_experience":949862,"relics_obtained":[],"event_choices":[],"is_beta":false,"boss_relics":[{"not_picked":["Tiny House","Empty Cage","hubris:HollowSoul"]}],"items_purged_floors":[7,7,19,19],"is_endless":false,"potions_floor_spawned":[10,11,14],"killed_by":"Gensokyo:3_Dogs","ascension_level":1}}