{"host":"4rvakrj1idbgia3f","time":1612111108,"event":{"mods":["BaseMod","Colored Map","Colored Powertips","DeckTracker","Highlight Path","Minty Spire (QoL Compilation)","Random Character Button","StSLib"],"gold_per_floor":[110,110,133,149,173,217,217,295,318,318,14,14,14,38,38,129,129,149,8,24,24,24,24,60,60,86,86,86,86,101,117,117,213,213,227,251,30,80,99,138,471,471,496,516,516,516],"floor_reached":45,"language":"JPN","playtime":1626,"items_purged":["Strike_B"],"score":1047,"play_id":"1d685aaf-8945-4431-baf0-537577057fde","local_time":"20210201013828","is_ascension_mode":true,"campfire_choices":[{"data":"Thunder Strike","floor":7.0,"key":"SMITH"},{"data":"Gash","floor":10.0,"key":"SMITH"},{"data":"Defragment","floor":12.0,"key":"SMITH"},{"data":"Gash","floor":15.0,"key":"SMITH"},{"data":"Biased Cognition","floor":23.0,"key":"SMITH"},{"data":"Static Discharge","floor":27,"key":"SMITH"},{"data":"Lockon","floor":29,"key":"SMITH"},{"floor":32,"key":"REST"}],"circlet_count":0,"master_deck":["AscendersBane","Zap+1","Dualcast","CurseOfTheBell","Stack+1","Tempest+1","Gash+1","Lockon+1","Defragment+1","Coolheaded+1","Steam+1","Gash+1","Biased Cognition+1","Fission+1","Skim+1","Tempest+1","Static Discharge+1","Fission+1","Double Energy+1","Chaos+1","Leap+1","Darkness+1","Lockon+1","Undo+1","White Noise+1","Biased Cognition","Leap+1","Hologram+1"],"relics":["Calling Bell","Vajra","Toxic Egg 2","FossilizedHelix","TungstenRod","Letter Opener","Lantern","Membership Card","Happy Flower","Pandora\u0027s Box","Question Card","DataDisk","Bronze Scales","Philosopher\u0027s Stone","Bottled Tornado","Lee\u0027s Waffle","Whetstone"],"acts_visited":["Exordium","TheCity","TheBeyond"],"potions_floor_usage":[24,39],"damage_taken":[{"damage":7.0,"enemies":"Jaw Worm","floor":1.0,"turns":4.0},{"damage":0.0,"enemies":"Cultist","floor":3.0,"turns":4.0},{"damage":0.0,"enemies":"2 Louse","floor":4.0,"turns":2.0},{"damage":21.0,"enemies":"Large Slime","floor":5.0,"turns":6.0},{"damage":25.0,"enemies":"3 Sentries","floor":6.0,"turns":8.0},{"damage":0.0,"enemies":"Red Slaver","floor":14.0,"turns":2.0},{"damage":0.0,"enemies":"The Guardian","floor":16.0,"turns":6.0},{"damage":0.0,"enemies":"2 Thieves","floor":18.0,"turns":2.0},{"damage":0.0,"enemies":"Shell Parasite","floor":20.0,"turns":3.0},{"damage":26,"enemies":"Slavers","floor":24,"turns":3},{"damage":0,"enemies":"Snake Plant","floor":30,"turns":1},{"damage":0,"enemies":"Snecko","floor":31,"turns":2},{"damage":11,"enemies":"Automaton","floor":33,"turns":7},{"damage":0,"enemies":"Orb Walker","floor":35,"turns":1},{"damage":39,"enemies":"3 Darklings","floor":36,"turns":4},{"damage":0,"enemies":"4 Shapes","floor":39,"turns":3},{"damage":45,"enemies":"Giant Head","floor":40,"turns":5},{"damage":17,"enemies":"Jaw Worm Horde","floor":44,"turns":2},{"damage":14,"enemies":"Nemesis","floor":45,"turns":1}],"seed_played":"-4613783844959562810","potions_obtained":[{"floor":1.0,"key":"PowerPotion"},{"floor":6.0,"key":"Swift Potion"},{"floor":14.0,"key":"Strength Potion"},{"floor":16.0,"key":"EssenceOfSteel"},{"floor":18.0,"key":"PowerPotion"},{"floor":31,"key":"BlessingOfTheForge"},{"floor":36,"key":"Weak Potion"},{"floor":40,"key":"Strength Potion"},{"floor":44,"key":"Swift Potion"}],"is_trial":false,"path_per_floor":["M","?","M","M","M","E","R","T","T","R","$","R","?","M","R","B",null,"M","$","M","?","$","R","E","?","T","R","?","R","M","M","R","B",null,"M","M","$","?","M","E","?","?","T","M","E"],"character_chosen":"DEFECT","items_purchased":["Membership Card","Defragment","Coolheaded+1","Steam+1","Question Card","Bottled Tornado","Lee\u0027s Waffle"],"campfire_rested":1,"item_purchase_floors":[11,11,11,11,19,37,37],"current_hp_per_floor":[57,57,57,57,36,11,11,11,11,11,11,11,11,11,11,11,51,51,51,51,51,51,51,25,25,25,25,25,25,25,25,44,33,56,56,17,71,71,71,26,26,26,26,9,0,0],"gold":516,"neow_bonus":"BOSS_RELIC","is_daily":false,"chose_seed":false,"campfire_upgraded":7,"win_rate":0.0,"timestamp":1612111108,"path_taken":["M","?","M","M","M","E","R","?","T","R","$","R","?","?","R","BOSS","M","$","M","?","?","R","E","?","T","R","?","R","?","M","R","BOSS","M","M","$","?","?","E","?","?","T","M","E"],"items_purchased_type":["Relic","Card","Card","Card","Relic","Relic","Relic"],"build_version":"2020-12-22","purchased_purges":1,"victory":false,"max_hp_per_floor":[71,64,64,64,64,64,64,64,64,64,64,64,64,64,64,64,64,64,64,64,64,64,64,64,64,64,64,64,64,64,64,64,64,64,64,64,71,71,71,71,71,71,71,71,71,71],"card_choices":[{"not_picked":["Sweeping Beam","Rebound"],"picked":"Stack+1","floor":1.0},{"not_picked":["Recycle+1","Consume+1"],"picked":"Tempest+1","floor":3.0},{"not_picked":["Scrape","Steam Power+1"],"picked":"Gash","floor":4.0},{"not_picked":["Darkness+1","Streamline"],"picked":"Thunder Strike","floor":5.0},{"not_picked":["Stack+1","Hello World"],"picked":"Lockon","floor":6.0},{"not_picked":["Heatsinks","Stack+1"],"picked":"Gash","floor":14.0},{"not_picked":["Thunder Strike","Creative AI"],"picked":"Biased Cognition","floor":16.0},{"not_picked":["Gash","Doom and Gloom"],"picked":"Double Energy+1","floor":18.0},{"not_picked":["Beam Cell+1","Compile Driver","Lockon"],"picked":"Chaos+1","floor":20.0},{"not_picked":["Turbo+1","Compile Driver","Lockon"],"picked":"Leap+1","floor":24},{"not_picked":["Heatsinks","Skim+1","Conserve Battery+1"],"picked":"Undo+1","floor":30},{"not_picked":["Static Discharge","Auto Shields+1","Stack+1"],"picked":"White Noise+1","floor":31},{"not_picked":["Multi-Cast+1","Rainbow+1","Electrodynamics"],"picked":"Biased Cognition","floor":33},{"not_picked":["Self Repair","Go for the Eyes","Turbo+1"],"picked":"Leap+1","floor":35},{"not_picked":["Sunder","Force Field+1","Redo+1","Stack+1"],"picked":"SKIP","floor":36},{"not_picked":["Self Repair","Turbo+1","Double Energy+1","Auto Shields+1"],"picked":"SKIP","floor":39},{"not_picked":["Core Surge","Auto Shields+1","Stack+1"],"picked":"Hologram+1","floor":40},{"not_picked":["Redo+1","Leap+1","Scrape","Sunder"],"picked":"SKIP","floor":44}],"player_experience":2148218,"relics_obtained":[{"floor":0.0,"key":"Vajra"},{"floor":0.0,"key":"Toxic Egg 2"},{"floor":0.0,"key":"FossilizedHelix"},{"floor":6.0,"key":"TungstenRod"},{"floor":8.0,"key":"Letter Opener"},{"floor":9.0,"key":"Lantern"},{"floor":24,"key":"DataDisk"},{"floor":26,"key":"Bronze Scales"},{"floor":40,"key":"Whetstone"}],"event_choices":[{"damage_healed":0.0,"max_hp_gain":0.0,"max_hp_loss":7.0,"gold_gain":0.0,"event_name":"Golden Idol","player_choice":"Lose Max HP","floor":2.0,"gold_loss":0.0,"damage_taken":0.0,"relics_obtained":["Golden Idol"]},{"damage_healed":0.0,"max_hp_gain":0.0,"max_hp_loss":0.0,"gold_gain":0.0,"event_name":"WeMeetAgain","player_choice":"Gave Potion","floor":13.0,"gold_loss":0.0,"damage_taken":0.0,"relics_obtained":["Happy Flower"]},{"damage_healed":0.0,"max_hp_gain":0.0,"max_hp_loss":0.0,"gold_gain":0.0,"cards_transformed":["Melter"],"event_name":"Transmorgrifier","player_choice":"Transformed","floor":21.0,"gold_loss":0.0,"damage_taken":0.0,"cards_obtained":["Rip and Tear"]},{"damage_healed":0,"gold_gain":0,"cards_transformed":["Sunder","Rip and Tear"],"player_choice":"Became Test Subject","damage_taken":0,"max_hp_gain":0,"max_hp_loss":0,"event_name":"Drug Dealer","floor":25,"gold_loss":0,"cards_obtained":["Darkness","Lockon"]},{"damage_healed":0,"gold_gain":0,"player_choice":"Forge","damage_taken":0,"max_hp_gain":0,"max_hp_loss":0,"event_name":"Accursed Blacksmith","floor":28,"gold_loss":0,"cards_upgraded":["Zap"]},{"damage_healed":0,"gold_gain":50,"player_choice":"Pray","damage_taken":0,"max_hp_gain":0,"max_hp_loss":0,"event_name":"Golden Shrine","floor":38,"gold_loss":0},{"damage_healed":0,"gold_gain":333,"player_choice":"Gave Idol","damage_taken":0,"max_hp_gain":0,"max_hp_loss":0,"event_name":"The Moai Head","floor":41,"relics_lost":["Golden Idol"],"gold_loss":0},{"cards_removed":["Thunder Strike"],"damage_healed":0,"gold_gain":0,"player_choice":"Removed Attack","damage_taken":0,"max_hp_gain":0,"max_hp_loss":0,"event_name":"Falling","floor":42,"gold_loss":0}],"is_beta":false,"boss_relics":[{"not_picked":["Ectoplasm","Snecko Eye"],"picked":"Pandora\u0027s Box"},{"not_picked":["Tiny House","Busted Crown"],"picked":"Philosopher\u0027s Stone"}],"items_purged_floors":[11],"is_endless":false,"potions_floor_spawned":[1,6,14,16,18,20,31,36,40,44],"killed_by":"Nemesis","ascension_level":20}}