{"host":"m4qpn8a4h7jhbw2f","time":1612119833,"event":{"mods":["BaseMod","Colored Map","Colored Powertips","Highlight Path","Minty Spire (QoL Compilation)","Rare Cards Sparkle","Relic Stats"],"gold_per_floor":[115,133,153,78,78,78,353,369,369,369,404,414,439,455,455,551,551,540,557,507,3,3,3],"floor_reached":22,"language":"ENG","playtime":2717,"items_purged":["Injury","Strike_R"],"score":216,"play_id":"5ee116bc-1a4b-436b-8a39-be4a8cadc500","local_time":"20210131140353","is_ascension_mode":true,"campfire_choices":[{"data":"Carnage","floor":6,"key":"SMITH"},{"data":"Headbutt","floor":10,"key":"SMITH"},{"data":"Battle Trance","floor":15,"key":"SMITH"}],"circlet_count":0,"master_deck":["Strike_R","Strike_R","Strike_R","Strike_R","Defend_R","Defend_R","Defend_R","Defend_R","Bash","Apotheosis+1","Headbutt+1","Shrug It Off","Carnage+1","Regret","Battle Trance+1","Flex","Double Tap","Headbutt","Anger"],"relics":["Burning Blood","Dream Catcher","Frozen Egg 2","Pantograph","Runic Pyramid","Sundial","Lantern"],"acts_visited":["Exordium","TheCity"],"potions_floor_usage":[13,19],"damage_taken":[{"damage":2,"enemies":"Cultist","floor":1,"turns":4},{"damage":0,"enemies":"2 Louse","floor":2,"turns":4},{"damage":2,"enemies":"Jaw Worm","floor":3,"turns":4},{"damage":23,"enemies":"Gremlin Gang","floor":8,"turns":8},{"damage":9,"enemies":"Gremlin Nob","floor":11,"turns":3},{"damage":5,"enemies":"2 Fungi Beasts","floor":12,"turns":3},{"damage":11,"enemies":"3 Sentries","floor":13,"turns":5},{"damage":1,"enemies":"Looter","floor":14,"turns":2},{"damage":75,"enemies":"Hexaghost","floor":16,"turns":10},{"damage":31,"enemies":"2 Thieves","floor":18,"turns":4},{"damage":28,"enemies":"3 Byrds","floor":19,"turns":3},{"damage":34,"enemies":"Shelled Parasite and Fungi","floor":22,"turns":2}],"seed_played":"-4223289692673966364","potions_obtained":[{"floor":1,"key":"LiquidBronze"},{"floor":8,"key":"DistilledChaos"},{"floor":12,"key":"BlessingOfTheForge"},{"floor":16,"key":"SmokeBomb"}],"is_trial":false,"path_per_floor":["M","M","M","$","?","R","?","M","T","R","E","M","E","M","R","B",null,"M","M","?","$","M"],"character_chosen":"IRONCLAD","items_purchased":["Sundial","Lantern"],"campfire_rested":0,"item_purchase_floors":[21,21],"current_hp_per_floor":[80,80,80,80,80,80,80,63,63,63,60,61,56,61,61,11,80,55,33,33,33,0,0],"gold":3,"neow_bonus":"RANDOM_COLORLESS_2","is_daily":false,"chose_seed":false,"campfire_upgraded":3,"win_rate":0.0,"timestamp":1612119833,"path_taken":["M","M","?","$","?","R","?","?","T","R","E","M","E","M","R","BOSS","M","M","?","$","?"],"items_purchased_type":["Relic","Relic"],"build_version":"2020-12-22","purchased_purges":2,"victory":false,"max_hp_per_floor":[80,80,80,80,80,80,80,80,80,80,80,80,80,80,80,80,80,80,80,80,80,80,80],"relic_stats":{"Dream Catcher":0,"counters":[12,52],"Sundial":[0],"Pantograph":19,"obtain_stats":[{"Dream Catcher":9,"Lantern":21,"Sundial":21,"Pantograph":13,"Frozen Egg 2":11,"Burning Blood":0,"Runic Pyramid":17},{"Dream Catcher":4,"Lantern":11,"Sundial":11,"Pantograph":7,"Frozen Egg 2":5,"Burning Blood":0,"Runic Pyramid":9},{"Dream Catcher":20,"Lantern":50,"Sundial":50,"Pantograph":31,"Frozen Egg 2":23,"Burning Blood":0,"Runic Pyramid":43}],"Burning Blood":52},"card_choices":[{"not_picked":["Metamorphosis","Secret Weapon"],"picked":"Apotheosis","floor":0},{"not_picked":["Disarm","Second Wind"],"picked":"Headbutt","floor":1},{"not_picked":["Armaments","Shockwave"],"picked":"Shrug It Off","floor":2},{"not_picked":["Heavy Blade","Searing Blow"],"picked":"Carnage","floor":3},{"not_picked":["Second Wind","Disarm","Rupture"],"picked":"SKIP","floor":8},{"not_picked":["Dual Wield","Corruption+1"],"picked":"Battle Trance","floor":11},{"not_picked":["Second Wind","Pommel Strike"],"picked":"Flex","floor":12},{"not_picked":["Armaments","Body Slam","Pommel Strike"],"picked":"SKIP","floor":13},{"not_picked":["Shockwave","Armaments","Iron Wave"],"picked":"SKIP","floor":14},{"not_picked":["Brutality+1","Fiend Fire"],"picked":"Double Tap","floor":16},{"not_picked":["Pommel Strike","Clash"],"picked":"Headbutt","floor":18},{"not_picked":["Armaments+1","Havoc+1"],"picked":"Anger","floor":19}],"player_experience":197795,"relics_obtained":[{"floor":9,"key":"Dream Catcher"},{"floor":11,"key":"Frozen Egg 2"},{"floor":13,"key":"Pantograph"}],"event_choices":[{"damage_healed":0,"gold_gain":0,"player_choice":"Grow","damage_taken":0,"max_hp_gain":0,"max_hp_loss":0,"event_name":"Living Wall","floor":5,"gold_loss":0,"cards_upgraded":["Apotheosis"]},{"damage_healed":0,"gold_gain":275,"player_choice":"Desecrate","damage_taken":0,"max_hp_gain":0,"max_hp_loss":0,"event_name":"Golden Shrine","floor":7,"gold_loss":0,"cards_obtained":["Regret"]},{"damage_healed":0,"gold_gain":0,"player_choice":"Bet on Murderer","damage_taken":0,"max_hp_gain":0,"max_hp_loss":0,"event_name":"The Joust","floor":20,"gold_loss":50}],"is_beta":false,"boss_relics":[{"not_picked":["Runic Cube","Velvet Choker"],"picked":"Runic Pyramid"}],"items_purged_floors":[4,21],"is_endless":false,"potions_floor_spawned":[1,8,12,16],"killed_by":"Shelled Parasite and Fungi","ascension_level":2}}