{"host":"4k1o517shm2ba6vh","time":1612115107,"event":{"mods":["AchievementEnabler","BaseMod","Minty Spire (QoL Compilation)","Smile Girya","StSLib","The Poker Player","everything is the same but u backflip on backflip"],"gold_per_floor":[114,133,150,167,184,211,211,235,235,235,261,4,17,35,35,112,112,112,112,67,67,67,67,67,67,67,67,67,67,67,67,67,67,67,67,67,67,67,67,67,0,0,0,0,0,0,0,0,0,0],"floor_reached":51,"language":"ENG","playtime":3793,"items_purged":[],"score":1317,"play_id":"8b894760-a406-4b94-857d-e418de3561f4","local_time":"20210131114507","is_ascension_mode":true,"campfire_choices":[{"floor":10.0,"key":"REST"},{"floor":15.0,"key":"REST"},{"data":"Finisher","floor":23.0,"key":"SMITH"},{"data":"Blade Dance","floor":25.0,"key":"SMITH"},{"floor":32,"key":"REST"},{"data":"1","floor":40,"key":"LIFT"},{"data":"2","floor":42,"key":"LIFT"},{"data":"3","floor":49,"key":"LIFT"}],"circlet_count":0,"master_deck":["AscendersBane","Strike_G","Strike_G","Strike_G","Defend_G","Defend_G","Defend_G","Defend_G","Defend_G","Survivor","Neutralize","Finisher+1","Deflect","Backflip","Blade Dance","Blade Dance+1","Dodge and Roll","Endless Agony","Wraith Form v2","Blade Dance","Cloak And Dagger","Well Laid Plans","Footwork","Blade Dance+1","A Thousand Cuts","Footwork"],"relics":["Ring of the Snake","Nunchaku","Mummified Hand","Odd Mushroom","Ornamental Fan","Kunai","Singing Bowl","Ectoplasm","Nilry\u0027s Codex","Bottled Lightning","Vajra","Matryoshka","Omamori","Philosopher\u0027s Stone","Girya","Red Mask","Centennial Puzzle","InkBottle","Toy Ornithopter"],"acts_visited":["Exordium","TheCity","TheBeyond"],"potions_floor_usage":[33,36,38,50],"damage_taken":[{"damage":0.0,"enemies":"2 Louse","floor":1.0,"turns":3.0},{"damage":0.0,"enemies":"Jaw Worm","floor":2.0,"turns":6.0},{"damage":6.0,"enemies":"Cultist","floor":3.0,"turns":3.0},{"damage":8.0,"enemies":"Blue Slaver","floor":4.0,"turns":6.0},{"damage":4.0,"enemies":"Exordium Wildlife","floor":5.0,"turns":3.0},{"damage":10.0,"enemies":"3 Sentries","floor":6.0,"turns":7.0},{"damage":30.0,"enemies":"The Mushroom Lair","floor":8.0,"turns":5.0},{"damage":14.0,"enemies":"Gremlin Nob","floor":11.0,"turns":4.0},{"damage":0.0,"enemies":"Large Slime","floor":13.0,"turns":6.0},{"damage":2.0,"enemies":"Gremlin Gang","floor":14.0,"turns":5.0},{"damage":1.0,"enemies":"The Guardian","floor":16.0,"turns":14.0},{"damage":0.0,"enemies":"Spheric Guardian","floor":18.0,"turns":6.0},{"damage":0.0,"enemies":"2 Thieves","floor":20.0,"turns":5.0},{"damage":0.0,"enemies":"Centurion and Healer","floor":22.0,"turns":9.0},{"damage":0.0,"enemies":"Gremlin Leader","floor":24.0,"turns":6.0},{"damage":8.0,"enemies":"Slavers","floor":27.0,"turns":6.0},{"damage":7.0,"enemies":"Snake Plant","floor":28.0,"turns":3.0},{"damage":20.0,"enemies":"Cultist and Chosen","floor":29.0,"turns":8.0},{"damage":20,"enemies":"Gremlin Leader","floor":31,"turns":8},{"damage":14,"enemies":"Champ","floor":33,"turns":13},{"damage":0,"enemies":"3 Darklings","floor":35,"turns":6},{"damage":10,"enemies":"3 Shapes","floor":36,"turns":7},{"damage":4,"enemies":"2 Orb Walkers","floor":37,"turns":5},{"damage":0,"enemies":"Maw","floor":38,"turns":6},{"damage":0,"enemies":"Spire Growth","floor":39,"turns":5},{"damage":0,"enemies":"3 Darklings","floor":44,"turns":5},{"damage":0,"enemies":"Jaw Worm Horde","floor":46,"turns":3},{"damage":0,"enemies":"Giant Head","floor":47,"turns":6},{"damage":1,"enemies":"Writhing Mass","floor":48,"turns":4},{"damage":10,"enemies":"Donu and Deca","floor":50,"turns":7}],"seed_played":"-1120157676001822787","potions_obtained":[{"floor":4.0,"key":"Poison Potion"},{"floor":5.0,"key":"Block Potion"},{"floor":8.0,"key":"BlessingOfTheForge"},{"floor":11.0,"key":"SpeedPotion"},{"floor":14.0,"key":"Fire Potion"},{"floor":20.0,"key":"AttackPotion"},{"floor":31,"key":"Poison Potion"},{"floor":35,"key":"SteroidPotion"},{"floor":36,"key":"EntropicBrew"},{"floor":38,"key":"Fire Potion"},{"floor":44,"key":"PowerPotion"}],"is_trial":false,"path_per_floor":["M","M","M","M","M","E","?","?","T","R","E","$","M","M","R","B",null,"M","?","M","?","M","R","E","R","T","E","M","M","?","E","R","B",null,"M","M","?","M","M","R","?","R","T","M","?","M","E","M","R","B",null],"character_chosen":"THE_SILENT","items_purchased":["Singing Bowl"],"campfire_rested":3,"item_purchase_floors":[12],"current_hp_per_floor":[63,63,57,49,45,35,35,5,5,26,12,12,14,14,36,35,64,64,64,64,48,50,50,50,50,50,44,39,21,21,3,28,16,69,71,63,59,61,63,63,63,63,63,63,63,65,67,68,68,63],"gold":0,"neow_bonus":"RANDOM_COMMON_RELIC","is_daily":false,"chose_seed":false,"campfire_upgraded":2,"win_rate":0.0,"timestamp":1612115107,"path_taken":["M","M","M","M","M","E","?","?","T","R","E","$","?","M","R","BOSS","M","?","M","?","M","R","E","R","T","E","M","?","?","E","R","BOSS","M","?","?","M","M","R","?","R","T","M","?","M","E","M","R","BOSS"],"items_purchased_type":["Relic"],"build_version":"2020-12-22","purchased_purges":0,"victory":true,"max_hp_per_floor":[70,70,70,70,70,70,70,70,70,70,70,70,72,74,74,74,74,74,74,74,74,76,76,76,76,76,78,80,82,82,84,84,86,86,88,90,90,92,94,94,94,94,94,94,94,96,98,100,100,100],"card_choices":[{"not_picked":["Deflect","Deadly Poison"],"picked":"Finisher","floor":1.0},{"not_picked":["Eviscerate","Prepared"],"picked":"Deflect","floor":2.0},{"not_picked":["Tactician","Distraction"],"picked":"Backflip","floor":3.0},{"not_picked":["Quick Slash","Finisher"],"picked":"Blade Dance","floor":4.0},{"not_picked":["Deadly Poison","PiercingWail"],"picked":"Blade Dance","floor":5.0},{"not_picked":["Underhanded Strike","Bane","Setup"],"picked":"SKIP","floor":6.0},{"not_picked":["Predator","Bane"],"picked":"Dodge and Roll","floor":8.0},{"not_picked":["Choke","Heel Hook"],"picked":"Endless Agony","floor":11.0},{"not_picked":["Flechettes","Underhanded Strike","Flying Knee"],"picked":"Singing Bowl","floor":13.0},{"not_picked":["Crippling Poison","Tactician","Prepared"],"picked":"Singing Bowl","floor":14.0},{"not_picked":["Storm of Steel","Envenom"],"picked":"Wraith Form v2","floor":16.0},{"not_picked":["Slice","Acrobatics"],"picked":"Blade Dance","floor":18.0},{"not_picked":["Dagger Throw","Cloak And Dagger"],"picked":"Well Laid Plans","floor":20.0},{"not_picked":["Acrobatics+1","Slice","Eviscerate"],"picked":"Singing Bowl","floor":22.0},{"not_picked":["Slice","Reflex"],"picked":"Footwork","floor":24.0},{"not_picked":["Setup","Escape Plan","Acrobatics"],"picked":"Singing Bowl","floor":27.0},{"not_picked":["All Out Attack","Dodge and Roll","Tactician"],"picked":"Singing Bowl","floor":28.0},{"not_picked":["Dagger Spray","Masterful Stab+1","Quick Slash"],"picked":"Singing Bowl","floor":29.0},{"not_picked":["Storm of Steel","Sucker Punch","Underhanded Strike"],"picked":"Singing Bowl","floor":31},{"not_picked":["Corpse Explosion","Unload","Die Die Die"],"picked":"Singing Bowl","floor":33},{"not_picked":["Acrobatics","Flying Knee","Deflect+1"],"picked":"Singing Bowl","floor":35},{"not_picked":["Sucker Punch","Prepared","Dagger Throw"],"picked":"Singing Bowl","floor":36},{"not_picked":["Dagger Throw+1","Underhanded Strike"],"picked":"A Thousand Cuts","floor":37},{"not_picked":["Underhanded Strike","Dagger Throw","Deadly Poison+1"],"picked":"Singing Bowl","floor":38},{"not_picked":["Cloak And Dagger","Slice","Finisher+1"],"picked":"Singing Bowl","floor":39},{"not_picked":["Flechettes+1","Prepared"],"picked":"Footwork","floor":44},{"not_picked":["Bouncing Flask","Dagger Throw","Deflect"],"picked":"Singing Bowl","floor":46},{"not_picked":["Dodge and Roll+1","Reflex","Well Laid Plans"],"picked":"Singing Bowl","floor":47},{"not_picked":["Sucker Punch+1","Quick Slash","Prepared"],"picked":"Singing Bowl","floor":48}],"player_experience":443650,"relics_obtained":[{"floor":6.0,"key":"Mummified Hand"},{"floor":8.0,"key":"Odd Mushroom"},{"floor":9.0,"key":"Ornamental Fan"},{"floor":11.0,"key":"Kunai"},{"floor":21.0,"key":"Nilry\u0027s Codex"},{"floor":24.0,"key":"Bottled Lightning"},{"floor":26.0,"key":"Vajra"},{"floor":27.0,"key":"Matryoshka"},{"floor":31,"key":"Omamori"},{"floor":37,"key":"Girya"},{"floor":43,"key":"Centennial Puzzle"},{"floor":43,"key":"InkBottle"},{"floor":47,"key":"Toy Ornithopter"}],"event_choices":[{"cards_removed":["Strike_G"],"damage_healed":0.0,"max_hp_gain":0.0,"max_hp_loss":0.0,"gold_gain":0.0,"event_name":"Living Wall","player_choice":"Forget","floor":7.0,"gold_loss":0.0,"damage_taken":0.0},{"damage_healed":0.0,"max_hp_gain":0.0,"max_hp_loss":0.0,"gold_gain":0.0,"event_name":"Mushrooms","player_choice":"Fought Mushrooms","floor":8.0,"gold_loss":0.0,"damage_taken":0.0},{"damage_healed":0.0,"max_hp_gain":0.0,"max_hp_loss":0.0,"gold_gain":0.0,"event_name":"The Library","player_choice":"Read","floor":19.0,"gold_loss":0.0,"damage_taken":0.0,"cards_obtained":["Cloak And Dagger"]},{"damage_healed":0.0,"max_hp_gain":0.0,"max_hp_loss":0.0,"gold_gain":0.0,"event_name":"Cursed Tome","player_choice":"Obtained Book","floor":21.0,"gold_loss":0.0,"damage_taken":16.0},{"damage_healed":0,"gold_gain":0,"player_choice":"Copied","damage_taken":0,"max_hp_gain":0,"max_hp_loss":0,"event_name":"Duplicator","floor":30,"gold_loss":0,"cards_obtained":["Blade Dance"]},{"damage_healed":0,"gold_gain":0,"player_choice":"Fight","damage_taken":0,"max_hp_gain":0,"max_hp_loss":0,"event_name":"Mysterious Sphere","floor":37,"gold_loss":0},{"damage_healed":0,"gold_gain":0,"player_choice":"Paid","damage_taken":0,"relics_obtained":["Red Mask"],"max_hp_gain":0,"max_hp_loss":0,"event_name":"Tomb of Lord Red Mask","floor":41,"gold_loss":67},{"cards_removed":["Strike_G"],"damage_healed":0,"gold_gain":0,"player_choice":"Removed Attack","damage_taken":0,"max_hp_gain":0,"max_hp_loss":0,"event_name":"Falling","floor":45,"gold_loss":0}],"is_beta":false,"boss_relics":[{"not_picked":["Snecko Eye","Fusion Hammer"],"picked":"Ectoplasm"},{"not_picked":["Cursed Key","SacredBark"],"picked":"Philosopher\u0027s Stone"}],"items_purged_floors":[],"is_endless":false,"potions_floor_spawned":[4,5,8,11,14,20,22,31,35,36,38,44,47],"ascension_level":13}}