{"host":"t1puqh5lxz8sp6fn","time":1612134805,"event":{"mods":["AchievementEnabler","BaseMod","Colored Powertips","Minty Spire (QoL Compilation)","Rare Cards Sparkle","Relic Stats","StSLib"],"gold_per_floor":[115,132,144,156,13,40,40,40,93,109,183,213,22,22,22,94,94,109,34,60,60,77,107,107,107],"floor_reached":24,"playtime":932,"items_purged":[],"score":370,"play_id":"d65d431d-30a0-4f92-a08b-f7ec13aba846","local_time":"20210131201325","is_ascension_mode":true,"campfire_choices":[{"floor":7,"key":"REST"},{"data":"Streamline","floor":15,"key":"SMITH"}],"circlet_count":0,"master_deck":["AscendersBane","Strike_B","Strike_B","Strike_B","Defend_B","Defend_B","Defend_B","Defend_B","Zap","Dualcast","Undo","Genetic Algorithm","Streamline+1","Ball Lightning","Echo Form","FTL","Beam Cell","Lockon","Self Repair","Seek","CurseOfTheBell","Melter","Sweeping Beam","Coolheaded","Leap"],"relics":["Cracked Core","Anchor","Toy Ornithopter","Sundial","Regal Pillow","Ornamental Fan","Strawberry","Membership Card","Calling Bell","Omamori","Symbiotic Virus","Calipers","Chemical X","Red Mask","Mercury Hourglass"],"acts_visited":["Exordium","TheCity"],"potions_floor_usage":[4,6,6,12,18,20,23],"damage_taken":[{"damage":1,"enemies":"Cultist","floor":1,"turns":3},{"damage":0,"enemies":"2 Louse","floor":2,"turns":2},{"damage":5,"enemies":"Small Slimes","floor":3,"turns":4},{"damage":32,"enemies":"Exordium Wildlife","floor":4,"turns":5},{"damage":35,"enemies":"Lagavulin","floor":6,"turns":6},{"damage":0,"enemies":"3 Louse","floor":10,"turns":3},{"damage":15,"enemies":"3 Sentries","floor":12,"turns":7},{"damage":13,"enemies":"Hexaghost","floor":16,"turns":8},{"damage":11,"enemies":"2 Thieves","floor":18,"turns":3},{"damage":51,"enemies":"Masked Bandits","floor":20,"turns":6},{"damage":16,"enemies":"Shell Parasite","floor":22,"turns":6},{"damage":51,"enemies":"Gremlin Leader","floor":23,"turns":8},{"damage":29,"enemies":"Centurion and Healer","floor":24,"turns":3}],"seed_played":"4839506149956349973","potions_obtained":[{"floor":1,"key":"SkillPotion"},{"floor":3,"key":"Strength Potion"},{"floor":4,"key":"Regen Potion"},{"floor":10,"key":"Regen Potion"},{"floor":14,"key":"EntropicBrew"},{"floor":14,"key":"ColorlessPotion"},{"floor":23,"key":"AttackPotion"}],"is_trial":false,"path_per_floor":["M","M","M","M","$","E","R","?","T","M","T","E","$","?","R","B",null,"M","$","?","?","M","E","M"],"character_chosen":"DEFECT","items_purchased":["Toy Ornithopter","Membership Card","Self Repair","Chemical X"],"campfire_rested":1,"item_purchase_floors":[5,13,13,19],"current_hp_per_floor":[67,67,62,30,30,20,42,42,42,42,42,54,54,54,54,48,74,75,75,29,29,27,24,0,0],"gold":107,"neow_bonus":"RANDOM_COMMON_RELIC","is_daily":false,"chose_seed":false,"campfire_upgraded":1,"win_rate":0.0,"timestamp":1612134805,"path_taken":["M","?","M","M","$","E","R","?","T","?","?","E","$","?","R","BOSS","M","?","?","?","M","E","M"],"items_purchased_type":["Relic","Relic","Card","Relic"],"build_version":"2020-12-13","purchased_purges":0,"victory":false,"max_hp_per_floor":[75,75,75,75,75,75,75,75,75,75,75,82,82,82,82,82,82,82,82,82,82,82,82,82,82],"relic_stats":{"Regal Pillow":0,"counters":[13,64],"Sundial":[4],"Ornamental Fan":[60],"Chemical X":[1],"obtain_stats":[{"Regal Pillow":9,"Calipers":17,"Omamori":17,"Mercury Hourglass":23,"Calling Bell":17,"Anchor":0,"Sundial":6,"Ornamental Fan":11,"Strawberry":12,"Red Mask":20,"Membership Card":13,"Chemical X":19,"Cracked Core":0,"Symbiotic Virus":17,"Toy Ornithopter":5},{"Regal Pillow":5,"Calipers":8,"Omamori":8,"Mercury Hourglass":12,"Calling Bell":8,"Anchor":0,"Sundial":5,"Ornamental Fan":6,"Strawberry":7,"Red Mask":10,"Membership Card":7,"Chemical X":9,"Cracked Core":0,"Symbiotic Virus":8,"Toy Ornithopter":4},{"Regal Pillow":20,"Calipers":38,"Omamori":38,"Mercury Hourglass":61,"Calling Bell":38,"Anchor":0,"Sundial":20,"Ornamental Fan":23,"Strawberry":30,"Red Mask":47,"Membership Card":30,"Chemical X":41,"Cracked Core":0,"Symbiotic Virus":38,"Toy Ornithopter":14}],"Toy Ornithopter":30,"Mercury Hourglass":[15]},"card_choices":[{"not_picked":["White Noise","Stack"],"picked":"Undo","floor":1},{"not_picked":["Steam","Turbo"],"picked":"Genetic Algorithm","floor":2},{"not_picked":["Barrage","Go for the Eyes"],"picked":"Streamline","floor":3},{"not_picked":["Scrape","Heatsinks"],"picked":"Ball Lightning","floor":4},{"not_picked":["Steam","Biased Cognition"],"picked":"Echo Form","floor":6},{"not_picked":["Steam","Reprogram"],"picked":"Beam Cell","floor":10},{"not_picked":["Ball Lightning","Loop"],"picked":"Lockon","floor":12},{"not_picked":["Multi-Cast","Reboot"],"picked":"Seek","floor":16},{"not_picked":["Consume","Stack"],"picked":"Melter","floor":18},{"not_picked":["Cold Snap","Auto Shields"],"picked":"Sweeping Beam","floor":20},{"not_picked":["Streamline","FTL"],"picked":"Coolheaded","floor":22},{"not_picked":["All For One","Coolheaded"],"picked":"Leap","floor":23}],"player_experience":460687,"relics_obtained":[{"floor":6,"key":"Sundial"},{"floor":9,"key":"Regal Pillow"},{"floor":11,"key":"Ornamental Fan"},{"floor":12,"key":"Strawberry"},{"floor":17,"key":"Omamori"},{"floor":17,"key":"Symbiotic Virus"},{"floor":17,"key":"Calipers"},{"floor":20,"key":"Red Mask"},{"floor":23,"key":"Mercury Hourglass"}],"event_choices":[{"damage_healed":0,"gold_gain":0,"cards_transformed":["Strike_B"],"player_choice":"Transformed","damage_taken":0,"max_hp_gain":0,"max_hp_loss":0,"event_name":"Transmorgrifier","floor":8,"gold_loss":0,"cards_obtained":["FTL"]},{"damage_healed":0,"gold_gain":0,"player_choice":"Got Potions","damage_taken":0,"max_hp_gain":0,"max_hp_loss":0,"event_name":"Lab","floor":14,"gold_loss":0},{"damage_healed":0,"gold_gain":0,"player_choice":"Fought Bandits","damage_taken":0,"max_hp_gain":0,"max_hp_loss":0,"event_name":"Masked Bandits","floor":20,"gold_loss":0},{"damage_healed":0,"gold_gain":0,"player_choice":"Bought 0 Potions","damage_taken":0,"max_hp_gain":0,"max_hp_loss":0,"event_name":"The Woman in Blue","floor":21,"gold_loss":0}],"is_beta":false,"boss_relics":[{"not_picked":["Nuclear Battery","Snecko Eye"],"picked":"Calling Bell"}],"items_purged_floors":[],"is_endless":false,"potions_floor_spawned":[1,3,4,10,20,23],"killed_by":"Centurion and Healer","ascension_level":13}}