{"host":"skr63qsdfgeey3it","time":1612129854,"event":{"mods":["BaseMod","Colored Map","Hubris","Minty Spire (QoL Compilation)","Replay The Spire","Spicy Shops","StSLib"],"gold_per_floor":[116,128,142,142,161,188,188,188,215,227,251,263,263],"floor_reached":12,"language":"ENG","playtime":494,"items_purged":[],"score":140,"play_id":"7dc33c39-d6e4-41ed-ad8f-e7363f07551c","local_time":"20210131155054","is_ascension_mode":true,"campfire_choices":[{"data":"Buffer","floor":7,"key":"SMITH"}],"circlet_count":0,"master_deck":["AscendersBane","Strike_B","Strike_B","Strike_B","Strike_B","Defend_B","Defend_B","Defend_B","Defend_B","Zap","Dualcast","Fusion","Conserve Battery","Conserve Battery","Enlightenment","Buffer+1","ReplayTheSpireMod:Calculation Training","Glacier","Gash"],"relics":["Cracked Core","NeowsBlessing","Vajra","MawBank"],"acts_visited":["Exordium"],"potions_floor_usage":[1,6,6,6,6,6,6,8,8,12,12],"damage_taken":[{"damage":0,"enemies":"Cultist","floor":1,"turns":1},{"damage":0,"enemies":"2 Louse","floor":2,"turns":1},{"damage":0,"enemies":"Small Slimes","floor":3,"turns":1},{"damage":3,"enemies":"Exordium Wildlife","floor":5,"turns":5},{"damage":28,"enemies":"Lagavulin","floor":6,"turns":9},{"damage":0,"enemies":"3 Sentries","floor":8,"turns":1},{"damage":1,"enemies":"3 Louse","floor":11,"turns":4},{"damage":8,"enemies":"Replay:BlueRogue","floor":12,"turns":8}],"seed_played":"5517595352652248948","potions_obtained":[{"floor":1,"key":"Fruit Juice"},{"floor":2,"key":"ColorlessPotion"},{"floor":3,"key":"Weak Potion"},{"floor":10,"key":"BlessingOfTheForge"},{"floor":10,"key":"Cursed Concoction"}],"is_trial":false,"path_per_floor":["M","M","M","?","M","E","R","E","T","?","M","E"],"character_chosen":"DEFECT","items_purchased":[],"campfire_rested":0,"item_purchase_floors":[],"current_hp_per_floor":[73,73,73,73,70,42,42,42,42,42,41,33,33],"gold":263,"neow_bonus":"THREE_ENEMY_KILL","is_daily":false,"chose_seed":false,"campfire_upgraded":1,"win_rate":0.0,"timestamp":1612129854,"path_taken":["M","?","M","?","?","E","R","E","T","?","M","E"],"items_purchased_type":[],"build_version":"2020-12-22","purchased_purges":0,"victory":false,"max_hp_per_floor":[80,80,80,80,80,80,80,80,80,80,80,80,80],"card_choices":[{"not_picked":["Gash","Tempest"],"picked":"Fusion","floor":1},{"not_picked":["Beam Cell","Rebound"],"picked":"Conserve Battery","floor":2},{"not_picked":["Rebound","Hologram"],"picked":"Conserve Battery","floor":3},{"not_picked":["Beam Cell","Redo"],"picked":"ReplayTheSpireMod:Calculation Training","floor":5},{"not_picked":["Redo","Time Bomb"],"picked":"Glacier","floor":6},{"not_picked":["Fusion","Rebound"],"picked":"Gash","floor":11}],"player_experience":844447,"relics_obtained":[{"floor":6,"key":"Vajra"},{"floor":9,"key":"MawBank"}],"event_choices":[{"damage_healed":0,"gold_gain":0,"player_choice":"2 cards matched","damage_taken":0,"max_hp_gain":0,"max_hp_loss":0,"event_name":"Match and Keep!","floor":4,"gold_loss":0,"cards_obtained":["Enlightenment","Buffer"]},{"damage_healed":0,"gold_gain":0,"player_choice":"Got Potions","damage_taken":0,"max_hp_gain":0,"max_hp_loss":0,"event_name":"Lab","floor":10,"gold_loss":0}],"is_beta":false,"boss_relics":[],"items_purged_floors":[],"is_endless":false,"potions_floor_spawned":[1,2,3,5,11],"killed_by":"Replay:BlueRogue","ascension_level":11}}