{"host":"l12hrjjiowxu1z6t","time":1612105854,"event":{"mods":["BaseMod","Colored Map","GifTheSpireLib","Minty Spire (QoL Compilation)","Permanent Neow","StSLib","SuperFastMode"],"gold_per_floor":[115,115,349,368,625,653,666,677,677,677,693,693,705,736,736,835,835,835,109,34,34,34,34,34,34,34,34,34,34,34,34,34,34,34,34,34,34,34,34,34,34,34,34,34,34,34],"floor_reached":47,"language":"KOR","playtime":6910,"items_purged":["Strike_G","Strike_G","Defend_G"],"score":857,"play_id":"1ad8b0e6-a9ee-4335-9a1e-ba657e1e9cfd","local_time":"20210201001054","is_ascension_mode":false,"campfire_choices":[{"data":"Outmaneuver","floor":15,"key":"SMITH"},{"data":"A Thousand Cuts","floor":23,"key":"SMITH"},{"data":"Tactician","floor":25,"key":"SMITH"},{"data":"Acrobatics","floor":29,"key":"SMITH"},{"data":"Reflex","floor":32,"key":"SMITH"},{"data":"Calculated Gamble","floor":40,"key":"SMITH"},{"data":"Footwork","floor":42,"key":"SMITH"},{"data":"Reflex","floor":44,"key":"SMITH"}],"circlet_count":0,"master_deck":["Survivor","Footwork+1","Panacea","Outmaneuver+1","Reflex+1","Calculated Gamble+1","Tactician+1","Backflip","Reflex+1","Acrobatics+1","A Thousand Cuts+1","Well Laid Plans+1","Dagger Throw","Prepared+1","Tactician+1","Finisher+1","Acrobatics+1","Adrenaline+1","Grand Finale+1","Acrobatics+1"],"relics":["Black Star","Ice Cream","Dream Catcher","Gremlin Horn","Meat on the Bone","Lee\u0027s Waffle","Prayer Wheel","TungstenRod","StoneCalendar","Ginger","Mango","Ectoplasm","Oddly Smooth Stone","InkBottle","Toolbox","Bottled Flame","Pear","Pen Nib","CultistMask","Busted Crown","Omamori"],"acts_visited":["Exordium","TheCity","TheBeyond"],"potions_floor_usage":[13,14,20,21,24,27,33],"damage_taken":[{"damage":0.0,"enemies":"Small Slimes","floor":1.0,"turns":4.0},{"damage":0.0,"enemies":"2 Louse","floor":4.0,"turns":4.0},{"damage":58.0,"enemies":"3 Sentries","floor":6.0,"turns":19.0},{"damage":1.0,"enemies":"Cultist","floor":7.0,"turns":5.0},{"damage":13.0,"enemies":"Exordium Wildlife","floor":8.0,"turns":9.0},{"damage":13.0,"enemies":"Red Slaver","floor":11.0,"turns":6.0},{"damage":1,"enemies":"Gremlin Gang","floor":13,"turns":7},{"damage":27,"enemies":"Gremlin Nob","floor":14,"turns":4},{"damage":47,"enemies":"Slime Boss","floor":16,"turns":9},{"damage":5,"enemies":"3 Byrds","floor":18,"turns":3},{"damage":27,"enemies":"2 Thieves","floor":20,"turns":4},{"damage":17,"enemies":"Sentry and Sphere","floor":21,"turns":4},{"damage":30,"enemies":"Snake Plant","floor":24,"turns":3},{"damage":4,"enemies":"Centurion and Healer","floor":27,"turns":3},{"damage":12,"enemies":"Slavers","floor":28,"turns":2},{"damage":0,"enemies":"3 Cultists","floor":31,"turns":2},{"damage":0,"enemies":"Collector","floor":33,"turns":2},{"damage":0,"enemies":"3 Shapes","floor":35,"turns":1},{"damage":0,"enemies":"3 Darklings","floor":37,"turns":1},{"damage":0,"enemies":"Transient","floor":38,"turns":1},{"damage":0,"enemies":"Writhing Mass","floor":41,"turns":1},{"damage":0,"enemies":"Donu and Deca","floor":46,"turns":1}],"seed_played":"323967099915863285","potions_obtained":[{"floor":1.0,"key":"Block Potion"},{"floor":8.0,"key":"SteroidPotion"},{"floor":13,"key":"Dexterity Potion"},{"floor":14,"key":"CunningPotion"},{"floor":16,"key":"Poison Potion"},{"floor":20,"key":"DuplicationPotion"},{"floor":24,"key":"Dexterity Potion"},{"floor":31,"key":"CunningPotion"},{"floor":35,"key":"ColorlessPotion"},{"floor":38,"key":"ColorlessPotion"},{"floor":41,"key":"SkillPotion"}],"is_trial":false,"path_per_floor":["M","?","$","M","$","E","M","M","T","?","M","?","M","E","R","B",null,"M","$","M","M","$","R","M","R","T","M","E","R","?","M","R","B",null,"M","?","M","M","$","R","M","R","T","R","?","B",null],"character_chosen":"THE_SILENT","items_purchased":["Footwork","Panacea","Ice Cream","Dream Catcher","Outmaneuver","Reflex","Gremlin Horn","Meat on the Bone","Lee\u0027s Waffle","Oddly Smooth Stone","InkBottle","Toolbox","Dagger Throw"],"campfire_rested":0,"item_purchase_floors":[3,3,3,3,3,3,5,5,5,19,19,19,19],"current_hp_per_floor":[70,63,63,63,77,31,42,41,41,77,64,64,63,62,62,27,91,86,86,59,54,54,54,36,36,36,44,54,54,54,54,54,54,101,101,101,101,101,101,101,101,101,101,101,101,101],"gold":34,"neow_bonus":"BOSS_RELIC","is_daily":false,"chose_seed":false,"campfire_upgraded":8,"win_rate":0.0,"timestamp":1612105854,"path_taken":["M","?","$","M","$","E","M","M","T","?","?","?","?","E","R","BOSS","M","$","M","M","$","R","M","R","T","M","E","R","?","?","R","BOSS","M","?","M","M","$","R","?","R","T","R","?","BOSS"],"items_purchased_type":["Card","Card","Relic","Relic","Card","Card","Relic","Relic","Relic","Relic","Relic","Relic","Card"],"build_version":"2020-12-22","purchased_purges":3,"victory":true,"max_hp_per_floor":[70,70,70,70,77,77,77,77,77,77,77,77,77,91,91,91,91,91,91,91,91,91,91,91,91,91,91,101,101,101,101,101,101,101,101,101,101,101,101,101,101,101,101,101,101,101],"card_choices":[{"not_picked":["Flying Knee","Deadly Poison"],"picked":"Flechettes","floor":1.0},{"not_picked":["Sucker Punch","Leg Sweep"],"picked":"Calculated Gamble","floor":4.0},{"not_picked":["Poisoned Stab","Masterful Stab","Endless Agony"],"picked":"SKIP","floor":6.0},{"not_picked":["Sucker Punch","Escape Plan"],"picked":"Tactician","floor":7.0},{"not_picked":["Distraction","Leg Sweep","Infinite Blades"],"picked":"SKIP","floor":7.0},{"not_picked":["Expertise","Poisoned Stab"],"picked":"Acrobatics","floor":8.0},{"not_picked":["Deflect","All Out Attack","Underhanded Strike"],"picked":"SKIP","floor":8.0},{"not_picked":["Dash","Riddle With Holes"],"picked":"Backflip","floor":11.0},{"not_picked":["PiercingWail","Dagger Spray"],"picked":"Reflex","floor":11.0},{"not_picked":["Noxious Fumes","PiercingWail"],"picked":"Acrobatics","floor":13},{"not_picked":["Malaise","Deflect","Slice"],"picked":"SKIP","floor":13},{"not_picked":["Masterful Stab","Tactician","Dodge and Roll"],"picked":"SKIP","floor":14},{"not_picked":["Adrenaline","Malaise"],"picked":"A Thousand Cuts","floor":16},{"not_picked":["Flechettes","Blade Dance"],"picked":"Well Laid Plans+1","floor":18},{"not_picked":["Dagger Throw","Riddle With Holes+1","Quick Slash"],"picked":"SKIP","floor":18},{"not_picked":["Dagger Spray+1","Infinite Blades","Eviscerate"],"picked":"SKIP","floor":20},{"not_picked":["Dagger Throw","Outmaneuver","Flechettes+1"],"picked":"SKIP","floor":20},{"not_picked":["Outmaneuver","Heel Hook","Quick Slash"],"picked":"SKIP","floor":21},{"not_picked":["Dodge and Roll","Flechettes+1","Dagger Throw"],"picked":"SKIP","floor":21},{"not_picked":["Dagger Throw","Acrobatics"],"picked":"Prepared+1","floor":24},{"not_picked":["Terror","Blade Dance","Bullet Time"],"picked":"SKIP","floor":24},{"not_picked":["Eviscerate+1","Underhanded Strike"],"picked":"Tactician+1","floor":27},{"not_picked":["Slice","Eviscerate"],"picked":"Finisher+1","floor":27},{"not_picked":["Riddle With Holes","Distraction+1","Skewer"],"picked":"SKIP","floor":28},{"not_picked":["Flechettes","Deflect","Blade Dance"],"picked":"SKIP","floor":31},{"not_picked":["Backflip","Deflect+1","Infinite Blades"],"picked":"SKIP","floor":31},{"not_picked":[],"picked":"Acrobatics+1","floor":35},{"not_picked":["Quick Slash+1"],"picked":"SKIP","floor":35},{"not_picked":[],"picked":"Acrobatics+1","floor":37},{"not_picked":["Heel Hook"],"picked":"SKIP","floor":37},{"not_picked":["Backstab+1"],"picked":"SKIP","floor":38},{"not_picked":["Terror"],"picked":"SKIP","floor":38},{"not_picked":["Poisoned Stab"],"picked":"SKIP","floor":41},{"not_picked":["Phantasmal Killer"],"picked":"SKIP","floor":41}],"player_experience":10923,"relics_obtained":[{"floor":6.0,"key":"Prayer Wheel"},{"floor":6.0,"key":"TungstenRod"},{"floor":9.0,"key":"StoneCalendar"},{"floor":14,"key":"Ginger"},{"floor":14,"key":"Mango"},{"floor":26,"key":"Bottled Flame"},{"floor":28,"key":"Pear"},{"floor":28,"key":"Pen Nib"},{"floor":43,"key":"Omamori"}],"event_choices":[{"cards_removed":["Strike_G"],"damage_healed":0.0,"max_hp_gain":0.0,"max_hp_loss":0.0,"gold_gain":0.0,"event_name":"Golden Wing","player_choice":"Card Removal","floor":2.0,"gold_loss":0.0,"damage_taken":7.0},{"damage_healed":36.0,"max_hp_gain":0.0,"max_hp_loss":0.0,"gold_gain":0.0,"event_name":"Wheel of Change","player_choice":"Full Heal","floor":10.0,"gold_loss":0.0,"damage_taken":0.0},{"cards_removed":["Defend_G"],"damage_healed":0,"gold_gain":0,"player_choice":"Offered Basic","damage_taken":0,"max_hp_gain":0,"max_hp_loss":0,"event_name":"Bonfire Elementals","floor":12,"gold_loss":0},{"damage_healed":0,"gold_gain":0,"player_choice":"Trade","damage_taken":0,"relics_obtained":["CultistMask"],"max_hp_gain":0,"max_hp_loss":0,"event_name":"FaceTrader","floor":30,"gold_loss":0},{"damage_healed":0,"gold_gain":0,"cards_transformed":["Neutralize"],"player_choice":"Transformed","damage_taken":0,"max_hp_gain":0,"max_hp_loss":0,"event_name":"Transmorgrifier","floor":36,"gold_loss":0,"cards_obtained":["Bouncing Flask"]},{"damage_healed":0,"gold_gain":0,"player_choice":"Took Portal","damage_taken":0,"max_hp_gain":0,"max_hp_loss":0,"event_name":"SecretPortal","floor":45,"gold_loss":0}],"is_beta":false,"boss_relics":[{"not_picked":["Philosopher\u0027s Stone","Runic Pyramid"],"picked":"Ectoplasm"},{"not_picked":["Snecko Eye","SacredBark"],"picked":"Busted Crown"}],"items_purged_floors":[3,5,19],"is_endless":false,"potions_floor_spawned":[1,8,13,14,16,20,24,31,35,38,41],"ascension_level":0}}