{"host":"y7b1p9nkx4idorr2","time":1612078542,"event":{"mods":["AchievementEnabler","Act Like it!","BaseMod","Colored Map","Downfall","GifTheSpireLib","Googly Eyes","Highlight Path","Mimic Mod","Minty Spire (QoL Compilation)","Shop Mod","Spicy Shops","StSLib","Unceasing Turn Reminder"],"gold_per_floor":[99,99,160,160,160,60,98,110,133,130,156,168,210,322,352,460,472,384,396,441,466,498,510,522,434,478,490,502,502,502],"floor_reached":28,"language":"ENG","playtime":1034,"items_purged":[],"score":290,"play_id":"22249ebf-2577-4af2-9439-0fcb4063d582","local_time":"20210131013542","is_ascension_mode":true,"campfire_choices":[{"floor":1,"key":"RECALL"},{"data":"hexamod:SpectersWail","floor":6,"key":"SMITH"},{"data":"hexamod:SkipABeat","floor":12,"key":"SMITH"},{"data":"hexamod:ForkedFlame","floor":18,"key":"SMITH"},{"floor":25,"key":"REST"},{"data":"hexamod:VolcanoVisage","floor":27,"key":"SMITH"}],"circlet_count":0,"master_deck":["hexamod:Strike","hexamod:Strike","hexamod:Strike","hexamod:Defend","hexamod:Defend","hexamod:Defend","hexamod:Defend","hexamod:Sear","hexamod:Float","hexamod:SpectersWail+1","hexamod:FlamesFromBeyond","hexamod:AdvancingGuard","hexamod:SkipABeat+1","hexamod:NightmareGuise","hexamod:Hexaguard","hexamod:VolcanoVisage+1","hexamod:ForkedFlame+1","hexamod:FastForward","hexamod:FastForward","Pride","hexamod:CatchUp+1"],"relics":["hexamod:SpiritBrand","downfall:HeartsMalice","StoneCalendar","downfall:HeartBlessingRed","MawBank","Pantograph","Singing Bowl","Sozu","downfall:HeartBlessingGreen","Red Mask","Potion Belt","downfall:HeartBlessingBlue","Dream Catcher"],"acts_visited":["Exordium","TheCity"],"potions_floor_usage":[],"damage_taken":[{"damage":0,"enemies":"Jaw Worm","floor":2,"turns":1},{"damage":0,"enemies":"3 Sentries","floor":3,"turns":1},{"damage":0,"enemies":"2 Louse","floor":7,"turns":1},{"damage":0,"enemies":"2 Louse","floor":9,"turns":2},{"damage":0,"enemies":"downfall:FleeingMerchant","floor":10,"turns":4},{"damage":0,"enemies":"Small Slimes","floor":11,"turns":3},{"damage":10,"enemies":"Lagavulin","floor":13,"turns":7},{"damage":0,"enemies":"Exordium Wildlife","floor":15,"turns":3},{"damage":22,"enemies":"WA_ARCHETYPE_RETAIN","floor":16,"turns":7},{"damage":38,"enemies":"Masked Bandits","floor":20,"turns":4},{"damage":5,"enemies":"Spheric Guardian","floor":21,"turns":5},{"damage":0,"enemies":"3 Cultists","floor":22,"turns":4},{"damage":17,"enemies":"Book of Stabbing","floor":26,"turns":6},{"damage":39,"enemies":"Slavers","floor":28,"turns":3}],"seed_played":"-8074513661145487841","potions_obtained":[{"floor":9,"key":"hexamod:DoubleChargePotion"},{"floor":11,"key":"Swift Potion"},{"floor":13,"key":"sneckomod:MuddlingPotion"},{"floor":15,"key":"CultistPotion"}],"is_trial":false,"path_per_floor":["R","M","?","?","?","R","MIM","?","M","$","M","R","E","?","M","B",null,"R","?","?","M","M","?","T","R","E","R","E"],"character_chosen":"THE_SPIRIT","items_purchased":[],"campfire_rested":1,"item_purchase_floors":[],"current_hp_per_floor":[70,70,70,70,70,70,70,67,67,67,67,67,57,57,59,50,72,72,59,21,16,18,18,18,54,37,37,0,0,0],"gold":502,"neow_bonus":"THREE_ENEMY_KILL","is_daily":false,"chose_seed":false,"campfire_upgraded":4,"win_rate":0.0,"timestamp":1612078542,"path_taken":["R","M","?","?","?","R","MIM","?","?","$","M","R","E","?","M","BOSS","R","?","?","M","M","?","T","R","E","R","E"],"items_purchased_type":[],"build_version":"2020-12-22","purchased_purges":0,"victory":false,"max_hp_per_floor":[70,70,70,70,70,70,70,70,70,70,70,70,70,70,72,72,72,72,77,77,77,79,79,79,89,89,89,89,89,89],"card_choices":[{"not_picked":["hexamod:ThermalTransfer","hexamod:DynamicBlow"],"picked":"hexamod:SpectersWail","floor":2},{"not_picked":["hexamod:HeatCrush","hexamod:HeatMetal"],"picked":"hexamod:FlamesFromBeyond","floor":3},{"not_picked":["hexamod:FirstSeal","hexamod:GhostOfSpireFuture"],"picked":"hexamod:AdvancingGuard","floor":7},{"not_picked":["hexamod:NecessarySacrifice","hexamod:ThirdSeal"],"picked":"hexamod:SkipABeat","floor":9},{"not_picked":["hexamod:SpectersWail","hexamod:FourthSeal"],"picked":"hexamod:NightmareGuise","floor":10},{"not_picked":["hexamod:NightmareStrike","hexamod:HeatMetal"],"picked":"hexamod:Hexaguard","floor":11},{"not_picked":["hexamod:BacktrackSmack","hexamod:NightmareGuise"],"picked":"hexamod:VolcanoVisage","floor":13},{"not_picked":["hexamod:PhantomCloak","hexamod:SpectralSpark","hexamod:FirstSeal"],"picked":"Singing Bowl","floor":15},{"not_picked":["hexamod:FifthSeal","hexamod:TimeWarp"],"picked":"hexamod:ForkedFlame","floor":16},{"not_picked":["hexamod:SuperheatedStrike","hexamod:ExtraCrispy"],"picked":"hexamod:FastForward","floor":20},{"not_picked":["hexamod:SpectersWail","hexamod:Firestarter"],"picked":"hexamod:FastForward","floor":21},{"not_picked":["hexamod:FlamesFromBeyond+1","hexamod:Firestarter","hexamod:Hexaguard"],"picked":"Singing Bowl","floor":22},{"not_picked":["hexamod:Toasty","hexamod:StepThrough"],"picked":"hexamod:CatchUp+1","floor":26}],"player_experience":2242291,"relics_obtained":[{"floor":7,"key":"MawBank"},{"floor":13,"key":"Singing Bowl"},{"floor":20,"key":"Red Mask"},{"floor":26,"key":"Dream Catcher"}],"event_choices":[{"cards_removed":["hexamod:Strike"],"damage_healed":0,"gold_gain":0,"player_choice":"Card Removal","damage_taken":0,"max_hp_gain":0,"max_hp_loss":0,"event_name":"The Cleric","floor":4,"gold_loss":0},{"damage_healed":0,"gold_gain":0,"player_choice":"Success","damage_taken":3,"relics_obtained":["Pantograph"],"max_hp_gain":0,"max_hp_loss":0,"event_name":"Scrap Ooze","floor":8,"gold_loss":0},{"damage_healed":0,"gold_gain":0,"player_choice":"Fought Bandits","damage_taken":0,"max_hp_gain":0,"max_hp_loss":0,"event_name":"Masked Bandits","floor":20,"gold_loss":0},{"damage_healed":0,"gold_gain":0,"player_choice":"Stole Relic","damage_taken":0,"relics_obtained":["Potion Belt"],"max_hp_gain":0,"max_hp_loss":0,"event_name":"Addict","floor":23,"gold_loss":0,"cards_obtained":["Pride"]}],"is_beta":false,"boss_relics":[{"not_picked":["Tiny House","Empty Cage"],"picked":"Sozu"}],"items_purged_floors":[],"is_endless":false,"potions_floor_spawned":[9,11,13,15,22],"killed_by":"Slavers","ascension_level":3}}