{"host":"rn4c402gwd40h2z6","time":1612073771,"event":{"mods":["A Penny For Your Troubles","AchievementEnabler","Act Like it!","BaseMod","CapriCore","Card Forge","Challenge The Spire","DNKmod","Data Control","Downfall","Friendly Minions","Good Game Mod","HumanHunterMod(怪物杀人mod)","Minty Spire (QoL Compilation)","Pale of the Ancients","Quick Restart","Random Character Button","Relic Filter Mod","Reliquary","RumiaBox-露米娅的神秘盒子","StSLib","The Construct","The Jungle","[GremlinLeader]The Maniac","noobMod","【功能Mod】混沌之环修复补丁"],"gold_per_floor":[111,126,140,140,153,182,200,210,210,210,260,280,280,280,280,374,374,0,0,0,0,0,0,0,0,0,0,0,0,0,0,0,0,0,0,0,0,0,0,0,0],"floor_reached":40,"language":"ZHS","playtime":2359,"items_purged":[],"score":1206,"play_id":"74a07a40-926d-4ecd-bacb-071e3a86b5b5","local_time":"20210131141611","is_ascension_mode":true,"campfire_choices":[{"floor":10.0,"key":"RECALL"},{"floor":15.0,"key":"REST"},{"floor":23,"key":"REST"},{"floor":25,"key":"REST"},{"floor":32,"key":"REST"}],"circlet_count":0,"master_deck":["AscendersBane"],"relics":["Ring of the Snake"],"acts_visited":["Exordium","TheCity","TheBeyond"],"potions_floor_usage":[],"damage_taken":[{"damage":0.0,"enemies":"Cultist","floor":1.0,"turns":1.0},{"damage":0.0,"enemies":"Small Slimes","floor":2.0,"turns":1.0},{"damage":0.0,"enemies":"Jaw Worm","floor":3.0,"turns":1.0},{"damage":0.0,"enemies":"2 Fungi Beasts","floor":5.0,"turns":1.0},{"damage":48.0,"enemies":"3 Sentries","floor":6.0,"turns":5.0},{"damage":12.0,"enemies":"Exordium Thugs","floor":7.0,"turns":2.0},{"damage":0.0,"enemies":"3 Louse","floor":8.0,"turns":1.0},{"damage":0.0,"enemies":"Exordium Wildlife","floor":12.0,"turns":1.0},{"damage":318.0,"enemies":"Hexaghost","floor":16.0,"turns":3.0},{"damage":23.0,"enemies":"2 Thieves","floor":18.0,"turns":2.0},{"damage":0,"enemies":"3 Byrds","floor":20,"turns":1},{"damage":0,"enemies":"Sentry and Sphere","floor":22,"turns":1},{"damage":0,"enemies":"Gremlin Leader","floor":24,"turns":1},{"damage":0,"enemies":"Book of Stabbing","floor":27,"turns":1},{"damage":0,"enemies":"Chosen and Byrds","floor":28,"turns":1},{"damage":0,"enemies":"Centurion and Healer","floor":29,"turns":1},{"damage":0,"enemies":"Automaton","floor":33,"turns":1},{"damage":28,"enemies":"3 Shapes","floor":35,"turns":7},{"damage":0,"enemies":"Orb Walker","floor":38,"turns":1},{"damage":13,"enemies":"Giant Head","floor":40,"turns":3}],"seed_played":"2971750800257263357","potions_obtained":[],"is_trial":false,"path_per_floor":["M","M","M","?","M","E","M","M","T","R","?","M","?","?","R","B",null,"M","?","M","?","M","R","E","R","T","E","M","M","?","$","R","B",null,"M","?","?","M","?","E"],"character_chosen":"THE_SILENT","items_purchased":[],"campfire_rested":4,"item_purchase_floors":[],"current_hp_per_floor":[1000,1000,1000,1000,1000,952,940,940,940,940,840,1,334,334,634,316,829,9999,9999,9999,9999,9999,9999,9999,9999,9999,9999,9999,9999,9999,9999,9999,9999,10003,9999,9999,9999,9999,9999,9999,9999],"gold":0,"neow_bonus":"THREE_ENEMY_KILL","is_daily":false,"chose_seed":false,"campfire_upgraded":0,"win_rate":0.0,"timestamp":1612073771,"path_taken":["M","M","M","?","M","E","M","?","T","R","?","?","?","?","R","BOSS","M","?","M","?","M","R","E","R","T","E","?","M","?","$","R","BOSS","M","?","?","M","?","E"],"items_purchased_type":[],"build_version":"2020-12-22","purchased_purges":0,"victory":false,"max_hp_per_floor":[1000,1000,1000,1000,1000,1000,1000,1000,1000,1000,1000,1000,1000,1000,1000,1000,1000,9999,9999,9999,10004,10004,10004,10004,10004,10004,10004,10004,10004,10004,10004,10004,10004,10004,10004,10004,10004,10004,10004,10004,10004],"card_choices":[{"not_picked":["Underhanded Strike","PiercingWail","Acrobatics"],"picked":"SKIP","floor":1.0},{"not_picked":["Blur","Catalyst","Setup"],"picked":"SKIP","floor":2.0},{"not_picked":["Cloak And Dagger","Bane","Prepared"],"picked":"SKIP","floor":3.0},{"not_picked":["Distraction","Bane","Tactician"],"picked":"SKIP","floor":5.0},{"not_picked":["Flying Knee","Riddle With Holes","Terror"],"picked":"SKIP","floor":6.0},{"not_picked":["Sucker Punch","Setup","PiercingWail"],"picked":"SKIP","floor":7.0},{"not_picked":["Blade Dance","Dodge and Roll","Skewer"],"picked":"SKIP","floor":8.0},{"not_picked":["Finisher","Well Laid Plans","Blade Dance"],"picked":"SKIP","floor":12.0},{"not_picked":["Backstab","Deflect","Cloak And Dagger"],"picked":"SKIP","floor":18},{"not_picked":["Blade Dance","Wraith Form v2","Acrobatics"],"picked":"SKIP","floor":20},{"not_picked":["Footwork+1","Prepared","Dagger Spray"],"picked":"SKIP","floor":22},{"not_picked":["Deflect","Outmaneuver","Flying Knee"],"picked":"SKIP","floor":24},{"not_picked":["Acrobatics","Bane+1","Outmaneuver"],"picked":"SKIP","floor":27},{"not_picked":["Outmaneuver","Underhanded Strike","Grand Finale"],"picked":"SKIP","floor":28},{"not_picked":["Quick Slash","Acrobatics","Flying Knee"],"picked":"SKIP","floor":29},{"not_picked":["Infinite Blades+1","All Out Attack","Cloak And Dagger+1"],"picked":"SKIP","floor":35},{"not_picked":["Prepared","Acrobatics","Dagger Throw"],"picked":"SKIP","floor":38}],"player_experience":99396,"relics_obtained":[],"event_choices":[{"damage_healed":0.0,"max_hp_gain":0.0,"max_hp_loss":0.0,"gold_gain":0.0,"event_name":"Purifier","player_choice":"Ignored","floor":4.0,"gold_loss":0.0,"damage_taken":0.0},{"damage_healed":0.0,"max_hp_gain":0.0,"max_hp_loss":0.0,"gold_gain":50.0,"event_name":"FaceTrader","player_choice":"Touch","floor":11.0,"gold_loss":0.0,"damage_taken":100.0},{"damage_healed":333.0,"max_hp_gain":0.0,"max_hp_loss":0.0,"gold_gain":0.0,"event_name":"Big Fish","player_choice":"Banana","floor":13.0,"gold_loss":0.0,"damage_taken":0.0},{"damage_healed":0.0,"max_hp_gain":0.0,"max_hp_loss":0.0,"gold_gain":0.0,"event_name":"Golden Idol","player_choice":"Take Wound","floor":14.0,"gold_loss":0.0,"damage_taken":0.0,"relics_obtained":["Golden Idol"],"cards_obtained":["Injury"]},{"damage_healed":2000,"gold_gain":0,"player_choice":"Heal","damage_taken":0,"max_hp_gain":0,"max_hp_loss":0,"event_name":"The Library","floor":19,"gold_loss":0},{"damage_healed":0,"gold_gain":0,"player_choice":"Shed Blood","damage_taken":3500,"max_hp_gain":5,"max_hp_loss":0,"event_name":"Forgotten Altar","floor":21,"gold_loss":0},{"damage_healed":0,"gold_gain":0,"player_choice":"Simplicity","damage_taken":0,"max_hp_gain":0,"max_hp_loss":0,"event_name":"Back to Basics","floor":30,"gold_loss":0,"cards_upgraded":[]},{"damage_healed":0,"gold_gain":0,"player_choice":"Ignored","damage_taken":0,"max_hp_gain":0,"max_hp_loss":0,"event_name":"Mysterious Sphere","floor":36,"gold_loss":0},{"damage_healed":0,"gold_gain":0,"player_choice":"Upgrade","damage_taken":0,"relics_obtained":["Mark of the Bloom"],"max_hp_gain":0,"max_hp_loss":0,"event_name":"MindBloom","floor":37,"gold_loss":0,"cards_upgraded":[]},{"cards_removed":["Defend_G"],"damage_healed":0,"gold_gain":0,"player_choice":"Removed Skill","damage_taken":0,"max_hp_gain":0,"max_hp_loss":0,"event_name":"Falling","floor":39,"gold_loss":0}],"is_beta":false,"boss_relics":[{"not_picked":["Empty Cage","sneckomod:SneckoTalon","Tiny House"]},{"not_picked":["Empty Cage","sneckomod:SneckoTalon","Tiny House"]}],"items_purged_floors":[],"is_endless":false,"potions_floor_spawned":[1,5,6,7,16,22,24,28,29],"killed_by":"Giant Head","ascension_level":20}}