{"host":"d5i1qeb9dejicw1z","time":1612120261,"event":{"mods":["AchievementEnabler","BaseMod","Better Note","BetterRewards","Evolution","Gold Saver","Minty Spire (QoL Compilation)","Permanent Neow","Relic Filter Mod","Reliquary","StSLib"],"gold_per_floor":[542,557,557,557,557,557,574,574,574,574,587,648,658,672,672,746,746,746,229,229,179,179,179,179,179],"floor_reached":24,"language":"ENG","playtime":855,"items_purged":["Defend_B"],"score":357,"play_id":"aeaf050f-5450-4fd0-9d3f-4ba508cd090e","local_time":"20210131111101","is_ascension_mode":true,"campfire_choices":[{"data":"Darkness","floor":6,"key":"SMITH"},{"data":"Zap","floor":8,"key":"SMITH"},{"data":"Dualcast","floor":10,"key":"SMITH"},{"floor":15,"key":"REST"},{"floor":23,"key":"REST"}],"circlet_count":0,"master_deck":["AscendersBane","Ball Lightning","Ball Lightning+1","Strike_B","Defend_B+1","Defend_B","Defend_B","Zap+1","Dualcast+1","Darkness+1","Chill","Conserve Battery+1","Leap","Fission","Darkness+1","Cold Snap"],"relics":["Cracked Core","EVO:Axolotl","NeowsBlessing","The Courier","Anchor","PreservedInsect","Ectoplasm","Runic Capacitor","reliquary:TridentHead","War Paint"],"acts_visited":["Exordium","TheCity"],"potions_floor_usage":[12,16,16,22],"damage_taken":[{"damage":0,"enemies":"Small Slimes","floor":1,"turns":1},{"damage":0,"enemies":"Jaw Worm","floor":2,"turns":1},{"damage":0,"enemies":"Cultist","floor":7,"turns":1},{"damage":14,"enemies":"Exordium Thugs","floor":11,"turns":4},{"damage":29,"enemies":"Lagavulin Event","floor":12,"turns":5},{"damage":0,"enemies":"Red Slaver","floor":13,"turns":3},{"damage":0,"enemies":"Blue Slaver","floor":14,"turns":2},{"damage":26,"enemies":"Hexaghost","floor":16,"turns":9},{"damage":12,"enemies":"Shell Parasite","floor":18,"turns":6},{"damage":34,"enemies":"Chosen","floor":20,"turns":6},{"damage":4,"enemies":"Snake Plant","floor":22,"turns":5},{"damage":36,"enemies":"Chosen and Byrds","floor":24,"turns":5}],"seed_played":"-5083206783368329002","potions_obtained":[{"floor":11,"key":"Regen Potion"},{"floor":12,"key":"SkillPotion"},{"floor":13,"key":"PotionOfCapacity"},{"floor":14,"key":"LiquidBronze"},{"floor":18,"key":"Dexterity Potion"}],"is_trial":false,"path_per_floor":["M","M","?","?","?","R","M","R","T","R","M","?","M","M","R","B",null,"M","$","M","?","M","R","M"],"character_chosen":"DEFECT","items_purchased":["Runic Capacitor","reliquary:TridentHead","War Paint"],"campfire_rested":2,"item_purchase_floors":[19,19,19],"current_hp_per_floor":[64,64,57,46,69,69,69,69,69,69,55,40,40,40,61,35,62,50,50,16,16,12,33,0,0],"gold":179,"neow_bonus":"THREE_ENEMY_KILL","is_daily":false,"chose_seed":false,"campfire_upgraded":3,"win_rate":0.0,"timestamp":1612120261,"path_taken":["M","M","?","?","?","R","M","R","T","R","M","?","?","M","R","BOSS","M","$","M","?","M","R","?"],"items_purchased_type":["Relic","Relic","Relic"],"build_version":"2020-12-22","purchased_purges":1,"victory":false,"max_hp_per_floor":[71,71,71,71,71,71,71,71,71,71,71,71,71,71,71,71,71,71,71,71,71,71,71,71,71],"card_choices":[{"not_picked":["Barrage","Go for the Eyes","Sweeping Beam"],"picked":"SKIP","floor":1},{"not_picked":["Double Energy","Stack"],"picked":"Darkness","floor":2},{"not_picked":["Compile Driver","All For One"],"picked":"Chill","floor":7},{"not_picked":["Hello World","Barrage","Beam Cell"],"picked":"SKIP","floor":11},{"not_picked":["FTL","Gash"],"picked":"Conserve Battery","floor":12},{"not_picked":["Rebound","Redo","Coolheaded"],"picked":"SKIP","floor":13},{"not_picked":["Redo","Heatsinks"],"picked":"Leap","floor":14},{"not_picked":["Buffer","Amplify"],"picked":"Fission","floor":16},{"not_picked":["Skim","Hologram"],"picked":"Darkness","floor":18},{"not_picked":["Stack","Barrage"],"picked":"Cold Snap","floor":20},{"not_picked":["Stack","Go for the Eyes","Hologram"],"picked":"SKIP","floor":22}],"player_experience":1196123,"relics_obtained":[{"floor":9,"key":"Anchor"},{"floor":12,"key":"PreservedInsect"}],"event_choices":[{"cards_removed":["Strike_B"],"damage_healed":0,"gold_gain":0,"player_choice":"Card Removal","damage_taken":7,"max_hp_gain":0,"max_hp_loss":0,"event_name":"Golden Wing","floor":3,"gold_loss":0},{"damage_healed":0,"gold_gain":0,"player_choice":"Success","damage_taken":11,"relics_obtained":["The Courier"],"max_hp_gain":0,"max_hp_loss":0,"event_name":"Scrap Ooze","floor":4,"gold_loss":0},{"damage_healed":23,"gold_gain":0,"player_choice":"Banana","damage_taken":0,"max_hp_gain":0,"max_hp_loss":0,"event_name":"Big Fish","floor":5,"gold_loss":0},{"damage_healed":0,"gold_gain":0,"player_choice":"Searched \u00271\u0027 times","damage_taken":0,"max_hp_gain":0,"max_hp_loss":0,"event_name":"Dead Adventurer","floor":12,"gold_loss":0},{"damage_healed":0,"gold_gain":0,"player_choice":"Upgraded Two","damage_taken":0,"max_hp_gain":0,"max_hp_loss":0,"event_name":"Designer","floor":21,"gold_loss":50,"cards_upgraded":["Ball Lightning","Conserve Battery"]}],"is_beta":false,"boss_relics":[{"not_picked":["Busted Crown","Coffee Dripper"],"picked":"Ectoplasm"}],"items_purged_floors":[19],"is_endless":false,"potions_floor_spawned":[11,12,13,14,18],"killed_by":"Chosen and Byrds","ascension_level":18}}