{"host":"928gv66myv2vlnsd","time":1612066346,"event":{"mods":["BaseMod","Highlight Path","Minty Spire (QoL Compilation)","StSLib"],"gold_per_floor":[111,131,56,56,74,101,101,115,115,265,265,280,0,0,0,72,72,86,105,105,118,129,161,161,161,212,212,212],"floor_reached":27,"language":"ENG","playtime":923,"items_purged":["Doubt"],"score":443,"play_id":"d297e68a-7fa7-49db-8af6-e4f2762ec718","local_time":"20210130231226","is_ascension_mode":true,"campfire_choices":[{"floor":7,"key":"REST"},{"floor":11,"key":"REST"},{"floor":15,"key":"REST"},{"floor":25,"key":"REST"}],"circlet_count":0,"master_deck":["AscendersBane","Strike_G+1","Strike_G+1","Strike_G+1","Strike_G+1","Defend_G+1","Defend_G+1","Defend_G+1","Defend_G+1","Defend_G+1","Survivor","Neutralize","Dagger Spray","Noxious Fumes","Crippling Poison","Deadly Poison","Dodge and Roll","Caltrops","Corpse Explosion","Deadly Poison","Prepared","Well Laid Plans","Unload","Shame"],"relics":["Ring of the Snake","Bottled Flame","InkBottle","Toy Ornithopter","TwistedFunnel","Cursed Key","Paper Crane","Nloth\u0027s Gift","Vajra"],"acts_visited":["Exordium","TheCity"],"potions_floor_usage":[16,23,23],"damage_taken":[{"damage":0,"enemies":"2 Louse","floor":1,"turns":1},{"damage":0,"enemies":"Jaw Worm","floor":2,"turns":1},{"damage":0,"enemies":"Cultist","floor":5,"turns":1},{"damage":43,"enemies":"Lagavulin","floor":6,"turns":9},{"damage":28,"enemies":"Large Slime","floor":8,"turns":11},{"damage":8,"enemies":"2 Fungi Beasts","floor":12,"turns":3},{"damage":24,"enemies":"The Guardian","floor":16,"turns":10},{"damage":0,"enemies":"3 Byrds","floor":18,"turns":1},{"damage":16,"enemies":"Chosen","floor":19,"turns":5},{"damage":9,"enemies":"Snake Plant","floor":21,"turns":4},{"damage":8,"enemies":"Centurion and Healer","floor":22,"turns":6},{"damage":29,"enemies":"Book of Stabbing","floor":23,"turns":6},{"damage":27,"enemies":"Shelled Parasite and Fungi","floor":27,"turns":4}],"seed_played":"2370774627142319929","potions_obtained":[{"floor":6,"key":"Dexterity Potion"},{"floor":8,"key":"LiquidMemories"},{"floor":18,"key":"LiquidMemories"}],"is_trial":false,"path_per_floor":["M","M","?","T","M","E","R","M","T","?","R","M","$","?","R","B",null,"M","M","?","M","M","E","?","R","T","M"],"character_chosen":"THE_SILENT","items_purchased":["TwistedFunnel","Caltrops"],"campfire_rested":4,"item_purchase_floors":[13,13],"current_hp_per_floor":[59,59,59,59,59,16,35,7,7,7,26,18,18,18,37,18,54,54,38,38,29,21,2,2,21,21,0,0],"gold":212,"neow_bonus":"THREE_ENEMY_KILL","is_daily":false,"chose_seed":false,"campfire_upgraded":0,"win_rate":0.0,"timestamp":1612066346,"path_taken":["M","M","?","?","M","E","R","?","T","?","R","M","$","?","R","BOSS","M","M","?","M","M","E","?","R","T","M"],"items_purchased_type":["Relic","Card"],"build_version":"2020-12-22","purchased_purges":1,"victory":false,"max_hp_per_floor":[66,66,66,66,66,66,66,66,66,66,66,66,66,66,66,66,66,66,66,66,66,66,66,66,66,66,66,66],"card_choices":[{"not_picked":["Sucker Punch","Acrobatics"],"picked":"Dagger Spray","floor":1},{"not_picked":["Flechettes","Finisher"],"picked":"Noxious Fumes","floor":2},{"not_picked":["Cloak And Dagger","Blade Dance"],"picked":"Crippling Poison","floor":5},{"not_picked":["Tools of the Trade","Footwork"],"picked":"Deadly Poison","floor":6},{"not_picked":["Setup","Quick Slash","Dagger Throw"],"picked":"SKIP","floor":8},{"not_picked":["Concentrate","Outmaneuver"],"picked":"Dodge and Roll","floor":12},{"not_picked":["Envenom","Tools of the Trade"],"picked":"Corpse Explosion","floor":16},{"not_picked":["Backflip","Accuracy"],"picked":"Deadly Poison","floor":18},{"not_picked":["Outmaneuver","Eviscerate+1"],"picked":"Prepared","floor":19},{"not_picked":["PiercingWail+1","Deflect","Crippling Poison"],"picked":"SKIP","floor":21},{"not_picked":["Dagger Throw","Finisher"],"picked":"Well Laid Plans","floor":22},{"not_picked":["PiercingWail","Setup"],"picked":"Unload","floor":23}],"player_experience":1404071,"relics_obtained":[{"floor":4,"key":"Bottled Flame"},{"floor":6,"key":"InkBottle"},{"floor":9,"key":"Toy Ornithopter"},{"floor":23,"key":"Paper Crane"},{"floor":26,"key":"Vajra"}],"event_choices":[{"cards_removed":["Strike_G"],"damage_healed":0,"gold_gain":0,"player_choice":"Card Removal","damage_taken":0,"max_hp_gain":0,"max_hp_loss":0,"event_name":"The Cleric","floor":3,"gold_loss":75},{"damage_healed":0,"gold_gain":150,"player_choice":"AGREE","damage_taken":0,"max_hp_gain":0,"max_hp_loss":0,"event_name":"Liars Game","floor":10,"gold_loss":0,"cards_obtained":["Doubt"]},{"damage_healed":0,"gold_gain":0,"player_choice":"Left Gold","damage_taken":0,"max_hp_gain":0,"max_hp_loss":0,"event_name":"World of Goop","floor":14,"gold_loss":0},{"damage_healed":0,"gold_gain":0,"player_choice":"Simplicity","damage_taken":0,"max_hp_gain":0,"max_hp_loss":0,"event_name":"Back to Basics","floor":20,"gold_loss":0,"cards_upgraded":["Strike_G","Strike_G","Strike_G","Strike_G","Defend_G","Defend_G","Defend_G","Defend_G","Defend_G"]},{"damage_healed":0,"gold_gain":0,"player_choice":"Traded Relic","damage_taken":0,"relics_obtained":["Nloth\u0027s Gift"],"max_hp_gain":0,"max_hp_loss":0,"event_name":"N\u0027loth","floor":24,"relics_lost":["NeowsBlessing"],"gold_loss":0}],"is_beta":false,"boss_relics":[{"not_picked":["Ectoplasm","HoveringKite"],"picked":"Cursed Key"}],"items_purged_floors":[13],"is_endless":false,"potions_floor_spawned":[6,8,12,18,19],"killed_by":"Shelled Parasite and Fungi","ascension_level":18}}