{"host":"61r95uy0hn86b9iu","time":1612054499,"event":{"mods":["AchievementEnabler","BaseMod","Better Vampires","BetterRewards","Colored Powertips","Hubris","Minty Spire (QoL Compilation)","Shop Mod","StSLib"],"gold_per_floor":[116,132,132,91,91,91,106,0,27,57,57,57,77,91,91,168,168,186,186,72,72,85,85,85,85,85,85,85,96,123,136,136,210,210,225,34,1033,615,615,615,646,646,700,700,700,272,291,291,291,291,291],"floor_reached":50,"language":"ENG","playtime":1727,"items_purged":["Normality","Normality"],"score":1261,"play_id":"bb6915d2-d75a-42d7-bd48-cf89b98a02ff","local_time":"20210130185459","is_ascension_mode":true,"campfire_choices":[{"data":"Streamline","floor":6.0,"key":"SMITH"},{"data":"Electrodynamics","floor":12.0,"key":"SMITH"},{"data":"Reboot","floor":15.0,"key":"SMITH"},{"data":"Double Energy","floor":23.0,"key":"SMITH"},{"data":"Bite","floor":25.0,"key":"SMITH"},{"floor":32.0,"key":"REST"},{"data":"Biased Cognition","floor":40.0,"key":"SMITH"},{"floor":42.0,"key":"REST"},{"floor":49,"key":"RECALL"}],"circlet_count":0,"master_deck":["AscendersBane","Defend_B","Defend_B","Defend_B","Zap","Dualcast","Electrodynamics+1","Streamline+1","Sweeping Beam","Melter","FTL","Reboot+1","Buffer+1","Glacier","Static Discharge","Double Energy+1","Biased Cognition+1","Self Repair","Bite+1","Writhe","Gash","Glacier","Conserve Battery","Coolheaded","Thunder Strike","hubris:Ukulele","Sunder","Core Surge","Apotheosis","hubris:EnhanceAbility","Transmutation"],"relics":["Cracked Core","MealTicket","hubris:Zylophone","hubris:Icosahedron","Juzu Bracelet","TungstenRod","hubris:TinFlute","hubris:Stopwatch","MerchantsRug","Lee\u0027s Waffle","Dream Catcher","FossilizedHelix","hubris:BallOfYels","Chemical X","Toy Ornithopter"],"acts_visited":["Exordium","TheCity","TheBeyond"],"potions_floor_usage":[],"damage_taken":[{"damage":1.0,"enemies":"2 Louse","floor":1.0,"turns":2.0},{"damage":3.0,"enemies":"Small Slimes","floor":2.0,"turns":3.0},{"damage":0.0,"enemies":"Cultist","floor":7.0,"turns":2.0},{"damage":8.0,"enemies":"Gremlin Nob","floor":10.0,"turns":3.0},{"damage":6.0,"enemies":"Looter","floor":13.0,"turns":2.0},{"damage":0.0,"enemies":"3 Louse","floor":14.0,"turns":1.0},{"damage":13.0,"enemies":"Slime Boss","floor":16.0,"turns":6.0},{"damage":27.0,"enemies":"Shell Parasite","floor":18.0,"turns":4.0},{"damage":0.0,"enemies":"3 Byrds","floor":22.0,"turns":1.0},{"damage":0.0,"enemies":"Cultist and Chosen","floor":29.0,"turns":4.0},{"damage":24.0,"enemies":"Book of Stabbing","floor":30.0,"turns":4.0},{"damage":7.0,"enemies":"Snecko","floor":31.0,"turns":3.0},{"damage":51.0,"enemies":"hubris:MusketHawk","floor":33.0,"turns":11.0},{"damage":8.0,"enemies":"3 Shapes","floor":35.0,"turns":3.0},{"damage":59.0,"enemies":"Nemesis","floor":41.0,"turns":6.0},{"damage":0.0,"enemies":"3 Darklings","floor":45.0,"turns":1.0},{"damage":0.0,"enemies":"Spire Growth","floor":47.0,"turns":5.0},{"damage":81,"enemies":"hubris:GrandSnecko","floor":50,"turns":12}],"seed_played":"6435823931582934741","potions_obtained":[{"floor":7.0,"key":"BlessingOfTheForge"},{"floor":10.0,"key":"Energy Potion"},{"floor":13.0,"key":"EssenceOfDarkness"},{"floor":16.0,"key":"Fire Potion"},{"floor":29.0,"key":"EntropicBrew"},{"floor":33.0,"key":"FearPotion"},{"floor":41.0,"key":"SmokeBomb"}],"is_trial":false,"path_per_floor":["M","M","?","$","?","R","M","$","T","E","?","R","M","M","R","B",null,"M","?","$","?","M","R","?","R","T","?","?","M","E","M","R","B",null,"M","$","?","$","?","R","E","R","T","?","M","$","M","?","R","B"],"character_chosen":"DEFECT","items_purchased":["Electrodynamics","MealTicket","Melter","Fruit Juice","Glacier","Static Discharge","MerchantsRug","Lee\u0027s Waffle","Sunder","Core Surge","Dream Catcher","Chemical X","Toy Ornithopter"],"campfire_rested":2,"item_purchase_floors":[0,0,4,8,20,20,36,36,36,38,38,46,46],"current_hp_per_floor":[40,37,37,52,52,52,52,72,72,64,64,64,58,58,58,45,68,41,41,56,56,56,56,56,56,56,56,56,69,54,54,71,36,62,64,78,78,78,78,78,29,52,52,52,52,67,78,69,69,0,0],"gold":291,"neow_bonus":"","is_daily":false,"chose_seed":false,"campfire_upgraded":6,"win_rate":0.0,"timestamp":1612054499,"path_taken":["M","M","?","$","?","R","M","$","T","E","?","R","M","M","R","BOSS","M","?","$","?","M","R","?","R","T","?","?","M","E","M","R","BOSS","M","$","?","$","?","R","E","R","T","?","M","?","M","?","R","BOSS"],"items_purchased_type":["Card","Relic","Card","Potion","Card","Card","Relic","Relic","Card","Card","Relic","Relic","Relic"],"build_version":"2020-12-22","purchased_purges":2,"victory":false,"max_hp_per_floor":[71,71,71,71,71,71,71,76,76,76,76,76,76,76,76,76,76,76,76,76,76,76,76,71,71,71,71,71,71,71,71,71,71,71,71,78,78,78,78,78,78,78,78,78,78,78,78,78,78,78,78],"card_choices":[{"not_picked":["Sweeping Beam","Turbo"],"picked":"Streamline","floor":1.0},{"not_picked":["Hologram","Streamline"],"picked":"Sweeping Beam","floor":2.0},{"not_picked":["Beam Cell","Go for the Eyes","Redo"],"picked":"SKIP","floor":7.0},{"not_picked":["Leap","Turbo"],"picked":"FTL","floor":10.0},{"not_picked":["Leap","Streamline"],"picked":"Reboot","floor":13.0},{"not_picked":["Go for the Eyes","Tempest","Blizzard"],"picked":"SKIP","floor":14.0},{"not_picked":["Hyperbeam","hubris:Prefetch"],"picked":"Buffer","floor":16.0},{"not_picked":["Leap","Beam Cell","Ball Lightning"],"picked":"SKIP","floor":18.0},{"not_picked":["Melter","Blizzard"],"picked":"Self Repair","floor":22.0},{"not_picked":["Reinforced Body","Sweeping Beam"],"picked":"Glacier","floor":29.0},{"not_picked":["Skim","Rebound"],"picked":"Conserve Battery","floor":30.0},{"not_picked":["Loop","Rebound"],"picked":"Coolheaded","floor":31.0},{"not_picked":["Electrodynamics","All For One"],"picked":"Thunder Strike","floor":33.0},{"not_picked":["Barrage","Turbo"],"picked":"hubris:Ukulele","floor":35.0},{"not_picked":["Gash+1","Lockon","Compile Driver+1"],"picked":"SKIP","floor":41.0},{"not_picked":["Stack","Heatsinks","Darkness"],"picked":"SKIP","floor":47.0},{"not_picked":["Sadistic Nature","hubris:Ssssneak"],"picked":"Apotheosis","floor":48.0},{"not_picked":["Secret Technique","Mind Blast"],"picked":"hubris:EnhanceAbility","floor":48.0},{"not_picked":["Panache","hubris:Insight"],"picked":"Transmutation","floor":48.0}],"player_experience":3332846,"relics_obtained":[{"floor":9.0,"key":"Juzu Bracelet"},{"floor":10.0,"key":"Potion Belt"},{"floor":30.0,"key":"Bottled Flame"},{"floor":41.0,"key":"FossilizedHelix"},{"floor":43.0,"key":"hubris:BallOfYels"}],"event_choices":[{"cards_removed":["Strike_B"],"damage_healed":0.0,"max_hp_gain":0.0,"max_hp_loss":0.0,"gold_gain":0.0,"event_name":"Purifier","player_choice":"Purged","floor":5.0,"gold_loss":0.0,"damage_taken":0.0},{"damage_healed":0.0,"max_hp_gain":0.0,"max_hp_loss":0.0,"gold_gain":0.0,"event_name":"Scrap Ooze","player_choice":"Fled","floor":11.0,"gold_loss":0.0,"damage_taken":0.0},{"damage_healed":0.0,"max_hp_gain":0.0,"max_hp_loss":0.0,"gold_gain":0.0,"cards_transformed":["Strike_B","Strike_B"],"event_name":"Drug Dealer","player_choice":"Became Test Subject","floor":21.0,"gold_loss":0.0,"damage_taken":0.0,"cards_obtained":["Double Energy","Biased Cognition"]},{"damage_healed":0.0,"max_hp_gain":0.0,"max_hp_loss":5.0,"gold_gain":0.0,"event_name":"Vampires","player_choice":"Became a vampire","floor":24.0,"gold_loss":0.0,"damage_taken":0.0,"cards_obtained":["Bite"]},{"damage_healed":0.0,"max_hp_gain":0.0,"max_hp_loss":0.0,"gold_gain":0.0,"event_name":"The Mausoleum","player_choice":"Opened","floor":27.0,"gold_loss":0.0,"damage_taken":0.0,"relics_obtained":["hubris:TinFlute"],"cards_obtained":["Writhe"]},{"damage_healed":0.0,"max_hp_gain":0.0,"max_hp_loss":0.0,"gold_gain":0.0,"cards_transformed":["Defend_B"],"event_name":"Transmorgrifier","player_choice":"Transformed","floor":28.0,"gold_loss":0.0,"damage_taken":0.0,"cards_obtained":["Gash"]},{"damage_healed":0.0,"max_hp_gain":0.0,"max_hp_loss":0.0,"gold_gain":999.0,"event_name":"MindBloom","player_choice":"Gold","floor":37.0,"gold_loss":0.0,"damage_taken":0.0,"cards_obtained":["Normality","Normality"]},{"damage_healed":0.0,"max_hp_gain":0.0,"max_hp_loss":0.0,"gold_gain":0.0,"event_name":"Mysterious Sphere","player_choice":"Ignored","floor":39.0,"gold_loss":0.0,"damage_taken":0.0},{"damage_healed":0.0,"max_hp_gain":0.0,"max_hp_loss":0.0,"gold_gain":0.0,"event_name":"SensoryStone","player_choice":"Memory 3","floor":48.0,"gold_loss":0.0,"damage_taken":10.0}],"is_beta":false,"boss_relics":[{"not_picked":["hubris:CrackedHourglass","Philosopher\u0027s Stone"],"picked":"hubris:Backtick"},{"not_picked":["hubris:HollowSoul","Fusion Hammer"],"picked":"hubris:Stopwatch"}],"items_purged_floors":[38,46],"is_endless":false,"potions_floor_spawned":[7,10,13,16,29,33,41],"killed_by":"hubris:GrandSnecko","ascension_level":19}}