{"host":"szp1d6dso4pv7ddl","time":1612056593,"event":{"mods":["AchievementEnabler","Alarm Clock","BaseMod","Bestiary","Block Reminder","Colored Map","Colored Powertips","Curses Come First","Dark Map","Displayed Cursed Tome","Highlight Path","Minty Spire (QoL Compilation)","Permanent Neow","Quick Restart","Relic Sorter","Relic Stats","StSLib","Synergy Search"],"gold_per_floor":[114,114,129,129,144,174,189,189,189],"floor_reached":8,"language":"ENG","playtime":560,"items_purged":[],"score":58,"play_id":"b951c96d-3c5e-4a79-abe5-d38efadbde3c","local_time":"20210130172953","daily_mods":["Allstar","Diverse","Elite Swarm"],"is_ascension_mode":false,"campfire_choices":[],"circlet_count":0,"master_deck":["Strike_R","Strike_R","Strike_R","Strike_R+1","Strike_R","Defend_R","Defend_R","Defend_R","Defend_R","Bash","Discovery","Blind","Transmutation+1","Impatience","Panacea","Conserve Battery","CutThroughFate","FollowUp","Envenom","Flying Knee"],"relics":["Burning Blood","Incense Burner","Self Forming Clay"],"acts_visited":["Exordium"],"potions_floor_usage":[6],"damage_taken":[{"damage":0,"enemies":"Small Slimes","floor":1,"turns":3},{"damage":0,"enemies":"Jaw Worm","floor":3,"turns":2},{"damage":0,"enemies":"Cultist","floor":5,"turns":3},{"damage":44,"enemies":"Lagavulin","floor":6,"turns":8},{"damage":24,"enemies":"Lots of Slimes","floor":7,"turns":4},{"damage":20,"enemies":"3 Sentries","floor":8,"turns":4}],"seed_played":"7510361231737359051","potions_obtained":[{"floor":3,"key":"BloodPotion"},{"floor":6,"key":"Dexterity Potion"}],"is_trial":false,"path_per_floor":["M","?","M","?","M","E","M","E"],"character_chosen":"IRONCLAD","items_purchased":[],"campfire_rested":0,"item_purchase_floors":[],"current_hp_per_floor":[80,62,68,52,58,36,18,0,0],"gold":189,"neow_bonus":"","is_daily":true,"chose_seed":false,"campfire_upgraded":0,"win_rate":0.0,"timestamp":1612056593,"path_taken":["M","?","M","?","M","E","M","E"],"items_purchased_type":[],"build_version":"2020-12-22","purchased_purges":0,"victory":false,"max_hp_per_floor":[80,80,80,80,80,80,80,80,80],"relic_stats":{"counters":[6,24],"Self Forming Clay":[27],"obtain_stats":[{"Self Forming Clay":6,"Incense Burner":2,"Burning Blood":0},{"Self Forming Clay":4,"Incense Burner":1,"Burning Blood":0},{"Self Forming Clay":16,"Incense Burner":3,"Burning Blood":0}],"Burning Blood":24},"card_choices":[{"not_picked":["Prostrate","Prepared"],"picked":"Conserve Battery","floor":1},{"not_picked":["Skewer","Pummel"],"picked":"CutThroughFate","floor":3},{"not_picked":["ReachHeaven","Conserve Battery"],"picked":"FollowUp","floor":5},{"not_picked":["Fiend Fire","Grand Finale"],"picked":"Envenom","floor":6},{"not_picked":["Tantrum","Crescendo"],"picked":"Flying Knee","floor":7}],"player_experience":1326927,"relics_obtained":[{"floor":6,"key":"Self Forming Clay"}],"event_choices":[{"damage_healed":0,"gold_gain":0,"player_choice":"Success","damage_taken":18,"relics_obtained":["Incense Burner"],"max_hp_gain":0,"max_hp_loss":0,"event_name":"Scrap Ooze","floor":2,"gold_loss":0},{"damage_healed":0,"gold_gain":0,"player_choice":"Entered Light","damage_taken":16,"max_hp_gain":0,"max_hp_loss":0,"event_name":"Shining Light","floor":4,"gold_loss":0,"cards_upgraded":["Transmutation","Strike_R"]}],"is_beta":false,"boss_relics":[],"items_purged_floors":[],"is_endless":false,"potions_floor_spawned":[3,6],"killed_by":"3 Sentries","ascension_level":0}}