{"host":"tq99ucv8ezzqzioe","time":1612074600,"event":{"mods":["BaseMod","Colored Map","Downfall","Highlight Path","Minty Spire (QoL Compilation)","StSLib"],"gold_per_floor":[99,110,128,144,209,223,223,223,248,48,33,33,43,43,53,152,152,52,64,64,76,61,61,61,93,93,112,112,124,124,34,52,52,52,52],"floor_reached":33,"language":"ENG","playtime":1981,"items_purged":["Guardian:Defend_Guardian"],"score":294,"play_id":"1907455b-5fe0-49a0-ac90-e0eb9c9f5a76","local_time":"20210131013000","is_ascension_mode":true,"campfire_choices":[{"floor":1,"key":"RECALL"},{"floor":10,"key":"REST"},{"data":"Guardian:FierceBash","floor":26,"key":"SMITH"},{"data":"Guardian:EvasiveProtocol","floor":30,"key":"SMITH"}],"circlet_count":0,"master_deck":["Guardian:Defend_Guardian","Guardian:Defend_Guardian","Guardian:Defend_Guardian","Guardian:CurlUp","Guardian:TwinSlam+1","Guardian:WalkerClaw","Guardian:EvasiveProtocol+1","Guardian:Incinerate","Guardian:GatlingBeam","Guardian:FierceBash+1","Guardian:PrismaticBeam","Guardian:BronzeOrb","Guardian:ConstructionForm","Guardian:Gem_Green","Guardian:TimeBomb+1","Slimebound:Tackle+1","Slimebound:Tackle+1","Slimebound:Tackle+1","Guardian:BronzeArmor+1","Guardian:FloatingOrbs","Guardian:PiercingHide+1","Guardian:EvasiveProtocol","Guardian:Gem_Crimson","Guardian:EvasiveProtocol"],"relics":["Guardian:ModeShifter","Question Card","downfall:HeartBlessingGreen","downfall:HeartBlessingRed","Coffee Dripper","downfall:HeartBlessingBlue","downfall:RedIOU","Matryoshka","Torii","FaceOfCleric"],"acts_visited":["Exordium","TheCity"],"potions_floor_usage":[9,16,16,25,31,33],"damage_taken":[{"damage":5,"enemies":"2 Louse","floor":2,"turns":4},{"damage":3,"enemies":"Small Slimes","floor":3,"turns":3},{"damage":6,"enemies":"Jaw Worm","floor":4,"turns":5},{"damage":16,"enemies":"Gremlin Nob","floor":5,"turns":5},{"damage":0,"enemies":"3 Louse","floor":6,"turns":4},{"damage":14,"enemies":"Gremlin Nob","floor":9,"turns":7},{"damage":0,"enemies":"downfall:FleeingMerchant","floor":11,"turns":4},{"damage":2,"enemies":"Blue Slaver","floor":13,"turns":3},{"damage":6,"enemies":"3 Louse","floor":15,"turns":3},{"damage":38,"enemies":"WA_ARCHETYPE_RETAIN","floor":16,"turns":8},{"damage":0,"enemies":"Chosen","floor":19,"turns":4},{"damage":8,"enemies":"3 Byrds","floor":21,"turns":4},{"damage":11,"enemies":"downfall:FleeingMerchant","floor":22,"turns":4},{"damage":53,"enemies":"Slavers","floor":25,"turns":5},{"damage":13,"enemies":"Snecko","floor":27,"turns":4},{"damage":16,"enemies":"Shelled Parasite and Fungi","floor":29,"turns":5},{"damage":2,"enemies":"downfall:FleeingMerchant","floor":31,"turns":4},{"damage":3,"enemies":"Centurion and Healer","floor":32,"turns":5},{"damage":22,"enemies":"IC_MUSHROOM_ARCHETYPE","floor":33,"turns":4}],"seed_played":"642569597202178471","potions_obtained":[{"floor":2,"key":"Swift Potion"},{"floor":4,"key":"LiquidMemories"},{"floor":13,"key":"SpeedPotion"},{"floor":19,"key":"Regen Potion"},{"floor":21,"key":"Regen Potion"},{"floor":32,"key":"Strength Potion"}],"is_trial":false,"path_per_floor":["R","M","M","M","?","M","T","?","E","R","$","?","M","?","M","B",null,"R","M","?","M","$","?","T","E","R","M","?","M","R","$","M","B"],"character_chosen":"GUARDIAN","items_purchased":[],"campfire_rested":1,"item_purchase_floors":[],"current_hp_per_floor":[80,75,72,66,50,50,50,26,12,36,36,62,60,60,54,16,80,90,90,90,82,71,71,71,32,32,19,19,4,4,17,15,0,0,0],"gold":52,"neow_bonus":"UPGRADE_CARD","is_daily":false,"chose_seed":false,"campfire_upgraded":2,"win_rate":0.0,"timestamp":1612074600,"path_taken":["R","M","M","M","?","M","T","?","E","R","$","?","M","?","M","BOSS","R","M","?","M","$","?","T","E","R","M","?","M","R","$","M","BOSS"],"items_purchased_type":[],"build_version":"2020-12-22","purchased_purges":1,"victory":false,"max_hp_per_floor":[80,80,80,80,80,80,80,80,80,80,80,80,80,80,80,80,80,90,90,90,90,90,90,90,90,90,90,90,91,91,92,93,93,93,93],"card_choices":[{"not_picked":["Guardian:PrimingBeam","Guardian:Gem_Green"],"picked":"Guardian:WalkerClaw","floor":2},{"not_picked":["Guardian:MultiBeam","Guardian:ShieldCharger"],"picked":"Guardian:EvasiveProtocol","floor":3},{"not_picked":["Guardian:Reroute","Guardian:Gem_Lightblue"],"picked":"Guardian:Incinerate","floor":4},{"not_picked":["Guardian:TemporalShield","Guardian:Suspension"],"picked":"Guardian:Gem_Cyan","floor":5},{"not_picked":["Guardian:Planning","Guardian:TemporalShield","Guardian:Gem_Green"],"picked":"Guardian:Gem_Red","floor":6},{"not_picked":["Guardian:RefractedBeam","Guardian:Gem_Lightblue","Guardian:Gem_Yellow"],"picked":"Guardian:GatlingBeam","floor":9},{"not_picked":["Guardian:Gem_Cyan","Guardian:Gem_Green","Guardian:SpikerProtocol"],"picked":"Guardian:FierceBash","floor":11},{"not_picked":["Guardian:TemporalShield","Guardian:PrimingBeam","Guardian:ExploitGems"],"picked":"Guardian:PrismaticBeam","floor":13},{"not_picked":["Guardian:PiercingHide","Guardian:Recover","Guardian:PrimingBeam"],"picked":"Guardian:BronzeOrb","floor":15},{"not_picked":["Guardian:AncientConstruct","Guardian:ExploitGems","Guardian:FastForward"],"picked":"Guardian:ConstructionForm","floor":16},{"not_picked":["Guardian:Reroute+1","Guardian:Incinerate","Guardian:CrystalBeam"],"picked":"Guardian:TimeBomb+1","floor":19},{"not_picked":["Guardian:Incinerate","Guardian:Reroute","Guardian:Orbwalk"],"picked":"Guardian:BronzeArmor+1","floor":21},{"not_picked":["Guardian:Gem_Fragmented","Guardian:Gem_Purple","Guardian:VentSteam"],"picked":"Guardian:FloatingOrbs","floor":22},{"not_picked":["Guardian:Repulse+1","Guardian:Gem_Yellow","Guardian:Incinerate"],"picked":"Guardian:Gem_Purple","floor":25},{"not_picked":["Guardian:CrystalBeam","Guardian:Clone","Guardian:Gem_Lightblue"],"picked":"Guardian:PiercingHide+1","floor":27},{"not_picked":["Guardian:SpikerProtocol","Guardian:BronzeOrb","Guardian:ShieldSpikes"],"picked":"Guardian:EvasiveProtocol","floor":29},{"not_picked":["Guardian:Planning","Guardian:TimeCapacitor","Guardian:Gem_Yellow"],"picked":"Guardian:Gem_Crimson","floor":31},{"not_picked":["Guardian:TemporalStrike","Guardian:Gem_Cyan","Guardian:RollAttack"],"picked":"Guardian:EvasiveProtocol","floor":32}],"player_experience":844363,"relics_obtained":[{"floor":5,"key":"Question Card"},{"floor":9,"key":"Guardian:PickAxe"},{"floor":24,"key":"Matryoshka"},{"floor":25,"key":"Torii"}],"event_choices":[{"damage_healed":26,"gold_gain":0,"player_choice":"Banana","damage_taken":0,"max_hp_gain":0,"max_hp_loss":0,"event_name":"Big Fish","floor":12,"gold_loss":0},{"damage_healed":0,"gold_gain":0,"player_choice":"Trade","damage_taken":0,"relics_obtained":["FaceOfCleric"],"max_hp_gain":0,"max_hp_loss":0,"event_name":"FaceTrader","floor":28,"gold_loss":0}],"is_beta":false,"boss_relics":[{"not_picked":["Pandora\u0027s Box","Philosopher\u0027s Stone"],"picked":"Coffee Dripper"}],"items_purged_floors":[31],"is_endless":false,"potions_floor_spawned":[2,4,13,19,21,32],"killed_by":"IC_MUSHROOM_ARCHETYPE","ascension_level":2}}