{"host":"fdq5pmhluajjrf8d","time":1612124033,"event":{"mods":["BaseMod","Minty Spire (QoL Compilation)"],"gold_per_floor":[114,114,114,114,132,132,168,168,168,90,131,131,150,150,150,243,243,261,282,305,265,283,314,314,314,314,314,337,2,25,64,64,160,160,180,180,198,198,216,216,256,270,338,338,369,369,369,369],"floor_reached":49,"language":"ENG","playtime":8190,"items_purged":[],"score":1932,"play_id":"fe4ff045-71c2-4643-acd6-e796608b0f84","local_time":"20210131151353","is_ascension_mode":true,"campfire_choices":[{"data":"Feed","floor":6.0,"key":"SMITH"},{"floor":8.0,"key":"REST"},{"data":"Rupture","floor":12.0,"key":"SMITH"},{"floor":15.0,"key":"REST"},{"data":"Exhume","floor":25,"key":"SMITH"},{"floor":27,"key":"REST"},{"floor":32,"key":"REST"},{"data":"Rupture","floor":40,"key":"SMITH"},{"data":"Sword Boomerang","floor":44,"key":"SMITH"}],"circlet_count":0,"master_deck":["AscendersBane","Strike_R","Strike_R","Strike_R","Strike_R","Strike_R","Defend_R","Defend_R","Bash","Feed+1","Bloodletting","Hemokinesis","Rupture+1","Combust","Reaper","Sword Boomerang+1","Exhume+1","Rupture+1","J.A.X.","CurseOfTheBell","Bloodletting","Brutality"],"relics":["Burning Blood","Golden Idol","Pen Nib","Mummified Hand","Anchor","Sundial","Runic Cube","White Beast Statue","StrikeDummy","Medical Kit","Lantern","Juzu Bracelet","Calling Bell","Tiny Chest","Gremlin Horn","Incense Burner","Pantograph","Paper Frog","The Courier"],"acts_visited":["Exordium","TheCity","TheBeyond"],"potions_floor_usage":[22,30,31,32,33,41,41,45,47,47],"damage_taken":[{"damage":11.0,"enemies":"Jaw Worm","floor":1.0,"turns":4.0},{"damage":11.0,"enemies":"Small Slimes","floor":5.0,"turns":3.0},{"damage":73.0,"enemies":"3 Sentries","floor":7.0,"turns":14.0},{"damage":25.0,"enemies":"Lagavulin","floor":11.0,"turns":7.0},{"damage":3.0,"enemies":"2 Louse","floor":13.0,"turns":2.0},{"damage":63.0,"enemies":"Hexaghost","floor":16.0,"turns":7.0},{"damage":24.0,"enemies":"Shell Parasite","floor":18.0,"turns":4.0},{"damage":28.0,"enemies":"3 Byrds","floor":19.0,"turns":4.0},{"damage":28.0,"enemies":"Snake Plant","floor":20.0,"turns":4.0},{"damage":24,"enemies":"Centurion and Healer","floor":22,"turns":4},{"damage":74,"enemies":"Slavers","floor":23,"turns":5},{"damage":34,"enemies":"Snecko","floor":28,"turns":4},{"damage":39,"enemies":"Shelled Parasite and Fungi","floor":30,"turns":3},{"damage":31,"enemies":"Gremlin Leader","floor":31,"turns":6},{"damage":106,"enemies":"Collector","floor":33,"turns":6},{"damage":31,"enemies":"3 Darklings","floor":35,"turns":3},{"damage":15,"enemies":"Orb Walker","floor":37,"turns":3},{"damage":30,"enemies":"3 Darklings","floor":39,"turns":3},{"damage":40,"enemies":"Nemesis","floor":41,"turns":3},{"damage":36,"enemies":"Spire Growth","floor":42,"turns":3},{"damage":14,"enemies":"Reptomancer","floor":45,"turns":3},{"damage":58,"enemies":"Awakened One","floor":47,"turns":4},{"damage":65,"enemies":"Donu and Deca","floor":48,"turns":4}],"seed_played":"-7404317229594397199","potions_obtained":[{"floor":1.0,"key":"Regen Potion"},{"floor":16.0,"key":"HeartOfIron"},{"floor":18.0,"key":"LiquidBronze"},{"floor":23,"key":"Dexterity Potion"},{"floor":28,"key":"DuplicationPotion"},{"floor":30,"key":"PowerPotion"},{"floor":31,"key":"BloodPotion"},{"floor":33,"key":"SkillPotion"},{"floor":35,"key":"Swift Potion"},{"floor":41,"key":"EssenceOfSteel"},{"floor":42,"key":"SteroidPotion"},{"floor":45,"key":"BlessingOfTheForge"}],"is_trial":false,"path_per_floor":["M","?","?","?","M","R","E","R","T","$","E","R","M","T","R","B",null,"M","M","M","$","M","E","?","R","T","R","M","$","M","E","R","B",null,"M","?","M","?","M","R","E","M","T","R","E","?","B","B",null],"character_chosen":"IRONCLAD","items_purchased":["Rupture","Rupture","Medical Kit","Lantern"],"campfire_rested":4,"item_purchase_floors":[10,21,29,29],"current_hp_per_floor":[66,71,71,71,69,69,21,48,48,48,29,29,36,36,64,7,72,66,57,43,43,90,40,40,40,40,71,43,43,26,18,70,31,90,110,110,105,105,118,118,118,118,118,118,118,118,86,88],"gold":369,"neow_bonus":"ONE_RANDOM_RARE_CARD","is_daily":false,"chose_seed":false,"campfire_upgraded":5,"win_rate":0.0,"timestamp":1612124033,"path_taken":["M","?","?","?","M","R","E","R","T","?","E","R","?","?","R","BOSS","M","?","M","$","M","E","?","R","T","R","M","$","M","E","R","BOSS","M","?","M","?","M","R","E","M","T","R","E","?","BOSS","BOSS"],"items_purchased_type":["Card","Card","Relic","Relic"],"build_version":"2020-12-22","purchased_purges":0,"victory":true,"max_hp_per_floor":[78,83,83,83,86,86,90,90,90,90,90,90,94,94,94,94,94,94,98,98,98,102,106,106,106,106,106,106,106,106,106,106,110,110,110,110,114,114,118,118,118,118,118,118,118,118,122,126],"card_choices":[{"not_picked":["Inflame","Clash"],"picked":"Bloodletting","floor":1.0},{"not_picked":["Heavy Blade","Twin Strike","Havoc"],"picked":"SKIP","floor":5.0},{"not_picked":["Twin Strike","Dual Wield"],"picked":"Hemokinesis","floor":7.0},{"not_picked":["Shrug It Off","Feel No Pain","True Grit"],"picked":"SKIP","floor":11.0},{"not_picked":["Iron Wave","Havoc"],"picked":"Combust","floor":13.0},{"not_picked":["Brutality","Barricade"],"picked":"Reaper","floor":16.0},{"not_picked":["Twin Strike","Flex"],"picked":"Sword Boomerang","floor":18.0},{"not_picked":["Cleave","Shockwave+1","Dropkick"],"picked":"SKIP","floor":19.0},{"not_picked":["Havoc+1","Sword Boomerang"],"picked":"Exhume","floor":20.0},{"not_picked":["Seeing Red","Rupture","Whirlwind"],"picked":"SKIP","floor":22},{"not_picked":["Cleave","Rage","True Grit"],"picked":"SKIP","floor":23},{"not_picked":["Pummel","Wild Strike","Armaments"],"picked":"SKIP","floor":28},{"not_picked":["Disarm","Iron Wave","Uppercut+1"],"picked":"SKIP","floor":30},{"not_picked":["True Grit","Heavy Blade","Burning Pact"],"picked":"SKIP","floor":31},{"not_picked":["Whirlwind+1","Dual Wield","Cleave"],"picked":"SKIP","floor":35},{"not_picked":["Sword Boomerang","Ghostly Armor","Searing Blow"],"picked":"SKIP","floor":37},{"not_picked":["Rage+1","True Grit","Iron Wave+1"],"picked":"SKIP","floor":39},{"not_picked":["Bludgeon","Clash","Ghostly Armor"],"picked":"SKIP","floor":41},{"not_picked":["Body Slam+1","Havoc+1","Heavy Blade"],"picked":"SKIP","floor":42},{"not_picked":["Wild Strike","Armaments"],"picked":"Brutality","floor":45}],"player_experience":1948101,"relics_obtained":[{"floor":7.0,"key":"Pen Nib"},{"floor":9.0,"key":"Mummified Hand"},{"floor":11.0,"key":"Anchor"},{"floor":14.0,"key":"Sundial"},{"floor":23,"key":"White Beast Statue"},{"floor":26,"key":"StrikeDummy"},{"floor":31,"key":"Juzu Bracelet"},{"floor":34,"key":"Tiny Chest"},{"floor":34,"key":"Gremlin Horn"},{"floor":34,"key":"Incense Burner"},{"floor":41,"key":"Pantograph"},{"floor":43,"key":"Paper Frog"},{"floor":45,"key":"The Courier"}],"event_choices":[{"damage_healed":0.0,"max_hp_gain":5.0,"max_hp_loss":0.0,"gold_gain":0.0,"event_name":"Big Fish","player_choice":"Donut","floor":2.0,"gold_loss":0.0,"damage_taken":0.0},{"damage_healed":0.0,"max_hp_gain":0.0,"max_hp_loss":0.0,"gold_gain":0.0,"event_name":"Golden Idol","player_choice":"Take Wound","floor":3.0,"gold_loss":0.0,"damage_taken":0.0,"relics_obtained":["Golden Idol"],"cards_obtained":["Injury"]},{"cards_removed":["Injury"],"damage_healed":0.0,"max_hp_gain":0.0,"max_hp_loss":0.0,"gold_gain":0.0,"event_name":"Living Wall","player_choice":"Forget","floor":4.0,"gold_loss":0.0,"damage_taken":0.0},{"damage_healed":0,"gold_gain":0,"player_choice":"Obtain J.A.X.","damage_taken":0,"max_hp_gain":0,"max_hp_loss":0,"event_name":"Drug Dealer","floor":24,"gold_loss":0,"cards_obtained":["J.A.X."]},{"damage_healed":0,"gold_gain":0,"cards_transformed":["Defend_R"],"player_choice":"Transformed","damage_taken":0,"max_hp_gain":0,"max_hp_loss":0,"event_name":"Transmorgrifier","floor":36,"gold_loss":0,"cards_obtained":["Bloodletting"]},{"cards_removed":["Defend_R"],"damage_healed":0,"gold_gain":0,"player_choice":"Removed Skill","damage_taken":0,"max_hp_gain":0,"max_hp_loss":0,"event_name":"Falling","floor":38,"gold_loss":0},{"damage_healed":0,"gold_gain":0,"player_choice":"Took Portal","damage_taken":0,"max_hp_gain":0,"max_hp_loss":0,"event_name":"SecretPortal","floor":46,"gold_loss":0}],"is_beta":false,"boss_relics":[{"not_picked":["SlaversCollar","Ectoplasm"],"picked":"Runic Cube"},{"not_picked":["Mark of Pain","Cursed Key"],"picked":"Calling Bell"}],"items_purged_floors":[],"is_endless":false,"potions_floor_spawned":[1,16,18,23,28,30,31,33,35,37,39,41,42,45],"ascension_level":20}}