{"host":"mconkkfc0dudtfx5","time":1612094912,"event":{"mods":["BaseMod","Highlight Path","Lobotomy","Marisa£®ÏF”Í°°ƒß¿Ì…≥£©","Minty Spire (QoL Compilation)","Shop Mod","StSLib","The Bug Knight","The Servant 0.9.4"],"gold_per_floor":[14,39,39,66,66,91,141,159,159,201,201,226,226,267,267,410,410,501,591,791,822,128,128,53,53,53,157,82,164,164,249,249,435,435,468,579,579,590,629,737,11,11,61,149,298,298,298,375,375,397],"floor_reached":51,"language":"ZHS","playtime":5066,"items_purged":["Strike_MRS"],"score":807,"play_id":"ea19722a-9799-4f01-9bc5-c383754dfbc0","local_time":"20210131200832","is_ascension_mode":false,"campfire_choices":[{"floor":11.0,"key":"REST"},{"data":"WitchOfGreed","floor":13.0,"key":"SMITH"},{"floor":15.0,"key":"REST"},{"data":"SuperNova","floor":23.0,"key":"SMITH"},{"data":"JA","floor":25.0,"key":"SMITH"},{"data":"PropBag","floor":30.0,"key":"SMITH"},{"data":"Robbery","floor":32.0,"key":"SMITH"},{"floor":46.0,"key":"REST"},{"floor":49,"key":"REST"}],"circlet_count":0,"master_deck":["Strike_MRS+1","Strike_MRS+1","Defend_MRS","Defend_MRS","Defend_MRS","Defend_MRS","MasterSpark","UpSweep","WitchOfGreed+1","PropBag+1","DC","SuperNova+1","SporeBomb","Robbery+1","JA+1","WitchOfGreed+1","WitchLeyline","MagicAbsorber","Parasite","Parasite","AlicesGift","EarthLightRay+1","CasketOfStar","MysteriousBeam+1","DoubleSpark+1","GravityBeat+1","PowerUp+1","EventHorizon","CasketOfStar","AlicesGift+1","EventHorizon+1"],"relics":["MiniHakkero","Nunchaku","Centennial Puzzle","Matryoshka","FossilizedHelix","Philosopher\u0027s Stone","SimpleLauncher","ShroomBag","Gremlin Horn","Anchor","Darkstone Periapt","HornCleat","Fusion Hammer","Shuriken","CatCart","Sundial","Prayer Wheel","TheAbacus","HollowMod:PaleOreRelic","MerchantsRug","Bag of Preparation","Lantern","Pantograph"],"acts_visited":["Exordium","TheCity","TheBeyond"],"potions_floor_usage":[50],"damage_taken":[{"damage":0.0,"enemies":"2 Louse","floor":1.0,"turns":2.0},{"damage":1.0,"enemies":"Cultist","floor":2.0,"turns":4.0},{"damage":10.0,"enemies":"Jaw Worm","floor":4.0,"turns":4.0},{"damage":11.0,"enemies":"Lots of Slimes","floor":6.0,"turns":4.0},{"damage":40.0,"enemies":"Lagavulin","floor":7.0,"turns":8.0},{"damage":6.0,"enemies":"Exordium Wildlife","floor":8.0,"turns":2.0},{"damage":9.0,"enemies":"3 Sentries","floor":10.0,"turns":5.0},{"damage":2.0,"enemies":"Blue Slaver","floor":12.0,"turns":4.0},{"damage":14.0,"enemies":"Exordium Thugs","floor":14.0,"turns":4.0},{"damage":38.0,"enemies":"Slime Boss","floor":16.0,"turns":12.0},{"damage":6.0,"enemies":"Chosen","floor":18.0,"turns":3.0},{"damage":17.0,"enemies":"2 Thieves","floor":19.0,"turns":4.0},{"damage":11.0,"enemies":"Cultist and Chosen","floor":21.0,"turns":6.0},{"damage":16.0,"enemies":"Slavers","floor":27.0,"turns":3.0},{"damage":0.0,"enemies":"Centurion and Healer","floor":29.0,"turns":5.0},{"damage":7.0,"enemies":"Gremlin Leader","floor":31.0,"turns":2.0},{"damage":29.0,"enemies":"Champ","floor":33.0,"turns":9.0},{"damage":0.0,"enemies":"Orb Walker","floor":35.0,"turns":2.0},{"damage":18.0,"enemies":"Orin","floor":36.0,"turns":7.0},{"damage":0.0,"enemies":"3 Shapes","floor":38.0,"turns":2.0},{"damage":0.0,"enemies":"Sphere and 2 Shapes","floor":39.0,"turns":2.0},{"damage":0.0,"enemies":"HollowMod:StalkingDevout","floor":40.0,"turns":4.0},{"damage":29.0,"enemies":"Maw","floor":44.0,"turns":5.0},{"damage":23.0,"enemies":"Nemesis","floor":45.0,"turns":5.0},{"damage":0,"enemies":"3 Darklings","floor":48,"turns":2},{"damage":43,"enemies":"Awakened One","floor":50,"turns":5}],"seed_played":"-8106401600753967745","potions_obtained":[{"floor":1.0,"key":"PowerPotion"},{"floor":2.0,"key":"GamblersBrew"},{"floor":2.0,"key":"GamblersBrew"},{"floor":7.0,"key":"BlessingOfTheForge"},{"floor":8.0,"key":"BlessingOfTheForge"},{"floor":14.0,"key":"DuplicationPotion"},{"floor":16.0,"key":"Regen Potion"},{"floor":18.0,"key":"GamblersBrew"},{"floor":18.0,"key":"BottledSpark"},{"floor":19.0,"key":"GamblersBrew"},{"floor":27.0,"key":"DuplicationPotion"},{"floor":27.0,"key":"Fire Potion"},{"floor":29.0,"key":"SkillPotion"},{"floor":33.0,"key":"FearPotion"},{"floor":33.0,"key":"Block Potion"},{"floor":35.0,"key":"BlessingOfTheForge"},{"floor":36.0,"key":"Weak Potion"},{"floor":36.0,"key":"ColorlessPotion"}],"is_trial":false,"path_per_floor":["M","M","?","M","?","M","E","M","T","E","R","M","R","M","R","B",null,"M","M","?","M","$","R","$","R","T","E","?","M","R","E","R","B",null,"M","?","?","M","M","E","$","?","T","M","E","R","?","M","R","B",null],"character_chosen":"MARISA","items_purchased":["SimpleLauncher","ShroomBag","Gremlin Horn","Prayer Wheel","TheAbacus","HollowMod:PaleOreRelic","MerchantsRug"],"campfire_rested":4,"item_purchase_floors":[22,22,22,41,41,41,41],"current_hp_per_floor":[89,88,88,78,78,67,27,21,21,12,38,36,36,22,48,10,89,83,78,78,67,67,67,67,67,67,55,55,59,59,56,56,37,89,89,81,73,75,75,85,85,85,85,64,51,77,82,88,89,46],"gold":397,"neow_bonus":"TWENTY_PERCENT_HP_BONUS","is_daily":false,"chose_seed":false,"campfire_upgraded":5,"win_rate":0.0,"timestamp":1612094912,"path_taken":["M","M","?","M","?","M","E","?","T","E","R","M","R","?","R","BOSS","M","M","?","?","$","R","$","R","T","E","?","M","R","E","R","BOSS","M","?","?","M","?","E","$","?","T","?","E","R","?","M","R","BOSS"],"items_purchased_type":["Relic","Relic","Relic","Relic","Relic","Relic","Relic"],"build_version":"2020-12-22","purchased_purges":1,"victory":true,"max_hp_per_floor":[89,89,89,89,89,89,89,89,89,89,89,89,89,89,89,89,89,89,89,89,89,89,89,89,89,89,89,89,89,89,89,89,89,89,89,89,89,89,89,89,89,89,89,89,89,89,89,89,89,89],"card_choices":[{"not_picked":["DoubleSpark","Acceleration"],"picked":"WitchOfGreed","floor":1.0},{"not_picked":["GravityBeat","IllusionStar","MysteriousBeam"],"picked":"SKIP","floor":2.0},{"not_picked":["GalacticHalo","OpenUniverse"],"picked":"PropBag","floor":4.0},{"not_picked":["GrandCross","WitchLeyline"],"picked":"DC","floor":6.0},{"not_picked":["GasGiant","GrandCross"],"picked":"SuperNova","floor":7.0},{"not_picked":["StarlightTyphoon","GalacticHalo","DC"],"picked":"SKIP","floor":8.0},{"not_picked":["GrandCross","MeteoricShower"],"picked":"SporeBomb","floor":10.0},{"not_picked":["UnstableBomb","6A"],"picked":"PowerUp","floor":12.0},{"not_picked":["SuperNova","StarlightTyphoon"],"picked":"Robbery","floor":14.0},{"not_picked":["SatelliteIllusion","BigCrunch"],"picked":"JA","floor":16.0},{"not_picked":["GravityBeat","MilkyWay+1"],"picked":"WitchOfGreed+1","floor":18.0},{"not_picked":["StarBarrage","MagicChant"],"picked":"WitchLeyline","floor":19.0},{"not_picked":["OpenUniverse+1","RefractionSpark"],"picked":"MagicAbsorber","floor":21.0},{"not_picked":["EventHorizon","6A","LuminesStrike"],"picked":"SKIP","floor":27.0},{"not_picked":["IllusionStar","SporeBomb"],"picked":"AlicesGift","floor":29.0},{"not_picked":["6A+1","MilkyWay"],"picked":"EarthLightRay+1","floor":31.0},{"not_picked":["JA","BlazingStar"],"picked":"CasketOfStar","floor":33.0},{"not_picked":["ManaConvection","Acceleration+1"],"picked":"MysteriousBeam+1","floor":35.0},{"not_picked":["NonDirectionalLaser+1","EnergyFlow"],"picked":"DoubleSpark+1","floor":36.0},{"not_picked":["SporeBomb","NonDirectionalLaser+1"],"picked":"GravityBeat+1","floor":38.0},{"not_picked":["ShootTheMoon","UnstableBomb"],"picked":"PowerUp+1","floor":39.0},{"not_picked":["DC+1","SatelliteIllusion"],"picked":"EventHorizon","floor":40.0},{"not_picked":["DarkMatter+1","WitchOfGreed","IllusionStar"],"picked":"SKIP","floor":44.0},{"not_picked":["GalacticHalo","ShootingEcho","MysteriousBeam"],"picked":"SKIP","floor":44.0},{"not_picked":["BlazingStar","SporeBomb+1"],"picked":"CasketOfStar","floor":45.0},{"not_picked":["MagicAbsorber+1","MachineGunSpark+1"],"picked":"AlicesGift+1","floor":48},{"not_picked":["UnstableBomb+1","AsteroidBelt"],"picked":"EventHorizon+1","floor":48}],"player_experience":211761,"relics_obtained":[{"floor":7.0,"key":"Centennial Puzzle"},{"floor":9.0,"key":"Matryoshka"},{"floor":10.0,"key":"FossilizedHelix"},{"floor":26.0,"key":"Whetstone"},{"floor":26.0,"key":"Anchor"},{"floor":27.0,"key":"Darkstone Periapt"},{"floor":31.0,"key":"HornCleat"},{"floor":36.0,"key":"CatCart"},{"floor":40.0,"key":"Sundial"},{"floor":43.0,"key":"Bag of Preparation"},{"floor":43.0,"key":"Lantern"},{"floor":45.0,"key":"Pantograph"}],"event_choices":[{"damage_healed":0.0,"max_hp_gain":0.0,"max_hp_loss":0.0,"gold_gain":0.0,"event_name":"The Cleric","player_choice":"Leave","floor":3.0,"gold_loss":0.0,"damage_taken":0.0},{"damage_healed":0.0,"max_hp_gain":0.0,"max_hp_loss":0.0,"gold_gain":0.0,"event_name":"WeMeetAgain","player_choice":"Gave Potion","floor":5.0,"gold_loss":0.0,"damage_taken":0.0,"relics_obtained":["Nunchaku"]},{"damage_healed":0.0,"max_hp_gain":0.0,"max_hp_loss":0.0,"gold_gain":250.0,"event_name":"The Joust","player_choice":"Bet on Owner","floor":20.0,"gold_loss":50.0,"damage_taken":0.0},{"cards_removed":["Strike_MRS"],"damage_healed":0.0,"max_hp_gain":0.0,"max_hp_loss":0.0,"gold_gain":0.0,"event_name":"Beggar","player_choice":"Gave Gold","floor":28.0,"gold_loss":75.0,"damage_taken":0.0},{"damage_healed":0.0,"max_hp_gain":0.0,"max_hp_loss":0.0,"gold_gain":0.0,"event_name":"OrinTheCat","player_choice":"Fight","floor":36.0,"gold_loss":0.0,"damage_taken":0.0},{"damage_healed":0.0,"max_hp_gain":0.0,"max_hp_loss":0.0,"gold_gain":0.0,"event_name":"Wheel of Change","player_choice":"Damaged","floor":37.0,"gold_loss":0.0,"damage_taken":8.0},{"cards_removed":["Strike_R"],"damage_healed":0.0,"max_hp_gain":0.0,"max_hp_loss":0.0,"gold_gain":0.0,"event_name":"NoteForYourself","player_choice":"Took Card","floor":42.0,"gold_loss":0.0,"damage_taken":0.0,"cards_obtained":["Strike_R"]},{"cards_removed":["PowerUp"],"damage_healed":5,"gold_gain":0,"player_choice":"Offered Common","damage_taken":0,"max_hp_gain":0,"max_hp_loss":0,"event_name":"Bonfire Elementals","floor":47,"gold_loss":0},{"cards_removed":["PowerUp"],"damage_healed":5,"gold_gain":0,"player_choice":"Offered Special","damage_taken":0,"max_hp_gain":0,"max_hp_loss":0,"event_name":"Bonfire Elementals","floor":47,"gold_loss":0}],"is_beta":false,"boss_relics":[{"not_picked":["Runic Pyramid","Sozu"],"picked":"Philosopher\u0027s Stone"},{"not_picked":["Astrolabe","Velvet Choker"],"picked":"Fusion Hammer"}],"items_purged_floors":[24],"is_endless":false,"potions_floor_spawned":[1,2,7,8,16,18,27,33,35,36,38,44,48],"ascension_level":0}}