{"host":"c3lc60y5x60jlt1y","time":1612116660,"event":{"mods":["AchievementEnabler","BaseMod","Bestiary","Colored Map","Minty Spire (QoL Compilation)","Quick Restart","StSLib","ojb\u0027s Info Mod"],"gold_per_floor":[115,115,190,211,232,232,246,266,266,216,216,235,250,21,21,147,147,165,165,165],"floor_reached":19,"language":"ENG","playtime":486,"items_purged":["Strike_R"],"score":161,"play_id":"e9f2a1e2-9dcc-4934-8d3d-030c9b9e313a","local_time":"20210131201100","is_ascension_mode":false,"campfire_choices":[{"data":"Bash","floor":6,"key":"SMITH"},{"data":"Battle Trance","floor":11,"key":"SMITH"},{"data":"Double Tap","floor":15,"key":"SMITH"}],"circlet_count":0,"master_deck":["Strike_R","Strike_R","Strike_R","Defend_R","Defend_R","Defend_R","Defend_R","Bash+1","Thunderclap","Twin Strike","Fire Breathing","Combust","Battle Trance+1","Double Tap+1","Flame Barrier","Demon Form","Rupture"],"relics":["Black Blood","Golden Idol","Orichalcum"],"acts_visited":["Exordium","TheCity"],"potions_floor_usage":[16],"damage_taken":[{"damage":0,"enemies":"Small Slimes","floor":1,"turns":3},{"damage":0,"enemies":"2 Louse","floor":4,"turns":2},{"damage":13,"enemies":"Jaw Worm","floor":5,"turns":3},{"damage":14,"enemies":"3 Louse","floor":7,"turns":3},{"damage":2,"enemies":"Exordium Wildlife","floor":8,"turns":4},{"damage":8,"enemies":"2 Fungi Beasts","floor":12,"turns":3},{"damage":16,"enemies":"Looter","floor":13,"turns":4},{"damage":33,"enemies":"Hexaghost","floor":16,"turns":9},{"damage":49,"enemies":"Spheric Guardian","floor":18,"turns":7},{"damage":42,"enemies":"Masked Bandits","floor":19,"turns":3}],"seed_played":"-5622005453288563993","potions_obtained":[{"floor":7,"key":"Weak Potion"},{"floor":12,"key":"LiquidMemories"},{"floor":16,"key":"FearPotion"}],"is_trial":false,"path_per_floor":["M","?","?","M","M","R","M","M","T","?","R","M","M","$","R","B",null,"M","?"],"character_chosen":"IRONCLAD","items_purchased":["Flame Barrier","DuplicationPotion"],"campfire_rested":0,"item_purchase_floors":[14,14],"current_hp_per_floor":[80,74,63,69,62,62,54,58,58,58,58,56,46,46,46,19,74,37,0,0],"gold":165,"neow_bonus":"THREE_CARDS","is_daily":false,"chose_seed":false,"campfire_upgraded":3,"win_rate":0.0,"timestamp":1612116660,"path_taken":["M","?","?","M","M","R","?","M","T","?","R","M","M","?","R","BOSS","M","?"],"items_purchased_type":["Card","Potion"],"build_version":"2020-12-22","purchased_purges":1,"victory":false,"max_hp_per_floor":[80,74,74,74,74,74,74,74,74,74,74,74,74,74,74,74,74,74,74,74],"card_choices":[{"not_picked":["Uppercut","Clothesline"],"picked":"Thunderclap","floor":0},{"not_picked":["Warcry","Thunderclap"],"picked":"Twin Strike","floor":1},{"not_picked":["Clash","Clothesline"],"picked":"Fire Breathing","floor":4},{"not_picked":["Power Through","Warcry"],"picked":"Combust","floor":5},{"not_picked":["Combust","Perfected Strike"],"picked":"Battle Trance","floor":7},{"not_picked":["Clash","Iron Wave","Infernal Blade"],"picked":"SKIP","floor":8},{"not_picked":["Entrench","True Grit"],"picked":"Double Tap","floor":12},{"not_picked":["Warcry","Thunderclap","Clothesline"],"picked":"SKIP","floor":13},{"not_picked":["Feed","Fiend Fire"],"picked":"Demon Form","floor":16},{"not_picked":["Entrench","Cleave"],"picked":"Rupture","floor":18}],"player_experience":8875989,"relics_obtained":[{"floor":9,"key":"Orichalcum"}],"event_choices":[{"damage_healed":0,"gold_gain":0,"player_choice":"Lose Max HP","damage_taken":0,"relics_obtained":["Golden Idol"],"max_hp_gain":0,"max_hp_loss":6,"event_name":"Golden Idol","floor":2,"gold_loss":0},{"damage_healed":0,"gold_gain":75,"player_choice":"Gather Gold","damage_taken":11,"max_hp_gain":0,"max_hp_loss":0,"event_name":"World of Goop","floor":3,"gold_loss":0},{"cards_removed":["Strike_R"],"damage_healed":0,"gold_gain":0,"player_choice":"Card Removal","damage_taken":0,"max_hp_gain":0,"max_hp_loss":0,"event_name":"The Cleric","floor":10,"gold_loss":50},{"damage_healed":0,"gold_gain":0,"player_choice":"Fought Bandits","damage_taken":0,"max_hp_gain":0,"max_hp_loss":0,"event_name":"Masked Bandits","floor":19,"gold_loss":0}],"is_beta":false,"boss_relics":[{"not_picked":["SlaversCollar","Black Star"],"picked":"Black Blood"}],"items_purged_floors":[14],"is_endless":false,"potions_floor_spawned":[7,12,16,18],"killed_by":"Masked Bandits","ascension_level":0}}