{"host":"yqw1zpryoutrnocq","time":1612096087,"event":{"mods":["2.2 Compatiblity","AchievementEnabler","BaseMod","Colored Map","Custom Start","DeckTracker","Minty Spire (QoL Compilation)","StSLib","SuperFastMode"],"gold_per_floor":[109,109,127,127,127,154,164,9,9,25,59,59,78,89,89,190,190,204,220,240,250,9,37,52,52,52],"floor_reached":25,"language":"KOR","playtime":1205,"items_purged":[],"score":373,"play_id":"aae4536f-281c-41cf-8b68-e89b9887451e","local_time":"20210131062807","is_ascension_mode":true,"campfire_choices":[{"data":"Concentrate","floor":12.0,"key":"SMITH"},{"data":"Adrenaline","floor":15.0,"key":"SMITH"}],"circlet_count":0,"master_deck":["Strike_G+1","Strike_G+1","Strike_G","Defend_G","Defend_G","Defend_G","Defend_G","Defend_G","Survivor","Neutralize+1","Backflip","Eviscerate","Quick Slash","Dodge and Roll","Prepared","Cloak And Dagger","Adrenaline+1","Dagger Throw+1","Unload","Tactician","Calculated Gamble","Concentrate+1","Escape Plan","Underhanded Strike","After Image","CurseOfTheBell","PiercingWail","Prepared+1","Underhanded Strike","Caltrops+1","Calculated Gamble+1","Escape Plan+1"],"relics":["HoveringKite","Tough Bandages","Orrery","Question Card","Whetstone","Calling Bell","Ancient Tea Set","Ninja Scroll","Pocketwatch","Toxic Egg 2","Centennial Puzzle"],"acts_visited":["TheCity"],"potions_floor_usage":[16,16,16,21,25],"damage_taken":[{"damage":3.0,"enemies":"Jaw Worm","floor":1.0,"turns":5.0},{"damage":5.0,"enemies":"Cultist","floor":3.0,"turns":6.0},{"damage":23.0,"enemies":"Gremlin Nob","floor":6.0,"turns":5.0},{"damage":3.0,"enemies":"2 Louse","floor":7.0,"turns":3.0},{"damage":0.0,"enemies":"Looter","floor":10.0,"turns":2.0},{"damage":5.0,"enemies":"Lagavulin","floor":11.0,"turns":5.0},{"damage":0.0,"enemies":"Red Slaver","floor":13.0,"turns":3.0},{"damage":3.0,"enemies":"Gremlin Gang","floor":14.0,"turns":4.0},{"damage":0,"enemies":"Hexaghost","floor":16,"turns":7},{"damage":0,"enemies":"Chosen","floor":18,"turns":4},{"damage":20,"enemies":"3 Byrds","floor":19,"turns":9},{"damage":0,"enemies":"Centurion and Healer","floor":20,"turns":7},{"damage":0,"enemies":"Snake Plant","floor":21,"turns":4},{"damage":3,"enemies":"Slavers","floor":23,"turns":6},{"damage":3,"enemies":"Sentry and Sphere","floor":24,"turns":4},{"damage":21,"enemies":"Gremlin Leader","floor":25,"turns":7}],"seed_played":"3487089993730702031","potions_obtained":[{"floor":3.0,"key":"CultistPotion"},{"floor":7.0,"key":"Strength Potion"},{"floor":13.0,"key":"Ancient Potion"},{"floor":20,"key":"Block Potion"},{"floor":23,"key":"Dexterity Potion"},{"floor":24,"key":"CultistPotion"}],"is_trial":false,"path_per_floor":["M","?","M","?","?","E","M","$","T","M","E","R","M","M","R","B",null,"M","M","M","M","$","E","M","E"],"character_chosen":"THE_SILENT","items_purchased":["Orrery","Toxic Egg 2"],"campfire_rested":0,"item_purchase_floors":[8,22],"current_hp_per_floor":[60,60,55,41,41,18,15,15,15,15,10,10,10,7,7,7,54,54,34,34,34,34,31,28,7,7],"gold":52,"neow_bonus":"BOSS_RELIC","is_daily":false,"chose_seed":false,"campfire_upgraded":2,"win_rate":0.0,"timestamp":1612096087,"path_taken":["M","?","?","?","?","E","M","$","T","M","E","R","?","M","R","BOSS","M","M","M","M","$","E","M","E"],"items_purchased_type":["Relic","Relic"],"build_version":"2020-12-22","purchased_purges":0,"victory":false,"max_hp_per_floor":[70,70,70,70,70,70,70,70,70,70,70,70,70,70,70,70,70,70,70,70,70,70,70,70,70,70],"card_choices":[{"not_picked":["Bane","Escape Plan"],"picked":"Backflip","floor":1.0},{"not_picked":["Well Laid Plans","Slice"],"picked":"Eviscerate","floor":3.0},{"not_picked":["Bane","Dash"],"picked":"Dodge and Roll","floor":6.0},{"not_picked":["Dodge and Roll","Poisoned Stab"],"picked":"Prepared","floor":7.0},{"not_picked":["Outmaneuver","Flechettes"],"picked":"Cloak And Dagger","floor":8.0},{"not_picked":["Underhanded Strike","Blade Dance"],"picked":"Adrenaline","floor":8.0},{"not_picked":["Doppelganger","Choke"],"picked":"Dagger Throw","floor":8.0},{"not_picked":["Outmaneuver","Sucker Punch"],"picked":"Unload","floor":8.0},{"not_picked":["Slice","Blade Dance"],"picked":"Tactician","floor":8.0},{"not_picked":["Blur","Prepared","Infinite Blades"],"picked":"Calculated Gamble","floor":10.0},{"not_picked":["Dagger Throw","Bane","Well Laid Plans"],"picked":"Concentrate","floor":11.0},{"not_picked":["Bane","Dagger Spray","Deflect"],"picked":"Escape Plan","floor":13.0},{"not_picked":["Concentrate","Quick Slash","Flying Knee"],"picked":"Underhanded Strike","floor":14.0},{"not_picked":["Wraith Form v2","Corpse Explosion","Doppelganger"],"picked":"After Image","floor":16},{"not_picked":["Accuracy","Blade Dance+1","Quick Slash"],"picked":"PiercingWail","floor":18},{"not_picked":["Calculated Gamble","Terror","Doppelganger"],"picked":"Prepared+1","floor":19},{"not_picked":["Prepared+1","Crippling Poison","Dagger Throw"],"picked":"Underhanded Strike","floor":20},{"not_picked":["Distraction+1","Dodge and Roll","Flying Knee"],"picked":"Caltrops+1","floor":21},{"not_picked":["Escape Plan+1","Prepared+1","Acrobatics+1"],"picked":"Calculated Gamble+1","floor":23},{"not_picked":["Underhanded Strike","Sucker Punch","Skewer"],"picked":"Escape Plan+1","floor":24}],"player_experience":248271,"relics_obtained":[{"floor":6.0,"key":"Tough Bandages"},{"floor":9.0,"key":"Question Card"},{"floor":11.0,"key":"Whetstone"},{"floor":17,"key":"Ancient Tea Set"},{"floor":17,"key":"Ninja Scroll"},{"floor":17,"key":"Pocketwatch"},{"floor":23,"key":"Centennial Puzzle"}],"event_choices":[{"cards_removed":["Strike_G"],"damage_healed":0.0,"max_hp_gain":0.0,"max_hp_loss":0.0,"gold_gain":0.0,"event_name":"Purifier","player_choice":"Purged","floor":2.0,"gold_loss":0.0,"damage_taken":0.0},{"damage_healed":0.0,"max_hp_gain":0.0,"max_hp_loss":0.0,"gold_gain":0.0,"event_name":"Shining Light","player_choice":"Entered Light","floor":4.0,"gold_loss":0.0,"damage_taken":14.0,"cards_upgraded":["Neutralize","Strike_G"]},{"damage_healed":0.0,"max_hp_gain":0.0,"max_hp_loss":0.0,"gold_gain":0.0,"cards_transformed":["Strike_G"],"event_name":"Transmorgrifier","player_choice":"Transformed","floor":5.0,"gold_loss":0.0,"damage_taken":0.0,"cards_obtained":["Quick Slash"]}],"is_beta":false,"boss_relics":[{"not_picked":["Cursed Key","Velvet Choker"],"picked":"Calling Bell"}],"items_purged_floors":[],"is_endless":false,"potions_floor_spawned":[3,7,13,14,20,23,24],"killed_by":"Gremlin Leader","ascension_level":6}}