{"host":"0068lo8nqxkxlxxx","time":1612078090,"event":{"mods":["2.2 Compatiblity","AchievementEnabler","Act Like it!","Aspiration","BaseMod","Better Altar","Better Match","Better Note","Better Sensory Stone","Better Skull","Better Third Choice","BetterRewards","Colored Map","Elementarium","Energized Spire","Fox Events","Friendly Minions","GifTheSpireLib","Halation","Hubris","Infinite Spire","Jedi Mod","Minty Spire (QoL Compilation)","Pale of the Ancients","Potionbrewer","Replay The Spire","Shop Mod","Somnambulant","Spikes Relics","StSLib","Stuff the Spire","The Disciple","The Jungle","The Marked","The Sage","Trackpad"],"gold_per_floor":[116,116,16,28,28,41,41,41,41,41,70,90,100,120,120,218,218,235,38,38,58,70,89,89,89,89,89,89,89,104,114,114,114,114],"floor_reached":33,"language":"ENG","playtime":1216,"items_purged":["Defend_R","Strike_R","Strike_R"],"score":349,"play_id":"57d6ac5a-5763-42bf-8841-5787894b952b","local_time":"20210131022810","is_ascension_mode":false,"campfire_choices":[{"data":"ReplayTheSpireMod:LeadingStrike","floor":7,"key":"SMITH"},{"floor":15,"key":"REST"},{"floor":25,"key":"REST"},{"floor":28,"key":"REST"},{"floor":32,"key":"REST"}],"circlet_count":0,"master_deck":["Strike_R","Strike_R","Strike_R","Defend_R","Defend_R","Blood for Blood","Shrug It Off","ReplayTheSpireMod:LeadingStrike+1","Double Tap+1","Uppercut","Evolve","Inflame","Combust","Juggernaut","Rampage","Body Slam","Shrug It Off+1","ReplayTheSpireMod:Brewmster","Panacea","Replay:Undeath\u0027s Touch+1"],"relics":["Burning Blood","Pantograph","StoneCalendar","hubris:RunicObelisk","Charon\u0027s Ashes"],"acts_visited":["Exordium","TheCity"],"potions_floor_usage":[16,22,33,33],"damage_taken":[{"damage":11,"enemies":"Jaw Worm","floor":1,"turns":5},{"damage":10,"enemies":"Cultist","floor":4,"turns":4},{"damage":1,"enemies":"2 Louse","floor":6,"turns":3},{"damage":21,"enemies":"3 Sentries","floor":11,"turns":6},{"damage":23,"enemies":"Gremlin Gang","floor":12,"turns":5},{"damage":8,"enemies":"2 Fungi Beasts","floor":13,"turns":3},{"damage":15,"enemies":"Exordium Wildlife","floor":14,"turns":3},{"damage":36,"enemies":"The Guardian","floor":16,"turns":7},{"damage":16,"enemies":"Shell Parasite","floor":18,"turns":5},{"damage":32,"enemies":"2 Thieves","floor":21,"turns":4},{"damage":20,"enemies":"Centurion and Healer","floor":22,"turns":4},{"damage":34,"enemies":"Sentry and Sphere","floor":23,"turns":4},{"damage":15,"enemies":"3 Cultists","floor":30,"turns":5},{"damage":30,"enemies":"Centurion and Healer","floor":31,"turns":7},{"damage":83,"enemies":"Collector","floor":33,"turns":7}],"seed_played":"2100042332911938754","potions_obtained":[{"floor":1,"key":"potionbrewer:DiscountPotion"},{"floor":6,"key":"FearPotion"},{"floor":11,"key":"potionbrewer:CleansingPotion"},{"floor":30,"key":"SkillPotion"}],"is_trial":false,"path_per_floor":["M","?","$","M","?","M","R","?","T","?","E","M","M","M","R","B",null,"M","$","?","M","M","M","$","R","T","?","R","?","M","M","R","B"],"character_chosen":"IRONCLAD","items_purchased":["Regen Potion"],"campfire_rested":4,"item_purchase_floors":[19],"current_hp_per_floor":[75,75,75,71,71,76,76,76,76,76,61,44,42,33,57,50,80,70,70,70,44,39,11,11,35,35,35,59,59,50,26,50,0,0],"gold":114,"neow_bonus":"","is_daily":false,"chose_seed":false,"campfire_upgraded":1,"win_rate":0.0,"timestamp":1612078090,"path_taken":["M","?","$","?","?","?","R","?","T","?","E","?","M","M","R","BOSS","M","$","?","M","?","M","$","R","T","?","R","?","M","M","R","BOSS"],"items_purchased_type":["Potion"],"build_version":"2020-12-22","purchased_purges":3,"victory":false,"max_hp_per_floor":[80,80,80,80,80,80,80,80,80,80,80,80,80,80,80,80,80,80,80,80,80,80,80,80,80,80,80,80,80,80,80,80,80,80],"card_choices":[{"not_picked":["Ghostly Armor","Entrench"],"picked":"Blood for Blood","floor":1},{"not_picked":["Twin Strike","Thunderclap"],"picked":"Shrug It Off","floor":4},{"not_picked":["StuffTheSpire:RockThrow","Sword Boomerang"],"picked":"ReplayTheSpireMod:LeadingStrike","floor":6},{"not_picked":["StuffTheSpire:Slingshot","Iron Wave"],"picked":"Uppercut","floor":11},{"not_picked":["Anger","Entrench"],"picked":"Evolve","floor":12},{"not_picked":["Rampage","StuffTheSpire:Slingshot"],"picked":"Inflame","floor":13},{"not_picked":["jedi:fear","Iron Wave"],"picked":"Combust","floor":14},{"not_picked":["Limit Break","Offering"],"picked":"Juggernaut","floor":16},{"not_picked":["Anger","Warcry+1"],"picked":"Rampage","floor":18},{"not_picked":["jedi:suffering+1","ReplayTheSpireMod:Muscle Training","Carnage"],"picked":"SKIP","floor":21},{"not_picked":["Second Wind","Entrench"],"picked":"Body Slam","floor":22},{"not_picked":["Thunderclap","Sword Boomerang"],"picked":"Shrug It Off+1","floor":23},{"not_picked":["Survey Options","Replay:Sssssssssshield"],"picked":"ReplayTheSpireMod:Brewmster","floor":27},{"not_picked":["ReplayTheSpireMod:Uncanny Aura","Jack Of All Trades"],"picked":"Panacea","floor":27},{"not_picked":["Havoc","Pommel Strike"],"picked":"Replay:Undeath\u0027s Touch+1","floor":30},{"not_picked":["StuffTheSpire:RockThrow","Havoc","Metallicize+1"],"picked":"SKIP","floor":31}],"player_experience":90989,"relics_obtained":[{"floor":9,"key":"Pantograph"},{"floor":11,"key":"StoneCalendar"},{"floor":26,"key":"Charon\u0027s Ashes"}],"event_choices":[{"damage_healed":0,"gold_gain":0,"player_choice":"Ignored","damage_taken":0,"max_hp_gain":0,"max_hp_loss":0,"event_name":"Golden Idol","floor":2,"gold_loss":0},{"cards_removed":["Bash"],"damage_healed":0,"gold_gain":0,"player_choice":"Offered Basic","damage_taken":0,"max_hp_gain":0,"max_hp_loss":0,"event_name":"Bonfire Elementals","floor":5,"gold_loss":0},{"damage_healed":0,"gold_gain":0,"player_choice":"Ignored","damage_taken":41,"max_hp_gain":0,"max_hp_loss":0,"event_name":"betterThird:BetterSerpent","floor":10,"gold_loss":0},{"cards_removed":["Strike_R"],"damage_healed":0,"gold_gain":0,"player_choice":"Give","damage_taken":0,"max_hp_gain":0,"max_hp_loss":0,"event_name":"betterNote:BetterNote","floor":20,"gold_loss":0,"cards_obtained":["Defend_R"]},{"damage_healed":0,"gold_gain":2,"player_choice":"1","damage_taken":0,"max_hp_gain":0,"max_hp_loss":0,"event_name":"betterStone:BetterStone","floor":27,"gold_loss":0},{"damage_healed":0,"gold_gain":0,"player_choice":"Ignored","damage_taken":0,"max_hp_gain":0,"max_hp_loss":0,"event_name":"N\u0027loth","floor":29,"gold_loss":0}],"is_beta":false,"boss_relics":[{"not_picked":["Replay:Drink Me","hubris:CrackedHourglass"],"picked":"hubris:RunicObelisk"}],"items_purged_floors":[0,3,19],"is_endless":false,"potions_floor_spawned":[1,6,11,13,30],"killed_by":"Collector","ascension_level":0}}