{"host":"3498uni0c31c9bdm","time":1612121133,"event":{"mods":["BaseMod","Better Third Choice","Minty Spire (QoL Compilation)","Replay The Spire","StSLib"],"gold_per_floor":[114,114,130,154,180,222,234,265,277,300,312,62,62,82,82,184,184,199,199,54,54,36,36,36,47,47,47,47,47],"floor_reached":28,"language":"ENG","playtime":968,"items_purged":[],"score":374,"play_id":"50f44281-6fb3-42de-9842-75768acb0a66","local_time":"20210201062533","is_ascension_mode":true,"campfire_choices":[{"floor":7,"key":"RECALL"},{"floor":11,"key":"REST"},{"floor":15,"key":"DIG"},{"floor":23,"key":"REST"},{"floor":27,"key":"REST"}],"circlet_count":0,"master_deck":["AscendersBane","Strike_P","Strike_P","Strike_P","Strike_P","Defend_P","Defend_P","Defend_P","Defend_P","Eruption","Vigilance","FollowUp","Pray","SandsOfTime","Evaluate","WaveOfTheHand+1","Wireheading","Establishment","MasterReality","Consecrate+1","Wallop","Replay:DivineShield"],"relics":["PureWater","NeowsBlessing","MawBank","Centennial Puzzle","Iron Hammer","Kunai","Orichalcum","Membership Card"],"acts_visited":["Exordium","TheCity"],"potions_floor_usage":[6,16,18,28],"damage_taken":[{"damage":0,"enemies":"Jaw Worm","floor":1,"turns":1},{"damage":0,"enemies":"Cultist","floor":3,"turns":1},{"damage":0,"enemies":"Small Slimes","floor":5,"turns":1},{"damage":12,"enemies":"Lagavulin","floor":6,"turns":7},{"damage":0,"enemies":"2 Fungi Beasts","floor":8,"turns":3},{"damage":7,"enemies":"Large Slime","floor":10,"turns":6},{"damage":17,"enemies":"Exordium Wildlife","floor":14,"turns":5},{"damage":30,"enemies":"The Guardian","floor":16,"turns":11},{"damage":26,"enemies":"3 Byrds","floor":18,"turns":8},{"damage":15,"enemies":"Shell Parasite","floor":25,"turns":7},{"damage":60,"enemies":"3 Cultists","floor":28,"turns":5}],"seed_played":"-4920073157733023903","potions_obtained":[{"floor":2,"key":"Dexterity Potion"},{"floor":2,"key":"Flashbang"},{"floor":10,"key":"Doom Potion"},{"floor":16,"key":"CultistPotion"},{"floor":25,"key":"PowerPotion"}],"is_trial":false,"path_per_floor":["M","?","M","T","M","E","R","M","T","M","R","$","?","M","R","B",null,"M","?","$","?","$","R","$","M","T","R","M"],"character_chosen":"WATCHER","items_purchased":["Kunai","Membership Card","Wallop"],"campfire_rested":3,"item_purchase_floors":[12,20,22],"current_hp_per_floor":[65,65,65,65,65,53,53,53,53,46,67,67,67,50,50,20,59,33,33,33,33,33,54,54,39,39,60,0,0],"gold":47,"neow_bonus":"THREE_ENEMY_KILL","is_daily":false,"chose_seed":false,"campfire_upgraded":0,"win_rate":0.0,"timestamp":1612121133,"path_taken":["M","?","?","?","M","E","R","M","T","M","R","$","?","?","R","BOSS","M","?","$","?","$","R","$","M","T","R","M"],"items_purchased_type":["Relic","Relic","Card"],"build_version":"2020-12-22","purchased_purges":0,"victory":false,"max_hp_per_floor":[72,72,72,72,72,72,72,72,72,72,72,72,72,72,72,72,72,72,72,72,72,72,72,72,72,72,72,72,72],"card_choices":[{"not_picked":["Conclude","SashWhip"],"picked":"FollowUp","floor":1},{"not_picked":["Protect","WreathOfFlame"],"picked":"Pray","floor":3},{"not_picked":["MentalFortress","BattleHymn"],"picked":"SandsOfTime","floor":5},{"not_picked":["Pray","Swivel"],"picked":"Evaluate","floor":6},{"not_picked":["Swivel","Replay:ManipulateFuture"],"picked":"WaveOfTheHand","floor":8},{"not_picked":["JustLucky","CrushJoints"],"picked":"Wireheading","floor":10},{"not_picked":["ClearTheMind","WindmillStrike"],"picked":"Establishment","floor":14},{"not_picked":["Replay:LoomingThreat","Blasphemy"],"picked":"MasterReality","floor":16},{"not_picked":["Replay:BluntJabs","EmptyBody"],"picked":"Consecrate+1","floor":18},{"not_picked":["Wallop","Perseverance"],"picked":"Replay:DivineShield","floor":25}],"player_experience":777797,"relics_obtained":[{"floor":4,"key":"MawBank"},{"floor":6,"key":"Centennial Puzzle"},{"floor":9,"key":"Iron Hammer"},{"floor":15,"key":"Orichalcum"}],"event_choices":[{"damage_healed":0,"gold_gain":0,"player_choice":"Got Potions","damage_taken":0,"max_hp_gain":0,"max_hp_loss":0,"event_name":"Lab","floor":2,"gold_loss":0},{"damage_healed":0,"gold_gain":0,"player_choice":"Upgraded","damage_taken":0,"max_hp_gain":0,"max_hp_loss":0,"event_name":"Upgrade Shrine","floor":13,"gold_loss":0,"cards_upgraded":["WaveOfTheHand"]},{"damage_healed":0,"gold_gain":0,"player_choice":"Ignored","damage_taken":0,"max_hp_gain":0,"max_hp_loss":0,"event_name":"Beggar","floor":19,"gold_loss":0}],"is_beta":false,"boss_relics":[{"not_picked":["Coffee Dripper","Empty Cage","Runic Pyramid"]}],"items_purged_floors":[],"is_endless":false,"potions_floor_spawned":[3,10,16,25],"killed_by":"3 Cultists","ascension_level":11}}