{"host":"zwezhz46a5cjkxff","time":1612075155,"event":{"mods":["AchievementEnabler","BaseMod","Colored Map","Colored Powertips","DeckTracker","Hermit","Minty Spire (QoL Compilation)","Permanent Neow","Quick Restart","Rare Cards Sparkle","Relic Stats","Robot Space Explorer","StSLib","SuperFastMode","The Hierophant","The Servant 0.9.4","Weighted Paths","slay the spire mod where everything is the same but ironclad has a cowboy hat"],"gold_per_floor":[10,25,45,45,60,60,87,87,87,121,49,69,88,121,121,121,121],"floor_reached":16,"language":"ENG","playtime":491,"items_purged":[],"score":128,"play_id":"9817d668-d324-41d7-beff-06a087bd4da3","local_time":"20210131003915","is_ascension_mode":true,"campfire_choices":[{"floor":6,"key":"RECALL"},{"floor":8,"key":"REST"},{"floor":15,"key":"REST"}],"circlet_count":0,"master_deck":["Strike_R","Strike_R","Strike_R","Strike_R","Strike_R","Defend_R","Defend_R","Defend_R","Defend_R","Bash","Reaper","Inflame","Inflame","Ghostly Armor","Armaments","Inflame"],"relics":["Burning Blood","Centennial Puzzle","White Beast Statue","Shuriken","Bottled Flame"],"acts_visited":["Exordium"],"potions_floor_usage":[7,13,14,16,16],"damage_taken":[{"damage":10,"enemies":"Small Slimes","floor":1,"turns":3},{"damage":10,"enemies":"Jaw Worm","floor":2,"turns":4},{"damage":6,"enemies":"Cultist","floor":3,"turns":3},{"damage":38,"enemies":"Exordium Wildlife","floor":5,"turns":4},{"damage":54,"enemies":"Lagavulin","floor":7,"turns":6},{"damage":39,"enemies":"3 Sentries","floor":10,"turns":9},{"damage":13,"enemies":"3 Louse","floor":12,"turns":5},{"damage":21,"enemies":"Gremlin Gang","floor":13,"turns":5},{"damage":21,"enemies":"Lagavulin","floor":14,"turns":6},{"damage":61,"enemies":"Slime Boss","floor":16,"turns":10}],"seed_played":"8116630095347891644","potions_obtained":[{"floor":2,"key":"ColorlessPotion"},{"floor":10,"key":"Fire Potion"},{"floor":12,"key":"SteroidPotion"},{"floor":13,"key":"Ancient Potion"},{"floor":14,"key":"PowerPotion"}],"is_trial":false,"path_per_floor":["M","M","M","?","M","R","E","R","T","E","$","M","M","E","R","B"],"character_chosen":"IRONCLAD","items_purchased":["Ghostly Armor"],"campfire_rested":2,"item_purchase_floors":[11],"current_hp_per_floor":[80,80,80,68,48,48,12,36,36,27,27,36,45,30,54,0,0],"gold":121,"neow_bonus":"THREE_RARE_CARDS","is_daily":false,"chose_seed":false,"campfire_upgraded":0,"win_rate":0.0,"timestamp":1612075155,"path_taken":["M","M","M","?","M","R","E","R","T","E","$","M","M","E","R","BOSS"],"items_purchased_type":["Card"],"build_version":"2020-12-22","purchased_purges":0,"victory":false,"max_hp_per_floor":[80,80,80,80,80,80,80,80,80,80,80,80,80,80,80,80,80],"relic_stats":{"Centennial Puzzle":[21],"counters":[10,55],"Shuriken":[1],"obtain_stats":[{"Centennial Puzzle":4,"Bottled Flame":14,"Shuriken":10,"Burning Blood":0,"White Beast Statue":7},{"Centennial Puzzle":3,"Bottled Flame":9,"Shuriken":6,"Burning Blood":0,"White Beast Statue":5},{"Centennial Puzzle":10,"Bottled Flame":45,"Shuriken":29,"Burning Blood":0,"White Beast Statue":20}],"Burning Blood":52},"card_choices":[{"not_picked":["Brutality","Exhume"],"picked":"Reaper","floor":0},{"not_picked":["Clash","Havoc"],"picked":"Inflame","floor":1},{"not_picked":["Headbutt","Havoc","Cleave"],"picked":"SKIP","floor":2},{"not_picked":["Rage","Perfected Strike"],"picked":"Inflame","floor":3},{"not_picked":["Dark Embrace","Brutality","Headbutt"],"picked":"SKIP","floor":5},{"not_picked":["Perfected Strike","Warcry","Entrench"],"picked":"SKIP","floor":7},{"not_picked":["Immolate","Sever Soul","Searing Blow"],"picked":"SKIP","floor":10},{"not_picked":["Pommel Strike","Iron Wave"],"picked":"Armaments","floor":12},{"not_picked":["Evolve","Heavy Blade"],"picked":"Inflame","floor":13},{"not_picked":["Anger","Power Through","Clash"],"picked":"SKIP","floor":14}],"player_experience":52292,"relics_obtained":[{"floor":7,"key":"White Beast Statue"},{"floor":10,"key":"Shuriken"},{"floor":14,"key":"Bottled Flame"}],"event_choices":[{"damage_healed":0,"gold_gain":0,"player_choice":"Success","damage_taken":12,"relics_obtained":["Centennial Puzzle"],"max_hp_gain":0,"max_hp_loss":0,"event_name":"Scrap Ooze","floor":4,"gold_loss":0}],"is_beta":false,"boss_relics":[],"items_purged_floors":[],"is_endless":false,"potions_floor_spawned":[2,10,12,13,14],"killed_by":"Slime Boss","ascension_level":1}}