{"host":"Nico","time":1612058876,"event":{"mods":["2.2 Compatiblity","AchievementEnabler","Aspiration","BaseMod","Beaked The Cultist","Better Altar","Better Note","Better Skull","Conspire","Custom Start","DeckTracker","Displayed Cursed Tome","Energized Spire","Halation","Highlight Path","Hubris","Infinite Spire","Minty Spire (QoL Compilation)","Permanent Neow","Poor People Problems","Relic Filter Mod","Relic Sorter","Replay The Spire","Shop Mod","StSLib","Synergy Search","The Cursed","TheVacant","Trackpad","Transform Curses","Unknown Chances"],"gold_per_floor":[116,116,127,146,146,172,172,207,230,230,80,80,97,112,112,213,213,233,286,298,298,312,312,343,343,343,343,357,368,368,385,385,484,484,496,596,252,268,268,268,285,302,354,354,365,392,392,392,392,392,392,392,51,77,77,77],"floor_reached":55,"language":"ENG","playtime":2888,"items_purged":[],"score":702,"play_id":"a03e72c3-1cc1-49b0-a990-049d5fd41cb8","local_time":"20210131020756","is_ascension_mode":false,"campfire_choices":[{"floor":7,"key":"REST"},{"data":"hubris:InfiniteBlow+4","floor":7,"key":"SMITH"},{"floor":12,"key":"REST"},{"data":"hubris:InfiniteBlow+5","floor":12,"key":"SMITH"},{"data":"Evolve","floor":15,"key":"SMITH"},{"floor":23,"key":"REST"},{"floor":23,"key":"RECALL"},{"data":"Armaments","floor":25,"key":"SMITH"},{"data":"hubris:InfiniteBlow+6","floor":27,"key":"SMITH"},{"data":"Dark Embrace","floor":32,"key":"SMITH"},{"data":"hubris:InfiniteBlow+7","floor":40,"key":"SMITH"},{"data":"hubris:InfiniteBlow+8","floor":49,"key":"SMITH"},{"data":"hubris:InfiniteBlow+9","floor":52,"key":"SMITH"}],"circlet_count":0,"master_deck":["Strike_R","Strike_R","Strike_R","Strike_R","Strike_R","Defend_R","Defend_R","Defend_R","Defend_R","Bash+1","Pommel Strike","Cleave","hubris:InfiniteBlow+10","Iron Wave","True Grit+1","Headbutt","Evolve+1","Rage","Headbutt","hubris:SharpeningStone","AbeCurse","Master of Strategy","Poisoned Strike","Armaments+1","Cleave","Dark Embrace+1","Headbutt+1","ReplayUltimateDefense"],"relics":["Burning Blood","infinitespire:Magic Flask","Darkstone Periapt","halation:LettersToHer","Medical Kit","infinitespire:Burning Sword","Abe\u0027s Treasure","ReplayTheSpireMod:ShopPack","King of Hearts","infinitespire:WardingShard","MerchantsRug","hubris:FunFungus","Replay:Rubber Ducky","Self Forming Clay","Orichalcum","conspire:DecoderRing"],"acts_visited":["Exordium","TheCity","TheBeyond","TheEnding"],"potions_floor_usage":[6],"damage_taken":[{"damage":1,"enemies":"2 Louse","floor":1,"turns":4},{"damage":6,"enemies":"Cultist","floor":3,"turns":3},{"damage":1,"enemies":"Jaw Worm","floor":4,"turns":3},{"damage":12,"enemies":"3 Sentries","floor":6,"turns":5},{"damage":26,"enemies":"Lagavulin","floor":8,"turns":5},{"damage":9,"enemies":"Exordium Wildlife","floor":13,"turns":3},{"damage":0,"enemies":"Large Slime","floor":14,"turns":3},{"damage":8,"enemies":"Slime Boss","floor":16,"turns":6},{"damage":15,"enemies":"Spheric Guardian","floor":18,"turns":4},{"damage":7,"enemies":"Shell Parasite","floor":20,"turns":2},{"damage":8,"enemies":"Centurion and Healer","floor":22,"turns":3},{"damage":6,"enemies":"Gremlin Leader","floor":24,"turns":5},{"damage":0,"enemies":"Chosen and Byrds","floor":28,"turns":2},{"damage":3,"enemies":"3 Cultists","floor":29,"turns":4},{"damage":0,"enemies":"Snecko","floor":31,"turns":3},{"damage":13,"enemies":"conspire:MysteriousRune","floor":33,"turns":9},{"damage":2,"enemies":"3 Shapes","floor":35,"turns":2},{"damage":12,"enemies":"3 Darklings","floor":38,"turns":6},{"damage":34,"enemies":"Writhing Mass","floor":41,"turns":5},{"damage":2,"enemies":"Maw","floor":42,"turns":6},{"damage":25,"enemies":"Sphere and 2 Shapes","floor":45,"turns":3},{"damage":15,"enemies":"Reptomancer","floor":46,"turns":2},{"damage":27,"enemies":"Donu and Deca","floor":50,"turns":5},{"damage":37,"enemies":"Shield and Spear","floor":54,"turns":5},{"damage":57,"enemies":"The Heart","floor":55,"turns":5}],"seed_played":"3845872661551088417","potions_obtained":[{"floor":1,"key":"SteroidPotion"},{"floor":3,"key":"AttackPotion"},{"floor":8,"key":"SteroidPotion"},{"floor":14,"key":"SteroidPotion"}],"is_trial":false,"path_per_floor":["M","?","M","M","?","E","R","E","T","?","$","R","M","M","R","B",null,"M","?","M","AVR","M","R","E","R","T","R","M","M","?","M","R","B",null,"M","?","$","M","T","R","M","M","T","?","M","E","?","?","R","B",null,"R","$","E","B"],"character_chosen":"IRONCLAD","items_purchased":["Medical Kit","MerchantsRug","hubris:FunFungus","ReplayUltimateDefense","Orichalcum"],"campfire_rested":3,"item_purchase_floors":[11,37,37,53,53],"current_hp_per_floor":[61,61,61,66,46,40,64,44,44,44,44,68,65,71,71,69,80,71,39,38,44,42,67,67,67,67,67,73,76,76,82,82,75,86,86,86,86,81,81,81,53,58,58,58,39,30,30,86,86,65,86,86,86,55,0,0],"gold":77,"neow_bonus":"ONE_RARE_RELIC","is_daily":false,"chose_seed":false,"campfire_upgraded":9,"win_rate":0.0,"timestamp":1612058876,"path_taken":["M","?","M","M","?","E","R","E","T","?","$","R","?","M","R","BOSS","M","?","M","AVR","M","R","E","R","T","R","M","M","?","?","R","BOSS","M","?","$","?","?","R","M","M","T","?","?","E","?","?","R","BOSS","R","$","E","BOSS"],"items_purchased_type":["Relic","Relic","Relic","Card","Relic"],"build_version":"2020-12-18","purchased_purges":0,"victory":false,"max_hp_per_floor":[80,80,80,80,80,80,80,80,80,80,80,80,80,80,80,80,80,80,80,80,86,86,86,86,86,86,86,86,86,86,86,86,86,86,86,86,86,86,86,86,86,86,86,86,86,86,86,86,86,86,86,86,86,86,86,86],"card_choices":[{"not_picked":["Sword Boomerang","Abandon"],"picked":"Pommel Strike","floor":1},{"not_picked":["Massacre","Uppercut"],"picked":"Cleave","floor":3},{"not_picked":["Heavy Blade","Dropkick","Feel No Pain"],"picked":"SKIP","floor":4},{"not_picked":["infinitespire:DeathsTouch","infinitespire:SealOfDarkness+"],"picked":"hubris:InfiniteBlow+4","floor":5},{"not_picked":["Pummel","Run Through","Body Slam"],"picked":"SKIP","floor":6},{"not_picked":["Blood for Blood","Sentinel"],"picked":"Iron Wave","floor":8},{"not_picked":["Sword Boomerang","Wild Strike"],"picked":"Headbutt","floor":13},{"not_picked":["ReplayTheSpireMod:Muscle Training","Life Link"],"picked":"Evolve","floor":14},{"not_picked":["Run Through","Sentinel+1"],"picked":"Rage","floor":18},{"not_picked":["Abandon+1","Perfected Strike+1"],"picked":"Headbutt","floor":19},{"not_picked":["Uppercut","Run Through"],"picked":"hubris:SharpeningStone","floor":20},{"not_picked":["Chrysalis","Panache"],"picked":"Master of Strategy","floor":21},{"not_picked":["Purity","Jack Of All Trades"],"picked":"Poisoned Strike","floor":21},{"not_picked":["Replay:Sssssssssshield","Replay:Sssssssssstrike"],"picked":"Swift Strike","floor":21},{"not_picked":["ReplayTheSpireMod:Strike From Hell+1","Twin Strike","Sever Soul+1"],"picked":"SKIP","floor":22},{"not_picked":["Body Slam","Perfected Strike+1"],"picked":"Armaments","floor":24},{"not_picked":["hubris:CleavingFinish+1","Feel No Pain","Perfected Strike"],"picked":"SKIP","floor":28},{"not_picked":["Wild Strike","ReplayTheSpireMod:Strike From Hell+1","Body Slam"],"picked":"SKIP","floor":29},{"not_picked":["Massacre+1","Corruption"],"picked":"Dark Embrace","floor":31},{"not_picked":["Life Link","Perfected Strike","Wild Strike+1"],"picked":"SKIP","floor":35},{"not_picked":["Clash+1","Intimidate"],"picked":"Headbutt+1","floor":38},{"not_picked":["ReplayTheSpireMod:Strike From Hell","Flex","Twin Strike"],"picked":"SKIP","floor":41},{"not_picked":["Headbutt+1","Replay:Undeath\u0027s Touch+1","Iron Wave+1"],"picked":"SKIP","floor":42},{"not_picked":["ReplayTheSpireMod:Strike From Hell+1","Clash","Run Through"],"picked":"SKIP","floor":45},{"not_picked":["Wild Strike+1","Body Slam","Armaments"],"picked":"SKIP","floor":46},{"not_picked":["True Grit+1","Warcry+1","Replay:Undeath\u0027s Touch"],"picked":"SKIP","floor":54}],"player_experience":683717,"relics_obtained":[{"floor":6,"key":"Darkstone Periapt"},{"floor":8,"key":"halation:LettersToHer"},{"floor":9,"key":"halation:LettersToHer"},{"floor":24,"key":"King of Hearts"},{"floor":26,"key":"halation:LettersToHer"},{"floor":26,"key":"infinitespire:WardingShard"},{"floor":39,"key":"halation:LettersToHer"},{"floor":43,"key":"halation:LettersToHer"},{"floor":43,"key":"Replay:Rubber Ducky"},{"floor":46,"key":"Self Forming Clay"},{"floor":54,"key":"conspire:DecoderRing"}],"event_choices":[{"damage_healed":0,"gold_gain":0,"player_choice":"Grow","damage_taken":0,"max_hp_gain":0,"max_hp_loss":0,"event_name":"Living Wall","floor":2,"gold_loss":0,"cards_upgraded":["Bash"]},{"cards_removed":["hubris:InfiniteBlow"],"damage_healed":0,"gold_gain":0,"player_choice":"Take \u0026 Give","damage_taken":0,"max_hp_gain":0,"max_hp_loss":0,"event_name":"betterNote:BetterNote","floor":10,"gold_loss":0,"cards_obtained":["True Grit"]},{"damage_healed":0,"gold_gain":0,"player_choice":"1 cards matched","damage_taken":0,"max_hp_gain":0,"max_hp_loss":0,"event_name":"Match and Keep!","floor":30,"gold_loss":0,"cards_obtained":["Cleave"]},{"damage_healed":0,"gold_gain":100,"player_choice":"Pray","damage_taken":0,"max_hp_gain":0,"max_hp_loss":0,"event_name":"Golden Shrine","floor":36,"gold_loss":0},{"damage_healed":0,"gold_gain":0,"player_choice":"Got Potions","damage_taken":0,"max_hp_gain":0,"max_hp_loss":0,"event_name":"Lab","floor":44,"gold_loss":0},{"damage_healed":0,"gold_gain":0,"player_choice":"Ignored","damage_taken":0,"max_hp_gain":0,"max_hp_loss":0,"event_name":"Tomb of Lord Red Mask","floor":47,"gold_loss":0},{"cards_removed":["Swift Strike"],"damage_healed":56,"gold_gain":0,"player_choice":"Offered Uncommon","damage_taken":0,"max_hp_gain":0,"max_hp_loss":0,"event_name":"Bonfire Elementals","floor":48,"gold_loss":0}],"is_beta":true,"boss_relics":[{"not_picked":["halation:HeavySnake","Calling Bell"],"picked":"infinitespire:Burning Sword"},{"not_picked":["conspire:SeveredTorchhead","Painkiller Herb"],"picked":"halation:MonkeysPaw"}],"items_purged_floors":[],"is_endless":false,"potions_floor_spawned":[1,3,8,14,28,29,38,41,45],"killed_by":"The Heart","ascension_level":0}}