{"host":"nyffms3wv8okr3l3","time":1612131504,"event":{"mods":["Astrologer","Bard","BaseMod","Beaked The Cultist","Bestiary","BetterRewards","Colored Powertips","Downfall","Fiend Mod","Gremlin Mod","Hermit","Hubris","Hunter ??","Infinite Spire","Marisa????????","Minty Spire (QoL Compilation)","Replay The Spire","StSLib","Synergy Search","The Forsaken"],"gold_per_floor":[99,110,110,128,139,153,153,153,153,153,153,153,93,78,93,110,123,218,218,218,234,245,245,264,264,264,284,284,284,299,313,391,405,423,423,423,423],"floor_reached":35,"language":"ENG","playtime":2196,"items_purged":[],"score":255,"play_id":"bc03ab06-bde2-4e26-aa55-c05d4622f256","local_time":"20210131201824","is_ascension_mode":false,"campfire_choices":[{"data":"Slimebound:Strike_Slimebound","floor":1,"key":"SMITH"},{"floor":10,"key":"REST"},{"data":"Slimebound:Split","floor":12,"key":"SMITH"},{"data":"Slimebound:Teamwork","floor":20,"key":"SMITH"},{"floor":25,"key":"REST"},{"floor":29,"key":"REST"}],"circlet_count":0,"master_deck":["Slimebound:Strike_Slimebound+1","Slimebound:Strike_Slimebound","Slimebound:Strike_Slimebound","Slimebound:Tackle+1","Slimebound:Defend_Slimebound","Slimebound:Defend_Slimebound","Slimebound:Defend_Slimebound","Slimebound:Split+1","Slimebound:CorrosiveSpit","Slimebound:RejuvenatingLick","Slimebound:MegaLick","Slimebound:Prepare","Slimebound:LeechEnergy","Strike_G","Slimebound:SplitMire","Slimebound:GoopSpray","Slimebound:PressTheAttack","Slimebound:SplitAcid","Slimebound:ItLooksTasty","Slimebound:OneTwoCombo","Slimebound:Teamwork+1","CurseOfTheBell","Slimebound:Gluttony","Slimebound:SlimeBarrage+1","Slimebound:LeechingTouch+1","Slimebound:Dissolve","Slimebound:ForwardTackle","Slimebound:FinishingTackle+1","Slimebound:RollThrough","Slimebound:SplitLeeching"],"relics":["Slimebound:AbsorbEndCombat","Potion Belt","Calling Bell","Boot","Matryoshka","Bird Faced Urn","ReplayTheSpireMod:TigerMarble","Anchor","hubris:Reverence"],"acts_visited":["Exordium","TheCity"],"potions_floor_usage":[18,22,31,35,35,35,35,35],"damage_taken":[{"damage":6,"enemies":"Cultist","floor":2,"turns":3},{"damage":9,"enemies":"Jaw Worm","floor":4,"turns":2},{"damage":0,"enemies":"2 Louse","floor":5,"turns":3},{"damage":21,"enemies":"Gremlin Gang","floor":6,"turns":5},{"damage":6,"enemies":"downfall:FleeingMerchant","floor":13,"turns":4},{"damage":3,"enemies":"downfall:FleeingMerchant","floor":14,"turns":4},{"damage":3,"enemies":"2 Fungi Beasts","floor":15,"turns":3},{"damage":2,"enemies":"Large Slime","floor":16,"turns":4},{"damage":2,"enemies":"Blue Slaver","floor":17,"turns":3},{"damage":20,"enemies":"IC_STATUS_ARCHETYPE","floor":18,"turns":6},{"damage":6,"enemies":"Chosen","floor":21,"turns":4},{"damage":41,"enemies":"Centurion and Healer","floor":22,"turns":7},{"damage":30,"enemies":"3 Cultists","floor":24,"turns":4},{"damage":39,"enemies":"Snake Plant","floor":27,"turns":5},{"damage":18,"enemies":"Shelled Parasite and Fungi","floor":30,"turns":6},{"damage":13,"enemies":"Cultist and Chosen","floor":31,"turns":6},{"damage":33,"enemies":"Snake Plant","floor":33,"turns":4},{"damage":8,"enemies":"Snecko","floor":34,"turns":5},{"damage":30,"enemies":"WA_ARCHETYPE_CALM","floor":35,"turns":7}],"seed_played":"2084717685740208484","potions_obtained":[{"floor":4,"key":"Flashbang"},{"floor":5,"key":"Explosive Potion"},{"floor":15,"key":"GamblersBrew"},{"floor":17,"key":"Ancient Potion"},{"floor":18,"key":"FairyPotion"},{"floor":22,"key":"BlessingOfTheForge"},{"floor":24,"key":"SpeedPotion"},{"floor":31,"key":"hexamod:SoulburnPotion"},{"floor":34,"key":"Weak Potion"}],"is_trial":false,"path_per_floor":["R","M","?","M","M","M","PTL","PTL","T","R","?","R","$","$","M","M","M","B",null,"R","M","M","?","M","R","T","M","?","R","M","M","T","M","M","B"],"character_chosen":"SLIMEBOUND","items_purchased":["Slimebound:GoopSpray"],"campfire_rested":3,"item_purchase_floors":[13],"current_hp_per_floor":[71,67,67,60,64,51,51,51,51,71,71,71,65,70,71,71,71,55,71,71,69,38,38,18,39,39,8,8,29,21,18,18,13,13,0,0,0],"gold":423,"neow_bonus":"TEN_PERCENT_HP_BONUS","is_daily":false,"chose_seed":false,"campfire_upgraded":3,"win_rate":0.0,"timestamp":1612131504,"path_taken":["R","M","?","?","M","M","PTL","PTL","T","R","?","R","?","$","M","M","M","BOSS","R","M","?","?","M","R","T","M","?","R","M","M","?","M","M","BOSS"],"items_purchased_type":["Card"],"build_version":"2020-12-22","purchased_purges":0,"victory":false,"max_hp_per_floor":[71,71,71,71,71,71,71,71,71,71,71,71,71,71,71,71,71,71,71,71,71,71,71,71,71,71,71,71,71,71,71,71,71,71,71,71,71],"card_choices":[{"not_picked":["Slimebound:SpikyOuterGoop","Slimebound:ComboTackle"],"picked":"Slimebound:RejuvenatingLick","floor":2},{"not_picked":["Slimebound:FlameTackle","Slimebound:SplitMire"],"picked":"Slimebound:MegaLick","floor":4},{"not_picked":["Slimebound:GoopTackle","Slimebound:SamplingLick"],"picked":"Slimebound:Prepare","floor":5},{"not_picked":["Slimebound:SamplingLick","Slimebound:ForwardTackle"],"picked":"Slimebound:LeechEnergy","floor":6},{"not_picked":["Slimebound:Grow","Slimebound:Gluttony"],"picked":"Slimebound:SplitMire","floor":13},{"not_picked":["Slimebound:Repurpose","Slimebound:ComboTackle"],"picked":"Slimebound:PressTheAttack","floor":14},{"not_picked":["Slimebound:RallyTheTroops","Slimebound:LevelUp"],"picked":"Slimebound:SplitAcid","floor":15},{"not_picked":["Slimebound:ProtectTheBoss","Slimebound:SplitMire"],"picked":"Slimebound:ItLooksTasty","floor":16},{"not_picked":["Slimebound:PressTheAttack","Slimebound:Prepare"],"picked":"Slimebound:OneTwoCombo","floor":17},{"not_picked":["Slimebound:MinionMaster","Slimebound:WasteNot"],"picked":"Slimebound:Teamwork","floor":18},{"not_picked":["Slimebound:Grow","Slimebound:ProtectTheBoss"],"picked":"Slimebound:Gluttony","floor":21},{"not_picked":["Slimebound:ItLooksTasty","Slimebound:SplitLeeching"],"picked":"Slimebound:SlimeBarrage+1","floor":22},{"not_picked":["Slimebound:SamplingLick+1","Slimebound:ItLooksTasty"],"picked":"Slimebound:LeechingTouch+1","floor":24},{"not_picked":["Slimebound:ComboTackle","Slimebound:OneTwoCombo"],"picked":"Slimebound:Dissolve","floor":27},{"not_picked":["Slimebound:PressTheAttack+1","Slimebound:ComboTackle"],"picked":"Slimebound:ForwardTackle","floor":30},{"not_picked":["Slimebound:LeechEnergy","Slimebound:SelfFormingGoo"],"picked":"Slimebound:FinishingTackle+1","floor":31},{"not_picked":["Slimebound:LeechEnergy+1","Slimebound:FinishingTackle+1"],"picked":"Slimebound:RollThrough","floor":33},{"not_picked":["Slimebound:LeechingTouch","Slimebound:GoopTackle"],"picked":"Slimebound:SplitLeeching","floor":34}],"player_experience":54901,"relics_obtained":[{"floor":9,"key":"Potion Belt"},{"floor":19,"key":"Boot"},{"floor":19,"key":"Matryoshka"},{"floor":19,"key":"Bird Faced Urn"},{"floor":26,"key":"ReplayTheSpireMod:TigerMarble"},{"floor":32,"key":"Anchor"},{"floor":32,"key":"hubris:Reverence"}],"event_choices":[{"cards_removed":["Slimebound:Defend_Slimebound"],"damage_healed":0,"gold_gain":0,"player_choice":"Took Card","damage_taken":0,"max_hp_gain":0,"max_hp_loss":0,"event_name":"NoteForYourself","floor":11,"gold_loss":0,"cards_obtained":["Strike_G"]},{"damage_healed":0,"gold_gain":0,"player_choice":"Ignored","damage_taken":0,"max_hp_gain":0,"max_hp_loss":0,"event_name":"Vampires","floor":23,"gold_loss":0},{"damage_healed":0,"gold_gain":0,"player_choice":"Ignored","damage_taken":0,"max_hp_gain":0,"max_hp_loss":0,"event_name":"Ghosts","floor":28,"gold_loss":0}],"is_beta":false,"boss_relics":[{"not_picked":["bronze:MakeshiftBattery","hubris:TerracottaHorce"],"picked":"Calling Bell"}],"items_purged_floors":[],"is_endless":false,"potions_floor_spawned":[4,5,15,17,18,22,24,31,34],"killed_by":"WA_ARCHETYPE_CALM","ascension_level":0}}