{"host":"6xsbn6ynqlzwllfm","time":1612052013,"event":{"mods":["2.2 Compatiblity","BaseMod","Bestiary","Colored Map","Colored Powertips","Curses Come First","Highlight Path","Keyboard Shortcuts","Minty Spire (QoL Compilation)","Relic Stats","Slay the Relics Exporter","StSLib","SuperFastMode"],"gold_per_floor":[111,111,111,130,149,178,178,192,243,257,283,283,311,324,324,398,398,413,413,413,424,434,465,465,479,479,510,510,541,572,595,607,693,705,736,406,417,417,435,435,435],"floor_reached":40,"language":"ENG","playtime":1459,"items_purged":["Strike_P"],"score":965,"play_id":"8004ea61-e8ae-4293-9635-144d50371827","local_time":"20210130191333","is_ascension_mode":true,"campfire_choices":[{"data":"PathToVictory","floor":7.0,"key":"SMITH"},{"data":"PathToVictory","floor":12.0,"key":"SMITH"},{"floor":15.0,"key":"REST"},{"floor":28.0,"key":"REST"},{"floor":32.0,"key":"REST"}],"circlet_count":0,"master_deck":["AscendersBane","Defend_P","Defend_P","Defend_P","Eruption","Vigilance","PathToVictory+1","CutThroughFate","PathToVictory+1","Meditate","PathToVictory+1","SpiritShield","Indignation+1","EmptyBody+1","EmptyFist+1","Protect","ThirdEye","PathToVictory","Study+1","FollowUp","CutThroughFate+1","Wish","LikeWater+1","Mayhem+1"],"relics":["Runic Pyramid","Bottled Flame","Tiny Chest","Lantern","TeardropLocket","Astrolabe","Frozen Egg 2","Bottled Lightning","HornCleat","Art of War","MawBank","VioletLotus"],"acts_visited":["Exordium","TheCity","TheBeyond"],"potions_floor_usage":[],"damage_taken":[{"damage":1.0,"enemies":"2 Louse","floor":1.0,"turns":2.0},{"damage":0.0,"enemies":"Jaw Worm","floor":4.0,"turns":3.0},{"damage":0.0,"enemies":"Cultist","floor":5.0,"turns":3.0},{"damage":12.0,"enemies":"Lagavulin","floor":6.0,"turns":5.0},{"damage":4.0,"enemies":"Looter","floor":8.0,"turns":3.0},{"damage":0.0,"enemies":"Blue Slaver","floor":10.0,"turns":3.0},{"damage":10.0,"enemies":"3 Sentries","floor":11.0,"turns":7.0},{"damage":7.0,"enemies":"Lagavulin","floor":13.0,"turns":4.0},{"damage":13.0,"enemies":"Exordium Wildlife","floor":14.0,"turns":2.0},{"damage":8.0,"enemies":"The Guardian","floor":16.0,"turns":5.0},{"damage":11.0,"enemies":"Shell Parasite","floor":18.0,"turns":2.0},{"damage":7.0,"enemies":"Chosen","floor":21.0,"turns":3.0},{"damage":0.0,"enemies":"Snecko","floor":22.0,"turns":4.0},{"damage":17.0,"enemies":"Gremlin Leader","floor":23.0,"turns":6.0},{"damage":12.0,"enemies":"3 Cultists","floor":25.0,"turns":4.0},{"damage":2.0,"enemies":"Slavers","floor":27.0,"turns":5.0},{"damage":7.0,"enemies":"Book of Stabbing","floor":29.0,"turns":3.0},{"damage":11.0,"enemies":"Chosen and Byrds","floor":30.0,"turns":5.0},{"damage":0.0,"enemies":"Snake Plant","floor":31.0,"turns":2.0},{"damage":16.0,"enemies":"Automaton","floor":33.0,"turns":6.0},{"damage":8.0,"enemies":"Orb Walker","floor":35.0,"turns":4.0},{"damage":21.0,"enemies":"3 Darklings","floor":37.0,"turns":5.0},{"damage":13.0,"enemies":"Writhing Mass","floor":39.0,"turns":4.0},{"damage":20,"enemies":"Giant Head","floor":40,"turns":5}],"seed_played":"8472065146595002685","potions_obtained":[{"floor":4.0,"key":"EntropicBrew"},{"floor":5.0,"key":"LiquidMemories"},{"floor":6.0,"key":"PowerPotion"},{"floor":11.0,"key":"Strength Potion"},{"floor":23.0,"key":"Ambrosia"},{"floor":27.0,"key":"FearPotion"},{"floor":30.0,"key":"SkillPotion"},{"floor":37.0,"key":"Energy Potion"}],"is_trial":false,"path_per_floor":["M","?","?","M","M","E","R","M","T","M","E","R","E","M","R","B",null,"M","?","?","M","M","E","T","M","T","E","R","E","M","M","R","B",null,"M","$","M","?","M","E"],"character_chosen":"WATCHER","items_purchased":["LikeWater+1","Mayhem+1"],"campfire_rested":3,"item_purchase_floors":[36,36],"current_hp_per_floor":[60,53,53,53,53,41,41,37,37,37,27,27,20,7,27,19,56,45,45,45,38,38,21,21,9,9,7,27,20,9,9,29,13,54,46,46,25,25,12,0,0],"gold":435,"neow_bonus":"BOSS_RELIC","is_daily":false,"chose_seed":false,"campfire_upgraded":2,"win_rate":0.0,"timestamp":1612052013,"path_taken":["M","?","?","M","M","E","R","M","T","?","E","R","E","M","R","BOSS","M","?","?","M","M","E","?","?","T","E","R","E","M","M","R","BOSS","M","$","M","?","M","E"],"items_purchased_type":["Card","Card"],"build_version":"2020-12-22","purchased_purges":1,"victory":false,"max_hp_per_floor":[68,68,68,68,68,68,68,68,68,68,68,68,68,68,68,68,68,68,68,68,68,68,68,68,68,68,68,68,68,68,68,68,68,68,68,68,68,68,68,68,68],"relic_stats":{"counters":[24,95],"Astrolabe":["Indignation","EmptyBody","EmptyFist"],"Tiny Chest":1,"VioletLotus":[5],"Art of War":[14],"MawBank":84,"obtain_stats":[{"Lantern":11,"Astrolabe":17,"TeardropLocket":13,"Frozen Egg 2":23,"MawBank":29,"Bottled Flame":6,"HornCleat":26,"Tiny Chest":9,"VioletLotus":34,"Art of War":27,"Bottled Lightning":24,"PureWater":0,"Runic Pyramid":0},{"Lantern":7,"Astrolabe":10,"TeardropLocket":8,"Frozen Egg 2":14,"MawBank":17,"Bottled Flame":4,"HornCleat":15,"Tiny Chest":5,"VioletLotus":20,"Art of War":16,"Bottled Lightning":14,"PureWater":0,"Runic Pyramid":0},{"Lantern":26,"Astrolabe":37,"TeardropLocket":30,"Frozen Egg 2":52,"MawBank":64,"Bottled Flame":13,"HornCleat":56,"Tiny Chest":16,"VioletLotus":77,"Art of War":61,"Bottled Lightning":52,"PureWater":0,"Runic Pyramid":0}]},"card_choices":[{"not_picked":["ThirdEye","Study"],"picked":"PathToVictory","floor":1.0},{"not_picked":["LikeWater","Swivel"],"picked":"CutThroughFate","floor":4.0},{"not_picked":["Adaptation","DeceiveReality"],"picked":"PathToVictory","floor":6.0},{"not_picked":["Halt","ClearTheMind"],"picked":"Meditate","floor":8.0},{"not_picked":["JustLucky","EmptyFist"],"picked":"PathToVictory","floor":10.0},{"not_picked":["Blasphemy","Ragnarok"],"picked":"SpiritShield","floor":16.0},{"not_picked":["InnerPeace","CutThroughFate"],"picked":"Protect","floor":18.0},{"not_picked":["Swivel+1","CarveReality"],"picked":"ThirdEye","floor":21.0},{"not_picked":["Swivel+1","BattleHymn+1"],"picked":"PathToVictory","floor":23.0},{"not_picked":["EmptyFist","Judgement"],"picked":"Study+1","floor":29.0},{"not_picked":["EmptyBody","EmptyFist"],"picked":"FollowUp","floor":30.0},{"not_picked":["JustLucky","Consecrate"],"picked":"CutThroughFate+1","floor":31.0},{"not_picked":["ConjureBlade","Alpha"],"picked":"Wish","floor":33.0}],"player_experience":1309097,"relics_obtained":[{"floor":6.0,"key":"Bottled Flame"},{"floor":9.0,"key":"Tiny Chest"},{"floor":11.0,"key":"Lantern"},{"floor":13.0,"key":"TeardropLocket"},{"floor":23.0,"key":"Frozen Egg 2"},{"floor":24.0,"key":"Bottled Lightning"},{"floor":26.0,"key":"HornCleat"},{"floor":27.0,"key":"Art of War"},{"floor":29.0,"key":"MawBank"}],"event_choices":[{"cards_removed":["Defend_P"],"damage_healed":0.0,"max_hp_gain":0.0,"max_hp_loss":0.0,"gold_gain":0.0,"event_name":"Golden Wing","player_choice":"Card Removal","floor":2.0,"gold_loss":0.0,"damage_taken":7.0},{"damage_healed":0.0,"max_hp_gain":0.0,"max_hp_loss":0.0,"gold_gain":0.0,"event_name":"Upgrade Shrine","player_choice":"Upgraded","floor":3.0,"gold_loss":0.0,"damage_taken":0.0,"cards_upgraded":["PathToVictory"]},{"damage_healed":0.0,"max_hp_gain":0.0,"max_hp_loss":0.0,"gold_gain":0.0,"event_name":"Vampires","player_choice":"Ignored","floor":19.0,"gold_loss":0.0,"damage_taken":0.0},{"damage_healed":0.0,"max_hp_gain":0.0,"max_hp_loss":0.0,"gold_gain":0.0,"event_name":"Ghosts","player_choice":"Ignored","floor":20.0,"gold_loss":0.0,"damage_taken":0.0},{"damage_healed":0.0,"max_hp_gain":0.0,"max_hp_loss":0.0,"gold_gain":0.0,"event_name":"The Moai Head","player_choice":"Ignored","floor":38.0,"gold_loss":0.0,"damage_taken":0.0}],"is_beta":false,"boss_relics":[{"not_picked":["Ectoplasm","Snecko Eye"],"picked":"Astrolabe"},{"not_picked":["Philosopher\u0027s Stone","Fusion Hammer"],"picked":"VioletLotus"}],"items_purged_floors":[36],"is_endless":false,"potions_floor_spawned":[4,5,6,8,11,18,23,27,30,37],"killed_by":"Giant Head","ascension_level":20}}