{"host":"f0gpob8hq9vgebej","time":1612098900,"event":{"mods":["AchievementEnabler","BaseMod","Minty Spire (QoL Compilation)","Quick Restart","SuperFastMode"],"gold_per_floor":[118,68,32,52,52,89,111,111,164,164,185,529,529,552,552,552,552],"floor_reached":16,"language":"KOR","playtime":214,"items_purged":[],"score":216,"play_id":"6da390b3-5266-45f3-85ff-547557e8457a","local_time":"20210131221500","is_ascension_mode":true,"campfire_choices":[{"data":"Static Discharge","floor":8,"key":"SMITH"},{"data":"Zap","floor":10,"key":"SMITH"},{"data":"Static Discharge","floor":15,"key":"SMITH"}],"circlet_count":0,"master_deck":["AscendersBane","Strike_B","Strike_B","Strike_B","Defend_B","Defend_B","Defend_B","Defend_B","Zap+1","Dualcast","Self Repair","Static Discharge+1","Amplify","Genetic Algorithm","Conserve Battery","Static Discharge+1","Compile Driver"],"relics":["Cracked Core","NeowsBlessing","CeramicFish","Omamori","Old Coin"],"acts_visited":["Exordium"],"potions_floor_usage":[16,16,16,16],"damage_taken":[{"damage":0,"enemies":"Small Slimes","floor":1,"turns":1},{"damage":0,"enemies":"2 Louse","floor":4,"turns":1},{"damage":0,"enemies":"Gremlin Nob","floor":6,"turns":1},{"damage":10,"enemies":"Cultist","floor":7,"turns":5},{"damage":22,"enemies":"Exordium Wildlife","floor":11,"turns":4},{"damage":17,"enemies":"3 Sentries","floor":12,"turns":4},{"damage":12,"enemies":"Red Slaver","floor":14,"turns":4},{"damage":44,"enemies":"Slime Boss","floor":16,"turns":5}],"seed_played":"-5996016348344299168","potions_obtained":[{"floor":7,"key":"Swift Potion"},{"floor":12,"key":"ColorlessPotion"},{"floor":13,"key":"DuplicationPotion"},{"floor":13,"key":"EntropicBrew"}],"is_trial":false,"path_per_floor":["M","?","$","M","?","E","M","R","T","R","M","E","?","M","R","B"],"character_chosen":"DEFECT","items_purchased":["Self Repair"],"campfire_rested":0,"item_purchase_floors":[3],"current_hp_per_floor":[68,68,68,68,68,68,72,72,72,72,57,47,47,42,42,0,0],"gold":552,"neow_bonus":"THREE_ENEMY_KILL","is_daily":false,"chose_seed":false,"campfire_upgraded":3,"win_rate":0.0,"timestamp":1612098900,"path_taken":["M","?","$","M","?","E","M","R","T","R","M","E","?","M","R","BOSS"],"items_purchased_type":["Card"],"build_version":"2020-12-22","purchased_purges":0,"victory":false,"max_hp_per_floor":[75,75,75,75,75,75,75,75,75,75,75,75,75,75,75,75,75],"card_choices":[{"not_picked":["Redo","Go for the Eyes","Stack"],"picked":"SKIP","floor":1},{"not_picked":["Force Field","Double Energy"],"picked":"Static Discharge","floor":4},{"not_picked":["Turbo","Rebound"],"picked":"Amplify","floor":6},{"not_picked":["Reinforced Body","Aggregate"],"picked":"Genetic Algorithm","floor":7},{"not_picked":["Barrage","Steam"],"picked":"Conserve Battery","floor":11},{"not_picked":["Gash","Chill"],"picked":"Static Discharge","floor":12},{"not_picked":["Steam","Compile Driver","Sunder"],"picked":"SKIP","floor":14},{"not_picked":["Steam","Sunder"],"picked":"Compile Driver","floor":14}],"player_experience":325950,"relics_obtained":[{"floor":6,"key":"CeramicFish"},{"floor":9,"key":"Omamori"},{"floor":12,"key":"Old Coin"}],"event_choices":[{"cards_removed":["Strike_B"],"damage_healed":0,"gold_gain":0,"player_choice":"Card Removal","damage_taken":0,"max_hp_gain":0,"max_hp_loss":0,"event_name":"The Cleric","floor":2,"gold_loss":50},{"damage_healed":0,"gold_gain":0,"player_choice":"Ignored","damage_taken":0,"max_hp_gain":0,"max_hp_loss":0,"event_name":"Liars Game","floor":5,"gold_loss":0},{"damage_healed":0,"gold_gain":0,"player_choice":"Got Potions","damage_taken":0,"max_hp_gain":0,"max_hp_loss":0,"event_name":"Lab","floor":13,"gold_loss":0}],"is_beta":false,"boss_relics":[],"items_purged_floors":[],"is_endless":false,"potions_floor_spawned":[7,12,14],"killed_by":"Slime Boss","ascension_level":12}}