{"host":"guzbs4v8630hpsy6","time":1612067258,"event":{"mods":["2.2 Compatiblity","AchievementEnabler","BaseMod","Block Reminder","Highlight Path","Minty Spire (QoL Compilation)","Relic Stats","SuperFastMode"],"gold_per_floor":[119,119,194,194,214,214,229,229,281,61,71,102,131,168,180,269,281,277,302,391,318,346,390,402,110,110,128,128,128,161,181,181,181,181],"floor_reached":33,"language":"ENG","playtime":2336,"items_purged":["Strike_B"],"score":516,"play_id":"220631d4-b366-4bbc-91e8-e99cfe6885c0","local_time":"20210131122738","is_ascension_mode":true,"campfire_choices":[{"data":"Cold Snap","floor":6,"key":"SMITH"},{"data":"Compile Driver","floor":8,"key":"SMITH"},{"data":"Reinforced Body","floor":15,"key":"SMITH"},{"data":"Sunder","floor":24,"key":"SMITH"},{"floor":28,"key":"REST"},{"data":"Loop","floor":32,"key":"SMITH"}],"circlet_count":0,"master_deck":["AscendersBane","Defend_B","Defend_B","Defend_B","Defend_B","Zap","Dualcast","Cold Snap+1","Compile Driver+1","Cold Snap","Sunder+1","Doom and Gloom","Coolheaded","Reinforced Body+1","Seek","Loop+1","Turbo","Go for the Eyes","Electrodynamics","Self Repair","BootSequence"],"relics":["Cracked Core","Bag of Preparation","OrangePellets","MawBank","Calipers","Philosopher\u0027s Stone","StrikeDummy","Pear","CaptainsWheel","Happy Flower","Bottled Lightning","Bird Faced Urn"],"acts_visited":["Exordium","TheCity"],"potions_floor_usage":[14,16,23,23,30],"damage_taken":[{"damage":2,"enemies":"Jaw Worm","floor":1,"turns":3},{"damage":4,"enemies":"Small Slimes","floor":5,"turns":4},{"damage":0,"enemies":"Cultist","floor":7,"turns":3},{"damage":4,"enemies":"Looter","floor":11,"turns":3},{"damage":18,"enemies":"Lagavulin","floor":12,"turns":5},{"damage":3,"enemies":"Large Slime","floor":13,"turns":4},{"damage":8,"enemies":"3 Sentries","floor":14,"turns":4},{"damage":11,"enemies":"The Guardian","floor":16,"turns":12},{"damage":14,"enemies":"2 Thieves","floor":18,"turns":4},{"damage":0,"enemies":"Spheric Guardian","floor":19,"turns":3},{"damage":2,"enemies":"Snecko","floor":22,"turns":4},{"damage":23,"enemies":"Book of Stabbing","floor":23,"turns":7},{"damage":10,"enemies":"Centurion and Healer","floor":27,"turns":7},{"damage":8,"enemies":"Slavers","floor":30,"turns":6},{"damage":8,"enemies":"Sentry and Sphere","floor":31,"turns":4},{"damage":65,"enemies":"Collector","floor":33,"turns":11}],"seed_played":"6888576801130861678","potions_obtained":[{"floor":5,"key":"DistilledChaos"},{"floor":7,"key":"LiquidBronze"},{"floor":14,"key":"BlessingOfTheForge"},{"floor":18,"key":"Fire Potion"},{"floor":23,"key":"Swift Potion"}],"is_trial":false,"path_per_floor":["M","?","?","?","M","R","M","R","T","$","M","E","M","E","R","B",null,"M","M","T","?","M","E","R","$","T","M","R","?","E","M","R","B"],"character_chosen":"DEFECT","items_purchased":["OrangePellets","Sunder","Happy Flower","Self Repair"],"campfire_rested":1,"item_purchase_floors":[10,10,25,25],"current_hp_per_floor":[69,62,51,51,47,47,47,47,47,47,43,25,22,14,14,3,59,45,45,45,55,53,30,30,30,30,27,53,53,52,57,57,0,0],"gold":181,"neow_bonus":"TEN_PERCENT_HP_BONUS","is_daily":false,"chose_seed":false,"campfire_upgraded":5,"win_rate":0.0,"timestamp":1612067258,"path_taken":["M","?","?","?","M","R","M","R","T","$","M","E","M","E","R","BOSS","M","M","?","?","M","E","R","$","T","M","R","?","E","M","R","BOSS"],"items_purchased_type":["Relic","Card","Relic","Card"],"build_version":"2020-12-22","purchased_purges":1,"victory":false,"max_hp_per_floor":[78,78,78,78,78,78,78,78,78,78,78,78,78,78,78,78,78,78,78,78,88,88,88,88,88,88,88,88,88,88,88,88,88,88],"relic_stats":{"OrangePellets":[2],"Happy Flower":[9],"counters":[16,84],"Bird Faced Urn":[12],"Bag of Preparation":[26],"MawBank":156,"obtain_stats":[{"OrangePellets":10,"CaptainsWheel":23,"Calipers":14,"Pear":21,"Happy Flower":25,"Bird Faced Urn":30,"Philosopher\u0027s Stone":17,"Bag of Preparation":9,"Bottled Lightning":26,"Cracked Core":0,"MawBank":12,"StrikeDummy":20},{"OrangePellets":3,"CaptainsWheel":12,"Calipers":7,"Pear":10,"Happy Flower":12,"Bird Faced Urn":14,"Philosopher\u0027s Stone":8,"Bag of Preparation":3,"Bottled Lightning":12,"Cracked Core":0,"MawBank":5,"StrikeDummy":10},{"OrangePellets":10,"CaptainsWheel":56,"Calipers":26,"Pear":45,"Happy Flower":56,"Bird Faced Urn":69,"Philosopher\u0027s Stone":38,"Bag of Preparation":10,"Bottled Lightning":56,"Cracked Core":0,"MawBank":18,"StrikeDummy":45}]},"card_choices":[{"not_picked":["Hologram","Melter"],"picked":"Cold Snap","floor":1},{"not_picked":["Cold Snap","Sweeping Beam"],"picked":"Compile Driver","floor":5},{"not_picked":["Conserve Battery","Aggregate"],"picked":"Cold Snap","floor":7},{"not_picked":["Gash","Go for the Eyes"],"picked":"Doom and Gloom","floor":11},{"not_picked":["Force Field","Barrage"],"picked":"Coolheaded","floor":12},{"not_picked":["Lockon","Cold Snap","Chaos"],"picked":"SKIP","floor":13},{"not_picked":["Stack","Streamline"],"picked":"Reinforced Body","floor":14},{"not_picked":["Reboot","Thunder Strike"],"picked":"Seek","floor":16},{"not_picked":["Sweeping Beam","Static Discharge"],"picked":"Loop","floor":18},{"not_picked":["Compile Driver","Rebound+1"],"picked":"Turbo","floor":19},{"not_picked":["BootSequence","Redo"],"picked":"Go for the Eyes","floor":22},{"not_picked":["Go for the Eyes","Compile Driver"],"picked":"Electrodynamics","floor":23},{"not_picked":["Steam","Sweeping Beam","Lockon"],"picked":"SKIP","floor":27},{"not_picked":["Sweeping Beam","Self Repair","Reprogram"],"picked":"SKIP","floor":30},{"not_picked":["Heatsinks","Rebound"],"picked":"BootSequence","floor":31}],"player_experience":567186,"relics_obtained":[{"floor":9,"key":"Bag of Preparation"},{"floor":12,"key":"MawBank"},{"floor":14,"key":"Calipers"},{"floor":20,"key":"StrikeDummy"},{"floor":23,"key":"CaptainsWheel"},{"floor":26,"key":"Bottled Lightning"},{"floor":30,"key":"Bird Faced Urn"}],"event_choices":[{"cards_removed":["Strike_B"],"damage_healed":0,"gold_gain":0,"player_choice":"Card Removal","damage_taken":7,"max_hp_gain":0,"max_hp_loss":0,"event_name":"Golden Wing","floor":2,"gold_loss":0},{"damage_healed":0,"gold_gain":75,"player_choice":"Gather Gold","damage_taken":11,"max_hp_gain":0,"max_hp_loss":0,"event_name":"World of Goop","floor":3,"gold_loss":0},{"cards_removed":["Strike_B"],"damage_healed":0,"gold_gain":0,"player_choice":"Offered Basic","damage_taken":0,"max_hp_gain":0,"max_hp_loss":0,"event_name":"Bonfire Elementals","floor":4,"gold_loss":0},{"damage_healed":0,"gold_gain":0,"player_choice":"Obtained Relic","damage_taken":0,"relics_obtained":["Pear"],"max_hp_gain":0,"max_hp_loss":0,"event_name":"Addict","floor":21,"gold_loss":85},{"cards_removed":["Strike_B"],"damage_healed":0,"gold_gain":0,"player_choice":"Purged","damage_taken":0,"max_hp_gain":0,"max_hp_loss":0,"event_name":"Purifier","floor":29,"gold_loss":0}],"is_beta":false,"boss_relics":[{"not_picked":["Inserter","Sozu"],"picked":"Philosopher\u0027s Stone"}],"items_purged_floors":[25],"is_endless":false,"potions_floor_spawned":[5,7,12,14,18,19,23],"killed_by":"Collector","ascension_level":15}}