{"host":"Bilverbakes","time":1612059987,"event":{"mods":["2.2 Compatiblity","AchievementEnabler","BaseMod","Bestiary","Colored Map","Minty Spire (QoL Compilation)","Relic Stats","StSLib","ojb\u0027s Info Mod"],"gold_per_floor":[111,127,13,23,23,50,50,50,76,76,94,94,124,136,136,214,214,234,149,47,63,21,21,33,65,65,112,112,112],"floor_reached":28,"language":"ENG","playtime":1167,"items_purged":["Strike_P","Defend_P"],"score":592,"play_id":"ae279c50-b143-446f-a144-18c899a993ba","local_time":"20210130202627","is_ascension_mode":true,"campfire_choices":[{"floor":8.0,"key":"REST"},{"data":"Omniscience","floor":10.0,"key":"SMITH"},{"floor":12.0,"key":"REST"},{"data":"Meditate","floor":15.0,"key":"SMITH"},{"data":"Scrawl","floor":23,"key":"SMITH"}],"circlet_count":0,"master_deck":["AscendersBane","Strike_P","Strike_P","Defend_P","Defend_P","Eruption","Vigilance+1","Meditate+1","WaveOfTheHand+1","BowlingBash+1","FlyingSleeves","Weave","EmptyFist","Omniscience+1","Worship","DeceiveReality+1","SandsOfTime","CrushJoints","Scrawl+1","Weave","ThirdEye","CarveReality","Establishment"],"relics":["PureWater","Lantern","Smiling Mask","Tiny Chest","VioletLotus","War Paint","Molten Egg 2","PreservedInsect"],"acts_visited":["Exordium","TheCity"],"potions_floor_usage":[16,28],"damage_taken":[{"damage":0.0,"enemies":"Cultist","floor":1.0,"turns":4.0},{"damage":7.0,"enemies":"Jaw Worm","floor":2.0,"turns":4.0},{"damage":0.0,"enemies":"2 Louse","floor":4.0,"turns":2.0},{"damage":11.0,"enemies":"Gremlin Nob","floor":6.0,"turns":3.0},{"damage":14.0,"enemies":"Red Slaver","floor":11.0,"turns":3.0},{"damage":1.0,"enemies":"3 Sentries","floor":13.0,"turns":3.0},{"damage":5.0,"enemies":"Large Slime","floor":14.0,"turns":4.0},{"damage":0,"enemies":"Slime Boss","floor":16,"turns":3},{"damage":36,"enemies":"Shell Parasite","floor":18,"turns":7},{"damage":0,"enemies":"2 Thieves","floor":21,"turns":3},{"damage":16,"enemies":"Centurion and Healer","floor":24,"turns":4},{"damage":2,"enemies":"Book of Stabbing","floor":25,"turns":3},{"damage":0,"enemies":"Snecko","floor":28,"turns":3}],"seed_played":"-7992179088292635642","potions_obtained":[{"floor":2.0,"key":"CultistPotion"},{"floor":6.0,"key":"LiquidMemories"},{"floor":13.0,"key":"SteroidPotion"},{"floor":25,"key":"SkillPotion"}],"is_trial":false,"path_per_floor":["M","M","$","M","?","E","?","R","T","R","M","R","E","M","R","B",null,"M","?","$","M","$","R","M","E","T","T","M"],"character_chosen":"WATCHER","items_purchased":["Weave","ThirdEye","CarveReality"],"campfire_rested":2,"item_purchase_floors":[3,20,22],"current_hp_per_floor":[43,36,36,36,16,5,5,25,25,25,11,31,30,25,25,25,57,21,21,21,21,21,21,5,3,3,3,3,3],"gold":112,"neow_bonus":"TRANSFORM_TWO_CARDS","is_daily":false,"chose_seed":false,"campfire_upgraded":3,"win_rate":0.0,"timestamp":1612059987,"path_taken":["M","M","$","M","?","E","?","R","T","R","?","R","E","M","R","BOSS","M","?","?","M","?","R","M","E","T","?","?"],"items_purchased_type":["Card","Card","Card"],"build_version":"2020-12-18","purchased_purges":2,"victory":false,"max_hp_per_floor":[68,68,68,68,68,68,68,68,68,68,68,68,68,68,68,68,68,68,68,68,68,68,68,68,68,68,68,68,68],"relic_stats":{"counters":[13,46],"Tiny Chest":1,"VioletLotus":[10],"PreservedInsect":0,"War Paint":["DeceiveReality","Vigilance"],"Smiling Mask":50,"obtain_stats":[{"Lantern":6,"Tiny Chest":13,"Molten Egg 2":25,"VioletLotus":17,"PreservedInsect":27,"PureWater":0,"War Paint":19,"Smiling Mask":9},{"Lantern":4,"Tiny Chest":6,"Molten Egg 2":12,"VioletLotus":8,"PreservedInsect":12,"PureWater":0,"War Paint":9,"Smiling Mask":4},{"Lantern":13,"Tiny Chest":19,"Molten Egg 2":43,"VioletLotus":26,"PreservedInsect":43,"PureWater":0,"War Paint":33,"Smiling Mask":13}]},"card_choices":[{"not_picked":["Crescendo","FollowUp"],"picked":"BowlingBash","floor":1.0},{"not_picked":["BowlingBash","Evaluate"],"picked":"FlyingSleeves","floor":2.0},{"not_picked":["Crescendo","ConjureBlade","PathToVictory"],"picked":"SKIP","floor":4.0},{"not_picked":["BattleHymn","ClearTheMind"],"picked":"EmptyFist","floor":6.0},{"not_picked":["JustLucky","CrushJoints"],"picked":"DeceiveReality","floor":11.0},{"not_picked":["Swivel","BowlingBash"],"picked":"SandsOfTime","floor":13.0},{"not_picked":["Consecrate","FearNoEvil"],"picked":"CrushJoints","floor":14.0},{"not_picked":["SpiritShield","Devotion"],"picked":"Scrawl","floor":16},{"not_picked":["ThirdEye","WindmillStrike+1"],"picked":"Weave","floor":18},{"not_picked":["Adaptation","BowlingBash","PathToVictory"],"picked":"SKIP","floor":21},{"not_picked":["CarveReality","ForeignInfluence","Protect"],"picked":"SKIP","floor":24},{"not_picked":["DeceiveReality","Evaluate"],"picked":"Establishment","floor":25}],"player_experience":862540,"relics_obtained":[{"floor":6.0,"key":"Lantern"},{"floor":9.0,"key":"Smiling Mask"},{"floor":13.0,"key":"Tiny Chest"},{"floor":25,"key":"Molten Egg 2"},{"floor":27,"key":"PreservedInsect"}],"event_choices":[{"damage_healed":0.0,"max_hp_gain":0.0,"max_hp_loss":0.0,"gold_gain":0.0,"event_name":"Shining Light","player_choice":"Entered Light","floor":5.0,"gold_loss":0.0,"damage_taken":20.0,"cards_upgraded":["WaveOfTheHand","BowlingBash"]},{"damage_healed":0.0,"max_hp_gain":0.0,"max_hp_loss":0.0,"gold_gain":0.0,"event_name":"Match and Keep!","player_choice":"2 cards matched","floor":7.0,"gold_loss":0.0,"damage_taken":0.0,"cards_obtained":["Omniscience","Worship"]},{"damage_healed":0,"gold_gain":0,"player_choice":"Obtained Relic","damage_taken":0,"relics_obtained":["War Paint"],"max_hp_gain":0,"max_hp_loss":0,"event_name":"Addict","floor":19,"gold_loss":85}],"is_beta":true,"boss_relics":[{"not_picked":["SlaversCollar","SacredBark"],"picked":"VioletLotus"}],"items_purged_floors":[3,20],"is_endless":false,"potions_floor_spawned":[2,6,13,25],"killed_by":"Snecko","ascension_level":20}}