{"host":"2mxajwyidsax8sss","time":1612121733,"event":{"mods":["100% Spire Juice","2.2 Compatiblity","Act Like it!","Arknights","Aspiration","Bartender","BaseMod","Better Match","Better Note","Better Sensory Stone","Better Vampires","BetterRewards","Block Reminder","CapriCore","Chen","Colored Powertips","Conspire","Decade(???)","Defuse TimeMaze Blight","Downfall","Energized Spire","Friendly Minions","Gensokyo","Googly Eyes","GungeonMod","Hermit","HololiveMod","Hubris","Jorbs\u0027s Wanderer Trilogy","Koishi","Marked Mod","Minty Spire (QoL Compilation)","Nova Terra(??·??)","Permanent Neow","Quick Restart","Random Character Button","Reimu??????","Relic Filter","Relic Stats","Reliquary","Remilia??????","Replay The Spire","SIMod","SOS???????","StSLib","The Animator","The Bug Knight","The Death Knight","The Immortal","The Kombatant","Wandering Minibosses"],"gold_per_floor":[131,131,162,162,162,162,188,216,216,287,287,300,300,330,330,437,437,454,177,190,222,222,222,222,222],"floor_reached":24,"language":"ENG","playtime":4405,"items_purged":["animator:Strike"],"score":254,"play_id":"78bf8fd7-276f-46a5-8d54-a243cff6197d","local_time":"20210131203533","is_ascension_mode":false,"campfire_choices":[{"data":"animator:Strike_Elsword","floor":6,"key":"SMITH"},{"data":"animator:Add","floor":13,"key":"SMITH"},{"floor":15,"key":"REST"},{"data":"animator:Eve","floor":23,"key":"SMITH"}],"circlet_count":0,"master_deck":["animator:Strike_Elsword+1","animator:Defend_Elsword+1","animator:Strike+1","animator:Defend","animator:Defend","animator:Chung","animator:Raven+1","animator:OrikoMikuni","animator:Add+1","animator:KyokoSakura","animator:YachiyoNanami","animator:ElricAlphonse+1","animator:Rena+1","animator:Eve+1","animator:Ciel+1","animator:WinryRockbell","animator:NagisaMomoe+1","animator:Sonic+1"],"relics":["animator:LivingPicture","animator:TheMissingPiece","Pet Ghost","Toxic Egg 2","Onion Ring","energizedSpire:MagnifyingGlass","BargainBundle","RuthlessExorcism:ReiMu","White Beast Statue"],"acts_visited":["Exordium","TheCity"],"potions_floor_usage":[12,14],"damage_taken":[{"damage":5,"enemies":"Cultist","floor":1,"turns":6},{"damage":2,"enemies":"conspire:RoseBush","floor":3,"turns":4},{"damage":26,"enemies":"HollowMod:MossKnight","floor":7,"turns":15},{"damage":1,"enemies":"2 Louse","floor":8,"turns":5},{"damage":5,"enemies":"Looter","floor":12,"turns":4},{"damage":0,"enemies":"Replay:BlueRogue","floor":14,"turns":5},{"damage":28,"enemies":"Fading Forest","floor":16,"turns":11},{"damage":15,"enemies":"Spheric Guardian","floor":18,"turns":6},{"damage":8,"enemies":"Shell Parasite","floor":20,"turns":7},{"damage":23,"enemies":"Centurion and Healer","floor":21,"turns":11},{"damage":35,"enemies":"Slavers","floor":24,"turns":2}],"seed_played":"8568173383171684481","potions_obtained":[{"floor":3,"key":"FearPotion"},{"floor":7,"key":"Adrenaline Potion"},{"floor":12,"key":"BlessingOfTheForge"},{"floor":18,"key":"GrandPatriotsElixir:ReiMu"}],"is_trial":false,"path_per_floor":["M","?","M","?","?","R","E","M","T","T","?","M","R","E","R","B",null,"M","$","M","M","?","R","E"],"character_chosen":"THE_ANIMATOR","items_purchased":["BargainBundle","RuthlessExorcism:ReiMu","animator:WinryRockbell","White Beast Statue","LifebloodPotion"],"campfire_rested":1,"item_purchase_floors":[19,19,19,19,19],"current_hp_per_floor":[61,61,59,46,46,46,21,20,20,20,13,8,8,9,29,11,68,54,54,47,24,31,31,0,0],"gold":222,"neow_bonus":"REMOVE_CARD","is_daily":false,"chose_seed":false,"campfire_upgraded":3,"win_rate":0.0,"timestamp":1612121733,"path_taken":["M","?","M","?","?","R","E","M","T","?","?","M","R","E","R","BOSS","M","$","M","M","?","R","E"],"items_purchased_type":["Relic","Relic","Card","Relic","Potion"],"build_version":"2020-12-22","purchased_purges":1,"victory":false,"max_hp_per_floor":[66,66,66,66,66,66,67,67,67,67,67,67,67,68,68,68,68,69,69,70,70,70,70,70,70],"relic_stats":{"counters":[11,76],"obtain_stats":[{"BargainBundle":19,"animator:TheMissingPiece":0,"Onion Ring":14,"animator:LivingPicture":0,"DemoMod:GlassGuonStoneRelic":16,"energizedSpire:MagnifyingGlass":17,"Toxic Egg 2":10,"Pet Ghost":7,"White Beast Statue":19,"RuthlessExorcism:ReiMu":19},{"BargainBundle":8,"animator:TheMissingPiece":0,"Onion Ring":6,"animator:LivingPicture":0,"DemoMod:GlassGuonStoneRelic":7,"energizedSpire:MagnifyingGlass":7,"Toxic Egg 2":4,"Pet Ghost":3,"White Beast Statue":8,"RuthlessExorcism:ReiMu":8},{"BargainBundle":56,"animator:TheMissingPiece":0,"Onion Ring":39,"animator:LivingPicture":0,"DemoMod:GlassGuonStoneRelic":50,"energizedSpire:MagnifyingGlass":50,"Toxic Egg 2":30,"Pet Ghost":25,"White Beast Statue":56,"RuthlessExorcism:ReiMu":56}]},"card_choices":[{"not_picked":["animator:Alexander","animator:DolaSchwi"],"picked":"animator:OrikoMikuni","floor":1},{"not_picked":["animator:MumenRider","animator:SilverFang"],"picked":"animator:Add","floor":3},{"not_picked":["animator:DolaCouronne","animator:Caster"],"picked":"animator:KyokoSakura","floor":7},{"not_picked":["animator:OrikoMikuni","animator:MamiTomoe"],"picked":"animator:YachiyoNanami","floor":8},{"not_picked":["animator:Illya+1","animator:Sonic+1"],"picked":"animator:ElricAlphonse+1","floor":12},{"not_picked":["animator:Gilgamesh","animator:PandorasActor+1"],"picked":"animator:Rena+1","floor":14},{"not_picked":["animator:HomuraAkemi+1","animator:Elesis"],"picked":"animator:Eve","floor":16},{"not_picked":["animator:Tatsumaki+1","animator:Archer"],"picked":"animator:Ciel+1","floor":18},{"not_picked":["animator:IrohaTamaki","animator:SuzuneAmano"],"picked":"animator:NagisaMomoe+1","floor":20},{"not_picked":["animator:Chung+1","animator:RinTohsaka+1"],"picked":"animator:Sonic+1","floor":21}],"player_experience":192449,"relics_obtained":[{"floor":7,"key":"Pet Ghost"},{"floor":10,"key":"Toxic Egg 2"},{"floor":14,"key":"Onion Ring"}],"event_choices":[{"damage_healed":0,"gold_gain":0,"player_choice":"Entered Light","damage_taken":13,"max_hp_gain":0,"max_hp_loss":0,"event_name":"Shining Light","floor":4,"gold_loss":0,"cards_upgraded":["animator:Strike","animator:Raven"]},{"damage_healed":0,"gold_gain":0,"player_choice":"Leave","damage_taken":0,"max_hp_gain":0,"max_hp_loss":0,"event_name":"conspire:Investor","floor":5,"gold_loss":0},{"cards_removed":["animator:Defend"],"damage_healed":0,"gold_gain":0,"player_choice":"Card Removal","damage_taken":7,"max_hp_gain":0,"max_hp_loss":0,"event_name":"Golden Wing","floor":11,"gold_loss":0}],"is_beta":false,"boss_relics":[{"not_picked":["Replay:Wanted Poster","hubris:HollowSoul"],"picked":"energizedSpire:MagnifyingGlass"}],"items_purged_floors":[19],"is_endless":false,"potions_floor_spawned":[3,7,12,18,20,21],"killed_by":"Slavers","ascension_level":0}}