{"host":"w89xl9edpl97dxss","time":1612051405,"event":{"mods":["2.2 Compatiblity","Act Like it!","BaseMod","Beaked The Cultist","Colored Map","Downfall","Elementarium","Gensokyo","Hermit","Hubris","Jorbs\u0027s Wanderer Trilogy","Koishi","Marisa????????","Minty Spire (QoL Compilation)","Remilia??????","Replay The Spire","Shade Mod","StSLib","The Administrix","The Animator","The Bug Knight","The Construct","The Cursed","The Disciple","The Hierophant","The Judge","The Jungle","The Necromancer","The Poker Player","The Runesmith","The Sage","The Senshi","The Servant 0.9.4","TheVacant"],"gold_per_floor":[18,18,18,193,193,193,209,209,209,209,233,269,293,8,8,132,132,153,153,153,204,225,225,244,244,244,281,298,319,319,343,343,445,445,458,86,86,86],"floor_reached":37,"language":"ENG","playtime":2765,"items_purged":["stsjorbsmod:Strike_Wanderer"],"score":387,"play_id":"b6d3c799-045e-4590-a28e-3087f33d155a","local_time":"20210131010325","is_ascension_mode":false,"campfire_choices":[{"data":"stsjorbsmod:Rediscovery","floor":6.0,"key":"SMITH"},{"data":"stsjorbsmod:Thorns","floor":8.0,"key":"SMITH"},{"data":"stsjorbsmod:OldPocket","floor":10.0,"key":"SMITH"},{"floor":15.0,"key":"REST"},{"data":"stsjorbsmod:Fireball","floor":23.0,"key":"SMITH"},{"data":"stsjorbsmod:FreshAdventure","floor":23.0,"key":"SMITH"},{"data":"stsjorbsmod:ScorchingRay","floor":25.0,"key":"SMITH"},{"data":"stsjorbsmod:Firebolt","floor":25.0,"key":"SMITH"},{"data":"stsjorbsmod:Aid","floor":30.0,"key":"SMITH"},{"data":"stsjorbsmod:HoldMonster","floor":30.0,"key":"SMITH"},{"data":"stsjorbsmod:CorrodingBarrier","floor":32.0,"key":"SMITH"},{"data":"stsjorbsmod:Materialize","floor":32.0,"key":"SMITH"}],"circlet_count":0,"master_deck":["stsjorbsmod:ForbiddenGrimoire+1","stsjorbsmod:Strike_Wanderer","stsjorbsmod:Strike_Wanderer","stsjorbsmod:Strike_Wanderer","stsjorbsmod:Defend_Wanderer","stsjorbsmod:Defend_Wanderer","stsjorbsmod:Defend_Wanderer","stsjorbsmod:Defend_Wanderer","stsjorbsmod:FreshAdventure+1","stsjorbsmod:EyeOfTheStorm","stsjorbsmod:Rediscovery+1","stsjorbsmod:OldPocket+1","stsjorbsmod:Thorns+1","stsjorbsmod:ThirstingSword","stsjorbsmod:ArcaneWeapon","stsjorbsmod:SchoolsOfMagic","stsjorbsmod:Fireball+1","stsjorbsmod:Materialize+1","stsjorbsmod:ScorchingRay+1","stsjorbsmod:ArcaneWeapon","Master of Strategy","Trip","stsjorbsmod:Withdraw","stsjorbsmod:RefuseToForget","stsjorbsmod:Firebolt+1","stsjorbsmod:ParryingBlow+1","stsjorbsmod:Aid+1","stsjorbsmod:HoldMonster+1","stsjorbsmod:CorrodingBarrier+1","stsjorbsmod:Feast","stsjorbsmod:FranticSearch+1","stsjorbsmod:Inferno"],"relics":["stsjorbsmod:GrimoireRelic","Bloody Idol","hubris:Towel","HollowMod:QueensCombRelic","Replay:Arrowhead","BargainBundle","Replay:Bronze Core","Ancient Tea Set","HollowMod:PaleOreRelic","hubris:GrandSneckoEye","stsjorbsmod:BottledMemoryRelic","Replay:Bandana"],"acts_visited":["Exordium","TheCity","TheBeyond"],"potions_floor_usage":[],"damage_taken":[{"damage":5.0,"enemies":"2 Louse","floor":1.0,"turns":3.0},{"damage":1.0,"enemies":"Jaw Worm","floor":7.0,"turns":4.0},{"damage":8.0,"enemies":"Small Slimes","floor":11.0,"turns":3.0},{"damage":29.0,"enemies":"Lagavulin","floor":12.0,"turns":7.0},{"damage":11.0,"enemies":"2 Fungi Beasts","floor":13.0,"turns":3.0},{"damage":26.0,"enemies":"Hexaghost","floor":16.0,"turns":7.0},{"damage":10.0,"enemies":"Spheric Guardian","floor":18.0,"turns":4.0},{"damage":16.0,"enemies":"Sentry and Sphere","floor":22.0,"turns":4.0},{"damage":14.0,"enemies":"3 Cultists","floor":24.0,"turns":4.0},{"damage":11.0,"enemies":"HollowMod:Nosk","floor":27.0,"turns":2.0},{"damage":9.0,"enemies":"Cultist and Chosen","floor":28.0,"turns":5.0},{"damage":13.0,"enemies":"Centurion and Healer","floor":29.0,"turns":3.0},{"damage":0.0,"enemies":"Snake Plant","floor":31.0,"turns":2.0},{"damage":37.0,"enemies":"Collector","floor":33.0,"turns":6.0},{"damage":8.0,"enemies":"Orb Walker","floor":35.0,"turns":3.0},{"damage":0,"enemies":"3 Darklings","floor":37,"turns":1}],"seed_played":"-2484885988123410523","potions_obtained":[{"floor":7.0,"key":"Venom Potion"},{"floor":12.0,"key":"SteroidPotion"},{"floor":18.0,"key":"BlessingOfTheForge"},{"floor":27.0,"key":"stsjorbsmod:BurningPotion"},{"floor":33.0,"key":"EssenceOfSteel"}],"is_trial":false,"path_per_floor":["M","?","?","?","?","R","M","R","T","R","M","E","M","$","R","B",null,"M","?","?","?","M","R","M","R","T","E","M","M","R","M","R","B",null,"M","$","M"],"character_chosen":"WANDERER","items_purchased":["BargainBundle","stsjorbsmod:Fireball","stsjorbsmod:Materialize","stsjorbsmod:ScorchingRay","stsjorbsmod:ArcaneWeapon","Master of Strategy","Trip","Explosive Potion","stsjorbsmod:BottledMemoryRelic","stsjorbsmod:Inferno","Replay:Bandana"],"campfire_rested":1,"item_purchase_floors":[14,14,14,14,14,14,14,14,36,36,36],"current_hp_per_floor":[64,47,47,47,40,40,40,40,40,40,37,18,12,12,25,7,44,37,37,37,31,39,39,37,37,37,40,43,39,39,44,44,40,42,40,40,42,42],"gold":86,"neow_bonus":"THREE_RARE_CARDS","is_daily":false,"chose_seed":false,"campfire_upgraded":11,"win_rate":0.0,"timestamp":1612051405,"path_taken":["M","?","?","?","?","R","M","R","T","R","M","E","?","?","R","BOSS","M","?","?","?","M","R","M","R","T","E","?","M","R","M","R","BOSS","M","?","M"],"items_purchased_type":["Relic","Card","Card","Card","Card","Card","Card","Potion","Relic","Card","Relic"],"build_version":"2020-12-22","purchased_purges":1,"victory":false,"max_hp_per_floor":[68,68,68,68,68,68,68,68,44,44,44,44,44,44,44,44,44,44,44,44,44,44,44,44,44,44,44,44,44,44,44,44,42,42,42,42,42,42],"card_choices":[{"not_picked":["stsjorbsmod:IvoryTower","stsjorbsmod:Banish"],"picked":"stsjorbsmod:Rediscovery","floor":0.0},{"not_picked":["stsjorbsmod:FracturedMind","stsjorbsmod:WeightOfMemory"],"picked":"stsjorbsmod:OldPocket","floor":1.0},{"not_picked":["stsjorbsmod:FracturedMind","stsjorbsmod:Stalwart"],"picked":"stsjorbsmod:Thorns","floor":7.0},{"not_picked":["stsjorbsmod:MagicMirror","stsjorbsmod:Hibernate"],"picked":"stsjorbsmod:ThirstingSword","floor":11.0},{"not_picked":["stsjorbsmod:FracturedMind","stsjorbsmod:Materialize"],"picked":"stsjorbsmod:ArcaneWeapon","floor":12.0},{"not_picked":["stsjorbsmod:RayOfFrost","stsjorbsmod:BlackTentacles"],"picked":"stsjorbsmod:SchoolsOfMagic","floor":13.0},{"not_picked":["stsjorbsmod:DeathThroes","stsjorbsmod:PurgeMind"],"picked":"stsjorbsmod:Withdraw","floor":16.0},{"not_picked":["stsjorbsmod:ParryingBlow","stsjorbsmod:ChatteringStrike"],"picked":"stsjorbsmod:RefuseToForget","floor":18.0},{"not_picked":["stsjorbsmod:ChainLightning","stsjorbsmod:BlackTentacles"],"picked":"stsjorbsmod:Firebolt","floor":21.0},{"not_picked":["stsjorbsmod:Channel","stsjorbsmod:RayOfFrost","stsjorbsmod:SchoolsOfMagic+1"],"picked":"SKIP","floor":22.0},{"not_picked":["stsjorbsmod:RayOfFrost+1","stsjorbsmod:ArcaneWeapon+1","stsjorbsmod:Prepare"],"picked":"SKIP","floor":24.0},{"not_picked":["stsjorbsmod:Trauma","stsjorbsmod:Thorns"],"picked":"stsjorbsmod:ParryingBlow+1","floor":27.0},{"not_picked":["stsjorbsmod:Materialize","stsjorbsmod:WanderingMind"],"picked":"stsjorbsmod:Aid","floor":28.0},{"not_picked":["stsjorbsmod:BookOfTongues","stsjorbsmod:FranticSearch"],"picked":"stsjorbsmod:HoldMonster","floor":29.0},{"not_picked":["stsjorbsmod:ChatteringStrike","stsjorbsmod:ArcaneWeapon"],"picked":"stsjorbsmod:CorrodingBarrier","floor":31.0},{"not_picked":["stsjorbsmod:Entangle","stsjorbsmod:CorrodingBarrier"],"picked":"stsjorbsmod:Feast","floor":33.0},{"not_picked":["stsjorbsmod:ArcaneWeapon+1","stsjorbsmod:AnimateObjects+1"],"picked":"stsjorbsmod:FranticSearch+1","floor":35.0}],"player_experience":815524,"relics_obtained":[{"floor":9.0,"key":"HollowMod:QueensCombRelic"},{"floor":12.0,"key":"Replay:Arrowhead"},{"floor":21.0,"key":"Ancient Tea Set"},{"floor":27.0,"key":"HollowMod:PaleOreRelic"}],"event_choices":[{"damage_healed":0.0,"max_hp_gain":0.0,"max_hp_loss":0.0,"gold_gain":0.0,"event_name":"Golden Idol","player_choice":"Take Damage","floor":2.0,"gold_loss":0.0,"damage_taken":17.0,"relics_obtained":["Golden Idol"]},{"damage_healed":0.0,"max_hp_gain":0.0,"max_hp_loss":0.0,"gold_gain":175.0,"event_name":"Liars Game","player_choice":"AGREE","floor":4.0,"gold_loss":0.0,"damage_taken":0.0,"cards_obtained":["Doubt"]},{"cards_removed":["Doubt"],"damage_healed":0.0,"max_hp_gain":0.0,"max_hp_loss":0.0,"gold_gain":0.0,"event_name":"Golden Wing","player_choice":"Card Removal","floor":5.0,"gold_loss":0.0,"damage_taken":7.0},{"damage_healed":0.0,"max_hp_gain":0.0,"max_hp_loss":0.0,"gold_gain":0.0,"event_name":"Vampires","player_choice":"Ignored","floor":19.0,"gold_loss":0.0,"damage_taken":0.0},{"damage_healed":0.0,"max_hp_gain":0.0,"max_hp_loss":0.0,"gold_gain":0.0,"event_name":"Forgotten Altar","player_choice":"Gave Idol","floor":20.0,"relics_lost":["Golden Idol"],"gold_loss":0.0,"damage_taken":0.0,"relics_obtained":["Bloody Idol"]}],"is_beta":false,"boss_relics":[{"not_picked":["Pandora\u0027s Box","theSenshi:MoonKaleidoScopeRelic"],"picked":"Replay:Bronze Core"},{"not_picked":["Kintsugi","Busted Crown"],"picked":"hubris:GrandSneckoEye"}],"items_purged_floors":[14],"is_endless":false,"potions_floor_spawned":[7,12,16,18,27,29,33],"killed_by":"3 Darklings","ascension_level":0}}