{"host":"toh0bbw446wnuexf","time":1612127678,"event":{"mods":["BaseMod","Downfall","Hermit","Minty Spire (QoL Compilation)","Random Character Button","StSLib"],"gold_per_floor":[99,112,132,117,128,128,128,128,128,113,144,129,129,129,148,148,148,148],"floor_reached":16,"language":"ENG","playtime":1261,"items_purged":[],"score":103,"play_id":"95f46f9b-730c-4df3-9d84-942db1c8e8d7","local_time":"20210201101438","is_ascension_mode":true,"campfire_choices":[{"data":"sneckomod:DiceBoulder","floor":6,"key":"SMITH"},{"data":"sneckomod:DiceBoulder+1","floor":9,"key":"SMITH"},{"floor":13,"key":"REST"}],"circlet_count":0,"master_deck":["sneckomod:Strike","sneckomod:Strike","sneckomod:Strike","sneckomod:Defend","sneckomod:Defend","sneckomod:Defend","sneckomod:SnekBite","sneckomod:Unknown","sneckomod:UnknownUncommonAttack","hermit:HighNoon","sneckomod:DiceBoulder+2"],"relics":["sneckomod:SneckoSoul","White Beast Statue","Blood Vial"],"acts_visited":["Exordium"],"potions_floor_usage":[12,12,16,16],"damage_taken":[{"damage":6,"enemies":"Jaw Worm","floor":2,"turns":4},{"damage":4,"enemies":"Cultist","floor":3,"turns":4},{"damage":0,"enemies":"downfall:FleeingMerchant","floor":4,"turns":4},{"damage":21,"enemies":"2 Louse","floor":5,"turns":3},{"damage":0,"enemies":"downfall:FleeingMerchant","floor":10,"turns":4},{"damage":35,"enemies":"Lagavulin","floor":11,"turns":6},{"damage":6,"enemies":"downfall:FleeingMerchant","floor":12,"turns":4},{"damage":2,"enemies":"Exordium Wildlife","floor":15,"turns":3},{"damage":51,"enemies":"IC_STATUS_ARCHETYPE","floor":16,"turns":8}],"seed_played":"-6015769961907551580","potions_obtained":[{"floor":3,"key":"SkillPotion"},{"floor":8,"key":"Fire Potion"},{"floor":8,"key":"Energy Potion"},{"floor":11,"key":"EssenceOfSteel"},{"floor":12,"key":"SteroidPotion"},{"floor":15,"key":"LiquidMemories"}],"is_trial":false,"path_per_floor":["R","M","M","$","M","R","T","?","R","$","E","$","R","?","M","B"],"character_chosen":"THE_SNECKO","items_purchased":[],"campfire_rested":1,"item_purchase_floors":[],"current_hp_per_floor":[90,84,80,80,59,59,59,59,59,59,24,20,47,47,47,0,0,0],"gold":148,"neow_bonus":"TRANSFORM_CARD","is_daily":false,"chose_seed":false,"campfire_upgraded":2,"win_rate":0.0,"timestamp":1612127678,"path_taken":["R","M","M","$","M","R","T","?","R","?","E","$","R","?","M","BOSS"],"items_purchased_type":[],"build_version":"2020-12-22","purchased_purges":0,"victory":false,"max_hp_per_floor":[90,90,90,90,90,90,90,90,90,90,90,90,90,90,90,90,90,90],"card_choices":[{"not_picked":["sneckomod:DefensiveFlair","sneckomod:MasterEye"],"picked":"sneckomod:DiceBoulder","floor":2},{"not_picked":["sneckomod:UnknownDraw","sneckomod:Nope","sneckomod:DiceCrush"],"picked":"SKIP","floor":3},{"not_picked":["sneckomod:IronFang","sneckomod:RainOfDice","sneckomod:UnknownExhaust"],"picked":"SKIP","floor":4},{"not_picked":["sneckomod:UnknownVulnerable","sneckomod:UnknownUncommonSkill","sneckomod:Memorize"],"picked":"SKIP","floor":5},{"not_picked":["sneckomod:TrashToTreasure","sneckomod:IronFang","sneckomod:Unknown1Cost"],"picked":"SKIP","floor":10},{"not_picked":["sneckomod:DiceBlock","sneckomod:QuickBite","sneckomod:SoulDraw"],"picked":"SKIP","floor":11},{"not_picked":["sneckomod:IronFang","sneckomod:DiceCrush","sneckomod:SoulDraw"],"picked":"SKIP","floor":12},{"not_picked":["sneckomod:SnakeSap","sneckomod:QuickMove","sneckomod:UnknownRareAttack"],"picked":"SKIP","floor":15}],"player_experience":641109,"relics_obtained":[{"floor":7,"key":"White Beast Statue"},{"floor":11,"key":"Blood Vial"}],"event_choices":[{"damage_healed":0,"gold_gain":0,"player_choice":"Got Potions","damage_taken":0,"max_hp_gain":0,"max_hp_loss":0,"event_name":"Lab","floor":8,"gold_loss":0}],"is_beta":false,"boss_relics":[],"items_purged_floors":[],"is_endless":false,"potions_floor_spawned":[3,10,11,12,15],"killed_by":"IC_STATUS_ARCHETYPE","ascension_level":1}}