{"host":"n0aqkby80ppfgdru","time":1612108149,"event":{"mods":["BaseMod","Block Reminder","Minty Spire (QoL Compilation)","Permanent Neow","Quick Restart"],"gold_per_floor":[118,43,59,59,78,107,122,122,149,181,181,201,201,201],"floor_reached":13,"language":"ENG","playtime":568,"items_purged":[],"score":166,"play_id":"244e19b4-73e6-48a7-b81f-5459fbabc395","local_time":"20210131104909","is_ascension_mode":true,"campfire_choices":[{"floor":8,"key":"REST"}],"circlet_count":0,"master_deck":["AscendersBane","Strike_G","Strike_G","Strike_G","Strike_G","Defend_G","Defend_G+1","Defend_G","Defend_G","Survivor","Neutralize","PiercingWail+1","Accuracy","Cloak And Dagger","Dagger Spray","Backflip","Finisher"],"relics":["Philosopher\u0027s Stone","Nunchaku","Strawberry","War Paint","Smiling Mask"],"acts_visited":["Exordium"],"potions_floor_usage":[6,10,12],"damage_taken":[{"damage":0,"enemies":"2 Louse","floor":1,"turns":4},{"damage":0,"enemies":"Small Slimes","floor":3,"turns":5},{"damage":4,"enemies":"Jaw Worm","floor":5,"turns":6},{"damage":18,"enemies":"Lagavulin","floor":6,"turns":10},{"damage":11,"enemies":"3 Louse","floor":7,"turns":3},{"damage":25,"enemies":"Gremlin Nob","floor":10,"turns":5},{"damage":2,"enemies":"Gremlin Gang","floor":12,"turns":5},{"damage":23,"enemies":"3 Sentries","floor":13,"turns":4}],"seed_played":"7566942464884874095","potions_obtained":[{"floor":3,"key":"Energy Potion"},{"floor":5,"key":"Fire Potion"},{"floor":7,"key":"LiquidMemories"}],"is_trial":false,"path_per_floor":["M","?","M","?","M","E","M","R","T","E","?","M","E"],"character_chosen":"THE_SILENT","items_purchased":[],"campfire_rested":1,"item_purchase_floors":[],"current_hp_per_floor":[59,59,59,52,48,30,19,38,45,20,20,18,0,0],"gold":201,"neow_bonus":"BOSS_RELIC","is_daily":false,"chose_seed":false,"campfire_upgraded":0,"win_rate":0.0,"timestamp":1612108149,"path_taken":["M","?","M","?","M","E","?","R","T","E","?","?","E"],"items_purchased_type":[],"build_version":"2020-12-22","purchased_purges":0,"victory":false,"max_hp_per_floor":[66,66,66,66,66,66,66,66,73,73,73,73,73,73],"card_choices":[{"not_picked":["Flechettes","Poisoned Stab"],"picked":"PiercingWail","floor":1},{"not_picked":["Flechettes","Deflect"],"picked":"Accuracy","floor":3},{"not_picked":["Sucker Punch","PiercingWail"],"picked":"Cloak And Dagger","floor":5},{"not_picked":["Setup","Dagger Throw"],"picked":"Dagger Spray","floor":6},{"not_picked":["Riddle With Holes","PiercingWail"],"picked":"Accuracy","floor":7},{"not_picked":["Phantasmal Killer","Bouncing Flask"],"picked":"Backflip","floor":10},{"not_picked":["Quick Slash","Underhanded Strike"],"picked":"Finisher","floor":12}],"player_experience":1275767,"relics_obtained":[{"floor":6,"key":"Nunchaku"},{"floor":9,"key":"Strawberry"},{"floor":10,"key":"War Paint"}],"event_choices":[{"cards_removed":["Defend_G"],"damage_healed":0,"gold_gain":0,"player_choice":"Card Removal","damage_taken":0,"max_hp_gain":0,"max_hp_loss":0,"event_name":"The Cleric","floor":2,"gold_loss":75},{"cards_removed":["Strike_G"],"damage_healed":0,"gold_gain":0,"player_choice":"Card Removal","damage_taken":7,"max_hp_gain":0,"max_hp_loss":0,"event_name":"Golden Wing","floor":4,"gold_loss":0},{"cards_removed":["Accuracy"],"damage_healed":0,"gold_gain":0,"player_choice":"Gave Card","damage_taken":0,"relics_obtained":["Smiling Mask"],"max_hp_gain":0,"max_hp_loss":0,"event_name":"WeMeetAgain","floor":11,"gold_loss":0}],"is_beta":false,"boss_relics":[],"items_purged_floors":[],"is_endless":false,"potions_floor_spawned":[3,5,7],"killed_by":"3 Sentries","ascension_level":15}}