{"host":"5h6e4l6hpn0p5lap","time":1612061599,"event":{"mods":["AchievementEnabler","BaseMod","Better Altar","Better Match","Better Sensory Stone","Better Skull","Better Third Choice","Filter the Spire","Highlight Path","Minty Spire (QoL Compilation)","StSLib"],"gold_per_floor":[114,12,12,30,30,30,64,84,84,103,65,65,92,106,106,202,202,219,219,94,105,115,115,115],"floor_reached":23,"language":"ENG","playtime":658,"items_purged":["Strike_B"],"score":271,"play_id":"a4ae6c0d-a337-4f05-92a9-f20d5c11bbea","local_time":"20210130215319","is_ascension_mode":true,"campfire_choices":[{"data":"Zap","floor":6,"key":"SMITH"},{"floor":12,"key":"REST"},{"data":"Lockon","floor":15,"key":"SMITH"}],"circlet_count":0,"master_deck":["Strike_B","Strike_B","Strike_B","Defend_B","Defend_B","Defend_B","Defend_B","Zap+1","Dualcast","Lockon+1","Rip and Tear+1","Melter","Ball Lightning","Undo","Doom and Gloom","Rebound","Cold Snap","Electrodynamics","Ball Lightning+1","Steam","Consume+1"],"relics":["Cracked Core","Ancient Tea Set","Eternal Feather","Pear","Bag of Marbles","Peace Pipe","Philosopher\u0027s Stone"],"acts_visited":["Exordium","TheCity"],"potions_floor_usage":[13,23],"damage_taken":[{"damage":1,"enemies":"2 Louse","floor":1,"turns":2},{"damage":5,"enemies":"Cultist","floor":4,"turns":4},{"damage":30,"enemies":"Lagavulin","floor":7,"turns":5},{"damage":8,"enemies":"Small Slimes","floor":8,"turns":3},{"damage":6,"enemies":"Looter","floor":10,"turns":2},{"damage":8,"enemies":"Gremlin Nob","floor":13,"turns":3},{"damage":15,"enemies":"Lots of Slimes","floor":14,"turns":4},{"damage":21,"enemies":"Hexaghost","floor":16,"turns":8},{"damage":21,"enemies":"Shell Parasite","floor":18,"turns":3},{"damage":18,"enemies":"2 Thieves","floor":21,"turns":3},{"damage":7,"enemies":"3 Cultists","floor":22,"turns":3},{"damage":30,"enemies":"Slavers","floor":23,"turns":3}],"seed_played":"8829273754262891720","potions_obtained":[{"floor":7,"key":"LiquidMemories"},{"floor":10,"key":"FearPotion"},{"floor":14,"key":"Ancient Potion"},{"floor":18,"key":"SmokeBomb"},{"floor":19,"key":"LiquidBronze"},{"floor":21,"key":"AttackPotion"}],"is_trial":false,"path_per_floor":["M","?","$","M","?","R","E","M","T","M","$","R","E","M","R","B",null,"M","?","$","M","M","E"],"character_chosen":"DEFECT","items_purchased":["Doom and Gloom","Steam"],"campfire_rested":1,"item_purchase_floors":[11,20],"current_hp_per_floor":[67,67,67,62,62,68,48,40,40,34,34,68,60,45,54,33,72,51,51,51,33,26,0,0],"gold":115,"neow_bonus":"RANDOM_COMMON_RELIC","is_daily":false,"chose_seed":false,"campfire_upgraded":2,"win_rate":0.0,"timestamp":1612061599,"path_taken":["M","?","?","M","?","R","E","M","T","M","$","R","E","M","R","BOSS","M","?","$","?","M","E"],"items_purchased_type":["Card","Card"],"build_version":"2020-12-22","purchased_purges":1,"victory":false,"max_hp_per_floor":[75,75,75,75,75,75,85,85,85,85,85,85,85,85,85,85,85,85,85,85,85,85,85,85],"card_choices":[{"not_picked":["Barrage","Hello World"],"picked":"Lockon","floor":1},{"not_picked":["Gash","Darkness"],"picked":"Rip and Tear","floor":4},{"not_picked":["Steam","Tempest"],"picked":"Melter","floor":7},{"not_picked":["Rebound","Redo"],"picked":"Ball Lightning","floor":8},{"not_picked":["Hologram","Go for the Eyes"],"picked":"Undo","floor":10},{"not_picked":["Fusion","Machine Learning"],"picked":"Rebound","floor":13},{"not_picked":["Gash","Scrape"],"picked":"Cold Snap","floor":14},{"not_picked":["Core Surge","Creative AI"],"picked":"Electrodynamics","floor":16},{"not_picked":["FTL","Fusion"],"picked":"Ball Lightning+1","floor":18},{"not_picked":["Streamline","Compile Driver","Rebound"],"picked":"SKIP","floor":21},{"not_picked":["Turbo","Force Field"],"picked":"Consume+1","floor":22}],"player_experience":1030073,"relics_obtained":[{"floor":7,"key":"Pear"},{"floor":9,"key":"Bag of Marbles"},{"floor":13,"key":"Peace Pipe"}],"event_choices":[{"damage_healed":0,"gold_gain":0,"player_choice":"Paid Gold","damage_taken":0,"relics_obtained":["Eternal Feather"],"max_hp_gain":0,"max_hp_loss":0,"event_name":"WeMeetAgain","floor":2,"gold_loss":102},{"damage_healed":0,"gold_gain":0,"player_choice":"Grow","damage_taken":0,"max_hp_gain":0,"max_hp_loss":0,"event_name":"Living Wall","floor":5,"gold_loss":0,"cards_upgraded":["Rip and Tear"]},{"damage_healed":0,"gold_gain":0,"player_choice":"Got Potions","damage_taken":0,"max_hp_gain":0,"max_hp_loss":0,"event_name":"Lab","floor":19,"gold_loss":0}],"is_beta":false,"boss_relics":[{"not_picked":["Empty Cage","Astrolabe"],"picked":"Philosopher\u0027s Stone"}],"items_purged_floors":[20],"is_endless":false,"potions_floor_spawned":[7,10,14,18,21],"killed_by":"Slavers","ascension_level":7}}