{"host":"gk5m6v7zec9neb0j","time":1612069324,"event":{"mods":["AchievementEnabler","AlwaysNeverKeys","BaseMod","BetterRewards","Block Reminder","Minty Spire (QoL Compilation)","Rare Cards Sparkle","Relic Stats","StSLib"],"gold_per_floor":[116,131,147,158,178,178,211,111,136,136,311,321,51,68,68,168,168,183,36,54,72,72,72,102,102,173,173,205,218,235,267,267,267,267],"floor_reached":33,"language":"ENG","playtime":1353,"items_purged":["Strike_R","Strike_R","Doubt"],"score":434,"play_id":"955e84d7-8180-434d-a967-8d5ebb003824","local_time":"20210131000204","is_ascension_mode":false,"campfire_choices":[{"data":"Limit Break","floor":6.0,"key":"SMITH"},{"data":"Limit Break","floor":10.0,"key":"SMITH"},{"floor":15.0,"key":"REST"},{"data":"Bash","floor":23.0,"key":"SMITH"},{"floor":25.0,"key":"REST"},{"floor":32.0,"key":"REST"}],"circlet_count":0,"master_deck":["Strike_R","Strike_R","Strike_R","Defend_R","Defend_R","Defend_R","Defend_R","Bash+1","Limit Break+1","Warcry","Disarm","Twin Strike","Body Slam","Limit Break+1","Headbutt","Feed","Shrug It Off","Battle Trance+1","Battle Trance","Body Slam+1","Shrug It Off"],"relics":["Black Blood","Orrery","Du-Vu Doll","Vajra","Pantograph","Boot","ClockworkSouvenir","Lee\u0027s Waffle","Anchor","Bottled Flame","Omamori","Akabeko"],"acts_visited":["Exordium","TheCity"],"potions_floor_usage":[],"damage_taken":[{"damage":1.0,"enemies":"Cultist","floor":1.0,"turns":3.0},{"damage":0.0,"enemies":"2 Louse","floor":2.0,"turns":3.0},{"damage":16.0,"enemies":"Jaw Worm","floor":3.0,"turns":5.0},{"damage":16.0,"enemies":"Exordium Wildlife","floor":4.0,"turns":4.0},{"damage":1.0,"enemies":"Large Slime","floor":5.0,"turns":4.0},{"damage":22.0,"enemies":"Lagavulin","floor":7.0,"turns":7.0},{"damage":0.0,"enemies":"Looter","floor":12.0,"turns":4.0},{"damage":12.0,"enemies":"3 Louse","floor":14.0,"turns":3.0},{"damage":45.0,"enemies":"The Guardian","floor":16.0,"turns":8.0},{"damage":38.0,"enemies":"Shell Parasite","floor":18.0,"turns":6.0},{"damage":13.0,"enemies":"Chosen","floor":20.0,"turns":6.0},{"damage":53.0,"enemies":"Snecko","floor":21.0,"turns":11.0},{"damage":39.0,"enemies":"Book of Stabbing","floor":24.0,"turns":6.0},{"damage":32.0,"enemies":"Colosseum Slavers","floor":27.0,"turns":6.0},{"damage":19.0,"enemies":"Gremlin Leader","floor":28.0,"turns":5.0},{"damage":12.0,"enemies":"Centurion and Healer","floor":29.0,"turns":9.0},{"damage":16.0,"enemies":"Snake Plant","floor":30.0,"turns":7.0},{"damage":25.0,"enemies":"Slavers","floor":31.0,"turns":7.0},{"damage":96,"enemies":"Collector","floor":33,"turns":5}],"seed_played":"4579826894265058551","potions_obtained":[{"floor":2.0,"key":"LiquidMemories"},{"floor":7.0,"key":"ColorlessPotion"},{"floor":16.0,"key":"DuplicationPotion"},{"floor":18.0,"key":"Block Potion"},{"floor":21.0,"key":"SteroidPotion"},{"floor":24.0,"key":"EntropicBrew"}],"is_trial":false,"path_per_floor":["M","M","M","M","M","R","E","$","T","R","?","M","$","M","R","B",null,"M","$","M","M","$","R","E","R","T","?","E","M","M","E","R","B"],"character_chosen":"IRONCLAD","items_purchased":["Limit Break","Orrery","Vajra","Twin Strike","ClockworkSouvenir","Lee\u0027s Waffle"],"campfire_rested":3,"item_purchase_floors":[0,0,0,0,13,19],"current_hp_per_floor":[52,58,48,38,43,43,27,27,27,27,27,36,36,33,58,47,89,66,99,98,60,60,60,33,63,63,46,39,42,38,25,57,0,0],"gold":267,"neow_bonus":"","is_daily":false,"chose_seed":false,"campfire_upgraded":3,"win_rate":0.0,"timestamp":1612069324,"path_taken":["M","M","M","M","M","R","E","$","T","R","?","M","$","M","R","BOSS","M","$","M","M","$","R","E","R","T","?","E","M","M","E","R","BOSS"],"items_purchased_type":["Card","Relic","Relic","Card","Relic","Relic"],"build_version":"2020-12-22","purchased_purges":3,"victory":false,"max_hp_per_floor":[80,80,80,80,80,80,80,80,80,80,80,83,83,86,86,89,89,92,99,99,102,102,102,102,102,102,105,105,108,108,108,108,108,108],"relic_stats":{"Lee\u0027s Waffle":33,"counters":[585,3106],"Pantograph":50,"Black Blood":3276,"Boot":[1],"obtain_stats":[{"Whetstone":45,"Ginger":48,"Bottled Tornado":12,"Boot":40,"Old Coin":9,"Blood Vial":54,"Sundial":43,"MealTicket":44,"Fusion Hammer":34,"Kunai":3,"Runic Cube":34,"Pear":6,"Blue Candle":9,"Eternal Feather":6,"Pen Nib":9,"Akabeko":37,"SlaversCollar":17,"Runic Dome":17,"Bird Faced Urn":0,"MutagenicStrength":27,"Mark of Pain":34,"StrikeDummy":47,"Unceasing Top":0,"Regal Pillow":9,"Lantern":23,"Singing Bowl":42,"Torii":44,"Magic Flower":34,"StoneCalendar":0,"Bag of Preparation":41,"Ancient Tea Set":6,"Smiling Mask":9,"Burning Blood":0,"Matryoshka":27,"Shovel":0,"WingedGreaves":11,"Chemical X":0,"InkBottle":23,"Paper Frog":9,"Potion Belt":43,"Lee\u0027s Waffle":0,"Golden Idol":4,"Self Forming Clay":25,"Thread and Needle":0,"The Courier":13,"PreservedInsect":24,"Omamori":13,"Frozen Egg 2":8,"MawBank":9,"Busted Crown":34,"Ornamental Fan":12,"Orrery":0,"Turnip":13,"Art of War":26,"Champion Belt":23,"Bottled Lightning":43,"Toy Ornithopter":9,"Ice Cream":0,"Calipers":0,"Gremlin Horn":24,"CeramicFish":11,"Vajra":19,"Sozu":17,"Lizard Tail":25,"Centennial Puzzle":26,"HornCleat":54,"DollysMirror":37,"Strawberry":43,"Toxic Egg 2":25,"Girya":0,"Happy Flower":0,"Dead Branch":13,"Oddly Smooth Stone":54,"Charon\u0027s Ashes":0,"Letter Opener":26,"War Paint":55,"Question Card":9,"Du-Vu Doll":43,"OrangePellets":0,"Bottled Flame":54,"Shuriken":0,"Bronze Scales":0,"Molten Egg 2":26,"Nloth\u0027s Gift":20,"Pocketwatch":47,"Meat on the Bone":28,"Darkstone Periapt":26,"SacredBark":34,"Black Blood":17,"Enchiridion":21,"Mango":26,"Juzu Bracelet":3,"Incense Burner":0,"Empty Cage":17,"PrismaticShard":0,"ClockworkSouvenir":0,"Nunchaku":36,"Dream Catcher":25,"TheAbacus":37,"Mummified Hand":0,"Gambling Chip":13,"Pantograph":54,"Tiny Chest":24,"Red Mask":41,"Red Skull":4,"Runic Pyramid":34,"Orichalcum":20,"Odd Mushroom":14,"Medical Kit":36,"White Beast Statue":2,"Mercury Hourglass":30,"Peace Pipe":0,"Calling Bell":34,"Anchor":12,"CaptainsWheel":28,"Bag of Marbles":0,"Coffee Dripper":34,"Membership Card":0,"FossilizedHelix":0,"TungstenRod":36},{"Whetstone":46,"Ginger":104,"Bottled Tornado":137,"Boot":102,"Old Coin":4,"Blood Vial":49,"Sundial":149,"MealTicket":536,"Fusion Hammer":98,"Kunai":2,"Runic Cube":296,"Pear":111,"Blue Candle":112,"Eternal Feather":25,"Pen Nib":56,"Akabeko":221,"SlaversCollar":36,"Runic Dome":61,"Bird Faced Urn":129,"MutagenicStrength":292,"Mark of Pain":70,"StrikeDummy":47,"Unceasing Top":0,"Regal Pillow":157,"Lantern":442,"Singing Bowl":102,"Torii":398,"Magic Flower":367,"StoneCalendar":80,"Bag of Preparation":196,"Ancient Tea Set":84,"Smiling Mask":407,"Burning Blood":0,"Matryoshka":118,"Shovel":457,"WingedGreaves":26,"Chemical X":50,"InkBottle":468,"Paper Frog":33,"Potion Belt":102,"Lee\u0027s Waffle":231,"Golden Idol":2,"Self Forming Clay":265,"Thread and Needle":154,"The Courier":15,"PreservedInsect":500,"Omamori":27,"Frozen Egg 2":25,"MawBank":13,"Busted Crown":505,"Ornamental Fan":381,"Orrery":9,"Turnip":59,"Art of War":117,"Champion Belt":66,"Bottled Lightning":451,"Toy Ornithopter":181,"Ice Cream":80,"Calipers":80,"Gremlin Horn":39,"CeramicFish":33,"Vajra":140,"Sozu":306,"Lizard Tail":39,"Centennial Puzzle":39,"HornCleat":174,"DollysMirror":395,"Strawberry":124,"Toxic Egg 2":117,"Girya":50,"Happy Flower":80,"Dead Branch":88,"Oddly Smooth Stone":326,"Charon\u0027s Ashes":50,"Letter Opener":67,"War Paint":79,"Question Card":135,"Du-Vu Doll":149,"OrangePellets":19,"Bottled Flame":106,"Shuriken":0,"Bronze Scales":29,"Molten Egg 2":165,"Nloth\u0027s Gift":115,"Pocketwatch":172,"Meat on the Bone":216,"Darkstone Periapt":93,"SacredBark":219,"Black Blood":16,"Enchiridion":413,"Mango":141,"Juzu Bracelet":10,"Incense Burner":107,"Empty Cage":160,"PrismaticShard":327,"ClockworkSouvenir":0,"Nunchaku":42,"Dream Catcher":141,"TheAbacus":99,"Mummified Hand":50,"Gambling Chip":34,"Pantograph":515,"Tiny Chest":92,"Red Mask":148,"Red Skull":32,"Runic Pyramid":41,"Orichalcum":17,"Odd Mushroom":28,"Medical Kit":421,"White Beast Statue":10,"Mercury Hourglass":69,"Peace Pipe":0,"Calling Bell":367,"Anchor":59,"CaptainsWheel":502,"Bag of Marbles":50,"Coffee Dripper":420,"Membership Card":0,"FossilizedHelix":129,"TungstenRod":193},{"Whetstone":235,"Ginger":445,"Bottled Tornado":578,"Boot":443,"Old Coin":20,"Blood Vial":254,"Sundial":607,"MealTicket":2825,"Fusion Hammer":434,"Kunai":11,"Runic Cube":1471,"Pear":468,"Blue Candle":470,"Eternal Feather":132,"Pen Nib":288,"Akabeko":1053,"SlaversCollar":194,"Runic Dome":314,"Bird Faced Urn":552,"MutagenicStrength":1449,"Mark of Pain":351,"StrikeDummy":240,"Unceasing Top":0,"Regal Pillow":630,"Lantern":2249,"Singing Bowl":443,"Torii":2056,"Magic Flower":1869,"StoneCalendar":388,"Bag of Preparation":876,"Ancient Tea Set":396,"Smiling Mask":2125,"Burning Blood":0,"Matryoshka":499,"Shovel":2324,"WingedGreaves":139,"Chemical X":262,"InkBottle":2390,"Paper Frog":177,"Potion Belt":443,"Lee\u0027s Waffle":1104,"Golden Idol":11,"Self Forming Clay":1293,"Thread and Needle":621,"The Courier":70,"PreservedInsect":2626,"Omamori":150,"Frozen Egg 2":132,"MawBank":57,"Busted Crown":2653,"Ornamental Fan":1932,"Orrery":48,"Turnip":301,"Art of War":496,"Champion Belt":329,"Bottled Lightning":2288,"Toy Ornithopter":757,"Ice Cream":388,"Calipers":388,"Gremlin Horn":203,"CeramicFish":177,"Vajra":586,"Sozu":1538,"Lizard Tail":203,"Centennial Puzzle":203,"HornCleat":729,"DollysMirror":2030,"Strawberry":538,"Toxic Egg 2":496,"Girya":262,"Happy Flower":388,"Dead Branch":406,"Oddly Smooth Stone":1624,"Charon\u0027s Ashes":262,"Letter Opener":332,"War Paint":381,"Question Card":574,"Du-Vu Doll":607,"OrangePellets":106,"Bottled Flame":448,"Shuriken":0,"Bronze Scales":164,"Molten Egg 2":671,"Nloth\u0027s Gift":488,"Pocketwatch":718,"Meat on the Bone":1028,"Darkstone Periapt":419,"SacredBark":1044,"Black Blood":80,"Enchiridion":2151,"Mango":587,"Juzu Bracelet":50,"Incense Burner":454,"Empty Cage":646,"PrismaticShard":1631,"ClockworkSouvenir":0,"Nunchaku":221,"Dream Catcher":587,"TheAbacus":436,"Mummified Hand":262,"Gambling Chip":183,"Pantograph":2705,"Tiny Chest":417,"Red Mask":605,"Red Skull":173,"Runic Pyramid":217,"Orichalcum":95,"Odd Mushroom":152,"Medical Kit":2161,"White Beast Statue":50,"Mercury Hourglass":341,"Peace Pipe":0,"Calling Bell":1869,"Anchor":301,"CaptainsWheel":2638,"Bag of Marbles":262,"Coffee Dripper":2160,"Membership Card":0,"FossilizedHelix":552,"TungstenRod":854}]},"card_choices":[{"not_picked":["Brutality","Perfected Strike"],"picked":"Warcry","floor":0.0},{"not_picked":["Clash","Anger"],"picked":"Disarm","floor":0.0},{"not_picked":["Armaments","Sever Soul"],"picked":"Body Slam","floor":1.0},{"not_picked":["Second Wind","Wild Strike","Perfected Strike"],"picked":"SKIP","floor":2.0},{"not_picked":["Havoc","Fire Breathing"],"picked":"Limit Break","floor":3.0},{"not_picked":["True Grit","Bloodletting","Sever Soul"],"picked":"SKIP","floor":4.0},{"not_picked":["Thunderclap","Entrench"],"picked":"Headbutt","floor":5.0},{"not_picked":["Inflame","Pummel"],"picked":"Feed","floor":7.0},{"not_picked":["Headbutt","Wild Strike","Clash"],"picked":"SKIP","floor":12.0},{"not_picked":["Armaments","Dropkick","Hemokinesis"],"picked":"SKIP","floor":14.0},{"not_picked":["Pummel+1","Iron Wave+1"],"picked":"Shrug It Off","floor":18.0},{"not_picked":["Sword Boomerang","Anger"],"picked":"Battle Trance+1","floor":20.0},{"not_picked":["Reckless Charge","Inflame"],"picked":"Battle Trance","floor":21.0},{"not_picked":["Carnage","Rupture","Entrench+1"],"picked":"SKIP","floor":24.0},{"not_picked":["Clothesline","Evolve"],"picked":"Body Slam+1","floor":28.0},{"not_picked":["Havoc+1","Clothesline"],"picked":"Shrug It Off","floor":29.0},{"not_picked":["Pommel Strike","Evolve","Second Wind+1"],"picked":"SKIP","floor":30.0},{"not_picked":["Corruption","Iron Wave","Brutality"],"picked":"SKIP","floor":31.0}],"player_experience":764888,"relics_obtained":[{"floor":7.0,"key":"Pantograph"},{"floor":9.0,"key":"Boot"},{"floor":24.0,"key":"Anchor"},{"floor":26.0,"key":"Bottled Flame"},{"floor":28.0,"key":"Omamori"},{"floor":31.0,"key":"Akabeko"}],"event_choices":[{"damage_healed":0.0,"max_hp_gain":0.0,"max_hp_loss":0.0,"gold_gain":175.0,"event_name":"Liars Game","player_choice":"AGREE","floor":11.0,"gold_loss":0.0,"damage_taken":0.0,"cards_obtained":["Doubt"]},{"damage_healed":0.0,"max_hp_gain":0.0,"max_hp_loss":0.0,"gold_gain":0.0,"event_name":"Colosseum","player_choice":"Fight","floor":27.0,"gold_loss":0.0,"damage_taken":0.0},{"damage_healed":0.0,"max_hp_gain":0.0,"max_hp_loss":0.0,"gold_gain":0.0,"event_name":"Colosseum","player_choice":"Fled From Nobs","floor":27.0,"gold_loss":0.0,"damage_taken":0.0}],"is_beta":false,"boss_relics":[{"not_picked":["Fusion Hammer","Runic Cube"],"picked":"Black Blood"}],"items_purged_floors":[0,8,13],"is_endless":false,"potions_floor_spawned":[2,7,12,16,18,21,24,29],"killed_by":"Collector","ascension_level":0}}