{"host":"zfh44j5h77tkupss","time":1612093233,"event":{"mods":["AchievementEnabler","BaseMod","Bestiary","Better Skull","Better Third Choice","Better Vampires","Colored Map","Colored Powertips","Highlight Path","Minty Spire (QoL Compilation)","Permanent Neow","Quick Restart","Rare Cards Sparkle","Relic Stats","StSLib"],"gold_per_floor":[112,65,65,65,65,65,65],"floor_reached":6,"language":"ENG","playtime":189,"items_purged":[],"score":42,"play_id":"401bb1d2-f7e5-440f-8743-e1976a223508","local_time":"20210131124033","is_ascension_mode":true,"campfire_choices":[],"circlet_count":0,"master_deck":["Strike_G","Strike_G","Strike_G","Strike_G","Strike_G","Defend_G","Defend_G","Defend_G","Defend_G","Survivor","Neutralize"],"relics":["Ring of the Snake","Calipers","betterThird:SlimedRelic","Golden Idol"],"acts_visited":["Exordium"],"potions_floor_usage":[],"damage_taken":[{"damage":7,"enemies":"Small Slimes","floor":1,"turns":4},{"damage":50,"enemies":"Lagavulin","floor":6,"turns":6}],"seed_played":"2299888345102143250","potions_obtained":[],"is_trial":false,"path_per_floor":["M","?","?","?","$","E"],"character_chosen":"THE_SILENT","items_purchased":[],"campfire_rested":0,"item_purchase_floors":[],"current_hp_per_floor":[56,45,45,45,45,0,0],"gold":65,"neow_bonus":"ONE_RARE_RELIC","is_daily":false,"chose_seed":false,"campfire_upgraded":0,"win_rate":0.0,"timestamp":1612093233,"path_taken":["M","?","?","?","$","E"],"items_purchased_type":[],"build_version":"2020-12-22","purchased_purges":0,"victory":false,"max_hp_per_floor":[63,63,58,58,58,58,58],"relic_stats":{"counters":[2,10],"Golden Idol":0,"obtain_stats":[{"Calipers":0,"Golden Idol":3,"betterThird:SlimedRelic":2,"Ring of the Snake":0},{"Calipers":0,"Golden Idol":1,"betterThird:SlimedRelic":1,"Ring of the Snake":0},{"Calipers":0,"Golden Idol":4,"betterThird:SlimedRelic":4,"Ring of the Snake":0}],"Ring of the Snake":[4]},"card_choices":[{"not_picked":["Dagger Spray","PiercingWail","Terror"],"picked":"SKIP","floor":1}],"player_experience":322631,"relics_obtained":[],"event_choices":[{"damage_healed":0,"gold_gain":0,"player_choice":"Slimed","damage_taken":11,"max_hp_gain":0,"max_hp_loss":0,"event_name":"betterThird:BetterGoop","floor":2,"gold_loss":47},{"damage_healed":0,"gold_gain":0,"player_choice":"Lose Max HP","damage_taken":0,"relics_obtained":["Golden Idol"],"max_hp_gain":0,"max_hp_loss":5,"event_name":"Golden Idol","floor":3,"gold_loss":0},{"cards_removed":["Defend_G"],"damage_healed":0,"gold_gain":0,"player_choice":"Card Removal","damage_taken":0,"max_hp_gain":0,"max_hp_loss":0,"event_name":"Wheel of Change","floor":4,"gold_loss":0}],"is_beta":false,"boss_relics":[],"items_purged_floors":[],"is_endless":false,"potions_floor_spawned":[],"killed_by":"Lagavulin","ascension_level":6}}