{"host":"03gh5aw7xaqhv7p2","time":1612127450,"event":{"mods":["BaseMod","Colored Powertips","Infinite Spire","Minty Spire (QoL Compilation)","StSLib"],"gold_per_floor":[119,119,194,204,66,66,91,91,167,177,157,168,186,215,215,233,233],"floor_reached":16,"language":"ENG","playtime":532,"items_purged":[],"score":320,"play_id":"37c0f795-1e88-409d-95d1-e965b2495828","local_time":"20210131221050","is_ascension_mode":true,"campfire_choices":[{"data":"LessonLearned","floor":6,"key":"SMITH"},{"data":"TalkToTheHand","floor":8,"key":"SMITH"},{"data":"WindmillStrike","floor":15,"key":"SMITH"}],"circlet_count":0,"master_deck":["AscendersBane","Strike_P","Strike_P+1","Strike_P","Strike_P","Defend_P","Defend_P+1","Defend_P","Defend_P+1","Eruption","Vigilance","TalkToTheHand+1","BowlingBash","LessonLearned+1","FlyingSleeves+1","Sanctity","WindmillStrike+1","Pray"],"relics":["PureWater","NeowsBlessing","Anchor","Prayer Wheel","infinitespire:Midas Blood","infinitespire:PuzzleCube"],"acts_visited":["Exordium"],"potions_floor_usage":[14],"damage_taken":[{"damage":0,"enemies":"Small Slimes","floor":1,"turns":1},{"damage":0,"enemies":"2 Louse","floor":4,"turns":1},{"damage":0,"enemies":"Lagavulin","floor":7,"turns":3},{"damage":0,"enemies":"Cultist","floor":10,"turns":3},{"damage":0,"enemies":"3 Louse","floor":12,"turns":2},{"damage":0,"enemies":"Looter","floor":13,"turns":3},{"damage":0,"enemies":"3 Sentries","floor":14,"turns":1},{"damage":40,"enemies":"Hexaghost","floor":16,"turns":10}],"seed_played":"-8968827615443703215","potions_obtained":[{"floor":1,"key":"infinitespire:BlackPotion"}],"is_trial":false,"path_per_floor":["M","?","?","M","$","R","E","R","T","M","?","M","M","E","R","B"],"character_chosen":"WATCHER","items_purchased":["LessonLearned","SteroidPotion"],"campfire_rested":0,"item_purchase_floors":[5,5],"current_hp_per_floor":[61,50,39,39,39,39,39,39,39,39,39,39,39,39,39,0,0],"gold":233,"neow_bonus":"THREE_ENEMY_KILL","is_daily":false,"chose_seed":false,"campfire_upgraded":3,"win_rate":0.0,"timestamp":1612127450,"path_taken":["M","?","?","M","$","R","E","R","T","M","?","M","?","E","R","BOSS"],"items_purchased_type":["Card","Potion"],"build_version":"2020-12-22","purchased_purges":0,"victory":false,"max_hp_per_floor":[68,68,68,68,68,68,68,68,68,68,68,68,68,68,68,68,68],"card_choices":[{"not_picked":["LikeWater","Study"],"picked":"TalkToTheHand","floor":1},{"not_picked":["Vengeance","Sanctity"],"picked":"BowlingBash","floor":4},{"not_picked":["ThirdEye","Worship"],"picked":"FlyingSleeves","floor":7},{"not_picked":["FollowUp","CrushJoints"],"picked":"Sanctity","floor":10},{"not_picked":["FollowUp","FlyingSleeves"],"picked":"WindmillStrike","floor":10},{"not_picked":["Prostrate","SignatureMove"],"picked":"Pray","floor":12},{"not_picked":["FollowUp","EmptyBody","DeusExMachina"],"picked":"SKIP","floor":12},{"not_picked":["CrushJoints","ThirdEye","Protect"],"picked":"SKIP","floor":13},{"not_picked":["CrushJoints","BowlingBash","PathToVictory"],"picked":"SKIP","floor":13},{"not_picked":["Adaptation","BowlingBash","EmptyBody"],"picked":"SKIP","floor":14}],"player_experience":1952949,"relics_obtained":[{"floor":7,"key":"Prayer Wheel"},{"floor":9,"key":"infinitespire:Midas Blood"},{"floor":14,"key":"infinitespire:PuzzleCube"}],"event_choices":[{"damage_healed":0,"gold_gain":0,"player_choice":"Success","damage_taken":11,"relics_obtained":["Anchor"],"max_hp_gain":0,"max_hp_loss":0,"event_name":"Scrap Ooze","floor":2,"gold_loss":0},{"damage_healed":0,"gold_gain":75,"player_choice":"Gather Gold","damage_taken":11,"max_hp_gain":0,"max_hp_loss":0,"event_name":"World of Goop","floor":3,"gold_loss":0},{"damage_healed":0,"gold_gain":0,"player_choice":"Bought 1 Potion","damage_taken":0,"max_hp_gain":0,"max_hp_loss":0,"event_name":"The Woman in Blue","floor":11,"gold_loss":0}],"is_beta":false,"boss_relics":[],"items_purged_floors":[],"is_endless":false,"potions_floor_spawned":[1,13],"killed_by":"Hexaghost","ascension_level":20}}