{"host":"4e3fxqp5hzyqu39k","time":1612126530,"event":{"mods":["BaseMod","Minty Spire (QoL Compilation)"],"gold_per_floor":[20,120,138,156,172,172,191,191,191,211,231,247,263,276,276,375,375,387,401,39,55,74,74,87,101,182,182,182],"floor_reached":27,"language":"ENG","playtime":1419,"items_purged":["Strike_B"],"score":217,"play_id":"f02aad6e-eb9b-43d9-a466-307e19d2adcd","local_time":"20210131155530","is_ascension_mode":false,"campfire_choices":[{"data":"White Noise","floor":6,"key":"SMITH"},{"floor":15,"key":"REST"},{"floor":23,"key":"REST"}],"circlet_count":0,"master_deck":["Strike_B","Strike_B","Strike_B","Defend_B","Defend_B","Defend_B","Defend_B","Zap","Dualcast","White Noise+1","Coolheaded","Stack","Static Discharge","Darkness","Ball Lightning","Rebound","Defragment","Auto Shields","Meteor Strike","Streamline+1","Apotheosis","Enlightenment","Heatsinks+1","Steam+1","Ball Lightning+1","Barrage+1","Injury"],"relics":["Cracked Core","Emotion Chip","Girya","Cursed Key","Blue Candle"],"acts_visited":["Exordium","TheCity"],"potions_floor_usage":[8,19,19,24],"damage_taken":[{"damage":0,"enemies":"Small Slimes","floor":1,"turns":3},{"damage":1,"enemies":"Cultist","floor":3,"turns":4},{"damage":1,"enemies":"2 Louse","floor":4,"turns":4},{"damage":13,"enemies":"Exordium Thugs","floor":5,"turns":5},{"damage":5,"enemies":"2 Fungi Beasts","floor":7,"turns":4},{"damage":11,"enemies":"Large Slime","floor":10,"turns":3},{"damage":6,"enemies":"3 Louse","floor":11,"turns":3},{"damage":20,"enemies":"Gremlin Gang","floor":12,"turns":3},{"damage":6,"enemies":"Red Slaver","floor":13,"turns":4},{"damage":4,"enemies":"Exordium Wildlife","floor":14,"turns":5},{"damage":28,"enemies":"Slime Boss","floor":16,"turns":10},{"damage":6,"enemies":"Spheric Guardian","floor":18,"turns":4},{"damage":2,"enemies":"2 Thieves","floor":19,"turns":4},{"damage":14,"enemies":"Snecko","floor":21,"turns":4},{"damage":29,"enemies":"Snake Plant","floor":22,"turns":6},{"damage":10,"enemies":"Sentry and Sphere","floor":24,"turns":5},{"damage":24,"enemies":"Centurion and Healer","floor":25,"turns":6},{"damage":12,"enemies":"3 Cultists","floor":27,"turns":3}],"seed_played":"-1425103821766067220","potions_obtained":[{"floor":1,"key":"SpeedPotion"},{"floor":8,"key":"EntropicBrew"},{"floor":8,"key":"Explosive Potion"},{"floor":13,"key":"Energy Potion"},{"floor":16,"key":"DistilledChaos"},{"floor":19,"key":"FearPotion"},{"floor":24,"key":"BlessingOfTheForge"}],"is_trial":false,"path_per_floor":["M","?","M","M","M","R","M","?","T","M","M","M","M","M","R","B",null,"M","M","$","M","M","R","M","M","T","M"],"character_chosen":"DEFECT","items_purchased":["Apotheosis","Enlightenment"],"campfire_rested":2,"item_purchase_floors":[20,20],"current_hp_per_floor":[75,75,74,73,60,60,55,55,55,44,38,18,12,8,30,2,75,69,67,67,53,24,46,36,12,12,0,0],"gold":182,"neow_bonus":"ONE_RARE_RELIC","is_daily":false,"chose_seed":false,"campfire_upgraded":1,"win_rate":0.0,"timestamp":1612126530,"path_taken":["M","?","M","M","?","R","M","?","T","M","M","M","M","?","R","BOSS","M","M","$","M","M","R","M","M","T","M"],"items_purchased_type":["Card","Card"],"build_version":"2020-12-22","purchased_purges":1,"victory":false,"max_hp_per_floor":[75,75,75,75,75,75,75,75,75,75,75,75,75,75,75,75,75,75,75,75,75,75,75,75,75,75,75,75],"card_choices":[{"not_picked":["Beam Cell","Rebound"],"picked":"White Noise","floor":1},{"not_picked":["Ball Lightning","Go for the Eyes"],"picked":"Coolheaded","floor":3},{"not_picked":["Turbo","White Noise"],"picked":"Stack","floor":4},{"not_picked":["Aggregate","Blizzard"],"picked":"Static Discharge","floor":5},{"not_picked":["Turbo","Steam"],"picked":"Darkness","floor":7},{"not_picked":["Steam Power","Redo"],"picked":"Ball Lightning","floor":10},{"not_picked":["Stack","Static Discharge"],"picked":"Rebound","floor":11},{"not_picked":["Conserve Battery","Darkness"],"picked":"Defragment","floor":12},{"not_picked":["Leap","Streamline"],"picked":"Auto Shields","floor":13},{"not_picked":["Aggregate","Ball Lightning","Beam Cell"],"picked":"SKIP","floor":14},{"not_picked":["All For One","Seek"],"picked":"Meteor Strike","floor":16},{"not_picked":["Reprogram","Conserve Battery"],"picked":"Streamline+1","floor":18},{"not_picked":["Ball Lightning","Beam Cell","Turbo"],"picked":"SKIP","floor":19},{"not_picked":["Hologram+1","Thunder Strike"],"picked":"Heatsinks+1","floor":21},{"not_picked":["Tempest","Chaos"],"picked":"Steam+1","floor":22},{"not_picked":["Melter","Stack"],"picked":"Ball Lightning+1","floor":24},{"not_picked":["Sweeping Beam","Ball Lightning"],"picked":"Barrage+1","floor":25}],"player_experience":252146,"relics_obtained":[{"floor":9,"key":"Girya"},{"floor":26,"key":"Blue Candle"}],"event_choices":[{"damage_healed":0,"gold_gain":100,"player_choice":"Pray","damage_taken":0,"max_hp_gain":0,"max_hp_loss":0,"event_name":"Golden Shrine","floor":2,"gold_loss":0},{"damage_healed":0,"gold_gain":0,"player_choice":"Got Potions","damage_taken":0,"max_hp_gain":0,"max_hp_loss":0,"event_name":"Lab","floor":8,"gold_loss":0}],"is_beta":false,"boss_relics":[{"not_picked":["Empty Cage","Tiny House"],"picked":"Cursed Key"}],"items_purged_floors":[20],"is_endless":false,"potions_floor_spawned":[1,10,11,12,13,16,18,19,24],"killed_by":"3 Cultists","ascension_level":0}}