{"host":"67d7yvf7wgk1klfn","time":1612132788,"event":{"mods":["Aspiration","BaseMod","Colored Powertips","Conspire","Dark Map","Downfall","Energized Spire","Hubris","Infinite Spire","Minty Spire (QoL Compilation)","Relic Stats","Reliquary","Replay The Spire","Smile Girya","Spire Arcade","StS++","StSLib","ojb\u0027s Info Mod"],"gold_per_floor":[99,109,126,173,191,222,249,269,283,313,323,341,241,241,252,364,364,364,377,393,414,414,448,471,471,371,371,271,271,293,293,293,65,84,179,179,278,278,298,43,57,99,123,157,175,201,431,431,108,149,174,174,174,212,58,58,58,58],"floor_reached":59,"language":"ENG","playtime":6089,"items_purged":["hexamod:Strike","hexamod:Strike","hexamod:Strike","hexamod:Defend+1"],"score":1385,"play_id":"25fb517b-bb1f-49c7-8930-ec720bd9a0cc","local_time":"20210131173948","is_ascension_mode":false,"campfire_choices":[{"data":"hexamod:Float","floor":13.0,"key":"SMITH"},{"data":"hexamod:ForkedFlame","floor":18.0,"key":"SMITH"},{"floor":26.0,"key":"RECALL"},{"floor":28.0,"key":"REST"},{"floor":56,"key":"DIG"}],"circlet_count":0,"master_deck":["hexamod:Strike+1","hexamod:Defend+1","hexamod:Defend+1","hexamod:Defend+1","hexamod:Sear+1","hexamod:Float+1","hexamod:Firestarter+1","hexamod:NightmareGuise+1","hexamod:Incineration+1","hexamod:BacktrackSmack+1","hexamod:HauntingEcho+1","hexamod:SixthSeal","hexamod:PhantomCloak+1","hexamod:GhostflameBarrier+1","hexamod:FastForward+1","hexamod:SecondSeal","hexamod:ForkedFlame+1","hexamod:RecurringNightmare+1","infinitespire:Execution+1","infinitespire:Execution+1","hexamod:SpectersWail+1","hexamod:TimeWarp+1","hexamod:TimeOfNeed+1","hexamod:NightmareGuise+1","hexamod:FastForward+1","hexamod:SearingWound+1","hexamod:RetreatToShadows+1","hexamod:RadiantFlame+1","hexamod:TimeWarp+1"],"relics":["hexamod:SpiritBrand","Lantern","reliquary:PorcupineQuills","Replay:Rubber Ducky","PreservedInsect","downfall:HeartBlessingGreen","SacredBark","energizedSpire:EnergizedDie","Replay:Multitool","reliquary:Firecrackers","aspiration:RitualStick","downfall:HeartBlessingBlue","downfall:HeartBlessingRed","Orrery","Runic Pyramid","aspiration:KaomsHeart"],"acts_visited":["Exordium","TheCity","TheBeyond","TheEnding"],"potions_floor_usage":[58,58],"damage_taken":[{"damage":0.0,"enemies":"Small Slimes","floor":2.0,"turns":4.0},{"damage":1.0,"enemies":"Jaw Worm","floor":3.0,"turns":3.0},{"damage":0.0,"enemies":"Cultist","floor":5.0,"turns":3.0},{"damage":1.0,"enemies":"Gremlin Nob","floor":6.0,"turns":3.0},{"damage":0.0,"enemies":"Blue Slaver","floor":8.0,"turns":3.0},{"damage":0.0,"enemies":"conspire:2 RoseBushes","floor":9.0,"turns":5.0},{"damage":6.0,"enemies":"3 Sentries","floor":10.0,"turns":8.0},{"damage":0.0,"enemies":"2 Fungi Beasts","floor":11.0,"turns":4.0},{"damage":0.0,"enemies":"3 Louse","floor":12.0,"turns":3.0},{"damage":2.0,"enemies":"Red Slaver","floor":15.0,"turns":3.0},{"damage":53.0,"enemies":"IC_STATUS_ARCHETYPE","floor":16.0,"turns":10.0},{"damage":5.0,"enemies":"Chosen","floor":19.0,"turns":3.0},{"damage":6.0,"enemies":"Snecko","floor":20.0,"turns":5.0},{"damage":7.0,"enemies":"Sentry and Sphere","floor":21.0,"turns":11.0},{"damage":0.0,"enemies":"Nightmare","floor":23.0,"turns":5.0},{"damage":2.0,"enemies":"Snake Plant","floor":30.0,"turns":3.0},{"damage":0.0,"enemies":"downfall:FleeingMerchant","floor":33.0,"turns":4.0},{"damage":0.0,"enemies":"3 Cultists","floor":34.0,"turns":5.0},{"damage":20.0,"enemies":"WA_ARCHETYPE_CALM","floor":35.0,"turns":7.0},{"damage":12.0,"enemies":"3 Darklings","floor":38.0,"turns":6.0},{"damage":2.0,"enemies":"Orb Walker","floor":39.0,"turns":3.0},{"damage":0.0,"enemies":"downfall:FleeingMerchant","floor":40.0,"turns":4.0},{"damage":0.0,"enemies":"4 Shapes","floor":41.0,"turns":7.0},{"damage":0.0,"enemies":"Giant Head","floor":42.0,"turns":6.0},{"damage":43.0,"enemies":"Nightmare","floor":44.0,"turns":7.0},{"damage":3.0,"enemies":"Spire Growth","floor":45.0,"turns":5.0},{"damage":3.0,"enemies":"Transient","floor":46.0,"turns":5.0},{"damage":0.0,"enemies":"downfall:FleeingMerchant","floor":47.0,"turns":3.0},{"damage":11.0,"enemies":"4 Shapes","floor":48.0,"turns":6.0},{"damage":3.0,"enemies":"conspire:MimicChest","floor":50.0,"turns":5.0},{"damage":9,"enemies":"3 Darklings","floor":51,"turns":5},{"damage":15,"enemies":"SI_POISON_ARCHETYPE","floor":52,"turns":8},{"damage":15,"enemies":"downfall:CharBossMerchant","floor":54,"turns":6},{"damage":22,"enemies":"downfall:NeowBoss","floor":57,"turns":16},{"damage":89,"enemies":"downfall:NeowBossFinal","floor":58,"turns":6}],"seed_played":"2010630642679602240","potions_obtained":[{"floor":1.0,"key":"hexamod:DoubleChargePotion"},{"floor":1.0,"key":"SkillPotion"},{"floor":2.0,"key":"Toxic Potion"},{"floor":4.0,"key":"infinitespire:BlackPotion"},{"floor":10.0,"key":"hexamod:EctoCoolerPotion"},{"floor":16.0,"key":"Adrenaline Potion"},{"floor":21.0,"key":"Death Potion"},{"floor":44.0,"key":"champ:CounterPotion"}],"is_trial":false,"path_per_floor":["R","M","M","?","M","E","T","M","M","E","M","M","R","?","M","B",null,"R","M","M","M","AVR","NM","T","?","R","?","R","?","M","PTL","PTL","$","M","B",null,"R","M","M","$","M","E","T","NM","M","M","$","M","$","?","M","B",null,"E","$","R","B","B",null],"character_chosen":"THE_SPIRIT","items_purchased":["Orrery","aspiration:KaomsHeart","aspiration:KMNothing","aspiration:KMNothing","aspiration:KMNothing","Fruit Juice","FairyPotion","hexamod:TimeWarp"],"campfire_rested":1,"item_purchase_floors":[33,40,47,47,47,49,49,55],"current_hp_per_floor":[77,77,76,76,76,75,75,75,75,69,69,69,69,69,67,14,77,77,72,66,59,59,59,59,44,54,32,58,58,56,56,56,56,56,36,87,87,75,73,173,173,173,173,130,127,124,124,113,123,120,111,96,197,182,182,182,160,71],"gold":58,"neow_bonus":"TEN_PERCENT_HP_BONUS","is_daily":false,"chose_seed":false,"campfire_upgraded":2,"win_rate":0.0,"timestamp":1612132788,"path_taken":["R","M","M","?","?","E","T","M","M","E","M","M","R","?","M","BOSS","R","M","M","M","AVR","NM","T","?","R","?","R","?","M","PTL","PTL","$","M","BOSS","R","M","M","?","M","E","T","NM","?","M","$","M","$","?","M","BOSS","E","$","R","BOSS","BOSS"],"items_purchased_type":["Relic","Relic","Relic","Relic","Relic","Potion","Potion","Card"],"build_version":"2020-12-22","purchased_purges":4,"victory":true,"max_hp_per_floor":[77,77,77,77,77,77,77,77,77,77,77,77,77,77,77,77,77,77,77,77,77,77,77,77,77,87,87,87,87,87,87,87,87,87,87,87,87,87,87,187,187,187,187,187,187,187,187,187,197,197,197,197,197,197,197,197,197,197],"relic_stats":{"counters":[35,190],"PreservedInsect":463,"obtain_stats":[{"Lantern":4,"downfall:HeartBlessingRed":28,"SacredBark":17,"reliquary:Firecrackers":23,"energizedSpire:EnergizedDie":22,"downfall:HeartBlessingGreen":13,"PreservedInsect":10,"Replay:Multitool":22,"aspiration:RitualStick":25,"Replay:Rubber Ducky":7,"reliquary:PorcupineQuills":6,"downfall:HeartBlessingBlue":26,"Orrery":33,"aspiration:KaomsHeart":40,"hexamod:SpiritBrand":0,"Runic Pyramid":36},{"Lantern":2,"downfall:HeartBlessingRed":15,"SacredBark":11,"reliquary:Firecrackers":15,"energizedSpire:EnergizedDie":14,"downfall:HeartBlessingGreen":9,"PreservedInsect":7,"Replay:Multitool":14,"aspiration:RitualStick":15,"Replay:Rubber Ducky":4,"reliquary:PorcupineQuills":4,"downfall:HeartBlessingBlue":15,"Orrery":17,"aspiration:KaomsHeart":22,"hexamod:SpiritBrand":0,"Runic Pyramid":19},{"Lantern":7,"downfall:HeartBlessingRed":73,"SacredBark":49,"reliquary:Firecrackers":73,"energizedSpire:EnergizedDie":68,"downfall:HeartBlessingGreen":36,"PreservedInsect":29,"Replay:Multitool":68,"aspiration:RitualStick":73,"Replay:Rubber Ducky":13,"reliquary:PorcupineQuills":13,"downfall:HeartBlessingBlue":73,"Orrery":80,"aspiration:KaomsHeart":105,"hexamod:SpiritBrand":0,"Runic Pyramid":92}],"aspiration:RitualStick":[5]},"card_choices":[{"not_picked":["hexamod:PhantomCloak","hexamod:ExtraCrispy"],"picked":"hexamod:Firestarter","floor":2.0},{"not_picked":["hexamod:Firestarter","hexamod:ThermalTransfer"],"picked":"hexamod:NightmareGuise","floor":3.0},{"not_picked":["hexamod:RainOfEmbers","hexamod:Hexaguard"],"picked":"hexamod:Incineration","floor":4.0},{"not_picked":["hexamod:GhostLash","hexamod:SecondSeal"],"picked":"hexamod:BacktrackSmack","floor":5.0},{"not_picked":["hexamod:NecessarySacrifice","hexamod:TurnItUp","hexamod:GhostShield"],"picked":"SKIP","floor":6.0},{"not_picked":["hexamod:GhostLash","hexamod:GhostflameBarrier"],"picked":"hexamod:HauntingEcho","floor":8.0},{"not_picked":["hexamod:BacktrackSmack","hexamod:ThermalTransfer"],"picked":"hexamod:SixthSeal","floor":9.0},{"not_picked":["hexamod:HeatMetal","hexamod:Hexaguard"],"picked":"hexamod:PhantomCloak","floor":10.0},{"not_picked":["hexamod:SecondSeal","hexamod:HeatMetal"],"picked":"hexamod:GhostflameBarrier","floor":11.0},{"not_picked":["hexamod:BacktrackSmack","hexamod:RainOfEmbers"],"picked":"hexamod:FastForward","floor":12.0},{"not_picked":["hexamod:AdvancingGuard","hexamod:FastForward"],"picked":"hexamod:SecondSeal","floor":15.0},{"not_picked":["hexamod:GhostOfSpirePresent","hexamod:UnleashSpirits"],"picked":"hexamod:ForkedFlame","floor":16.0},{"not_picked":["hexamod:InspiringFlames","hexamod:SpectersWail"],"picked":"hexamod:RecurringNightmare+1","floor":19.0},{"not_picked":["hexamod:HeatMetal+1","hexamod:GhostLash","hexamod:SpectralAdrenaline"],"picked":"SKIP","floor":20.0},{"not_picked":["hexamod:GhostShield","hexamod:GhostOfSpirePast","hexamod:GhostLash"],"picked":"SKIP","floor":21.0},{"not_picked":["hexamod:WildfireWeapon","hexamod:GhostShield+1","hexamod:HauntingEcho+1"],"picked":"SKIP","floor":23.0},{"not_picked":["ReplayTheSpireMod:Black Plague","infinitespire:TheBestDefense"],"picked":"infinitespire:Execution","floor":27.0},{"not_picked":["hexamod:BacktrackSmack+1","hexamod:ThermalTransfer","hexamod:SoulSteal"],"picked":"SKIP","floor":30.0},{"not_picked":["hexamod:FastForward","hexamod:Rewind"],"picked":"hexamod:SpectersWail+1","floor":33.0},{"not_picked":["hexamod:EmpoweredFlame+1","hexamod:Hexaguard"],"picked":"hexamod:TimeWarp","floor":33.0},{"not_picked":["hexamod:GhostOfSpirePast+1","hexamod:ShieldOfDarkness"],"picked":"hexamod:TimeOfNeed","floor":33.0},{"not_picked":["hexamod:InspiringFlames","hexamod:GhostLash"],"picked":"hexamod:NightmareGuise+1","floor":33.0},{"not_picked":["hexamod:Firestarter","hexamod:InspiringFlames+1"],"picked":"hexamod:FastForward","floor":34.0},{"not_picked":["hexamod:GhostflameInferno","hexamod:GhostOfSpirePresent"],"picked":"hexamod:SearingWound","floor":35.0},{"not_picked":["hexamod:Hexaguard+1","hexamod:Firestarter+1","hexamod:FastForward+1"],"picked":"SKIP","floor":38.0},{"not_picked":["hexamod:ThermalTransfer","hexamod:BacktrackSmack+1"],"picked":"hexamod:RetreatToShadows","floor":39.0},{"not_picked":["hexamod:RainOfEmbers","hexamod:PhantomCloak","hexamod:AdvancingGuard"],"picked":"SKIP","floor":40.0},{"not_picked":["hexamod:DynamicBlow","hexamod:HauntingEcho+1"],"picked":"hexamod:RadiantFlame+1","floor":41.0},{"not_picked":["hexamod:SecondSeal","hexamod:GhostOfSpirePresent","hexamod:SpectralAdrenaline+1"],"picked":"SKIP","floor":42.0},{"not_picked":["hexamod:Firestarter+1","hexamod:NightmareGuise+1","hexamod:Incineration+1"],"picked":"SKIP","floor":44.0},{"not_picked":["hexamod:SwordOfDarkness+1","hexamod:BacktrackSmack","hexamod:ThermalTransfer"],"picked":"SKIP","floor":45.0},{"not_picked":["hexamod:SoulSteal","hexamod:NecessarySacrifice+1","hexamod:Hexaguard+1"],"picked":"SKIP","floor":46.0},{"not_picked":["hexamod:ThermalTransfer","hexamod:PhantomCloak+1","hexamod:StepThrough"],"picked":"SKIP","floor":47.0},{"not_picked":["hexamod:Firestarter+1","hexamod:NightmareStrike","hexamod:GhostOfSpirePresent"],"picked":"SKIP","floor":48.0},{"not_picked":["hexamod:CatchUp+1","hexamod:RecurringNightmare+1","hexamod:FourthSeal"],"picked":"SKIP","floor":51},{"not_picked":["hexamod:HauntingEcho","hexamod:RecurringNightmare+1","hexamod:Haunt+1"],"picked":"SKIP","floor":54}],"player_experience":663179,"relics_obtained":[{"floor":4.0,"key":"Lantern"},{"floor":6.0,"key":"reliquary:PorcupineQuills"},{"floor":7.0,"key":"Replay:Rubber Ducky"},{"floor":10.0,"key":"PreservedInsect"},{"floor":23.0,"key":"reliquary:Firecrackers"},{"floor":42.0,"key":"aspiration:KMNothing"},{"floor":43.0,"key":"aspiration:KMNothing"},{"floor":44.0,"key":"aspiration:KMNothing"},{"floor":50.0,"key":"aspiration:KMNothing"},{"floor":54,"key":"aspiration:KMNothing"},{"floor":56,"key":"aspiration:KMNothing"}],"event_choices":[],"is_beta":false,"boss_relics":[{"not_picked":["infinitespire:Cupcake","hubris:VirtuousBlindfold"],"picked":"SacredBark"},{"not_picked":["conspire:RoyalGoblet","energizedSpire:RedRose"],"picked":"Runic Pyramid"}],"items_purged_floors":[22,33,47,49],"is_endless":false,"potions_floor_spawned":[2,5,9,10,15,16,21,30,34,39,44,45,48,50,51,54],"ascension_level":0}}