{"host":"gs7el76t2viffubo","time":1612071992,"event":{"mods":["BaseMod","Downfall","Minty Spire (QoL Compilation)","StSLib"],"gold_per_floor":[110,128,53,3,23,49,49,67,67,78,78,108,108,183,183,288,338,358,258,258,275,309,337,354,354,354,354,369,294,314,332,332,427,427,443,458,508,237,257,275,275,275,275,125,143,143,155,155,155,155,155],"floor_reached":50,"language":"ZHS","playtime":3693,"items_purged":["Writhe","Parasite","Strike_G","Strike_G"],"score":499,"play_id":"2bf23bb0-5790-4944-9e5e-9ecb3bd8fe5f","local_time":"20210131134632","is_ascension_mode":false,"campfire_choices":[{"floor":7,"key":"REST"},{"data":"Crippling Poison","floor":11,"key":"SMITH"},{"floor":15,"key":"REST"},{"floor":25,"key":"REST"},{"floor":27,"key":"REST"},{"floor":32,"key":"REST"},{"floor":42,"key":"REST"},{"data":"Strike_G","floor":46,"key":"PURGE"},{"floor":49,"key":"REST"}],"circlet_count":0,"master_deck":["Defend_G","Defend_G","Defend_G+1","Defend_G","Survivor","Neutralize","Crippling Poison+1","Bane","Poisoned Stab","Prepared","After Image","Burst","Blur","Backflip+1","RitualDagger","Bane+1","Envenom","Catalyst+1","Noxious Fumes+1","Well Laid Plans+1","Venomology","Prepared+1","Tools of the Trade+1"],"relics":["Ring of the Snake","Ginger","Sundial","StoneCalendar","Pocketwatch","Tiny House","Red Mask","Dream Catcher","Frozen Egg 2","Philosopher\u0027s Stone","Peace Pipe","Lee\u0027s Waffle","Molten Egg 2"],"acts_visited":["TheCity","TheBeyond"],"potions_floor_usage":[16,16,21,21,24,24,37,37,39,45,45,47,47,50,50],"damage_taken":[{"damage":0,"enemies":"Small Slimes","floor":1,"turns":3},{"damage":10,"enemies":"2 Louse","floor":2,"turns":2},{"damage":0,"enemies":"Jaw Worm","floor":5,"turns":4},{"damage":23,"enemies":"Gremlin Nob","floor":6,"turns":5},{"damage":7,"enemies":"Looter","floor":8,"turns":3},{"damage":3,"enemies":"3 Louse","floor":10,"turns":3},{"damage":18,"enemies":"3 Sentries","floor":12,"turns":7},{"damage":18,"enemies":"Slime Boss","floor":16,"turns":7},{"damage":3,"enemies":"Shell Parasite","floor":18,"turns":7},{"damage":13,"enemies":"2 Thieves","floor":21,"turns":4},{"damage":26,"enemies":"Masked Bandits","floor":22,"turns":4},{"damage":21,"enemies":"Book of Stabbing","floor":23,"turns":7},{"damage":1,"enemies":"Cultist and Chosen","floor":24,"turns":6},{"damage":17,"enemies":"Snake Plant","floor":28,"turns":4},{"damage":6,"enemies":"Snecko","floor":30,"turns":4},{"damage":2,"enemies":"Cultist and Chosen","floor":31,"turns":5},{"damage":31,"enemies":"Collector","floor":33,"turns":5},{"damage":12,"enemies":"3 Darklings","floor":35,"turns":5},{"damage":12,"enemies":"Orb Walker","floor":36,"turns":3},{"damage":2,"enemies":"Mind Bloom Boss Battle","floor":37,"turns":5},{"damage":25,"enemies":"3 Darklings","floor":39,"turns":4},{"damage":18,"enemies":"Spire Growth","floor":40,"turns":5},{"damage":27,"enemies":"Transient","floor":45,"turns":5},{"damage":21,"enemies":"Sphere and 2 Shapes","floor":47,"turns":5},{"damage":33,"enemies":"Donu and Deca","floor":50,"turns":3}],"seed_played":"-2304378554307621911","potions_obtained":[{"floor":2,"key":"champ:CounterPotion"},{"floor":12,"key":"Regen Potion"},{"floor":16,"key":"Fire Potion"},{"floor":17,"key":"SteroidPotion"},{"floor":18,"key":"Fire Potion"},{"floor":23,"key":"SkillPotion"},{"floor":28,"key":"bronze:BurnAndBuffPotion"},{"floor":35,"key":"Poison Potion"},{"floor":45,"key":"champ:CounterPotion"}],"is_trial":false,"path_per_floor":["M","M","$","?","M","E","R","M","T","M","R","E","?","?","R","B",null,"M","$","?","M","?","E","M","R","T","R","M","?","M","M","R","B",null,"M","M","?","$","M","M","?","R","T","$","M","R","M","?","R","B"],"character_chosen":"THE_SILENT","items_purchased":["Lee\u0027s Waffle"],"campfire_rested":7,"item_purchase_floors":[38],"current_hp_per_floor":[70,60,60,60,60,37,58,51,51,48,48,30,47,36,57,53,75,72,72,66,53,27,6,5,26,26,47,30,30,24,22,43,12,72,60,48,46,79,54,36,36,58,58,58,31,31,10,10,32,0,0],"gold":155,"neow_bonus":"ONE_RARE_RELIC","is_daily":false,"chose_seed":false,"campfire_upgraded":1,"win_rate":0.0,"timestamp":1612071992,"path_taken":["M","M","$","?","M","E","R","M","T","M","R","E","?","?","R","BOSS","M","$","?","M","?","E","M","R","T","R","M","?","M","M","R","BOSS","M","M","?","$","M","M","?","R","T","$","M","R","M","?","R","BOSS"],"items_purchased_type":["Relic"],"build_version":"2020-12-22","purchased_purges":4,"victory":false,"max_hp_per_floor":[70,70,70,70,70,70,70,70,70,70,70,70,70,70,70,70,75,75,72,72,72,72,72,72,72,72,72,72,72,72,72,72,72,72,72,72,72,79,79,79,75,75,75,75,75,75,75,75,75,75,75],"card_choices":[{"not_picked":["Deflect","Underhanded Strike"],"picked":"Crippling Poison","floor":1},{"not_picked":["Underhanded Strike","PiercingWail"],"picked":"Bane","floor":2},{"not_picked":["Outmaneuver","Acrobatics"],"picked":"Poisoned Stab","floor":5},{"not_picked":["Deflect","Skewer","Masterful Stab"],"picked":"SKIP","floor":6},{"not_picked":["Blade Dance","Outmaneuver"],"picked":"Prepared","floor":8},{"not_picked":["Poisoned Stab","Bane","Backflip"],"picked":"SKIP","floor":10},{"not_picked":["Underhanded Strike","Prepared"],"picked":"After Image","floor":12},{"not_picked":["Wraith Form v2","Unload"],"picked":"Burst","floor":16},{"not_picked":["Caltrops","Infinite Blades"],"picked":"Blur","floor":17},{"not_picked":["Infinite Blades","Flying Knee"],"picked":"Backflip+1","floor":18},{"not_picked":["Sucker Punch","Deflect+1"],"picked":"Bane+1","floor":21},{"not_picked":["Underhanded Strike","Deflect"],"picked":"Envenom","floor":22},{"not_picked":["PiercingWail","A Thousand Cuts"],"picked":"Catalyst+1","floor":23},{"not_picked":["Outmaneuver+1","Deflect","Terror+1"],"picked":"SKIP","floor":24},{"not_picked":["Poisoned Stab","Endless Agony+1"],"picked":"Noxious Fumes+1","floor":28},{"not_picked":["Blade Dance+1","Tactician+1","Underhanded Strike"],"picked":"SKIP","floor":30},{"not_picked":["Heel Hook+1","Deflect","Backstab+1"],"picked":"SKIP","floor":31},{"not_picked":["Choke","Dagger Spray+1"],"picked":"Well Laid Plans+1","floor":32},{"not_picked":["Tools of the Trade+1","Unload"],"picked":"Venomology","floor":33},{"not_picked":["Sucker Punch+1","Backflip+1","Flying Knee+1"],"picked":"SKIP","floor":35},{"not_picked":["Sucker Punch+1","Dagger Spray+1","A Thousand Cuts+1"],"picked":"SKIP","floor":36},{"not_picked":["Escape Plan+1","Slice+1"],"picked":"Prepared+1","floor":37},{"not_picked":["Choke+1","Flying Knee+1","Endless Agony"],"picked":"SKIP","floor":39},{"not_picked":["Outmaneuver","Quick Slash","Endless Agony+1"],"picked":"SKIP","floor":40},{"not_picked":["Calculated Gamble","Poisoned Stab"],"picked":"Tools of the Trade+1","floor":42},{"not_picked":["Backflip","Backstab+1","Slice+1"],"picked":"SKIP","floor":45},{"not_picked":["Heel Hook+1","Outmaneuver+1","Slice+1"],"picked":"SKIP","floor":47}],"player_experience":10045,"relics_obtained":[{"floor":6,"key":"Sundial"},{"floor":9,"key":"StoneCalendar"},{"floor":12,"key":"Pocketwatch"},{"floor":22,"key":"Red Mask"},{"floor":23,"key":"Dream Catcher"},{"floor":26,"key":"Frozen Egg 2"},{"floor":37,"key":"Peace Pipe"},{"floor":43,"key":"Molten Egg 2"}],"event_choices":[{"cards_removed":["Strike_G"],"damage_healed":0,"gold_gain":0,"player_choice":"Card Removal","damage_taken":0,"max_hp_gain":0,"max_hp_loss":0,"event_name":"The Cleric","floor":4,"gold_loss":50},{"damage_healed":17,"gold_gain":0,"player_choice":"Healed and dodged fight","damage_taken":0,"max_hp_gain":0,"max_hp_loss":0,"event_name":"Mushrooms","floor":13,"gold_loss":0,"cards_obtained":["Parasite"]},{"damage_healed":0,"gold_gain":75,"player_choice":"Gather Gold","damage_taken":11,"max_hp_gain":0,"max_hp_loss":0,"event_name":"World of Goop","floor":14,"gold_loss":0},{"damage_healed":0,"gold_gain":0,"player_choice":"Joined the Cult","damage_taken":6,"max_hp_gain":0,"max_hp_loss":0,"event_name":"Nest","floor":20,"gold_loss":0,"cards_obtained":["RitualDagger"]},{"damage_healed":0,"gold_gain":0,"player_choice":"Fought Bandits","damage_taken":0,"max_hp_gain":0,"max_hp_loss":0,"event_name":"Masked Bandits","floor":22,"gold_loss":0},{"cards_removed":["Strike_G"],"damage_healed":0,"gold_gain":0,"player_choice":"Gave Gold","damage_taken":0,"max_hp_gain":0,"max_hp_loss":0,"event_name":"Beggar","floor":29,"gold_loss":75},{"damage_healed":0,"gold_gain":0,"player_choice":"Fight","damage_taken":0,"max_hp_gain":0,"max_hp_loss":0,"event_name":"MindBloom","floor":37,"gold_loss":0},{"damage_healed":0,"gold_gain":0,"player_choice":"Max HP","damage_taken":0,"max_hp_gain":0,"max_hp_loss":4,"event_name":"Winding Halls","floor":41,"gold_loss":0},{"cards_removed":["Defend_G"],"damage_healed":0,"gold_gain":0,"player_choice":"Purged","damage_taken":0,"max_hp_gain":0,"max_hp_loss":0,"event_name":"Purifier","floor":48,"gold_loss":0}],"is_beta":false,"boss_relics":[{"not_picked":["Runic Dome","Ectoplasm"],"picked":"Tiny House"},{"not_picked":["Coffee Dripper","WristBlade"],"picked":"Philosopher\u0027s Stone"}],"items_purged_floors":[3,19,38,44],"is_endless":false,"potions_floor_spawned":[2,12,16,18,23,28,35,40,45],"killed_by":"Donu and Deca","ascension_level":0}}