{"host":"4qkvkh7pd9qr2mca","time":1612116227,"event":{"mods":["AchievementEnabler","Act Like it!","BaseMod","Colored Map","Colored Powertips","Highlight Path","Minty Spire (QoL Compilation)","Pale of the Ancients","Permanent Neow","Quick Restart","Relic Stats","StSLib","SuperFastMode"],"gold_per_floor":[111,131,21,21,96,124,124,158,158,188,203,203,233,252,252,323,323,337,352,70,70,70],"floor_reached":21,"language":"ENG","playtime":675,"items_purged":[],"score":414,"play_id":"e1c820e4-4d82-4ded-bde6-181a53d50aac","local_time":"20210131190347","is_ascension_mode":true,"campfire_choices":[{"data":"Uppercut","floor":7,"key":"SMITH"},{"floor":12,"key":"REST"},{"data":"Armaments","floor":15,"key":"SMITH"}],"circlet_count":0,"master_deck":["AscendersBane","Strike_R","Strike_R","Strike_R","Strike_R","Strike_R","Defend_R","Defend_R","Defend_R","Defend_R","Bash","True Grit","True Grit","Wild Strike","Armaments+1","Uppercut+1","Immolate","Whirlwind+1","Reaper+1","Fire Breathing","Immolate+1","Double Tap"],"relics":["Mark of Pain","Singing Bowl","Potion Belt","Molten Egg 2","Lantern","Question Card","Busted Crown","Eternal Feather"],"acts_visited":["Exordium","TheCity"],"potions_floor_usage":[6,8,13],"damage_taken":[{"damage":6,"enemies":"2 Louse","floor":1,"turns":4},{"damage":2,"enemies":"Small Slimes","floor":2,"turns":4},{"damage":6,"enemies":"Gremlin Nob","floor":6,"turns":3},{"damage":25,"enemies":"3 Sentries","floor":8,"turns":9},{"damage":24,"enemies":"Gremlin Nob","floor":10,"turns":4},{"damage":0,"enemies":"Cultist","floor":11,"turns":3},{"damage":10,"enemies":"3 Sentries","floor":13,"turns":6},{"damage":0,"enemies":"Exordium Wildlife","floor":14,"turns":4},{"damage":42,"enemies":"The Guardian","floor":16,"turns":13},{"damage":25,"enemies":"Shell Parasite","floor":18,"turns":4},{"damage":12,"enemies":"2 Thieves","floor":19,"turns":3},{"damage":31,"enemies":"Sentry and Sphere","floor":21,"turns":4}],"seed_played":"4688338465574468543","potions_obtained":[{"floor":2,"key":"DuplicationPotion"},{"floor":6,"key":"Regen Potion"},{"floor":11,"key":"SteroidPotion"},{"floor":16,"key":"Strength Potion"}],"is_trial":false,"path_per_floor":["M","M","$","?","?","E","R","E","T","E","M","R","E","M","R","B",null,"M","M","$","M"],"character_chosen":"IRONCLAD","items_purchased":["Armaments","Uppercut","Eternal Feather"],"campfire_rested":1,"item_purchase_floors":[3,3,20],"current_hp_per_floor":[62,60,60,60,49,43,43,35,35,11,11,34,51,59,59,24,65,42,30,30,0,0],"gold":70,"neow_bonus":"BOSS_RELIC","is_daily":false,"chose_seed":false,"campfire_upgraded":2,"win_rate":0.0,"timestamp":1612116227,"path_taken":["M","M","$","?","?","E","R","E","T","E","M","R","E","M","R","BOSS","M","M","$","M"],"items_purchased_type":["Card","Card","Relic"],"build_version":"2020-12-22","purchased_purges":0,"victory":false,"max_hp_per_floor":[75,75,75,75,75,75,75,77,77,77,77,77,79,79,79,79,79,81,81,81,81,81],"relic_stats":{"Busted Crown":4,"Singing Bowl":6,"counters":[12,61],"Eternal Feather":0,"Question Card":4,"obtain_stats":[{"Potion Belt":8,"Lantern":10,"Busted Crown":17,"Singing Bowl":6,"Molten Egg 2":9,"Eternal Feather":20,"Mark of Pain":0,"Question Card":13,"Burning Blood":0},{"Potion Belt":4,"Lantern":5,"Busted Crown":9,"Singing Bowl":3,"Molten Egg 2":4,"Eternal Feather":11,"Mark of Pain":0,"Question Card":7,"Burning Blood":0},{"Potion Belt":20,"Lantern":24,"Busted Crown":50,"Singing Bowl":11,"Molten Egg 2":20,"Eternal Feather":57,"Mark of Pain":0,"Question Card":33,"Burning Blood":0}]},"card_choices":[{"not_picked":["Shrug It Off","Perfected Strike"],"picked":"True Grit","floor":1},{"not_picked":["Shrug It Off","Perfected Strike"],"picked":"True Grit","floor":1},{"not_picked":["Headbutt","Sword Boomerang"],"picked":"Wild Strike","floor":2},{"not_picked":["True Grit","Sever Soul"],"picked":"Immolate","floor":6},{"not_picked":["Dropkick","Warcry","Intimidate"],"picked":"Singing Bowl","floor":8},{"not_picked":["Body Slam+1","Sword Boomerang+1"],"picked":"Whirlwind+1","floor":10},{"not_picked":["Rage","Wild Strike+1"],"picked":"Reaper+1","floor":11},{"not_picked":["Clash+1","Clothesline+1","Anger+1"],"picked":"Singing Bowl","floor":13},{"not_picked":["Rage","Infernal Blade","Reckless Charge+1"],"picked":"Fire Breathing","floor":14},{"not_picked":["Fiend Fire+1","Juggernaut","Exhume"],"picked":"Immolate+1","floor":16},{"not_picked":["Flex","Clash+1"],"picked":"Singing Bowl","floor":18},{"not_picked":["Shrug It Off"],"picked":"Double Tap","floor":19}],"player_experience":598630,"relics_obtained":[{"floor":6,"key":"Singing Bowl"},{"floor":8,"key":"Potion Belt"},{"floor":9,"key":"Molten Egg 2"},{"floor":10,"key":"Lantern"},{"floor":13,"key":"Question Card"}],"event_choices":[{"damage_healed":0,"gold_gain":0,"player_choice":"Ignored","damage_taken":0,"max_hp_gain":0,"max_hp_loss":0,"event_name":"Liars Game","floor":4,"gold_loss":0},{"damage_healed":0,"gold_gain":75,"player_choice":"Gather Gold","damage_taken":11,"max_hp_gain":0,"max_hp_loss":0,"event_name":"World of Goop","floor":5,"gold_loss":0}],"is_beta":false,"boss_relics":[{"not_picked":["Philosopher\u0027s Stone","Sozu"],"picked":"Busted Crown"}],"items_purged_floors":[],"is_endless":false,"potions_floor_spawned":[2,6,11,16],"killed_by":"Sentry and Sphere","ascension_level":20}}