{"host":"jyuuog6ydc2s7nd8","time":1612093494,"event":{"mods":["BaseMod","Better Vampires","Minty Spire (QoL Compilation)","Shop Mod","StSLib","The Hierophant","The Servant 0.9.4","TheBandit","[IsaacMod]ÒÔÈö¼âËþ"],"gold_per_floor":[159,171,171,171,246,246,262,338,338,338,370,381,381,105,112,112,112],"floor_reached":16,"language":"ZHS","playtime":411,"items_purged":["Defend_R"],"score":196,"play_id":"9b0d7b67-0f4b-40e6-8d32-71d3bd606a69","local_time":"20210131194454","is_ascension_mode":true,"campfire_choices":[{"data":"Bash","floor":6,"key":"SMITH"},{"data":"Pommel Strike","floor":10,"key":"SMITH"},{"data":"Second Wind","floor":13,"key":"SMITH"},{"data":"Evolve","floor":15,"key":"SMITH"}],"circlet_count":0,"master_deck":["AscendersBane","Strike_R","Strike_R","Strike_R+1","Strike_R+1","Defend_R","Defend_R","Defend_R","Bash+1","Second Wind+1","Pommel Strike+1","Sentinel","Shrug It Off","Evolve+1"],"relics":["HushsDoor","MagicMushroom","BloodDonationMachine","FossilizedHelix","Whetstone","TungstenRod"],"acts_visited":["Exordium"],"potions_floor_usage":[16],"damage_taken":[{"damage":1.0,"enemies":"Jaw Worm","floor":1.0,"turns":3.0},{"damage":0.0,"enemies":"Small Slimes","floor":2.0,"turns":3.0},{"damage":0,"enemies":"2 Louse","floor":7,"turns":2},{"damage":16,"enemies":"3 Sentries","floor":11,"turns":7},{"damage":0,"enemies":"Large Slime","floor":12,"turns":4},{"damage":0,"enemies":"Hexaghost","floor":16,"turns":7}],"seed_played":"3612885569839108208","potions_obtained":[{"floor":2.0,"key":"ElixirPotion"},{"floor":12,"key":"ElixirPotion"}],"is_trial":false,"path_per_floor":["M","M","?","?","?","R","M","?","T","R","E","M","R","$","R","B"],"character_chosen":"IRONCLAD","items_purchased":["TungstenRod","Evolve"],"campfire_rested":0,"item_purchase_floors":[14,14],"current_hp_per_floor":[67,68,68,68,57,57,58,43,43,43,28,29,29,4,1,2,2],"gold":112,"neow_bonus":"BOSS_RELIC","is_daily":false,"chose_seed":false,"campfire_upgraded":4,"win_rate":0.0,"timestamp":1612093494,"path_taken":["M","M","?","?","?","R","?","?","T","R","E","M","R","$","R","BOSS"],"items_purchased_type":["Relic","Card"],"build_version":"2020-12-22","purchased_purges":1,"victory":false,"max_hp_per_floor":[82,82,82,82,82,82,82,82,82,82,82,82,82,82,82,82,82],"card_choices":[{"not_picked":["Limit Break","Clothesline"],"picked":"Second Wind","floor":1.0},{"not_picked":["Shockwave","Thunderclap"],"picked":"Pommel Strike","floor":2.0},{"not_picked":["Iron Wave","Twin Strike"],"picked":"Sentinel","floor":7},{"not_picked":["Double Tap","Searing Blow","Combust"],"picked":"SKIP","floor":11},{"not_picked":["Seeing Red","Clash"],"picked":"Shrug It Off","floor":12}],"player_experience":1877436,"relics_obtained":[{"floor":9,"key":"FossilizedHelix"},{"floor":11,"key":"Whetstone"}],"event_choices":[{"damage_healed":0,"gold_gain":0,"player_choice":"Ignored","damage_taken":0,"max_hp_gain":0,"max_hp_loss":0,"event_name":"Shining Light","floor":3,"gold_loss":0},{"cards_removed":["Strike_R"],"damage_healed":0,"gold_gain":0,"player_choice":"Forget","damage_taken":0,"max_hp_gain":0,"max_hp_loss":0,"event_name":"Living Wall","floor":4,"gold_loss":0},{"damage_healed":0,"gold_gain":75,"player_choice":"Gather Gold","damage_taken":11,"max_hp_gain":0,"max_hp_loss":0,"event_name":"World of Goop","floor":5,"gold_loss":0}],"is_beta":false,"boss_relics":[],"items_purged_floors":[14],"is_endless":false,"potions_floor_spawned":[2,12],"killed_by":"Hexaghost","ascension_level":20}}