{"host":"rvofswtrkybk7ok8","time":1612061707,"event":{"mods":["ATMod(°¢èªMod)","BaseMod","Card Filter","Colored Map","Minty Spire (QoL Compilation)","Quick Restart","StSLib"],"gold_per_floor":[17,17,220,170,185,185,219,497,520,560,482,381,420,445,445,539,539,557,573,573,573,118,118,149,169,246,246,264,304,304,414,414,538,538,636,636,785,785,192,192,253,298,369,465,579,668,151,192,192,317,317,317,372,460,485],"floor_reached":56,"language":"ZHS","playtime":2234,"items_purged":["Strike_G","Defend_G","Strike_G","Defend_G","Defend_G","Defend_G","Bullet Time"],"score":2794,"play_id":"a015d63d-5637-4d52-b775-b90baa0fc311","local_time":"20210131105507","is_ascension_mode":true,"campfire_choices":[{"data":"AT_EssenceShift","floor":6.0,"key":"SMITH"},{"data":"Concentrate","floor":15.0,"key":"SMITH"},{"data":"Acrobatics","floor":23.0,"key":"SMITH"},{"floor":27.0,"key":"RECALL"},{"data":"Adrenaline","floor":30.0,"key":"SMITH"},{"data":"AT_ShadowStep","floor":32.0,"key":"SMITH"},{"data":"Backflip","floor":40.0,"key":"SMITH"},{"data":"AT_KingSlayer","floor":49.0,"key":"SMITH"},{"data":"Blade Dance","floor":52.0,"key":"SMITH"}],"circlet_count":0,"master_deck":["AscendersBane","Survivor","Neutralize","Phantasmal Killer","AT_EssenceShift+1","Blade Dance+1","Enlightenment","AT_ShadowStep+1","Concentrate+1","AT_KingSlayer+1","AT_FocusSwordFire+1","AT_WindFlip+1","Backflip+1","Acrobatics+1","Deep Breath+1","Tactician+1","Adrenaline+1","Backflip+1","Burst"],"relics":["Ring of the Snake","AT_ATBox","Golden Idol","AT_EbonyIvory","Shuriken","TwistedFunnel","Ninja Scroll","AT_LudenTempest","Bronze Scales","Lee\u0027s Waffle","Ancient Tea Set","Potion Belt","AT_BladeRuinedKing","Toolbox","AT_SunfireAegis","AT_SeraphEmbrace","TheAbacus","Du-Vu Doll","Astrolabe","Nloth\u0027s Gift","AT_Kusabimaru","ClockworkSouvenir","War Paint","Blood Vial","Eternal Feather","AT_MibuBalloonWealth","AT_RedNoBalance","Coffee Dripper","Singing Bowl","Orichalcum","AT_RabadonDeathcap","Bottled Lightning","Oddly Smooth Stone","Chemical X","Pen Nib","AT_RedTearstoneRing","Lantern","Frozen Eye","Art of War"],"acts_visited":["Exordium","TheCity","TheBeyond","TheEnding"],"potions_floor_usage":[55,55],"damage_taken":[{"damage":3.0,"enemies":"2 Louse","floor":1.0,"turns":3.0},{"damage":4.0,"enemies":"Jaw Worm","floor":5.0,"turns":2.0},{"damage":12.0,"enemies":"Gremlin Nob","floor":7.0,"turns":3.0},{"damage":15.0,"enemies":"Lagavulin","floor":10.0,"turns":3.0},{"damage":0.0,"enemies":"Gremlin Nob","floor":13.0,"turns":2.0},{"damage":15.0,"enemies":"Slime Boss","floor":16.0,"turns":3.0},{"damage":0.0,"enemies":"Spheric Guardian","floor":18.0,"turns":1.0},{"damage":0.0,"enemies":"Shell Parasite","floor":19.0,"turns":1.0},{"damage":0.0,"enemies":"Slavers","floor":24.0,"turns":1.0},{"damage":0.0,"enemies":"Cultist and Chosen","floor":25.0,"turns":2.0},{"damage":0.0,"enemies":"Shelled Parasite and Fungi","floor":28.0,"turns":1.0},{"damage":0.0,"enemies":"Gremlin Leader","floor":29.0,"turns":1.0},{"damage":0.0,"enemies":"Slavers","floor":31.0,"turns":1.0},{"damage":0.0,"enemies":"Automaton","floor":33.0,"turns":1.0},{"damage":3.0,"enemies":"3 Shapes","floor":35.0,"turns":1.0},{"damage":0.0,"enemies":"3 Darklings","floor":37.0,"turns":1.0},{"damage":0.0,"enemies":"Giant Head","floor":41.0,"turns":1.0},{"damage":0.0,"enemies":"Transient","floor":42.0,"turns":2.0},{"damage":0.0,"enemies":"Sphere and 2 Shapes","floor":44.0,"turns":1.0},{"damage":0.0,"enemies":"Reptomancer","floor":45.0,"turns":1.0},{"damage":0.0,"enemies":"Jaw Worm Horde","floor":46.0,"turns":1.0},{"damage":0.0,"enemies":"Maw","floor":48.0,"turns":1.0},{"damage":0.0,"enemies":"Awakened One","floor":50.0,"turns":2.0},{"damage":0.0,"enemies":"Shield and Spear","floor":54.0,"turns":1.0},{"damage":15,"enemies":"The Heart","floor":55,"turns":3}],"seed_played":"-5267174212108121488","potions_obtained":[{"floor":7.0,"key":"FairyPotion"},{"floor":10.0,"key":"Energy Potion"},{"floor":18.0,"key":"DuplicationPotion"},{"floor":28.0,"key":"FearPotion"}],"is_trial":false,"path_per_floor":["M","?","$","?","M","R","E","$","T","E","$","$","E","T","R","B",null,"M","M","?","?","$","R","E","M","T","R","M","E","R","E","R","B",null,"M","?","M","?","$","R","E","M","T","M","E","M","$","M","R","B",null,"R","$","E","B",null],"character_chosen":"THE_SILENT","items_purchased":["AT_EbonyIvory","Shuriken","TwistedFunnel","Fruit Juice","Enlightenment","AT_LudenTempest","Bronze Scales","AT_KneejerkReflex","Lee\u0027s Waffle","Potion Belt","AT_BladeRuinedKing","Toolbox","AT_SunfireAegis","AT_ArchangelStaff","TheAbacus","AT_Kusabimaru","ClockworkSouvenir","Deep Breath","Tactician","War Paint","Singing Bowl","Orichalcum","Chemical X","Pen Nib","AT_RedTearstoneRing","Lantern","Frozen Eye"],"campfire_rested":0,"item_purchase_floors":[3,3,3,3,3,8,8,8,8,11,11,11,12,12,12,22,22,22,22,22,39,39,47,47,53,53,53],"current_hp_per_floor":[56,56,56,61,57,57,45,73,73,58,58,58,58,58,58,43,66,66,66,66,66,66,66,66,68,68,73,73,73,73,73,73,38,64,35,35,37,37,37,49,53,57,57,61,65,69,69,73,82,84,85,85,85,87,72],"gold":485,"neow_bonus":"THREE_RARE_CARDS","is_daily":false,"chose_seed":false,"campfire_upgraded":8,"win_rate":0.0,"timestamp":1612061707,"path_taken":["M","?","$","?","M","R","E","?","T","E","?","$","E","?","R","BOSS","M","?","?","?","$","R","E","M","T","R","?","E","R","E","R","BOSS","M","?","M","?","$","R","E","M","T","M","E","?","$","M","R","BOSS","R","$","E","BOSS"],"items_purchased_type":["Relic","Relic","Relic","Potion","Card","Relic","Relic","Card","Relic","Relic","Relic","Relic","Relic","Relic","Relic","Relic","Relic","Card","Card","Relic","Relic","Relic","Relic","Relic","Relic","Relic","Relic"],"build_version":"2020-12-22","purchased_purges":7,"victory":true,"max_hp_per_floor":[66,61,61,66,66,66,66,73,73,73,73,73,73,73,73,73,73,73,73,73,73,73,73,73,73,73,73,73,73,73,73,73,73,73,73,73,73,73,73,73,75,77,77,79,81,83,83,85,85,85,85,85,85,87,87],"card_choices":[{"not_picked":["Glass Knife","Burst"],"picked":"Phantasmal Killer","floor":0.0},{"not_picked":["Dodge and Roll","Cloak And Dagger"],"picked":"Blade Dance","floor":1.0},{"not_picked":["Slice","Cloak And Dagger","Underhanded Strike"],"picked":"SKIP","floor":5.0},{"not_picked":["Terror","Setup"],"picked":"AT_ShadowStep","floor":7.0},{"not_picked":["AT_Desolate","Riddle With Holes"],"picked":"Concentrate","floor":10.0},{"not_picked":["Dagger Throw","Poisoned Stab","Blur"],"picked":"SKIP","floor":13.0},{"not_picked":["Malaise","Tools of the Trade"],"picked":"AT_KingSlayer","floor":16.0},{"not_picked":["Escape Plan","Bane+1"],"picked":"Backflip","floor":18.0},{"not_picked":["Bouncing Flask","Finisher","Noxious Fumes"],"picked":"SKIP","floor":19.0},{"not_picked":["Masterful Stab","Flechettes","Blur"],"picked":"SKIP","floor":24.0},{"not_picked":["Acrobatics","A Thousand Cuts","Backstab"],"picked":"SKIP","floor":25.0},{"not_picked":["Outmaneuver+1","Dash"],"picked":"Bullet Time","floor":28.0},{"not_picked":["Blade Dance+1","Outmaneuver"],"picked":"Adrenaline","floor":29.0},{"not_picked":["Endless Agony","Dodge and Roll"],"picked":"Backflip+1","floor":31.0},{"not_picked":["Tools of the Trade","Night Terror"],"picked":"Burst","floor":33.0},{"not_picked":["Deflect","Underhanded Strike","Bullet Time"],"picked":"SKIP","floor":35.0},{"not_picked":["Infinite Blades","Prepared","Unload"],"picked":"SKIP","floor":37.0},{"not_picked":["Bullet Time","Storm of Steel","Sucker Punch"],"picked":"Singing Bowl","floor":41.0},{"not_picked":["Cloak And Dagger","Sucker Punch+1","Backflip"],"picked":"Singing Bowl","floor":42.0},{"not_picked":["AT_WindRun","Dash","Deadly Poison"],"picked":"Singing Bowl","floor":44.0},{"not_picked":["Quick Slash","AT_WindFlip","Masterful Stab"],"picked":"Singing Bowl","floor":45.0},{"not_picked":["Catalyst","PiercingWail","AT_MyraUnstableElement"],"picked":"Singing Bowl","floor":46.0},{"not_picked":["Blade Dance","Poisoned Stab","Dagger Spray"],"picked":"Singing Bowl","floor":48.0},{"not_picked":["Skewer","Phantasmal Killer","Cloak And Dagger"],"picked":"Singing Bowl","floor":54.0}],"player_experience":617426,"relics_obtained":[{"floor":7.0,"key":"Ninja Scroll"},{"floor":10.0,"key":"Ancient Tea Set"},{"floor":13.0,"key":"Du-Vu Doll"},{"floor":14.0,"key":"Akabeko"},{"floor":24.0,"key":"Blood Vial"},{"floor":26.0,"key":"Eternal Feather"},{"floor":29.0,"key":"AT_MibuBalloonWealth"},{"floor":31.0,"key":"AT_SilverBalance"},{"floor":41.0,"key":"AT_RabadonDeathcap"},{"floor":43.0,"key":"Bottled Lightning"},{"floor":45.0,"key":"Oddly Smooth Stone"},{"floor":54.0,"key":"Art of War"}],"event_choices":[{"damage_healed":0.0,"max_hp_gain":0.0,"max_hp_loss":5.0,"gold_gain":0.0,"event_name":"Golden Idol","player_choice":"Lose Max HP","floor":2.0,"gold_loss":0.0,"damage_taken":0.0,"relics_obtained":["Golden Idol"]},{"cards_removed":["Strike_G"],"damage_healed":0.0,"max_hp_gain":0.0,"max_hp_loss":0.0,"gold_gain":0.0,"event_name":"The Cleric","player_choice":"Card Removal","floor":4.0,"gold_loss":50.0,"damage_taken":0.0},{"damage_healed":0.0,"max_hp_gain":0.0,"max_hp_loss":0.0,"gold_gain":0.0,"event_name":"The Library","player_choice":"Read","floor":20.0,"gold_loss":0.0,"damage_taken":0.0,"cards_obtained":["Acrobatics"]},{"damage_healed":0.0,"max_hp_gain":0.0,"max_hp_loss":0.0,"gold_gain":0.0,"event_name":"N\u0027loth","player_choice":"Traded Relic","floor":21.0,"relics_lost":["Akabeko"],"gold_loss":0.0,"damage_taken":0.0,"relics_obtained":["Nloth\u0027s Gift"]},{"cards_removed":["Quick Slash"],"damage_healed":0.0,"max_hp_gain":0.0,"max_hp_loss":0.0,"gold_gain":0.0,"event_name":"Falling","player_choice":"Removed Attack","floor":36.0,"gold_loss":0.0,"damage_taken":0.0},{"cards_removed":["AT_KneejerkReflex"],"damage_healed":0.0,"max_hp_gain":0.0,"max_hp_loss":0.0,"gold_gain":0.0,"event_name":"Wheel of Change","player_choice":"Card Removal","floor":38.0,"gold_loss":0.0,"damage_taken":0.0}],"is_beta":false,"boss_relics":[{"not_picked":["Fusion Hammer","Calling Bell"],"picked":"Astrolabe"},{"not_picked":["Velvet Choker","HoveringKite"],"picked":"Coffee Dripper"}],"items_purged_floors":[3,8,11,12,22,39,47],"is_endless":false,"potions_floor_spawned":[7,10,18,28,31,41,42,46,48],"ascension_level":14}}