{"host":"zsnmfqgcm92hlreo","time":1612129840,"event":{"mods":["AchievementEnabler","Act Like it!","BaseMod","Beaked The Cultist","Bestiary","Block Reminder","Colored Map","Colored Powertips","Downfall","Gensokyo","Gremlin Mod","Hermit","Jorbs\u0027s Wanderer Trilogy","Koishi","Marisa????????","Minty Spire (QoL Compilation)","Permanent Neow","Quick Restart","Relic Stats","StSLib","The Animator","The Cursed","The Forsaken","The Hierophant","The Judge","The Jungle","The Necromancer","The Senshi","The Servant 0.9.4","Weighted Paths"],"gold_per_floor":[114,132,147,167,235,266,266,266,311,13,113,93,93,93],"floor_reached":13,"language":"ENG","playtime":649,"items_purged":[],"score":83,"play_id":"0855cb64-5cfb-480e-aaa4-bfc958fafe2e","local_time":"20210131155040","is_ascension_mode":false,"campfire_choices":[{"floor":7,"key":"REST"}],"circlet_count":0,"master_deck":["Koishi:BasicStrike","Koishi:BasicStrike","Koishi:BasicStrike","Koishi:BasicDefend","Koishi:BasicDefend","Koishi:BasicDefend","Koishi:Provoke","Koishi:HauntingSlash","Koishi:ImGoingToCallYouNow","Koishi:StrangeCloudFist","Koishi:SubconsciousSweep","Koishi:Vanish","Koishi:EmbryosDream","Koishi:EmbersOfLove","Koishi:PerfectMindControl","theForsaken:PlagueCurse","Koishi:BramblyRoseGarden","stsjorbsmod:Amnesia","Koishi:FadingMemory","Decay"],"relics":["Koishi:ImaginaryFriend","Gremlin Horn","theForsaken:PlagueMask","Oddly Smooth Stone","Membership Card","Kunai","downfall:ExtraCursedKey"],"acts_visited":["Exordium"],"potions_floor_usage":[],"damage_taken":[{"damage":3,"enemies":"Jaw Worm","floor":1,"turns":5},{"damage":2,"enemies":"2 Louse","floor":2,"turns":2},{"damage":2,"enemies":"Small Slimes","floor":3,"turns":3},{"damage":7,"enemies":"Exordium Thugs","floor":4,"turns":4},{"damage":28,"enemies":"Gremlin Nob","floor":6,"turns":5},{"damage":16,"enemies":"3 Sentries","floor":13,"turns":4}],"seed_played":"435609574320758636","potions_obtained":[{"floor":2,"key":"Weak Potion"},{"floor":4,"key":"SteroidPotion"},{"floor":12,"key":"BlessingOfTheForge"}],"is_trial":false,"path_per_floor":["M","M","M","M","?","E","R","?","T","$","?","?","E"],"character_chosen":"KOISHI","items_purchased":["Membership Card","Koishi:BramblyRoseGarden","Kunai"],"campfire_rested":1,"item_purchase_floors":[10,10,10],"current_hp_per_floor":[48,46,47,44,44,20,38,38,38,38,38,38,23,23],"gold":93,"neow_bonus":"TRANSFORM_TWO_CARDS","is_daily":false,"chose_seed":false,"campfire_upgraded":0,"win_rate":0.0,"timestamp":1612129840,"path_taken":["M","M","M","M","?","E","R","?","T","$","?","?","E"],"items_purchased_type":["Relic","Card","Relic"],"build_version":"2020-12-22","purchased_purges":0,"victory":false,"max_hp_per_floor":[60,60,60,60,60,60,60,60,60,60,60,60,60,60],"relic_stats":{"Gremlin Horn":[1,1],"counters":[6,23],"Kunai":[0],"obtain_stats":[{"Gremlin Horn":6,"Oddly Smooth Stone":9,"downfall:ExtraCursedKey":11,"Membership Card":10,"Kunai":10,"theForsaken:PlagueMask":8,"Koishi:ImaginaryFriend":0},{"Gremlin Horn":5,"Oddly Smooth Stone":5,"downfall:ExtraCursedKey":5,"Membership Card":5,"Kunai":5,"theForsaken:PlagueMask":5,"Koishi:ImaginaryFriend":0},{"Gremlin Horn":19,"Oddly Smooth Stone":19,"downfall:ExtraCursedKey":19,"Membership Card":19,"Kunai":19,"theForsaken:PlagueMask":19,"Koishi:ImaginaryFriend":0}]},"card_choices":[{"not_picked":["Koishi:RacingHeart","Koishi:MindNumbingTerror"],"picked":"Koishi:SubconsciousSweep","floor":1},{"not_picked":["Koishi:Jaunt","Koishi:FreudianInstinct"],"picked":"Koishi:Vanish","floor":2},{"not_picked":["Koishi:FreudianInstinct","Koishi:TremblingHands"],"picked":"Koishi:EmbryosDream","floor":3},{"not_picked":["Koishi:GhostParty","Koishi:StrangeCloudFist"],"picked":"Koishi:EmbersOfLove","floor":4},{"not_picked":["Koishi:MassHysteria","Koishi:EmbryosDream"],"picked":"Koishi:PerfectMindControl","floor":6}],"player_experience":976886,"relics_obtained":[{"floor":6,"key":"Gremlin Horn"},{"floor":9,"key":"Oddly Smooth Stone"}],"event_choices":[{"damage_healed":0,"gold_gain":68,"player_choice":"Gained Gold","damage_taken":0,"max_hp_gain":0,"max_hp_loss":0,"event_name":"Golden Wing","floor":5,"gold_loss":0},{"damage_healed":0,"gold_gain":0,"player_choice":"Obtain Plague Curse","damage_taken":0,"max_hp_gain":0,"max_hp_loss":0,"event_name":"Plague Doctor","floor":8,"gold_loss":0,"cards_obtained":["theForsaken:PlagueCurse"]},{"damage_healed":0,"gold_gain":0,"player_choice":"Bought 1 Potion","damage_taken":0,"max_hp_gain":0,"max_hp_loss":0,"event_name":"The Woman in Blue","floor":12,"gold_loss":0}],"is_beta":false,"boss_relics":[],"items_purged_floors":[],"is_endless":false,"potions_floor_spawned":[2,4],"killed_by":"3 Sentries","ascension_level":0}}