{"host":"d9m9v0h6vo0edadb","time":1612081104,"event":{"mods":["BaseMod","Hermit","Keyboard Shortcuts","Minty Spire (QoL Compilation)","StSLib","SuperFastMode","The Cursed"],"gold_per_floor":[111,111,186,18,18,46,46,75,75,92,119,68,83,112,112,189,189,209,239,264,264,284,284,284,295,330,377,302,352,171,171,171],"floor_reached":31,"language":"KOR","playtime":398,"items_purged":["Strike_B","Strike_B"],"score":654,"play_id":"3ec198e0-ce59-456e-b6d9-b7474e3d575f","local_time":"20210131171824","is_ascension_mode":true,"campfire_choices":[{"data":"Sunder","floor":7.0,"key":"SMITH"},{"data":"Dualcast","floor":15.0,"key":"SMITH"},{"data":"Coolheaded","floor":23.0,"key":"SMITH"},{"data":"Electrodynamics","floor":24.0,"key":"SMITH"}],"circlet_count":0,"master_deck":["AscendersBane","Defend_B","Defend_B","Defend_B","Defend_B","Zap","Dualcast+1","Sunder+1","BootSequence","Electrodynamics+1","Compile Driver","Capacitor","Coolheaded+1","Tempest","Reboot","Turbo","Sweeping Beam","Glacier"],"relics":["Cracked Core","NeowsBlessing","DataDisk","Boot","Ginger","Gremlin Horn","Juzu Bracelet","Pen Nib","Philosopher\u0027s Stone","Red Mask","Anchor","Art of War","Regal Pillow"],"acts_visited":["Exordium","TheCity"],"potions_floor_usage":[],"damage_taken":[{"damage":0.0,"enemies":"Jaw Worm","floor":1.0,"turns":1.0},{"damage":0.0,"enemies":"Gremlin Nob","floor":6.0,"turns":1.0},{"damage":0.0,"enemies":"3 Sentries","floor":8.0,"turns":1.0},{"damage":0.0,"enemies":"2 Louse","floor":10.0,"turns":2.0},{"damage":8.0,"enemies":"Gremlin Nob","floor":11.0,"turns":3.0},{"damage":1.0,"enemies":"Cultist","floor":13.0,"turns":3.0},{"damage":10.0,"enemies":"3 Sentries","floor":14.0,"turns":3.0},{"damage":10.0,"enemies":"The Guardian","floor":16.0,"turns":9.0},{"damage":0.0,"enemies":"Chosen","floor":18.0,"turns":3.0},{"damage":17.0,"enemies":"Masked Bandits","floor":19.0,"turns":3.0},{"damage":0.0,"enemies":"3 Byrds","floor":22.0,"turns":3.0},{"damage":0.0,"enemies":"3 Cultists","floor":25.0,"turns":3.0},{"damage":28.0,"enemies":"Gremlin Leader","floor":26.0,"turns":4.0},{"damage":18,"enemies":"Book of Stabbing","floor":31,"turns":5}],"seed_played":"7664150934941889455","potions_obtained":[{"floor":6.0,"key":"Energy Potion"},{"floor":10.0,"key":"Fire Potion"},{"floor":13.0,"key":"EssenceOfSteel"},{"floor":16.0,"key":"Swift Potion"},{"floor":19.0,"key":"DuplicationPotion"}],"is_trial":false,"path_per_floor":["M","?","?","$","?","E","R","E","T","M","E","$","M","E","R","B",null,"M","?","T","?","M","R","R","M","E","T","$","?","$","E"],"character_chosen":"DEFECT","items_purchased":["DataDisk","Coolheaded","Glacier"],"campfire_rested":0,"item_purchase_floors":[4,12,30],"current_hp_per_floor":[64,57,46,46,51,51,51,51,51,51,43,43,42,32,32,22,63,63,46,46,46,46,46,46,46,18,18,18,18,18,0,0],"gold":171,"neow_bonus":"THREE_ENEMY_KILL","is_daily":false,"chose_seed":false,"campfire_upgraded":4,"win_rate":0.0,"timestamp":1612081104,"path_taken":["M","?","?","$","?","E","R","E","T","?","E","?","M","E","R","BOSS","M","?","?","?","M","R","R","M","E","T","?","?","$","E"],"items_purchased_type":["Relic","Card","Card"],"build_version":"2020-12-22","purchased_purges":2,"victory":false,"max_hp_per_floor":[71,71,71,71,76,76,76,76,76,76,76,76,76,76,76,76,76,76,76,76,76,76,76,76,76,76,76,76,76,76,76,76],"card_choices":[{"not_picked":["Beam Cell","Streamline"],"picked":"Sunder","floor":1.0},{"not_picked":["Chill","Auto Shields"],"picked":"BootSequence","floor":6.0},{"not_picked":["Cold Snap","All For One"],"picked":"Electrodynamics","floor":8.0},{"not_picked":["Barrage","Blizzard"],"picked":"Compile Driver","floor":10.0},{"not_picked":["Steam","Barrage"],"picked":"Capacitor","floor":11.0},{"not_picked":["Steam Power","Go for the Eyes"],"picked":"Tempest","floor":13.0},{"not_picked":["Reinforced Body","Creative AI","Auto Shields"],"picked":"SKIP","floor":14.0},{"not_picked":["Machine Learning","Fission"],"picked":"Reboot","floor":16.0},{"not_picked":["Rip and Tear","Rebound"],"picked":"Turbo","floor":18.0},{"not_picked":["Hologram","Rip and Tear","Leap"],"picked":"SKIP","floor":22.0},{"not_picked":["Leap","Coolheaded","Sweeping Beam"],"picked":"SKIP","floor":25.0},{"not_picked":["Leap","Coolheaded"],"picked":"Sweeping Beam","floor":25.0},{"not_picked":["Barrage+1","Sunder","BootSequence"],"picked":"SKIP","floor":26.0}],"player_experience":1000849,"relics_obtained":[{"floor":6.0,"key":"Boot"},{"floor":8.0,"key":"Ginger"},{"floor":9.0,"key":"Gremlin Horn"},{"floor":11.0,"key":"Juzu Bracelet"},{"floor":14.0,"key":"Pen Nib"},{"floor":19.0,"key":"Red Mask"},{"floor":20.0,"key":"Anchor"},{"floor":26.0,"key":"Art of War"},{"floor":27.0,"key":"Regal Pillow"}],"event_choices":[{"cards_removed":["Strike_B"],"damage_healed":0.0,"max_hp_gain":0.0,"max_hp_loss":0.0,"gold_gain":0.0,"event_name":"Golden Wing","player_choice":"Card Removal","floor":2.0,"gold_loss":0.0,"damage_taken":7.0},{"damage_healed":0.0,"max_hp_gain":0.0,"max_hp_loss":0.0,"gold_gain":75.0,"event_name":"World of Goop","player_choice":"Gather Gold","floor":3.0,"gold_loss":0.0,"damage_taken":11.0},{"damage_healed":0.0,"max_hp_gain":5.0,"max_hp_loss":0.0,"gold_gain":0.0,"event_name":"Big Fish","player_choice":"Donut","floor":5.0,"gold_loss":0.0,"damage_taken":0.0},{"damage_healed":0.0,"max_hp_gain":0.0,"max_hp_loss":0.0,"gold_gain":0.0,"event_name":"Masked Bandits","player_choice":"Fought Bandits","floor":19.0,"gold_loss":0.0,"damage_taken":0.0},{"cards_removed":["Strike_B"],"damage_healed":0.0,"max_hp_gain":0.0,"max_hp_loss":0.0,"gold_gain":0.0,"event_name":"Bonfire Elementals","player_choice":"Offered Basic","floor":21.0,"gold_loss":0.0,"damage_taken":0.0},{"damage_healed":0.0,"max_hp_gain":0.0,"max_hp_loss":0.0,"gold_gain":50.0,"event_name":"Nest","player_choice":"Stole From Cult","floor":29.0,"gold_loss":0.0,"damage_taken":0.0}],"is_beta":false,"boss_relics":[{"not_picked":["Tiny House","Black Star"],"picked":"Philosopher\u0027s Stone"}],"items_purged_floors":[28,30],"is_endless":false,"potions_floor_spawned":[6,10,13,16,19],"killed_by":"Book of Stabbing","ascension_level":20}}