{"host":"c6u7e77myxvw4d0m","time":1612098532,"event":{"mods":["AchievementEnabler","BaseMod","Bestiary","Colored Map","Colored Powertips","Minty Spire (QoL Compilation)","Rare Cards Sparkle","Relic Stats","everything is the same but u backflip on backflip"],"gold_per_floor":[112,128,128,154,173,203,203,231,285,310,324,2,13,24,24,98,98,112,112,112,126,126,161,180,180,180],"floor_reached":25,"language":"ENG","playtime":2655,"items_purged":["Strike_R"],"score":450,"play_id":"3ca49b70-81e3-451a-9ba0-48d171ae7749","local_time":"20210131150852","is_ascension_mode":true,"campfire_choices":[{"data":"Carnage","floor":7,"key":"SMITH"},{"data":"Armaments","floor":15,"key":"SMITH"}],"circlet_count":0,"master_deck":["AscendersBane","Strike_R","Strike_R","Strike_R","Strike_R","Defend_R","Defend_R","Defend_R","Defend_R","Bash+1","Clothesline","Iron Wave","Cleave","Carnage+1","Rage","Flame Barrier","Combust","Clash","Armaments+1","Entrench","Uppercut","Barricade","Feel No Pain","Shrug It Off","Headbutt","Flame Barrier"],"relics":["Burning Blood","Akabeko","Mango","Darkstone Periapt","Anchor","The Courier","Medical Kit","Snecko Eye","Letter Opener"],"acts_visited":["Exordium","TheCity"],"potions_floor_usage":[6,18,22,23,23],"damage_taken":[{"damage":5,"enemies":"Small Slimes","floor":1,"turns":3},{"damage":4,"enemies":"Jaw Worm","floor":2,"turns":3},{"damage":0,"enemies":"2 Louse","floor":5,"turns":2},{"damage":16,"enemies":"Gremlin Nob","floor":6,"turns":5},{"damage":15,"enemies":"3 Sentries","floor":8,"turns":5},{"damage":19,"enemies":"Lagavulin","floor":10,"turns":7},{"damage":14,"enemies":"Gremlin Gang","floor":11,"turns":4},{"damage":0,"enemies":"3 Louse","floor":13,"turns":1},{"damage":0,"enemies":"Red Slaver","floor":14,"turns":2},{"damage":40,"enemies":"Slime Boss","floor":16,"turns":7},{"damage":7,"enemies":"2 Thieves","floor":18,"turns":4},{"damage":0,"enemies":"Chosen","floor":21,"turns":2},{"damage":35,"enemies":"Book of Stabbing","floor":23,"turns":8},{"damage":0,"enemies":"Snake Plant","floor":24,"turns":3},{"damage":68,"enemies":"Gremlin Leader","floor":25,"turns":7}],"seed_played":"-3245964566331313319","potions_obtained":[{"floor":5,"key":"Block Potion"},{"floor":10,"key":"EssenceOfSteel"},{"floor":16,"key":"Block Potion"},{"floor":21,"key":"BloodPotion"},{"floor":22,"key":"HeartOfIron"},{"floor":22,"key":"ElixirPotion"}],"is_trial":false,"path_per_floor":["M","M","?","T","M","E","R","E","T","E","M","$","M","M","R","B",null,"M","?","?","M","?","E","M","E"],"character_chosen":"IRONCLAD","items_purchased":["Medical Kit","Clash","Armaments","Entrench"],"campfire_rested":0,"item_purchase_floors":[12,12,12,12],"current_hp_per_floor":[69,71,71,71,75,79,79,70,70,57,49,49,55,61,61,27,74,73,73,73,79,89,60,66,0,0],"gold":180,"neow_bonus":"UPGRADE_CARD","is_daily":false,"chose_seed":false,"campfire_upgraded":2,"win_rate":0.0,"timestamp":1612098532,"path_taken":["M","M","?","?","M","E","R","E","T","E","M","$","M","M","R","BOSS","M","?","?","M","?","E","M","E"],"items_purchased_type":["Relic","Card","Card","Card"],"build_version":"2020-12-22","purchased_purges":1,"victory":false,"max_hp_per_floor":[75,75,75,75,75,89,89,89,89,89,89,89,89,89,89,89,89,89,89,89,89,89,89,89,89,89],"relic_stats":{"Darkstone Periapt":0,"counters":[15,63],"Snecko Eye":[42,31,46,43],"Letter Opener":[15],"Medical Kit":[3],"obtain_stats":[{"Darkstone Periapt":8,"Anchor":9,"Snecko Eye":17,"Mango":6,"The Courier":10,"Letter Opener":23,"Medical Kit":12,"Burning Blood":0,"Akabeko":4},{"Darkstone Periapt":5,"Anchor":5,"Snecko Eye":10,"Mango":4,"The Courier":6,"Letter Opener":13,"Medical Kit":7,"Burning Blood":0,"Akabeko":2},{"Darkstone Periapt":18,"Anchor":18,"Snecko Eye":39,"Mango":13,"The Courier":25,"Letter Opener":53,"Medical Kit":29,"Burning Blood":0,"Akabeko":6}],"Burning Blood":82},"card_choices":[{"not_picked":["Metallicize","Shrug It Off"],"picked":"Clothesline","floor":1},{"not_picked":["Fire Breathing","Spot Weakness"],"picked":"Iron Wave","floor":2},{"not_picked":["Thunderclap","Disarm"],"picked":"Cleave","floor":5},{"not_picked":["Body Slam","Power Through"],"picked":"Carnage","floor":6},{"not_picked":["Power Through","Perfected Strike"],"picked":"Rage","floor":8},{"not_picked":["Shrug It Off","Seeing Red"],"picked":"Flame Barrier","floor":10},{"not_picked":["Entrench","True Grit"],"picked":"Combust","floor":11},{"not_picked":["Combust","Pommel Strike","Anger"],"picked":"SKIP","floor":13},{"not_picked":["Warcry","Sword Boomerang"],"picked":"Uppercut","floor":14},{"not_picked":["Fiend Fire","Juggernaut"],"picked":"Barricade","floor":16},{"not_picked":["Perfected Strike","Havoc+1"],"picked":"Feel No Pain","floor":18},{"not_picked":["Reckless Charge","Cleave"],"picked":"Shrug It Off","floor":21},{"not_picked":["Sword Boomerang","Pommel Strike"],"picked":"Headbutt","floor":23},{"not_picked":["Blood for Blood","Dual Wield"],"picked":"Flame Barrier","floor":24}],"player_experience":573399,"relics_obtained":[{"floor":4,"key":"Akabeko"},{"floor":6,"key":"Mango"},{"floor":8,"key":"Darkstone Periapt"},{"floor":9,"key":"Anchor"},{"floor":10,"key":"The Courier"},{"floor":23,"key":"Letter Opener"}],"event_choices":[{"damage_healed":0,"gold_gain":0,"player_choice":"Ignored","damage_taken":0,"max_hp_gain":0,"max_hp_loss":0,"event_name":"Liars Game","floor":3,"gold_loss":0},{"damage_healed":0,"gold_gain":0,"player_choice":"Ignored","damage_taken":0,"max_hp_gain":0,"max_hp_loss":0,"event_name":"Ghosts","floor":19,"gold_loss":0},{"damage_healed":0,"gold_gain":0,"player_choice":"Ignored","damage_taken":0,"max_hp_gain":0,"max_hp_loss":0,"event_name":"The Mausoleum","floor":20,"gold_loss":0},{"damage_healed":0,"gold_gain":0,"player_choice":"Got Potions","damage_taken":0,"max_hp_gain":0,"max_hp_loss":0,"event_name":"Lab","floor":22,"gold_loss":0}],"is_beta":false,"boss_relics":[{"not_picked":["Pandora\u0027s Box","SlaversCollar"],"picked":"Snecko Eye"}],"items_purged_floors":[12],"is_endless":false,"potions_floor_spawned":[5,10,16,21],"killed_by":"Gremlin Leader","ascension_level":17}}