{"host":"c6u7e77myxvw4d0m","time":1612085997,"event":{"mods":["AchievementEnabler","BaseMod","Bestiary","Colored Map","Colored Powertips","Minty Spire (QoL Compilation)","Rare Cards Sparkle","Relic Stats","everything is the same but u backflip on backflip"],"gold_per_floor":[112,187,187,204,354,354,366,366,366,366,383,383,395,0,0,72,72,86,86,86,86,102,102,102],"floor_reached":23,"language":"ENG","playtime":1653,"items_purged":["Regret"],"score":331,"play_id":"ce994d7f-2111-4883-b114-f8043c9958b0","local_time":"20210131113957","is_ascension_mode":true,"campfire_choices":[{"floor":6,"key":"REST"},{"data":"Perfected Strike","floor":8,"key":"SMITH"},{"data":"Perfected Strike","floor":10,"key":"SMITH"},{"data":"Pommel Strike","floor":12,"key":"SMITH"},{"floor":15,"key":"REST"}],"circlet_count":0,"master_deck":["AscendersBane","Strike_R","Strike_R","Strike_R","Strike_R","Strike_R","Defend_R","Defend_R","Defend_R","Defend_R+1","Bash+1","Perfected Strike+1","Spot Weakness","Doubt","Perfected Strike+1","Pommel Strike+1","Flame Barrier","Feel No Pain","Demon Form","Twin Strike","Writhe"],"relics":["Burning Blood","Ginger","Centennial Puzzle","Ornamental Fan","Philosopher\u0027s Stone","HornCleat","MutagenicStrength"],"acts_visited":["Exordium","TheCity"],"potions_floor_usage":[13,23],"damage_taken":[{"damage":10,"enemies":"Small Slimes","floor":1,"turns":3},{"damage":27,"enemies":"Jaw Worm","floor":4,"turns":4},{"damage":0,"enemies":"2 Louse","floor":7,"turns":3},{"damage":21,"enemies":"Exordium Wildlife","floor":11,"turns":5},{"damage":12,"enemies":"Large Slime","floor":13,"turns":3},{"damage":36,"enemies":"The Guardian","floor":16,"turns":13},{"damage":27,"enemies":"Shell Parasite","floor":18,"turns":5},{"damage":15,"enemies":"Chosen","floor":22,"turns":4},{"damage":57,"enemies":"Gremlin Leader","floor":23,"turns":4}],"seed_played":"-8878395360736880947","potions_obtained":[{"floor":1,"key":"GamblersBrew"},{"floor":18,"key":"Fruit Juice"}],"is_trial":false,"path_per_floor":["M","?","?","M","?","R","M","R","T","R","M","R","M","$","R","B",null,"M","?","?","?","M","E"],"character_chosen":"IRONCLAD","items_purchased":["Feel No Pain","Ornamental Fan"],"campfire_rested":2,"item_purchase_floors":[14,14],"current_hp_per_floor":[64,53,30,9,9,31,37,37,37,37,22,22,16,16,38,8,58,37,37,37,52,43,0,0],"gold":102,"neow_bonus":"ONE_RARE_RELIC","is_daily":false,"chose_seed":false,"campfire_upgraded":3,"win_rate":0.0,"timestamp":1612085997,"path_taken":["M","?","?","M","?","R","M","R","T","R","M","R","?","$","R","BOSS","M","?","?","?","M","E"],"items_purchased_type":["Card","Relic"],"build_version":"2020-12-22","purchased_purges":1,"victory":false,"max_hp_per_floor":[75,75,75,75,75,75,75,75,75,75,75,75,75,75,75,75,75,75,75,75,75,75,80,80],"relic_stats":{"Centennial Puzzle":[18],"counters":[9,44],"Ornamental Fan":[4],"Ginger":[14],"obtain_stats":[{"Centennial Puzzle":9,"HornCleat":19,"Ornamental Fan":14,"MutagenicStrength":20,"Philosopher\u0027s Stone":17,"Ginger":0,"Burning Blood":0},{"Centennial Puzzle":3,"HornCleat":7,"Ornamental Fan":5,"MutagenicStrength":7,"Philosopher\u0027s Stone":6,"Ginger":0,"Burning Blood":0},{"Centennial Puzzle":10,"HornCleat":36,"Ornamental Fan":18,"MutagenicStrength":36,"Philosopher\u0027s Stone":31,"Ginger":0,"Burning Blood":0}],"Burning Blood":48},"card_choices":[{"not_picked":["True Grit","Dark Embrace"],"picked":"Perfected Strike","floor":1},{"not_picked":["Heavy Blade","Iron Wave"],"picked":"Spot Weakness","floor":4},{"not_picked":["Sword Boomerang","Rage"],"picked":"Perfected Strike","floor":7},{"not_picked":["Perfected Strike","Rage"],"picked":"Pommel Strike","floor":11},{"not_picked":["Body Slam","Entrench"],"picked":"Flame Barrier","floor":13},{"not_picked":["Fiend Fire","Corruption"],"picked":"Demon Form","floor":16},{"not_picked":["Headbutt","Havoc"],"picked":"Twin Strike","floor":18},{"not_picked":["Sever Soul+1","Rupture","Sword Boomerang"],"picked":"SKIP","floor":22}],"player_experience":571207,"relics_obtained":[{"floor":9,"key":"Centennial Puzzle"}],"event_choices":[{"damage_healed":0,"gold_gain":75,"player_choice":"Gather Gold","damage_taken":11,"max_hp_gain":0,"max_hp_loss":0,"event_name":"World of Goop","floor":2,"gold_loss":0},{"damage_healed":0,"gold_gain":0,"player_choice":"Entered Light","damage_taken":23,"max_hp_gain":0,"max_hp_loss":0,"event_name":"Shining Light","floor":3,"gold_loss":0,"cards_upgraded":["Bash","Defend_R"]},{"damage_healed":0,"gold_gain":150,"player_choice":"AGREE","damage_taken":0,"max_hp_gain":0,"max_hp_loss":0,"event_name":"Liars Game","floor":5,"gold_loss":0,"cards_obtained":["Doubt"]},{"damage_healed":0,"gold_gain":0,"player_choice":"Opened","damage_taken":0,"relics_obtained":["HornCleat"],"max_hp_gain":0,"max_hp_loss":0,"event_name":"The Mausoleum","floor":19,"gold_loss":0,"cards_obtained":["Writhe"]},{"damage_healed":0,"gold_gain":0,"player_choice":"Inject Mutagens","damage_taken":0,"relics_obtained":["MutagenicStrength"],"max_hp_gain":0,"max_hp_loss":0,"event_name":"Drug Dealer","floor":20,"gold_loss":0},{"damage_healed":15,"gold_gain":0,"player_choice":"Heal","damage_taken":0,"max_hp_gain":0,"max_hp_loss":0,"event_name":"The Library","floor":21,"gold_loss":0}],"is_beta":false,"boss_relics":[{"not_picked":["SacredBark","Tiny House"],"picked":"Philosopher\u0027s Stone"}],"items_purged_floors":[14],"is_endless":false,"potions_floor_spawned":[1,18],"killed_by":"Gremlin Leader","ascension_level":17}}