{"host":"xkyjkr020mio9edy","time":1612071126,"event":{"mods":["AchievementEnabler","BaseMod","Block Reminder","Clockwork Mod","Colored Map","Colored Powertips","DeckTracker","Downfall","Glutton Mod","Gold Saver","Highlight Path","Hubris","Minty Spire (QoL Compilation)","Permanent Neow","Quick Restart","Rare Cards Sparkle","Replay The Spire","StSLib","The Blue Laboratory","The Bug Knight","The Jungle","The Necromancer","TheHeartMod","Wandering Minibosses"],"gold_per_floor":[321,49504,49518,48491,48505,48505,48505,48505,48505,47720,47735,47735,47810,47830,47830,47927,47927,47884,47834,47834,47205,47215,47215,47215,47215],"floor_reached":24,"language":"ENG","playtime":1467,"items_purged":["HollowMod:BrokenVessel"],"score":259,"play_id":"b26535bb-157b-4f39-9115-e80918f50bbb","local_time":"20210131003206","is_ascension_mode":false,"campfire_choices":[{"floor":6,"key":"RECALL"},{"data":"HollowMod:NewJinnsSoul","floor":8,"key":"SMITH"},{"data":"HollowMod:SlysStrikes","floor":15,"key":"SMITH"},{"floor":23,"key":"REST"}],"circlet_count":0,"master_deck":["HollowMod:NailStrikeStart","HollowMod:NailStrikeStart","HollowMod:NailStrikeStart","HollowMod:NailStrikeStart","HollowMod:QuickDashStart","HollowMod:QuickDashStart","HollowMod:QuickDashStart","HollowMod:QuickDashStart","HollowMod:FocusHealStart","HollowMod:PogoStrike","HollowMod:NewJinnsSoul+1","HollowMod:ZotesMagnificence","HollowMod:FallenFury+1","HollowMod:HuntersJournal","HollowMod:Grubsong","HollowMod:BrokenVessel","HollowMod:AwokenDreamNail+1","Flash of Steel","HollowMod:SoulStrike","HollowMod:VengefulVoid","HollowMod:SlysStrikes+1","HollowMod:SoulSplash","Sadistic Nature","HollowMod:AbyssShriek","HollowMod:GrimmsGift","HollowMod:LordofShades","HollowMod:QuirrelsAssistance","theJungle:PetSnecko","Specialist","HollowMod:NewGlowingWomb","HollowMod:DescendingDark","HollowMod:CycloneSlash"],"relics":["HollowMod:VesselMask","NeowsBlessing","MealTicket","ReplayTheSpireMod:TigerMarble","Guardian:BottledAnomaly","hexamod:CandleOfCauterizing","hubris:FunFungus","Toolbox","Replay:Rubber Ducky","Snack Pack","Black Star","Juzu Bracelet","ReplayTheSpireMod:Lightbulb"],"acts_visited":["Exordium","Exordium"],"potions_floor_usage":[18,24,24],"damage_taken":[{"damage":0,"enemies":"2 Louse","floor":1,"turns":1},{"damage":0,"enemies":"Jaw Worm","floor":3,"turns":1},{"damage":0,"enemies":"Small Slimes","floor":5,"turns":1},{"damage":7,"enemies":"3 Louse","floor":11,"turns":3},{"damage":0,"enemies":"Red Slaver","floor":14,"turns":1},{"damage":22,"enemies":"The Guardian","floor":16,"turns":6},{"damage":40,"enemies":"theJungle:GiantWrat","floor":18,"turns":7},{"damage":51,"enemies":"theJungle:5_Spyders","floor":22,"turns":9},{"damage":37,"enemies":"theJungle:MamaSnecko","floor":24,"turns":4}],"seed_played":"-823710250999733784","potions_obtained":[{"floor":16,"key":"blueLaboratory:Moonshine"},{"floor":18,"key":"Swift Potion"},{"floor":22,"key":"blueLaboratory:ArtificerPotion"}],"is_trial":false,"path_per_floor":["M","$","M","$","M","R","?","R","T","$","M","?","?","M","R","B",null,"M","?","?","$","M","R","E"],"character_chosen":"THE_BUGKNIGHT","items_purchased":["MealTicket","ReplayTheSpireMod:TigerMarble","Guardian:BottledAnomaly","HollowMod:ZotesMagnificence","HollowMod:FallenFury+1","HollowMod:HuntersJournal","HollowMod:Grubsong","hexamod:CandleOfCauterizing","HollowMod:AwokenDreamNail+1","Flash of Steel","HollowMod:BrokenVessel","hubris:FunFungus","Toolbox","HollowMod:SoulStrike","Replay:Rubber Ducky","Snack Pack","HollowMod:SlysStrikes","HollowMod:SoulSplash","Sadistic Nature","Juzu Bracelet","ReplayTheSpireMod:Lightbulb","Specialist","HollowMod:NewGlowingWomb","HollowMod:DescendingDark"],"campfire_rested":1,"item_purchase_floors":[2,2,2,2,2,2,2,4,4,4,4,4,4,4,10,10,10,10,10,21,21,21,21,21],"current_hp_per_floor":[75,75,75,75,75,75,75,75,75,75,68,68,57,63,63,45,75,39,39,39,54,5,27,0,0],"gold":47215,"neow_bonus":"THREE_ENEMY_KILL","is_daily":false,"chose_seed":false,"campfire_upgraded":2,"win_rate":0.0,"timestamp":1612071126,"path_taken":["M","$","M","$","M","R","?","R","T","$","M","?","?","M","R","BOSS","M","?","?","$","M","R","E"],"items_purchased_type":["Relic","Relic","Relic","Card","Card","Card","Card","Relic","Card","Card","Card","Relic","Relic","Card","Relic","Relic","Card","Card","Card","Relic","Relic","Card","Card","Card"],"build_version":"2020-12-22","purchased_purges":1,"victory":false,"max_hp_per_floor":[75,75,75,75,75,75,75,75,75,75,75,75,75,75,75,75,75,75,75,75,75,75,75,75,75],"card_choices":[{"not_picked":["HollowMod:ChannelNail","HollowMod:NewLittleFool"],"picked":"HollowMod:NewJinnsSoul","floor":1},{"not_picked":["HollowMod:AbyssShriek","HollowMod:VengefulSpirit"],"picked":"HollowMod:BrokenVessel","floor":3},{"not_picked":["HollowMod:RecoilStrike","HollowMod:QuirrelsAssistance"],"picked":"HollowMod:VengefulVoid","floor":5},{"not_picked":["HollowMod:TaintedHusks","HollowMod:ChannelNail"],"picked":"HollowMod:AbyssShriek","floor":11},{"not_picked":["HollowMod:NewLittleFool","HollowMod:SiblingsSouls"],"picked":"HollowMod:GrimmsGift","floor":14},{"not_picked":["HollowMod:LifebloodCore","HollowMod:HornetsHelp"],"picked":"HollowMod:LordofShades","floor":16},{"not_picked":["HollowMod:GrimmsGift","HollowMod:GoodIntentions"],"picked":"HollowMod:QuirrelsAssistance","floor":18},{"not_picked":["HollowMod:CornifersMapStart","HollowMod:Grubsong+1"],"picked":"HollowMod:CycloneSlash","floor":22}],"player_experience":147318,"relics_obtained":[],"event_choices":[{"damage_healed":0,"gold_gain":0,"player_choice":"Ignored","damage_taken":0,"max_hp_gain":0,"max_hp_loss":0,"event_name":"Golden Idol","floor":12,"gold_loss":0},{"damage_healed":0,"gold_gain":75,"player_choice":"Gather Gold","damage_taken":11,"max_hp_gain":0,"max_hp_loss":0,"event_name":"World of Goop","floor":13,"gold_loss":0}],"is_beta":false,"boss_relics":[{"not_picked":["Abe\u0027s Treasure","Replay:Ancient Bell"],"picked":"Black Star"}],"items_purged_floors":[21],"is_endless":false,"potions_floor_spawned":[16,18,22],"killed_by":"theJungle:MamaSnecko","ascension_level":0}}