{"host":"7f01flv6y0vhl3vt","time":1612133050,"event":{"mods":["Act Like it!","BaseMod","Downfall","Minty Spire (QoL Compilation)","StSLib"],"gold_per_floor":[99,99,99,99,99,99,148,0,59,75,175,3,15,26,41,146,146,46,57,71,71,71,84,84,84,84,84,84],"floor_reached":26,"language":"ENG","playtime":7309,"items_purged":[],"score":219,"play_id":"f62f00f2-8260-4759-9d4c-e81c26726b9a","local_time":"20210131174410","is_ascension_mode":false,"campfire_choices":[{"floor":1,"key":"RECALL"},{"data":"bronze:Safeguard","floor":6,"key":"SMITH"},{"data":"bronze:ShipIt","floor":18,"key":"SMITH"},{"floor":25,"key":"REST"}],"circlet_count":0,"master_deck":["bronze:Replicate","bronze:Goto","bronze:DarkDash+1","bronze:Safeguard+1","bronze:Safeguard","bronze:WhirlingStrike","bronze:ShipIt+1","bronze:DarkDash","bronze:BitShift","bronze:FineTuning","bronze:BronzeOrb","bronze:SpaghettiCode","bronze:Allocate","bronze:Branch","bronze:Fortify","bronze:ForLoop","bronze:Separator","bronze:Philosophize","bronze:BronzeOrb","bronze:BugBarrage+1","bronze:Deprecate+1","bronze:Repair"],"relics":["bronze:BronzeCore","downfall:HeartsMalice","Lee\u0027s Waffle","MealTicket","Medical Kit","Pandora\u0027s Box","downfall:HeartBlessingBlue","HornCleat"],"acts_visited":["Exordium","TheCity"],"potions_floor_usage":[16,16,16,23,26,26],"damage_taken":[{"damage":0,"enemies":"Small Slimes","floor":2,"turns":1},{"damage":0,"enemies":"2 Louse","floor":3,"turns":1},{"damage":0,"enemies":"downfall:FleeingMerchant","floor":8,"turns":1},{"damage":4,"enemies":"Lagavulin Event","floor":9,"turns":9},{"damage":11,"enemies":"Jaw Worm","floor":10,"turns":4},{"damage":0,"enemies":"downfall:FleeingMerchant","floor":12,"turns":4},{"damage":0,"enemies":"Large Slime","floor":13,"turns":6},{"damage":16,"enemies":"Exordium Thugs","floor":14,"turns":4},{"damage":3,"enemies":"Gremlin Gang","floor":15,"turns":7},{"damage":32,"enemies":"IC_STATUS_ARCHETYPE","floor":16,"turns":11},{"damage":44,"enemies":"Shell Parasite","floor":19,"turns":8},{"damage":3,"enemies":"3 Byrds","floor":20,"turns":6},{"damage":41,"enemies":"3 Cultists","floor":23,"turns":9},{"damage":60,"enemies":"Sentry and Sphere","floor":26,"turns":5}],"seed_played":"-7528392591099443187","potions_obtained":[{"floor":9,"key":"champ:CounterPotion"},{"floor":10,"key":"LiquidBronze"},{"floor":15,"key":"BlessingOfTheForge"},{"floor":16,"key":"bronze:CleanCodePotion"},{"floor":19,"key":"FearPotion"},{"floor":23,"key":"Ancient Potion"}],"is_trial":false,"path_per_floor":["R","M","M","?","?","R","T","$","?","M","?","$","M","M","M","B",null,"R","M","M","?","?","M","T","R","M"],"character_chosen":"THE_AUTOMATON","items_purchased":["Lee\u0027s Waffle","Medical Kit"],"campfire_rested":1,"item_purchase_floors":[8,12],"current_hp_per_floor":[70,70,70,70,70,70,70,77,73,62,62,77,77,61,58,26,77,87,43,40,69,69,28,28,54,0,0,0],"gold":84,"neow_bonus":"THREE_ENEMY_KILL","is_daily":false,"chose_seed":false,"campfire_upgraded":2,"win_rate":0.0,"timestamp":1612133050,"path_taken":["R","M","M","?","?","R","T","$","?","M","?","$","M","?","M","BOSS","R","M","M","?","?","M","T","R","M"],"items_purchased_type":["Relic","Relic"],"build_version":"2020-12-22","purchased_purges":0,"victory":false,"max_hp_per_floor":[70,70,70,70,70,70,70,77,77,77,77,77,77,77,77,77,77,87,87,87,87,87,87,87,87,87,87,87],"card_choices":[{"not_picked":["bronze:Overheat","bronze:Fortify"],"picked":"bronze:DarkDash","floor":2},{"not_picked":["bronze:OilSpill","bronze:Allocate"],"picked":"bronze:Safeguard","floor":3},{"not_picked":["bronze:Shield","bronze:Refactor"],"picked":"bronze:Safeguard","floor":8},{"not_picked":["bronze:FineTuning","bronze:Turbo"],"picked":"bronze:WhirlingStrike","floor":9},{"not_picked":["bronze:ChildClass","bronze:FineTuning"],"picked":"bronze:ShipIt","floor":10},{"not_picked":["bronze:Turbo","bronze:Safeguard"],"picked":"bronze:DarkDash","floor":12},{"not_picked":["bronze:WildBeam","bronze:WhirlingStrike"],"picked":"bronze:BitShift","floor":13},{"not_picked":["bronze:DelayedSlice","bronze:CutThrough"],"picked":"bronze:FineTuning","floor":14},{"not_picked":["bronze:ForceShield","bronze:GetLatest"],"picked":"bronze:BronzeOrb","floor":15},{"not_picked":["bronze:Verify","bronze:Format"],"picked":"bronze:SpaghettiCode","floor":16},{"not_picked":["bronze:WildBeam","bronze:CutThrough"],"picked":"bronze:BugBarrage+1","floor":19},{"not_picked":["bronze:BugBarrage+1","bronze:Frontload"],"picked":"bronze:Deprecate+1","floor":20},{"not_picked":["bronze:Constructor","bronze:WildBeam"],"picked":"bronze:Repair","floor":23}],"player_experience":1535038,"relics_obtained":[{"floor":9,"key":"MealTicket"},{"floor":24,"key":"HornCleat"}],"event_choices":[{"cards_removed":["bronze:Strike"],"damage_healed":0,"gold_gain":0,"player_choice":"Card Removal","damage_taken":0,"max_hp_gain":0,"max_hp_loss":0,"event_name":"The Cleric","floor":4,"gold_loss":0},{"damage_healed":0,"gold_gain":0,"player_choice":"Grow","damage_taken":0,"max_hp_gain":0,"max_hp_loss":0,"event_name":"Living Wall","floor":5,"gold_loss":0,"cards_upgraded":["bronze:DarkDash"]},{"damage_healed":29,"gold_gain":0,"player_choice":"Heal","damage_taken":0,"max_hp_gain":0,"max_hp_loss":0,"event_name":"The Library","floor":21,"gold_loss":0}],"is_beta":false,"boss_relics":[{"not_picked":["bronze:MakeshiftBattery","Runic Pyramid"],"picked":"Pandora\u0027s Box"}],"items_purged_floors":[],"is_endless":false,"potions_floor_spawned":[9,10,15,16,19,23],"killed_by":"Sentry and Sphere","ascension_level":0}}