{"host":"63yhhrjweyj22b0v","time":1612072880,"event":{"mods":["BaseMod","Minty Spire (QoL Compilation)","Quick Restart"],"gold_per_floor":[115,134,134,111,111,111,142,17,17,37,37,52,63,76,76,180,180,198,81,98,113,113,113,113,113,188,207,224,224,256,256,256,356,406,418,418,177,197,247,247,247,247,274,291,307,307,327,327,327,327],"floor_reached":51,"language":"ENG","playtime":1664,"items_purged":["Strike_R","Strike_R"],"score":721,"play_id":"944316e1-f0ec-4d7b-ae41-282dbac62154","local_time":"20210131000120","is_ascension_mode":false,"campfire_choices":[{"data":"Sword Boomerang","floor":6,"key":"SMITH"},{"data":"Flex","floor":11,"key":"SMITH"},{"data":"Sword Boomerang","floor":15,"key":"SMITH"},{"data":"Inflame","floor":23,"key":"SMITH"},{"data":"Heavy Blade","floor":25,"key":"SMITH"},{"floor":29,"key":"REST"},{"data":"Reaper","floor":32,"key":"SMITH"},{"data":"Demon Form","floor":40,"key":"SMITH"},{"data":"Flex","floor":42,"key":"SMITH"},{"floor":46,"key":"REST"},{"floor":49,"key":"REST"}],"circlet_count":0,"master_deck":["Strike_R","Strike_R","Strike_R","Defend_R","Defend_R","Defend_R","Defend_R","Bash+1","Anger","Sword Boomerang+1","Rage+1","Flex+1","Clash","Cleave","Sword Boomerang+1","Fire Breathing","Reaper+1","Inflame+1","Heavy Blade+1","Sword Boomerang+1","Necronomicurse","Flex+1","Flex+1","Offering","Searing Blow+1","Spot Weakness","Demon Form+1","Perfected Strike+1","Flex","Rage","Parasite","Heavy Blade+1"],"relics":["Burning Blood","NeowsBlessing","Bronze Scales","Anchor","Necronomicon","White Beast Statue","Singing Bowl","Tiny House","Gambling Chip","Akabeko"],"acts_visited":["Exordium","TheCity","TheBeyond"],"potions_floor_usage":[12,14,16,22,31,33,33,35,35,39,44,45,45,50,50],"damage_taken":[{"damage":0,"enemies":"Small Slimes","floor":1,"turns":1},{"damage":0,"enemies":"Cultist","floor":2,"turns":1},{"damage":0,"enemies":"Lagavulin","floor":7,"turns":1},{"damage":0,"enemies":"2 Louse","floor":10,"turns":2},{"damage":0,"enemies":"Lots of Slimes","floor":12,"turns":1},{"damage":0,"enemies":"2 Fungi Beasts","floor":13,"turns":2},{"damage":4,"enemies":"Exordium Thugs","floor":14,"turns":3},{"damage":19,"enemies":"Slime Boss","floor":16,"turns":6},{"damage":0,"enemies":"Chosen","floor":18,"turns":2},{"damage":11,"enemies":"2 Thieves","floor":20,"turns":3},{"damage":43,"enemies":"Centurion and Healer","floor":21,"turns":5},{"damage":6,"enemies":"Shelled Parasite and Fungi","floor":22,"turns":2},{"damage":5,"enemies":"Chosen and Byrds","floor":27,"turns":4},{"damage":23,"enemies":"Centurion and Healer","floor":28,"turns":4},{"damage":30,"enemies":"Book of Stabbing","floor":30,"turns":4},{"damage":0,"enemies":"Snake Plant","floor":31,"turns":2},{"damage":79,"enemies":"Automaton","floor":33,"turns":7},{"damage":27,"enemies":"3 Darklings","floor":35,"turns":4},{"damage":23,"enemies":"3 Shapes","floor":38,"turns":4},{"damage":31,"enemies":"Mind Bloom Boss Battle","floor":39,"turns":5},{"damage":22,"enemies":"Writhing Mass","floor":44,"turns":4},{"damage":34,"enemies":"Sphere and 2 Shapes","floor":45,"turns":3},{"damage":0,"enemies":"4 Shapes","floor":47,"turns":1},{"damage":76,"enemies":"Time Eater","floor":50,"turns":7}],"seed_played":"-8615015775530121885","potions_obtained":[{"floor":1,"key":"Explosive Potion"},{"floor":3,"key":"CultistPotion"},{"floor":3,"key":"SmokeBomb"},{"floor":13,"key":"Block Potion"},{"floor":21,"key":"Dexterity Potion"},{"floor":27,"key":"Ancient Potion"},{"floor":28,"key":"SmokeBomb"},{"floor":33,"key":"Strength Potion"},{"floor":34,"key":"SkillPotion"},{"floor":35,"key":"ElixirPotion"},{"floor":38,"key":"FearPotion"},{"floor":39,"key":"Dexterity Potion"},{"floor":44,"key":"Dexterity Potion"},{"floor":45,"key":"Strength Potion"},{"floor":47,"key":"Energy Potion"}],"is_trial":false,"path_per_floor":["M","M","?","$","?","R","E","$","T","M","R","M","M","M","R","B",null,"M","$","M","M","M","R","?","R","T","M","M","R","E","M","R","B",null,"M","?","$","M","?","R","?","R","T","M","M","R","M","?","R","B",null],"character_chosen":"IRONCLAD","items_purchased":["Sword Boomerang","Flex","Inflame","Heavy Blade","Demon Form"],"campfire_rested":3,"item_purchase_floors":[4,8,19,19,37],"current_hp_per_floor":[80,80,80,80,80,80,80,80,80,80,80,80,80,80,80,67,80,80,80,80,53,57,57,41,41,41,65,48,72,56,67,67,18,85,75,77,77,86,83,83,83,83,83,69,43,70,76,76,91,61],"gold":327,"neow_bonus":"THREE_ENEMY_KILL","is_daily":false,"chose_seed":false,"campfire_upgraded":8,"win_rate":0.0,"timestamp":1612072880,"path_taken":["M","M","?","?","?","R","E","$","T","M","R","M","M","M","R","BOSS","M","$","M","M","?","R","?","R","T","M","M","R","E","M","R","BOSS","M","?","$","M","?","R","?","R","T","M","?","R","M","?","R","BOSS"],"items_purchased_type":["Card","Card","Card","Card","Card"],"build_version":"2020-12-22","purchased_purges":2,"victory":true,"max_hp_per_floor":[80,80,80,80,80,80,80,80,80,80,80,80,80,80,80,80,80,80,80,80,80,80,80,80,80,80,80,80,80,80,80,80,80,85,85,87,87,87,87,87,87,87,87,89,91,91,91,91,91,91],"card_choices":[{"not_picked":["Reckless Charge","Seeing Red"],"picked":"Warcry","floor":1},{"not_picked":["Body Slam","True Grit"],"picked":"Anger","floor":2},{"not_picked":["Perfected Strike","Rampage"],"picked":"Rage","floor":7},{"not_picked":["Sword Boomerang","Uppercut"],"picked":"Clash","floor":10},{"not_picked":["Perfected Strike","Sever Soul"],"picked":"Cleave","floor":12},{"not_picked":["Bloodletting","Second Wind"],"picked":"Sword Boomerang","floor":13},{"not_picked":["Hemokinesis","Iron Wave"],"picked":"Fire Breathing","floor":14},{"not_picked":["Exhume","Juggernaut"],"picked":"Reaper","floor":16},{"not_picked":["Warcry+1","Fire Breathing+1","Headbutt"],"picked":"SKIP","floor":18},{"not_picked":["Clothesline","Perfected Strike"],"picked":"Sword Boomerang+1","floor":20},{"not_picked":["Flame Barrier","Iron Wave","Evolve+1"],"picked":"SKIP","floor":21},{"not_picked":["Iron Wave","Impervious"],"picked":"Flex","floor":27},{"not_picked":["Power Through","Iron Wave","Sword Boomerang"],"picked":"SKIP","floor":28},{"not_picked":["Havoc","Entrench+1"],"picked":"Flex+1","floor":30},{"not_picked":["Berserk","Fiend Fire"],"picked":"Offering","floor":33},{"not_picked":["True Grit","Power Through+1"],"picked":"Searing Blow+1","floor":34},{"not_picked":["Dark Embrace","Searing Blow+1"],"picked":"Spot Weakness","floor":35},{"not_picked":["Impatience","Madness","Chrysalis"],"picked":"Singing Bowl","floor":36},{"not_picked":["Wild Strike","Metallicize"],"picked":"Perfected Strike+1","floor":38},{"not_picked":["Infernal Blade+1","Blood for Blood+1"],"picked":"Flex","floor":39},{"not_picked":["Entrench+1","Inflame","Warcry+1"],"picked":"Singing Bowl","floor":44},{"not_picked":["Dark Embrace+1","Thunderclap","Iron Wave"],"picked":"Singing Bowl","floor":45},{"not_picked":["Seeing Red","Perfected Strike+1"],"picked":"Heavy Blade+1","floor":47}],"player_experience":606778,"relics_obtained":[{"floor":7,"key":"Bronze Scales"},{"floor":9,"key":"Anchor"},{"floor":24,"key":"Necronomicon"},{"floor":26,"key":"White Beast Statue"},{"floor":30,"key":"Singing Bowl"},{"floor":39,"key":"Gambling Chip"},{"floor":43,"key":"Akabeko"}],"event_choices":[{"damage_healed":0,"gold_gain":0,"player_choice":"Got Potions","damage_taken":0,"max_hp_gain":0,"max_hp_loss":0,"event_name":"Lab","floor":3,"gold_loss":0},{"damage_healed":0,"gold_gain":0,"player_choice":"Upgraded","damage_taken":0,"max_hp_gain":0,"max_hp_loss":0,"event_name":"Upgrade Shrine","floor":5,"gold_loss":0,"cards_upgraded":["Bash"]},{"damage_healed":0,"gold_gain":0,"player_choice":"Obtained Book","damage_taken":16,"max_hp_gain":0,"max_hp_loss":0,"event_name":"Cursed Tome","floor":24,"gold_loss":0},{"damage_healed":0,"gold_gain":0,"player_choice":"Memory 1","damage_taken":0,"max_hp_gain":0,"max_hp_loss":0,"event_name":"SensoryStone","floor":36,"gold_loss":0},{"damage_healed":0,"gold_gain":0,"player_choice":"Fight","damage_taken":0,"max_hp_gain":0,"max_hp_loss":0,"event_name":"MindBloom","floor":39,"gold_loss":0},{"damage_healed":0,"gold_gain":0,"cards_transformed":["Warcry"],"player_choice":"Transformed","damage_taken":0,"max_hp_gain":0,"max_hp_loss":0,"event_name":"Transmorgrifier","floor":41,"gold_loss":0,"cards_obtained":["Rage"]},{"damage_healed":0,"gold_gain":0,"player_choice":"Ignored","damage_taken":0,"max_hp_gain":0,"max_hp_loss":0,"event_name":"Mysterious Sphere","floor":48,"gold_loss":0}],"is_beta":false,"boss_relics":[{"not_picked":["Pandora\u0027s Box","Velvet Choker","Runic Dome"]},{"not_picked":["Empty Cage","SacredBark"],"picked":"Tiny House"}],"items_purged_floors":[8,37],"is_endless":false,"potions_floor_spawned":[1,10,13,21,27,28,30,31,33,35,38,39,44,45,47],"ascension_level":0}}