{"host":"q6ff4ns2kep02ti6","time":1612111660,"event":{"mods":["AchievementEnabler","BaseMod","Minty Spire (QoL Compilation)","Relic Stats","StSLib","Unceasing Turn Reminder"],"gold_per_floor":[116,130,148,148,158,158,192,192,192,226,177,177,177,190,190,288,288,299,35,47,74,74,74],"floor_reached":22,"language":"ENG","playtime":1254,"items_purged":["Strike_B"],"score":291,"play_id":"65422d1a-3e21-4cb4-81b2-a5fdca369a3b","local_time":"20210131174740","is_ascension_mode":true,"campfire_choices":[{"data":"Coolheaded","floor":6,"key":"SMITH"},{"data":"Multi-Cast","floor":8,"key":"SMITH"},{"floor":13,"key":"REST"},{"data":"Reinforced Body","floor":15,"key":"SMITH"}],"circlet_count":0,"master_deck":["AscendersBane","Strike_B","Strike_B","Defend_B","Defend_B","Defend_B","Defend_B","Zap","Dualcast","Sweeping Beam","Rip and Tear","Tempest","Coolheaded+1","Multi-Cast+1","Coolheaded","Reinforced Body+1","CurseOfTheBell","Turbo+1","Transmutation","Darkness","Chaos"],"relics":["Velvet Choker","Torii","FossilizedHelix","Gremlin Horn","Calling Bell","Happy Flower","Molten Egg 2","Dead Branch","Red Mask"],"acts_visited":["Exordium","TheCity"],"potions_floor_usage":[16,16,21],"damage_taken":[{"damage":0,"enemies":"Small Slimes","floor":1,"turns":4},{"damage":11,"enemies":"Jaw Worm","floor":2,"turns":4},{"damage":0,"enemies":"2 Louse","floor":3,"turns":2},{"damage":19,"enemies":"Exordium Thugs","floor":5,"turns":3},{"damage":15,"enemies":"3 Sentries","floor":7,"turns":5},{"damage":18,"enemies":"Lagavulin","floor":10,"turns":5},{"damage":0,"enemies":"Blue Slaver","floor":14,"turns":2},{"damage":16,"enemies":"Hexaghost","floor":16,"turns":6},{"damage":0,"enemies":"Spheric Guardian","floor":18,"turns":4},{"damage":10,"enemies":"3 Byrds","floor":20,"turns":5},{"damage":22,"enemies":"Masked Bandits","floor":21,"turns":4},{"damage":32,"enemies":"Cultist and Chosen","floor":22,"turns":6}],"seed_played":"4995546652148989527","potions_obtained":[{"floor":7,"key":"EssenceOfDarkness"},{"floor":14,"key":"LiquidBronze"},{"floor":16,"key":"Block Potion"},{"floor":21,"key":"PotionOfCapacity"}],"is_trial":false,"path_per_floor":["M","M","M","?","M","R","E","R","T","E","?","?","R","M","R","B",null,"M","$","M","?","M"],"character_chosen":"DEFECT","items_purchased":["Transmutation"],"campfire_rested":1,"item_purchase_floors":[19],"current_hp_per_floor":[68,57,57,62,43,43,28,28,28,10,10,3,27,27,27,11,63,63,63,53,31,0,0],"gold":74,"neow_bonus":"BOSS_RELIC","is_daily":false,"chose_seed":false,"campfire_upgraded":3,"win_rate":0.0,"timestamp":1612111660,"path_taken":["M","M","M","?","M","R","E","R","T","E","?","?","R","M","R","BOSS","M","$","M","?","M"],"items_purchased_type":["Card"],"build_version":"2020-12-22","purchased_purges":1,"victory":false,"max_hp_per_floor":[75,75,75,80,80,80,80,80,80,80,80,80,80,80,80,80,80,80,80,80,80,80,80],"relic_stats":{"Torii":19,"Gremlin Horn":[3,3],"Happy Flower":[6],"counters":[12,50],"Dead Branch":[19],"obtain_stats":[{"Calling Bell":17,"Torii":7,"Gremlin Horn":10,"Happy Flower":17,"Dead Branch":17,"Velvet Choker":0,"Molten Egg 2":17,"Red Mask":21,"Cracked Core":0,"FossilizedHelix":9},{"Calling Bell":8,"Torii":5,"Gremlin Horn":6,"Happy Flower":8,"Dead Branch":8,"Velvet Choker":0,"Molten Egg 2":8,"Red Mask":11,"Cracked Core":0,"FossilizedHelix":5},{"Calling Bell":31,"Torii":18,"Gremlin Horn":23,"Happy Flower":31,"Dead Branch":31,"Velvet Choker":0,"Molten Egg 2":31,"Red Mask":44,"Cracked Core":0,"FossilizedHelix":18}]},"card_choices":[{"not_picked":["Stack","Force Field"],"picked":"Sweeping Beam","floor":1},{"not_picked":["Rebound","Compile Driver"],"picked":"Rip and Tear","floor":2},{"not_picked":["Ball Lightning","Conserve Battery"],"picked":"Tempest","floor":3},{"not_picked":["Turbo","Gash"],"picked":"Coolheaded","floor":5},{"not_picked":["Coolheaded","Undo"],"picked":"Multi-Cast","floor":7},{"not_picked":["Streamline","Hologram"],"picked":"Coolheaded","floor":10},{"not_picked":["Beam Cell","Redo"],"picked":"Reinforced Body","floor":14},{"not_picked":["BootSequence+1","Ball Lightning+1"],"picked":"Turbo+1","floor":18},{"not_picked":["Go for the Eyes+1","Stack"],"picked":"Darkness","floor":20},{"not_picked":["FTL+1","Coolheaded"],"picked":"Chaos","floor":21}],"player_experience":1035977,"relics_obtained":[{"floor":7,"key":"Torii"},{"floor":9,"key":"FossilizedHelix"},{"floor":10,"key":"Gremlin Horn"},{"floor":17,"key":"Happy Flower"},{"floor":17,"key":"Molten Egg 2"},{"floor":17,"key":"Dead Branch"},{"floor":21,"key":"Red Mask"}],"event_choices":[{"damage_healed":0,"gold_gain":0,"player_choice":"Donut","damage_taken":0,"max_hp_gain":5,"max_hp_loss":0,"event_name":"Big Fish","floor":4,"gold_loss":0},{"damage_healed":0,"gold_gain":0,"player_choice":"Left Gold","damage_taken":0,"max_hp_gain":0,"max_hp_loss":0,"event_name":"World of Goop","floor":11,"gold_loss":49},{"cards_removed":["Strike_B"],"damage_healed":0,"gold_gain":0,"player_choice":"Card Removal","damage_taken":7,"max_hp_gain":0,"max_hp_loss":0,"event_name":"Golden Wing","floor":12,"gold_loss":0},{"damage_healed":0,"gold_gain":0,"player_choice":"Fought Bandits","damage_taken":0,"max_hp_gain":0,"max_hp_loss":0,"event_name":"Masked Bandits","floor":21,"gold_loss":0}],"is_beta":false,"boss_relics":[{"not_picked":["Ectoplasm","Sozu"],"picked":"Calling Bell"}],"items_purged_floors":[19],"is_endless":false,"potions_floor_spawned":[7,14,16,21],"killed_by":"Cultist and Chosen","ascension_level":10}}