{"host":"uv5ws9rdk87e8i5k","time":1612065330,"event":{"mods":["AchievementEnabler","BaseMod","Colored Map","Minty Spire (QoL Compilation)","Permanent Neow","Quick Restart","StSLib","SuperFastMode","The Necromancer"],"gold_per_floor":[119,13,30,42,55,90,90,90,90,117,43,75,75,95,95,95,95],"floor_reached":16,"language":"ENG","playtime":305,"items_purged":[],"score":210,"play_id":"16949337-d45e-48ae-971a-0cc41f63e901","local_time":"20210130215530","is_ascension_mode":true,"campfire_choices":[{"data":"Perfected Strike","floor":8.0,"key":"SMITH"},{"floor":15,"key":"REST"}],"circlet_count":0,"master_deck":["Strike_R","Strike_R","Strike_R","Strike_R","Strike_R","Defend_R+1","Defend_R","Defend_R+1","Defend_R","Bash","Perfected Strike+1","Pommel Strike","Battle Trance","Headbutt","Battle Trance","Offering","Havoc","Metallicize","Headbutt","Regret","Whirlwind"],"relics":["Burning Blood","Bronze Scales","Paper Frog","Bag of Marbles","Mummified Hand","Happy Flower","Smiling Mask"],"acts_visited":["Exordium"],"potions_floor_usage":[16],"damage_taken":[{"damage":7.0,"enemies":"Small Slimes","floor":1.0,"turns":3.0},{"damage":1.0,"enemies":"Cultist","floor":3.0,"turns":3.0},{"damage":2.0,"enemies":"2 Louse","floor":4.0,"turns":2.0},{"damage":25.0,"enemies":"Exordium Wildlife","floor":5.0,"turns":4.0},{"damage":15.0,"enemies":"3 Sentries","floor":6.0,"turns":7.0},{"damage":0.0,"enemies":"Gremlin Nob","floor":10.0,"turns":2.0},{"damage":15,"enemies":"3 Sentries","floor":12,"turns":4},{"damage":14,"enemies":"Blue Slaver","floor":14,"turns":2},{"damage":49,"enemies":"The Guardian","floor":16,"turns":6}],"seed_played":"-8453833472272924618","potions_obtained":[{"floor":3.0,"key":"Block Potion"},{"floor":5.0,"key":"LiquidBronze"}],"is_trial":false,"path_per_floor":["M","?","M","M","M","E","?","R","T","E","$","E","?","M","R","B"],"character_chosen":"IRONCLAD","items_purchased":["Metallicize"],"campfire_rested":1,"item_purchase_floors":[11],"current_hp_per_floor":[71,71,76,80,61,52,36,36,36,42,42,33,33,25,49,0,0],"gold":95,"neow_bonus":"THREE_CARDS","is_daily":false,"chose_seed":false,"campfire_upgraded":1,"win_rate":0.0,"timestamp":1612065330,"path_taken":["M","?","?","M","M","E","?","R","T","E","?","E","?","M","R","BOSS"],"items_purchased_type":["Card"],"build_version":"2020-12-22","purchased_purges":0,"victory":false,"max_hp_per_floor":[80,80,80,80,80,80,80,80,80,80,80,80,80,80,80,80,80],"card_choices":[{"not_picked":["Sever Soul","Sword Boomerang"],"picked":"Perfected Strike","floor":0.0},{"not_picked":["Flex","Clash"],"picked":"Pommel Strike","floor":1.0},{"not_picked":["Sword Boomerang","Bludgeon"],"picked":"Battle Trance","floor":3.0},{"not_picked":["True Grit","Seeing Red"],"picked":"Headbutt","floor":4.0},{"not_picked":["Shrug It Off","Headbutt"],"picked":"Battle Trance","floor":5.0},{"not_picked":["Cleave","Warcry"],"picked":"Offering","floor":6.0},{"not_picked":["Entrench","Warcry"],"picked":"Havoc","floor":10.0},{"not_picked":["Clothesline","Shrug It Off"],"picked":"Headbutt","floor":12},{"not_picked":["Shrug It Off","Havoc"],"picked":"Whirlwind","floor":14}],"player_experience":313619,"relics_obtained":[{"floor":6.0,"key":"Paper Frog"},{"floor":9.0,"key":"Bag of Marbles"},{"floor":10.0,"key":"Mummified Hand"},{"floor":12,"key":"Happy Flower"}],"event_choices":[{"damage_healed":0.0,"max_hp_gain":0.0,"max_hp_loss":0.0,"gold_gain":0.0,"event_name":"WeMeetAgain","player_choice":"Paid Gold","floor":2.0,"gold_loss":106.0,"damage_taken":0.0,"relics_obtained":["Bronze Scales"]},{"damage_healed":0.0,"max_hp_gain":0.0,"max_hp_loss":0.0,"gold_gain":0.0,"event_name":"Shining Light","player_choice":"Entered Light","floor":7.0,"gold_loss":0.0,"damage_taken":16.0,"cards_upgraded":["Defend_R","Defend_R"]},{"damage_healed":0,"gold_gain":0,"player_choice":"Box","damage_taken":0,"relics_obtained":["Smiling Mask"],"max_hp_gain":0,"max_hp_loss":0,"event_name":"Big Fish","floor":13,"gold_loss":0,"cards_obtained":["Regret"]}],"is_beta":false,"boss_relics":[],"items_purged_floors":[],"is_endless":false,"potions_floor_spawned":[3,5],"killed_by":"The Guardian","ascension_level":9}}