{"host":"o5jvvi5yapo90aia","time":1612069685,"event":{"mods":["BaseMod","CapriCore","Minty Spire (QoL Compilation)","MostiFishMod","Prisma Mod","Spicy Shops","StSLib","TestMod","The Immortal","Yakumo Yukari mod","【人物mod】游戏王New YuGiOh mod","【功能Mod】Neow奖励"],"gold_per_floor":[114,127,146,157,170,205,205,236,236,236,67,95,111,124,124,195,195,210,210,225,244,644,644,678,678,678,708,734,764,238,153,153,159,159,182,195,218,237,260,260,318,360,360,404,424,447,447,492,492,506,515,515,515,84,130,148],"floor_reached":57,"language":"ZHS","playtime":1687,"items_purged":[],"score":3823,"play_id":"9df86a30-099d-4d36-968c-a5de30b53d82","local_time":"20210131130805","is_ascension_mode":true,"campfire_choices":[{"data":"Bash","floor":10,"key":"PURGE"},{"data":"Strike_R","floor":15,"key":"PURGE"},{"data":"Strike_R","floor":23,"key":"PURGE"},{"data":"testmod-ChaoticCore","floor":32,"key":"SMITH"},{"floor":40,"key":"RECALL"},{"data":"Strike_R","floor":47,"key":"PURGE"},{"data":"Strike_R","floor":49,"key":"PURGE"},{"data":"MostiFishMod:Mania","floor":53,"key":"PURGE"}],"circlet_count":0,"master_deck":["AscendersBane","Defend_R","Defend_R","Defend_R","Defend_R","Carnage","Shockwave","Second Wind","Offering","Corruption","Burning Pact","Feel No Pain+1","testmod-ChaoticCore+1","Body Slam+1","Dark Embrace+1"],"relics":["testmod-TestBox","testmod-PortableAltar","HereWithMe","testmod-TimeTraveler","SynthV:TestCard","Potion Belt","testmod-OneHitWonder","SentryEyes","OrangePellets","testmod-EqualTreatment","testmod-DeterminationOfClimber","testmod-Maize","testmod-TurbochargingSystem","testmod-AssaultLearning","Vajra","Medical Kit","testmod-IndustrialRevolution","Pen Nib","BloodWine","StoneCalendar","Letter Opener","testmod-BalancedPeriapt","Dream Catcher","Regal Pillow","Singing Bowl","ImprovedEquipment","ClockworkSouvenir","Oddly Smooth Stone"],"acts_visited":["Exordium","TheCity","TheBeyond","TheEnding"],"potions_floor_usage":[27,56,56,56,56],"damage_taken":[{"damage":3,"enemies":"Cultist","floor":1,"turns":3},{"damage":2,"enemies":"Jaw Worm","floor":2,"turns":2},{"damage":2,"enemies":"2 Louse","floor":3,"turns":2},{"damage":5,"enemies":"Blue Slaver","floor":4,"turns":2},{"damage":10,"enemies":"3 Louse","floor":5,"turns":3},{"damage":28,"enemies":"Gremlin Nob","floor":6,"turns":4},{"damage":14,"enemies":"Lagavulin","floor":8,"turns":5},{"damage":0,"enemies":"3 Sentries","floor":12,"turns":2},{"damage":0,"enemies":"2 Fungi Beasts","floor":13,"turns":2},{"damage":0,"enemies":"Exordium Wildlife","floor":14,"turns":2},{"damage":2,"enemies":"Slime Boss","floor":16,"turns":5},{"damage":0,"enemies":"Spheric Guardian","floor":18,"turns":3},{"damage":0,"enemies":"3 Byrds","floor":20,"turns":2},{"damage":0,"enemies":"Shelled Parasite and Fungi","floor":21,"turns":2},{"damage":6,"enemies":"Slavers","floor":24,"turns":2},{"damage":33,"enemies":"Book of Stabbing","floor":27,"turns":6},{"damage":6,"enemies":"Snecko","floor":28,"turns":2},{"damage":6,"enemies":"Gremlin Leader","floor":29,"turns":2},{"damage":6,"enemies":"Collector","floor":33,"turns":3},{"damage":6,"enemies":"3 Darklings","floor":35,"turns":1},{"damage":0,"enemies":"3 Shapes","floor":36,"turns":2},{"damage":6,"enemies":"Jaw Worm Horde","floor":37,"turns":1},{"damage":6,"enemies":"Spire Growth","floor":38,"turns":2},{"damage":6,"enemies":"Sphere and 2 Shapes","floor":39,"turns":1},{"damage":0,"enemies":"2 Orb Walkers","floor":41,"turns":1},{"damage":6,"enemies":"Nemesis","floor":42,"turns":1},{"damage":6,"enemies":"Giant Head","floor":44,"turns":1},{"damage":0,"enemies":"4 Shapes","floor":45,"turns":1},{"damage":6,"enemies":"Nemesis","floor":48,"turns":1},{"damage":6,"enemies":"Donu and Deca","floor":50,"turns":1},{"damage":6,"enemies":"Time Eater","floor":51,"turns":2},{"damage":0,"enemies":"Shield and Spear","floor":55,"turns":1},{"damage":10,"enemies":"The Heart","floor":56,"turns":4}],"seed_played":"4068042256014851018","potions_obtained":[{"floor":1,"key":"Fire Potion"},{"floor":2,"key":"SteroidPotion"},{"floor":12,"key":"HeartOfIron"},{"floor":13,"key":"BlessingOfTheForge"},{"floor":28,"key":"BloodPotion"},{"floor":45,"key":"testmod-TestPotion"}],"is_trial":false,"path_per_floor":["M","M","M","M","M","E","?","E","T","R","$","E","M","M","R","B",null,"M","?","M","M","?","R","E","T","T","E","M","E","$","?","R","B",null,"M","M","M","M","M","R","?","E","T","E","M","T","R","E","R","B","B",null,"R","$","E","B",null],"character_chosen":"IRONCLAD","items_purchased":["OrangePellets","Medical Kit","testmod-ChaoticCore","testmod-IndustrialRevolution","ImprovedEquipment","ClockworkSouvenir"],"campfire_rested":0,"item_purchase_floors":[11,30,30,30,54,54],"current_hp_per_floor":[66,65,64,60,51,24,24,11,11,11,11,12,13,14,14,14,47,51,51,53,54,53,52,46,46,46,17,20,20,20,20,20,22,36,37,39,38,34,34,34,34,32,32,32,32,31,30,32,31,32,28,31,30,29,32,32],"gold":148,"neow_bonus":"BOSS_RELIC","is_daily":false,"chose_seed":false,"campfire_upgraded":1,"win_rate":0.0,"timestamp":1612069685,"path_taken":["M","M","?","M","M","E","?","E","T","R","?","E","?","M","R","BOSS","M","?","M","M","?","R","E","?","T","E","M","E","$","?","R","BOSS","M","M","M","M","M","R","?","E","T","E","M","?","R","E","R","BOSS","BOSS","R","$","E","BOSS"],"items_purchased_type":["Relic","Relic","Card","Relic","Relic","Relic"],"build_version":"2020-12-22","purchased_purges":0,"victory":true,"max_hp_per_floor":[74,73,72,71,70,69,68,67,66,65,64,63,62,61,60,59,58,57,56,55,54,53,52,51,50,49,48,47,46,45,44,43,42,41,40,39,38,37,36,35,34,33,32,32,32,32,32,32,32,32,32,32,32,32,32,32],"card_choices":[{"not_picked":["Flame Barrier","Body Slam","Wild Strike"],"picked":"SKIP","floor":1},{"not_picked":["Dropkick","True Grit","Cleave","Armaments"],"picked":"Carnage","floor":2},{"not_picked":["Body Slam","True Grit","Heavy Blade","Clash","Headbutt"],"picked":"SKIP","floor":3},{"not_picked":["Armaments","Infernal Blade","Shrug It Off","Twin Strike","Power Through"],"picked":"SKIP","floor":4},{"not_picked":["Blood for Blood","Feel No Pain","Sword Boomerang","Ghostly Armor"],"picked":"Shockwave","floor":5},{"not_picked":["Anger","Clash","Wild Strike","Carnage","Havoc"],"picked":"SKIP","floor":6},{"not_picked":["Fire Breathing","True Grit","Clothesline","Feel No Pain"],"picked":"Second Wind","floor":8},{"not_picked":["Cleave","Berserk","MostiFishMod:BrandingRite","True Grit","Evolve"],"picked":"SKIP","floor":12},{"not_picked":["Wild Strike","Shrug It Off","Spot Weakness","Clash","Heavy Blade"],"picked":"SKIP","floor":13},{"not_picked":["Inflame","Rupture","Anger","Whirlwind","Pummel"],"picked":"SKIP","floor":14},{"not_picked":["MostiFishMod:Mania","MostiFishMod:TemporaryOutbreak","Double Tap","MostiFishMod:FlyOverUtopia"],"picked":"Offering","floor":16},{"not_picked":["Havoc+1","Blood for Blood","Rage+1","Searing Blow","Thunderclap"],"picked":"SKIP","floor":18},{"not_picked":["Pommel Strike+1","Cleave","Disarm","Flex+1"],"picked":"Corruption","floor":20},{"not_picked":["Warcry","True Grit","Thunderclap","Headbutt"],"picked":"Burning Pact","floor":21},{"not_picked":["Bloodletting","Anger","Headbutt","Hemokinesis","MostiFishMod:OrdinaryWorld"],"picked":"SKIP","floor":24},{"not_picked":["Body Slam","Wild Strike","Warcry","Armaments","Clash"],"picked":"SKIP","floor":27},{"not_picked":["Body Slam","Wild Strike","Warcry","Armaments","Clash"],"picked":"SKIP","floor":27},{"not_picked":["Anger","Twin Strike","Offering","Fire Breathing"],"picked":"Feel No Pain+1","floor":28},{"not_picked":["Twin Strike","Rage","Shrug It Off","Flex","Bloodletting+1"],"picked":"SKIP","floor":29},{"not_picked":["Heavy Blade+1","Cleave","Flex","Pummel","Dual Wield"],"picked":"SKIP","floor":35},{"not_picked":["Iron Wave","Headbutt","Anger","Cleave","Dual Wield"],"picked":"SKIP","floor":36},{"not_picked":["Dual Wield","Searing Blow","Feed","Rage"],"picked":"Body Slam+1","floor":37},{"not_picked":["Warcry+1","Uppercut+1","Clash","Wild Strike","Clothesline"],"picked":"SKIP","floor":38},{"not_picked":["Second Wind","Anger","Shrug It Off","Cleave","Body Slam"],"picked":"SKIP","floor":39},{"not_picked":["Cleave","Anger","Clothesline","Heavy Blade"],"picked":"Dark Embrace+1","floor":42},{"not_picked":["MostiFishMod:TemporaryOutbreak","Double Tap","Wild Strike","Armaments","MostiFishMod:PerfectStrikeMKII"],"picked":"SKIP","floor":44},{"not_picked":["Headbutt+1","Perfected Strike","Rage","True Grit+1","Sword Boomerang"],"picked":"SKIP","floor":45},{"not_picked":["Twin Strike+1","Intimidate","Combust","Headbutt","Sword Boomerang"],"picked":"Singing Bowl","floor":48},{"not_picked":["Evolve","Dark Embrace","Iron Wave+1","Wild Strike","Cleave"],"picked":"Singing Bowl","floor":55}],"player_experience":1499530,"relics_obtained":[{"floor":1,"key":"SynthV:TestCard"},{"floor":6,"key":"Potion Belt"},{"floor":8,"key":"testmod-OneHitWonder"},{"floor":9,"key":"SentryEyes"},{"floor":12,"key":"testmod-EqualTreatment"},{"floor":24,"key":"testmod-Maize"},{"floor":26,"key":"testmod-TurbochargingSystem"},{"floor":27,"key":"testmod-AssaultLearning"},{"floor":29,"key":"Vajra"},{"floor":41,"key":"StoneCalendar"},{"floor":42,"key":"Letter Opener"},{"floor":43,"key":"testmod-BalancedPeriapt"},{"floor":44,"key":"Dream Catcher"},{"floor":46,"key":"Regal Pillow"},{"floor":48,"key":"Singing Bowl"},{"floor":55,"key":"Oddly Smooth Stone"}],"event_choices":[{"damage_healed":0,"gold_gain":0,"cards_transformed":["Strike_R"],"player_choice":"Change","damage_taken":0,"max_hp_gain":0,"max_hp_loss":0,"event_name":"Living Wall","floor":7,"gold_loss":0,"cards_obtained":["MostiFishMod:Mania"]},{"damage_healed":0,"gold_gain":0,"player_choice":"Ignored","damage_taken":0,"max_hp_gain":0,"max_hp_loss":0,"event_name":"Vampires","floor":19,"gold_loss":0},{"damage_healed":0,"gold_gain":400,"player_choice":"Sell","damage_taken":0,"max_hp_gain":0,"max_hp_loss":0,"event_name":"恩洛斯的盘子","floor":22,"relics_lost":["DaveBox"],"gold_loss":0},{"damage_healed":0,"gold_gain":0,"player_choice":"Obtained Relic","damage_taken":0,"relics_obtained":["Pen Nib"],"max_hp_gain":0,"max_hp_loss":0,"event_name":"Addict","floor":31,"gold_loss":85},{"damage_healed":0,"gold_gain":0,"player_choice":"Fight","damage_taken":0,"max_hp_gain":0,"max_hp_loss":0,"event_name":"Mysterious Sphere","floor":41,"gold_loss":0}],"is_beta":false,"boss_relics":[{"not_picked":["testmod-BloodSacrificeSpiritualization","Runic Cube"],"picked":"testmod-DeterminationOfClimber"},{"not_picked":["RhineCircuit","testmod-Recursion"],"picked":"BloodWine"}],"items_purged_floors":[],"is_endless":false,"potions_floor_spawned":[1,2,3,12,13,20,28,29,35,38,41,44,45,48],"ascension_level":20}}