{"host":"sy0sbf0rsk5t5kf4","time":1612075969,"event":{"mods":["BaseMod","Downfall","Minty Spire (QoL Compilation)","StSLib"],"gold_per_floor":[99,99,99,99,99,130,154,174,184,184,203,228,246,246,246,246],"floor_reached":14,"language":"ZHS","playtime":754,"items_purged":[],"score":103,"play_id":"83e1235d-611f-48ed-a044-0053f8935901","local_time":"20210131145249","is_ascension_mode":true,"campfire_choices":[{"data":"Slimebound:Split","floor":1,"key":"SMITH"},{"data":"Slimebound:Replication","floor":10,"key":"SMITH"}],"circlet_count":0,"master_deck":["Slimebound:Strike_Slimebound","Slimebound:Strike_Slimebound","Slimebound:Strike_Slimebound","Slimebound:Tackle","Slimebound:Defend_Slimebound","Slimebound:Defend_Slimebound","Slimebound:Defend_Slimebound","Slimebound:Defend_Slimebound","Slimebound:Split+1","Slimebound:CorrosiveSpit","Slimebound:Replication+1","Slimebound:Split+1","Slimebound:SplitMire","Slimebound:ItLooksTasty","Slimebound:FirmFortitude","Slimebound:Equalize","Slimebound:SlimeSpikes","Slimebound:RollThrough","Slimebound:ItLooksTasty","Slimebound:GoopSpray"],"relics":["Slimebound:AbsorbEndCombat","downfall:HeartsMalice","Slimebound:AggressiveSlimeRelic","Pen Nib"],"acts_visited":["Exordium"],"potions_floor_usage":[11,12,13],"damage_taken":[{"damage":0,"enemies":"Jaw Worm","floor":2,"turns":1},{"damage":0,"enemies":"Cultist","floor":4,"turns":1},{"damage":0,"enemies":"2 Louse","floor":5,"turns":1},{"damage":28,"enemies":"Lagavulin","floor":6,"turns":6},{"damage":8,"enemies":"Red Slaver","floor":8,"turns":4},{"damage":14,"enemies":"3 Louse","floor":9,"turns":4},{"damage":5,"enemies":"Lots of Slimes","floor":11,"turns":3},{"damage":26,"enemies":"3 Sentries","floor":12,"turns":6},{"damage":15,"enemies":"Exordium Wildlife","floor":13,"turns":4},{"damage":28,"enemies":"Gremlin Nob","floor":14,"turns":3}],"seed_played":"419329608036676225","potions_obtained":[{"floor":6,"key":"GamblersBrew"},{"floor":8,"key":"Fire Potion"},{"floor":11,"key":"DistilledChaos"},{"floor":13,"key":"Swift Potion"}],"is_trial":false,"path_per_floor":["R","M","?","M","M","E","T","M","M","R","M","E","M","E"],"character_chosen":"SLIMEBOUND","items_purchased":[],"campfire_rested":0,"item_purchase_floors":[],"current_hp_per_floor":[65,65,65,65,65,41,41,37,25,25,24,10,9,0,0,0],"gold":246,"neow_bonus":"THREE_ENEMY_KILL","is_daily":false,"chose_seed":false,"campfire_upgraded":2,"win_rate":0.0,"timestamp":1612075969,"path_taken":["R","M","?","?","M","E","T","M","M","R","M","E","M","E"],"items_purchased_type":[],"build_version":"2020-12-22","purchased_purges":0,"victory":false,"max_hp_per_floor":[65,65,65,65,65,65,65,65,65,65,65,65,65,65,65,65],"card_choices":[{"not_picked":["Slimebound:RollThrough","Slimebound:PressTheAttack"],"picked":"Slimebound:Replication","floor":2},{"not_picked":["Slimebound:SamplingLick","Slimebound:SlimeBarrage"],"picked":"Slimebound:SplitMire","floor":4},{"not_picked":["Slimebound:SamplingLick","Slimebound:SplitMire"],"picked":"Slimebound:ItLooksTasty","floor":5},{"not_picked":["Slimebound:BestDefense","Slimebound:GoopTackle"],"picked":"Slimebound:FirmFortitude","floor":6},{"not_picked":["Slimebound:ServeAndProtect","Slimebound:GoopTackle"],"picked":"Slimebound:Equalize","floor":8},{"not_picked":["Slimebound:FormOfPuddle","Slimebound:GoopTackle"],"picked":"Slimebound:SlimeSpikes","floor":9},{"not_picked":["Slimebound:HungryTackle","Slimebound:GoopTackle"],"picked":"Slimebound:RollThrough","floor":11},{"not_picked":["Slimebound:SlimeBrawl","Slimebound:FormOfPuddle"],"picked":"Slimebound:ItLooksTasty","floor":12},{"not_picked":["Slimebound:Repurpose","Slimebound:SplitBruiser"],"picked":"Slimebound:GoopSpray","floor":13}],"player_experience":184284,"relics_obtained":[{"floor":6,"key":"Slimebound:AggressiveSlimeRelic"},{"floor":12,"key":"Pen Nib"}],"event_choices":[],"is_beta":false,"boss_relics":[],"items_purged_floors":[],"is_endless":false,"potions_floor_spawned":[6,8,11,13],"killed_by":"Gremlin Nob","ascension_level":1}}