{"host":"nwd160me4iqdtr8u","time":1612078813,"event":{"mods":["AchievementEnabler","Act Like it!","BaseMod","Colored Map","DeckTracker","Keyboard Shortcuts","Minty Spire (QoL Compilation)","Quick Restart","Rare Cards Sparkle","StSLib","SuperFastMode","everything is the same but u backflip on backflip"],"gold_per_floor":[112,122,142,67,85,85,30,73,99,118,118,127,127,127,127,211,211,234,256,283,308,71,71,71,95,95,115,115,15,15,15,15,15,15],"floor_reached":33,"language":"KOR","playtime":1184,"items_purged":["Strike_G","Strike_G"],"score":448,"play_id":"478b014e-ddf7-40d4-8634-52830660b09f","local_time":"20210131164013","is_ascension_mode":true,"campfire_choices":[{"data":"Deadly Poison","floor":6.0,"key":"SMITH"},{"data":"Dash","floor":13.0,"key":"SMITH"},{"data":"Poisoned Stab","floor":15.0,"key":"SMITH"},{"data":"Blade Dance","floor":23.0,"key":"SMITH"},{"data":"A Thousand Cuts","floor":28.0,"key":"SMITH"},{"floor":32.0,"key":"REST"}],"circlet_count":0,"master_deck":["AscendersBane","Strike_G","Defend_G","Defend_G","Defend_G","Defend_G","Survivor","Neutralize","Dash+1","Poisoned Stab+1","Deadly Poison+1","Endless Agony","PiercingWail","Heel Hook","Slice","Dash","Corpse Explosion","Blade Dance+1","Dagger Throw+1","Prepared+1","Underhanded Strike+1","A Thousand Cuts+1","Noxious Fumes"],"relics":["Ring of the Snake","CeramicFish","Nunchaku","Snecko Eye","Lee\u0027s Waffle","Toxic Egg 2"],"acts_visited":["Exordium","TheCity"],"potions_floor_usage":[33],"damage_taken":[{"damage":2.0,"enemies":"Jaw Worm","floor":1.0,"turns":8.0},{"damage":3.0,"enemies":"Small Slimes","floor":2.0,"turns":4.0},{"damage":0.0,"enemies":"2 Louse","floor":3.0,"turns":3.0},{"damage":6.0,"enemies":"Gremlin Gang","floor":5.0,"turns":6.0},{"damage":16.0,"enemies":"3 Sentries","floor":8.0,"turns":11.0},{"damage":1.0,"enemies":"Red Slaver","floor":10.0,"turns":3.0},{"damage":3.0,"enemies":"Lots of Slimes","floor":14.0,"turns":2.0},{"damage":14.0,"enemies":"The Guardian","floor":16.0,"turns":12.0},{"damage":2.0,"enemies":"Shell Parasite","floor":18.0,"turns":4.0},{"damage":4.0,"enemies":"Chosen","floor":19.0,"turns":4.0},{"damage":10.0,"enemies":"Snecko","floor":20.0,"turns":4.0},{"damage":20.0,"enemies":"Centurion and Healer","floor":21.0,"turns":4.0},{"damage":0.0,"enemies":"3 Cultists","floor":25.0,"turns":1.0},{"damage":30.0,"enemies":"Snake Plant","floor":27.0,"turns":5.0},{"damage":73,"enemies":"Collector","floor":33,"turns":6}],"seed_played":"3519361303805714017","potions_obtained":[{"floor":1.0,"key":"Weak Potion"},{"floor":5.0,"key":"Poison Potion"},{"floor":10.0,"key":"SmokeBomb"},{"floor":16.0,"key":"Strength Potion"},{"floor":18.0,"key":"Swift Potion"},{"floor":19.0,"key":"Poison Potion"},{"floor":25.0,"key":"Regen Potion"}],"is_trial":false,"path_per_floor":["M","M","M","?","M","R","$","E","T","M","?","?","R","M","R","B",null,"M","M","M","M","$","R","$","M","T","M","R","$","?","?","R","B"],"character_chosen":"THE_SILENT","items_purchased":["PiercingWail","Lee\u0027s Waffle"],"campfire_rested":1,"item_purchase_floors":[7,22],"current_hp_per_floor":[57,54,54,54,48,48,48,32,32,31,36,36,36,33,33,19,58,56,52,42,22,78,78,78,78,78,48,48,48,26,26,50,0,0],"gold":15,"neow_bonus":"REMOVE_CARD","is_daily":false,"chose_seed":false,"campfire_upgraded":5,"win_rate":0.0,"timestamp":1612078813,"path_taken":["M","M","M","?","M","R","$","E","T","M","?","?","R","M","R","BOSS","M","M","M","?","$","R","?","?","T","M","R","$","?","?","R","BOSS"],"items_purchased_type":["Card","Relic"],"build_version":"2020-12-22","purchased_purges":2,"victory":false,"max_hp_per_floor":[66,66,66,66,66,66,66,66,66,66,71,71,71,71,71,71,71,71,71,71,71,78,78,78,78,78,78,78,78,83,83,83,83,83],"card_choices":[{"not_picked":["Prepared","Bane"],"picked":"Dash","floor":1.0},{"not_picked":["Cloak And Dagger","Masterful Stab"],"picked":"Poisoned Stab","floor":2.0},{"not_picked":["Poisoned Stab","Terror"],"picked":"Deadly Poison","floor":3.0},{"not_picked":["Acrobatics","Flechettes"],"picked":"Endless Agony","floor":5.0},{"not_picked":["Envenom","Dodge and Roll"],"picked":"Heel Hook","floor":8.0},{"not_picked":["Expertise","Bane"],"picked":"Slice","floor":10.0},{"not_picked":["Burst","Malaise"],"picked":"Corpse Explosion","floor":16.0},{"not_picked":["Cloak And Dagger","Slice"],"picked":"Blade Dance","floor":18.0},{"not_picked":["Sucker Punch","Bane"],"picked":"Dagger Throw+1","floor":19.0},{"not_picked":["Dagger Throw+1","Choke"],"picked":"Prepared+1","floor":20.0},{"not_picked":["Blade Dance","Deadly Poison"],"picked":"Underhanded Strike+1","floor":21.0},{"not_picked":["Choke","Underhanded Strike+1"],"picked":"A Thousand Cuts","floor":25.0},{"not_picked":["Flechettes+1","Blade Dance+1"],"picked":"Noxious Fumes","floor":27.0}],"player_experience":338584,"relics_obtained":[{"floor":8.0,"key":"CeramicFish"},{"floor":9.0,"key":"Nunchaku"},{"floor":26.0,"key":"Toxic Egg 2"}],"event_choices":[{"cards_removed":["Defend_G"],"damage_healed":0.0,"max_hp_gain":0.0,"max_hp_loss":0.0,"gold_gain":0.0,"event_name":"The Cleric","player_choice":"Card Removal","floor":4.0,"gold_loss":75.0,"damage_taken":0.0},{"damage_healed":0.0,"max_hp_gain":5.0,"max_hp_loss":0.0,"gold_gain":0.0,"event_name":"Big Fish","player_choice":"Donut","floor":11.0,"gold_loss":0.0,"damage_taken":0.0},{"damage_healed":0.0,"max_hp_gain":0.0,"max_hp_loss":0.0,"gold_gain":0.0,"cards_transformed":["Strike_G"],"event_name":"Transmorgrifier","player_choice":"Transformed","floor":12.0,"gold_loss":0.0,"damage_taken":0.0,"cards_obtained":["Dash"]},{"damage_healed":0.0,"max_hp_gain":5.0,"max_hp_loss":0.0,"gold_gain":0.0,"event_name":"Forgotten Altar","player_choice":"Shed Blood","floor":30.0,"gold_loss":0.0,"damage_taken":27.0},{"damage_healed":0.0,"max_hp_gain":0.0,"max_hp_loss":0.0,"gold_gain":0.0,"event_name":"The Mausoleum","player_choice":"Ignored","floor":31.0,"gold_loss":0.0,"damage_taken":0.0}],"is_beta":false,"boss_relics":[{"not_picked":["SlaversCollar","Tiny House"],"picked":"Snecko Eye"}],"items_purged_floors":[22,29],"is_endless":false,"potions_floor_spawned":[1,5,10,16,18,19,25],"killed_by":"Collector","ascension_level":16}}