{"host":"y76clbnovzmw9ubx","time":1612135173,"event":{"mods":["AchievementEnabler","BaseMod","Minty Spire (QoL Compilation)","Permanent Neow","Relic Stats"],"gold_per_floor":[113,128,141,141,151,151,185,209,247,259,281,324,36,54,54,125,125,137,151,170,170,170],"floor_reached":21,"language":"ENG","playtime":1005,"items_purged":[],"score":390,"play_id":"5502dc2a-a497-48ed-aefc-afbf985aa343","local_time":"20210131181933","is_ascension_mode":true,"campfire_choices":[{"data":"All Out Attack","floor":6,"key":"SMITH"},{"floor":10,"key":"REST"},{"floor":15,"key":"REST"}],"circlet_count":0,"master_deck":["AscendersBane","Strike_G","Strike_G","Strike_G","Strike_G","Strike_G","Defend_G","Defend_G","Defend_G","Defend_G","Defend_G","Survivor","Neutralize+1","Sucker Punch","All Out Attack+1","Backstab","Footwork","Poisoned Stab","Deadly Poison","Infinite Blades+1","Noxious Fumes+1","Envenom+1","Dagger Spray","Cloak And Dagger","Cloak And Dagger"],"relics":["Ring of the Snake","Art of War","MawBank","Bronze Scales","Nunchaku","Frozen Egg 2","Black Star"],"acts_visited":["Exordium","TheCity"],"potions_floor_usage":[12,21],"damage_taken":[{"damage":1,"enemies":"Cultist","floor":1,"turns":5},{"damage":0,"enemies":"Jaw Worm","floor":2,"turns":5},{"damage":0,"enemies":"2 Louse","floor":3,"turns":3},{"damage":8,"enemies":"Lots of Slimes","floor":5,"turns":5},{"damage":13,"enemies":"3 Sentries","floor":7,"turns":7},{"damage":0,"enemies":"Red Slaver","floor":8,"turns":4},{"damage":6,"enemies":"Exordium Wildlife","floor":11,"turns":4},{"damage":7,"enemies":"Lagavulin","floor":12,"turns":6},{"damage":4,"enemies":"Looter","floor":14,"turns":3},{"damage":29,"enemies":"Hexaghost","floor":16,"turns":8},{"damage":18,"enemies":"Shell Parasite","floor":18,"turns":5},{"damage":12,"enemies":"3 Byrds","floor":19,"turns":3},{"damage":14,"enemies":"Centurion and Healer","floor":20,"turns":7},{"damage":10,"enemies":"Snecko","floor":21,"turns":2}],"seed_played":"6552740898613284689","potions_obtained":[{"floor":2,"key":"Poison Potion"},{"floor":5,"key":"Fire Potion"},{"floor":16,"key":"Strength Potion"}],"is_trial":false,"path_per_floor":["M","M","M","?","M","R","E","M","T","R","M","E","$","M","R","B",null,"M","M","M","M"],"character_chosen":"THE_SILENT","items_purchased":["Frozen Egg 2","Infinite Blades+1"],"campfire_rested":2,"item_purchase_floors":[13,13],"current_hp_per_floor":[58,58,58,40,32,32,19,19,19,38,32,25,25,21,40,11,52,34,22,8,0,0],"gold":170,"neow_bonus":"UPGRADE_CARD","is_daily":false,"chose_seed":false,"campfire_upgraded":1,"win_rate":0.0,"timestamp":1612135173,"path_taken":["M","M","M","?","M","R","E","M","T","R","M","E","?","M","R","BOSS","M","M","M","M"],"items_purchased_type":["Relic","Card"],"build_version":"2020-12-22","purchased_purges":0,"victory":false,"max_hp_per_floor":[66,66,66,66,66,66,66,66,66,66,66,66,66,66,66,66,66,66,66,66,66,66],"relic_stats":{"Nunchaku":[7],"counters":[14,67],"Bronze Scales":[129],"Art of War":[2],"Black Star":0,"MawBank":72,"obtain_stats":[{"Nunchaku":12,"Bronze Scales":9,"Art of War":4,"Black Star":17,"Frozen Egg 2":13,"MawBank":7,"Ring of the Snake":0},{"Nunchaku":8,"Bronze Scales":6,"Art of War":3,"Black Star":10,"Frozen Egg 2":8,"MawBank":5,"Ring of the Snake":0},{"Nunchaku":39,"Bronze Scales":29,"Art of War":13,"Black Star":50,"Frozen Egg 2":39,"MawBank":25,"Ring of the Snake":0}],"Ring of the Snake":[28]},"card_choices":[{"not_picked":["Bane","Crippling Poison"],"picked":"Sucker Punch","floor":1},{"not_picked":["PiercingWail","Acrobatics"],"picked":"All Out Attack","floor":2},{"not_picked":["Riddle With Holes","Heel Hook"],"picked":"Backstab","floor":3},{"not_picked":["Endless Agony","Flying Knee"],"picked":"Footwork","floor":5},{"not_picked":["Choke","Flying Knee","Accuracy"],"picked":"SKIP","floor":7},{"not_picked":["Slice","Prepared"],"picked":"Poisoned Stab","floor":8},{"not_picked":["Flying Knee","Underhanded Strike","Outmaneuver"],"picked":"SKIP","floor":11},{"not_picked":["Dash","Blade Dance"],"picked":"Deadly Poison","floor":12},{"not_picked":["Concentrate","Setup"],"picked":"Noxious Fumes+1","floor":14},{"not_picked":["Unload","Doppelganger"],"picked":"Envenom+1","floor":16},{"not_picked":["Underhanded Strike","Reflex"],"picked":"Dagger Spray","floor":18},{"not_picked":["Concentrate","Flechettes"],"picked":"Cloak And Dagger","floor":19},{"not_picked":["Prepared","Deadly Poison"],"picked":"Cloak And Dagger","floor":20}],"player_experience":3175206,"relics_obtained":[{"floor":7,"key":"MawBank"},{"floor":9,"key":"Bronze Scales"},{"floor":12,"key":"Nunchaku"}],"event_choices":[{"damage_healed":0,"gold_gain":0,"player_choice":"Success","damage_taken":18,"relics_obtained":["Art of War"],"max_hp_gain":0,"max_hp_loss":0,"event_name":"Scrap Ooze","floor":4,"gold_loss":0}],"is_beta":false,"boss_relics":[{"not_picked":["Busted Crown","WristBlade"],"picked":"Black Star"}],"items_purged_floors":[],"is_endless":false,"potions_floor_spawned":[2,5,8,11,16,18,20],"killed_by":"Snecko","ascension_level":20}}