{"host":"yrnalve8h0i0utgz","time":1612053064,"event":{"mods":["BaseMod","Bestiary","Minty Spire (QoL Compilation)","StSLib","SuperFastMode"],"gold_per_floor":[99,99,99,99,69,69,69,69,69,69,69,69,69,69,69,69,69,69,69,69,69,69,69,69,69,69,69,69,69,69,69,69,69,69],"floor_reached":33,"language":"ENG","playtime":1114,"items_purged":[],"score":408,"play_id":"0510af61-243b-451a-92a1-339d0a01d1c1","local_time":"20210131013104","is_ascension_mode":true,"campfire_choices":[{"data":"Anger","floor":6,"key":"SMITH"},{"data":"Pummel","floor":8,"key":"SMITH"},{"data":"Whirlwind","floor":12,"key":"SMITH"},{"data":"Flame Barrier","floor":15,"key":"SMITH"},{"data":"Immolate","floor":23,"key":"SMITH"},{"floor":27,"key":"REST"},{"data":"Power Through","floor":29,"key":"SMITH"},{"data":"Defend_R","floor":32,"key":"SMITH"}],"circlet_count":0,"master_deck":["Strike_R","Strike_R","Strike_R","Strike_R","Defend_R","Defend_R","Defend_R+1","Defend_R","Bash","Anger+1","Power Through+1","Burning Pact","Headbutt","Pummel+1","Whirlwind+1","Flame Barrier+1","Uppercut","Immolate+1","Battle Trance","Burning Pact+1","Uppercut+1"],"relics":["Ectoplasm","Lantern","Anchor","Bronze Scales","Matryoshka","SlaversCollar","Eternal Feather","Smiling Mask","Centennial Puzzle","Nilry\u0027s Codex","The Courier"],"acts_visited":["Exordium","TheCity"],"potions_floor_usage":[7,16,16,16,25,31,31,33],"damage_taken":[{"damage":7,"enemies":"2 Louse","floor":1,"turns":3},{"damage":6,"enemies":"Cultist","floor":2,"turns":3},{"damage":3,"enemies":"Small Slimes","floor":4,"turns":3},{"damage":1,"enemies":"Looter","floor":5,"turns":3},{"damage":22,"enemies":"Gremlin Nob","floor":7,"turns":4},{"damage":0,"enemies":"2 Fungi Beasts","floor":10,"turns":3},{"damage":0,"enemies":"3 Sentries","floor":11,"turns":4},{"damage":0,"enemies":"Large Slime","floor":13,"turns":3},{"damage":10,"enemies":"The Guardian","floor":16,"turns":11},{"damage":0,"enemies":"Chosen","floor":18,"turns":4},{"damage":6,"enemies":"Spheric Guardian","floor":19,"turns":3},{"damage":0,"enemies":"Cultist and Chosen","floor":20,"turns":3},{"damage":0,"enemies":"Snecko","floor":21,"turns":4},{"damage":11,"enemies":"Shelled Parasite and Fungi","floor":22,"turns":4},{"damage":24,"enemies":"Book of Stabbing","floor":24,"turns":5},{"damage":24,"enemies":"Cultist and Chosen","floor":25,"turns":5},{"damage":0,"enemies":"Snake Plant","floor":28,"turns":3},{"damage":6,"enemies":"Slavers","floor":31,"turns":4},{"damage":81,"enemies":"Automaton","floor":33,"turns":6}],"seed_played":"-5271876749085253494","potions_obtained":[{"floor":1,"key":"AttackPotion"},{"floor":2,"key":"EssenceOfSteel"},{"floor":11,"key":"Strength Potion"},{"floor":13,"key":"AttackPotion"},{"floor":21,"key":"BloodPotion"},{"floor":24,"key":"Weak Potion"},{"floor":25,"key":"DuplicationPotion"},{"floor":31,"key":"PowerPotion"}],"is_trial":false,"path_per_floor":["M","M","?","M","M","R","E","R","T","M","E","R","M","?","R","B",null,"M","M","M","M","M","R","E","M","T","R","M","R","?","E","R","B"],"character_chosen":"IRONCLAD","items_purchased":[],"campfire_rested":1,"item_purchase_floors":[],"current_hp_per_floor":[73,67,67,64,63,63,41,41,41,41,41,41,41,38,38,28,67,67,61,61,61,50,50,26,18,18,54,54,66,50,44,56,0,0],"gold":69,"neow_bonus":"BOSS_RELIC","is_daily":false,"chose_seed":false,"campfire_upgraded":7,"win_rate":0.0,"timestamp":1612053064,"path_taken":["M","M","?","?","M","R","E","R","T","M","E","R","M","?","R","BOSS","M","M","M","M","M","R","E","M","T","R","M","R","?","E","R","BOSS"],"items_purchased_type":[],"build_version":"2020-12-22","purchased_purges":0,"victory":false,"max_hp_per_floor":[80,80,80,80,80,80,80,80,80,80,80,80,80,80,80,80,80,80,80,80,80,80,80,80,80,80,80,80,80,80,80,80,80,80],"card_choices":[{"not_picked":["Blood for Blood","Flex"],"picked":"Anger","floor":1},{"not_picked":["Sword Boomerang","Warcry"],"picked":"Power Through","floor":2},{"not_picked":["Shrug It Off","Power Through"],"picked":"Burning Pact","floor":4},{"not_picked":["Twin Strike","Second Wind"],"picked":"Headbutt","floor":5},{"not_picked":["Sword Boomerang","Fiend Fire"],"picked":"Pummel","floor":7},{"not_picked":["Perfected Strike","Burning Pact"],"picked":"Whirlwind","floor":10},{"not_picked":["Evolve","Blood for Blood"],"picked":"Flame Barrier","floor":11},{"not_picked":["Wild Strike","Combust"],"picked":"Uppercut","floor":13},{"not_picked":["Reaper","Bludgeon"],"picked":"Immolate","floor":16},{"not_picked":["Anger","Second Wind","Whirlwind"],"picked":"SKIP","floor":18},{"not_picked":["Heavy Blade","Dropkick"],"picked":"Battle Trance","floor":19},{"not_picked":["Sword Boomerang","Thunderclap+1"],"picked":"Burning Pact+1","floor":20},{"not_picked":["Sever Soul","Perfected Strike","Sword Boomerang"],"picked":"SKIP","floor":21},{"not_picked":["Anger","Warcry","Exhume"],"picked":"SKIP","floor":22},{"not_picked":["Cleave","Entrench"],"picked":"Uppercut+1","floor":24},{"not_picked":["Flame Barrier","Hemokinesis","Thunderclap"],"picked":"SKIP","floor":25},{"not_picked":["Cleave","Headbutt+1","Searing Blow"],"picked":"SKIP","floor":28},{"not_picked":["Metallicize","Whirlwind","Clothesline"],"picked":"SKIP","floor":31}],"player_experience":243607,"relics_obtained":[{"floor":7,"key":"Lantern"},{"floor":9,"key":"Anchor"},{"floor":11,"key":"Bronze Scales"},{"floor":24,"key":"Eternal Feather"},{"floor":26,"key":"Smiling Mask"},{"floor":26,"key":"Centennial Puzzle"},{"floor":30,"key":"Nilry\u0027s Codex"},{"floor":31,"key":"The Courier"}],"event_choices":[{"cards_removed":["Strike_R"],"damage_healed":0,"gold_gain":0,"player_choice":"Purged","damage_taken":0,"max_hp_gain":0,"max_hp_loss":0,"event_name":"Purifier","floor":3,"gold_loss":0},{"damage_healed":0,"gold_gain":0,"player_choice":"Success","damage_taken":3,"relics_obtained":["Matryoshka"],"max_hp_gain":0,"max_hp_loss":0,"event_name":"Scrap Ooze","floor":14,"gold_loss":0},{"damage_healed":0,"gold_gain":0,"player_choice":"Obtained Book","damage_taken":16,"max_hp_gain":0,"max_hp_loss":0,"event_name":"Cursed Tome","floor":30,"gold_loss":0}],"is_beta":false,"boss_relics":[{"not_picked":["Mark of Pain","Tiny House"],"picked":"SlaversCollar"}],"items_purged_floors":[],"is_endless":false,"potions_floor_spawned":[1,2,11,13,21,24,25,31],"killed_by":"Automaton","ascension_level":5}}