{"host":"9v3x998ddbx8o276","time":1612052462,"event":{"mods":["AchievementEnabler","BaseMod","Colored Map","Colored Powertips","Highlight Path","Minty Spire (QoL Compilation)","Quick Restart","Rare Cards Sparkle"],"gold_per_floor":[118,137,137,152,171,198,4,4,4,31,31,31,31,25,25,145,145,168,193,44,58,58,97,97,117,117,117,117,141,166,190,190,321,321,339,339,35,62,87,130,130,148,222,222,247,261,261,277,277,277,277],"floor_reached":50,"language":"ENG","playtime":2603,"items_purged":["Strike_R"],"score":531,"play_id":"a75d486e-be95-458d-b222-6e67cb1c667d","local_time":"20210131105102","is_ascension_mode":false,"campfire_choices":[{"data":"Inflame","floor":8.0,"key":"SMITH"},{"floor":11.0,"key":"REST"},{"data":"Flame Barrier","floor":13.0,"key":"SMITH"},{"floor":15.0,"key":"REST"},{"floor":24.0,"key":"REST"},{"data":"Feed","floor":27.0,"key":"SMITH"},{"floor":32.0,"key":"REST"},{"floor":41,"key":"REST"},{"floor":44,"key":"REST"},{"floor":47,"key":"REST"},{"floor":49,"key":"REST"}],"circlet_count":0,"master_deck":["Bash","Juggernaut","Clothesline","Inflame+1","Flame Barrier+1","Combust","Dropkick","Feel No Pain","Feel No Pain","True Grit","Demon Form","Rage","Shrug It Off","Pummel","Body Slam","Dual Wield","Second Wind","Whirlwind","Reaper","Blood for Blood","Shrug It Off","Infernal Blade","Feed+1","True Grit","Warcry","Pommel Strike+1","Sword Boomerang+1","Corruption","Flame Barrier+1","Flame Barrier","Power Through+1"],"relics":["Burning Blood","Potion Belt","Centennial Puzzle","Shuriken","Golden Idol","Pandora\u0027s Box","Toolbox","Unceasing Top","Champion Belt","Fusion Hammer","FossilizedHelix","Oddly Smooth Stone","Toy Ornithopter","Singing Bowl"],"acts_visited":["Exordium","TheCity","TheBeyond"],"potions_floor_usage":[33,33,33,33,50,50,50],"damage_taken":[{"damage":4.0,"enemies":"Cultist","floor":1.0,"turns":4.0},{"damage":0.0,"enemies":"Small Slimes","floor":2.0,"turns":3.0},{"damage":5.0,"enemies":"2 Louse","floor":4.0,"turns":2.0},{"damage":13.0,"enemies":"Lots of Slimes","floor":5.0,"turns":5.0},{"damage":18.0,"enemies":"3 Sentries","floor":6.0,"turns":8.0},{"damage":43.0,"enemies":"Gremlin Nob","floor":10.0,"turns":6.0},{"damage":5.0,"enemies":"Exordium Thugs","floor":14.0,"turns":4.0},{"damage":34.0,"enemies":"Slime Boss","floor":16.0,"turns":10.0},{"damage":29.0,"enemies":"Chosen","floor":18.0,"turns":10.0},{"damage":16.0,"enemies":"Shell Parasite","floor":19.0,"turns":7.0},{"damage":0.0,"enemies":"Snake Plant","floor":21.0,"turns":6.0},{"damage":40.0,"enemies":"Gremlin Leader","floor":23.0,"turns":6.0},{"damage":23.0,"enemies":"Centurion and Healer","floor":25.0,"turns":10.0},{"damage":21.0,"enemies":"3 Cultists","floor":29.0,"turns":4.0},{"damage":20.0,"enemies":"Snake Plant","floor":30.0,"turns":5.0},{"damage":42.0,"enemies":"Chosen and Byrds","floor":31.0,"turns":12.0},{"damage":55,"enemies":"Collector","floor":33,"turns":9},{"damage":15,"enemies":"Orb Walker","floor":35,"turns":4},{"damage":88,"enemies":"3 Shapes","floor":39,"turns":9},{"damage":10,"enemies":"Nemesis","floor":40,"turns":7},{"damage":37,"enemies":"Sphere and 2 Shapes","floor":42,"turns":6},{"damage":46,"enemies":"4 Shapes","floor":45,"turns":6},{"damage":22,"enemies":"Transient","floor":46,"turns":5},{"damage":10,"enemies":"3 Darklings","floor":48,"turns":6},{"damage":115,"enemies":"Awakened One","floor":50,"turns":11}],"seed_played":"-3390197356873417569","potions_obtained":[{"floor":2.0,"key":"EssenceOfSteel"},{"floor":6.0,"key":"Weak Potion"},{"floor":14.0,"key":"CultistPotion"},{"floor":16.0,"key":"Block Potion"},{"floor":18.0,"key":"EssenceOfSteel"},{"floor":21.0,"key":"SkillPotion"},{"floor":23.0,"key":"Energy Potion"},{"floor":29.0,"key":"DistilledChaos"},{"floor":31.0,"key":"DuplicationPotion"},{"floor":39,"key":"FairyPotion"},{"floor":40,"key":"PowerPotion"},{"floor":45,"key":"DuplicationPotion"}],"is_trial":false,"path_per_floor":["M","M","?","M","M","E","$","R","T","E","R","?","R","M","R","B",null,"M","M","$","M","$","E","R","M","T","R","?","M","M","M","R","B",null,"M","?","$","T","M","E","R","M","T","R","M","M","R","M","R","B"],"character_chosen":"IRONCLAD","items_purchased":["Feel No Pain","PowerPotion","Toolbox","FossilizedHelix"],"campfire_rested":8,"item_purchase_floors":[7,7,20,37],"current_hp_per_floor":[80,80,85,85,78,66,66,66,66,29,54,54,54,55,78,50,79,56,56,56,62,62,28,51,51,51,51,51,64,55,27,55,24,98,89,89,89,89,7,35,64,65,65,94,82,66,97,93,104,0,0],"gold":277,"neow_bonus":"ONE_RANDOM_RARE_CARD","is_daily":false,"chose_seed":false,"campfire_upgraded":3,"win_rate":0.0,"timestamp":1612052462,"path_taken":["M","?","?","M","M","E","$","R","T","E","R","?","R","M","R","BOSS","M","M","$","M","$","E","R","M","T","R","?","?","M","M","R","BOSS","M","?","$","?","M","E","R","M","T","R","M","M","R","M","R","BOSS"],"items_purchased_type":["Card","Potion","Relic","Relic"],"build_version":"2020-12-22","purchased_purges":1,"victory":false,"max_hp_per_floor":[80,80,85,85,85,85,85,85,85,85,85,79,79,79,79,79,79,79,79,79,79,79,79,79,82,82,82,82,86,86,94,94,98,98,98,98,98,98,98,98,98,98,98,98,104,104,104,104,104,104,104],"card_choices":[{"not_picked":["Clash","Thunderclap"],"picked":"Clothesline","floor":1.0},{"not_picked":["Headbutt","Warcry"],"picked":"Inflame","floor":2.0},{"not_picked":["Spot Weakness","Shockwave"],"picked":"Flame Barrier","floor":4.0},{"not_picked":["Shrug It Off","Cleave"],"picked":"Combust","floor":5.0},{"not_picked":["Anger","Body Slam"],"picked":"Dropkick","floor":6.0},{"not_picked":["Sever Soul","Armaments"],"picked":"Feel No Pain","floor":10.0},{"not_picked":["Heavy Blade","Clash"],"picked":"True Grit","floor":14.0},{"not_picked":["Double Tap","Juggernaut"],"picked":"Demon Form","floor":16.0},{"not_picked":["Fire Breathing","Shockwave"],"picked":"Blood for Blood","floor":18.0},{"not_picked":["Pommel Strike+1","Entrench"],"picked":"Shrug It Off","floor":19.0},{"not_picked":["Second Wind","Hemokinesis+1"],"picked":"Infernal Blade","floor":21.0},{"not_picked":["Body Slam+1","Intimidate"],"picked":"Feed","floor":23.0},{"not_picked":["True Grit","Shrug It Off","Entrench"],"picked":"SKIP","floor":25.0},{"not_picked":["Shrug It Off","Entrench"],"picked":"True Grit","floor":25.0},{"not_picked":["Perfected Strike","Whirlwind"],"picked":"Warcry","floor":29.0},{"not_picked":["Blood for Blood","Infernal Blade"],"picked":"Pommel Strike+1","floor":30.0},{"not_picked":["Blood for Blood","Flex"],"picked":"Sword Boomerang+1","floor":31.0},{"not_picked":["Offering","Double Tap"],"picked":"Corruption","floor":33},{"not_picked":["Clash+1","Twin Strike+1","Thunderclap+1"],"picked":"SKIP","floor":35},{"not_picked":["Cleave","Shrug It Off+1","Iron Wave"],"picked":"SKIP","floor":39},{"not_picked":["Heavy Blade","Headbutt"],"picked":"Flame Barrier+1","floor":40},{"not_picked":["Headbutt","Berserk","Pommel Strike+1"],"picked":"SKIP","floor":42},{"not_picked":["Headbutt","Havoc+1","Shockwave"],"picked":"Singing Bowl","floor":45},{"not_picked":["Pommel Strike","Iron Wave"],"picked":"Flame Barrier","floor":46},{"not_picked":["Inflame","Uppercut+1"],"picked":"Power Through+1","floor":48}],"player_experience":1679051,"relics_obtained":[{"floor":6.0,"key":"Potion Belt"},{"floor":9.0,"key":"Centennial Puzzle"},{"floor":10.0,"key":"Shuriken"},{"floor":23.0,"key":"Unceasing Top"},{"floor":26.0,"key":"Champion Belt"},{"floor":38,"key":"Oddly Smooth Stone"},{"floor":40,"key":"Toy Ornithopter"},{"floor":43,"key":"Singing Bowl"}],"event_choices":[{"damage_healed":0.0,"max_hp_gain":5.0,"max_hp_loss":0.0,"gold_gain":0.0,"event_name":"Big Fish","player_choice":"Donut","floor":3.0,"gold_loss":0.0,"damage_taken":0.0},{"damage_healed":0.0,"max_hp_gain":0.0,"max_hp_loss":6.0,"gold_gain":0.0,"event_name":"Golden Idol","player_choice":"Lose Max HP","floor":12.0,"gold_loss":0.0,"damage_taken":0.0,"relics_obtained":["Golden Idol"]},{"damage_healed":0.0,"max_hp_gain":0.0,"max_hp_loss":0.0,"gold_gain":0.0,"event_name":"The Woman in Blue","player_choice":"Bought 0 Potions","floor":28.0,"gold_loss":0.0,"damage_taken":0.0},{"damage_healed":0,"gold_gain":0,"player_choice":"0 cards matched","damage_taken":0,"max_hp_gain":0,"max_hp_loss":0,"event_name":"Match and Keep!","floor":36,"gold_loss":0,"cards_obtained":[]}],"is_beta":false,"boss_relics":[{"not_picked":["Runic Cube","SlaversCollar"],"picked":"Pandora\u0027s Box"},{"not_picked":["Sozu","Mark of Pain"],"picked":"Fusion Hammer"}],"items_purged_floors":[7],"is_endless":false,"potions_floor_spawned":[2,6,14,16,18,21,23,29,31,39,40,45],"killed_by":"Awakened One","ascension_level":0}}