{"host":"eaiphzh066bwqdh7","time":1612126047,"event":{"mods":["BaseMod","Better Note","Halation","Hubris","Minty Spire (QoL Compilation)","Reliquary","Replay The Spire","StSLib"],"gold_per_floor":[19,29,29,44,9,9,33,33,33,33,51,64,64,98,98,194,244,257,332,344,361,390,390,408,408,434,448,448,448,448,448,448,552,552,568,568,582,582,599,599,627,627,627,627,627,627],"floor_reached":45,"language":"ENG","playtime":1227,"items_purged":[],"score":536,"play_id":"2262414c-b6f4-4b73-82d6-441fbfc3ba0b","local_time":"20210131154727","is_ascension_mode":true,"campfire_choices":[{"data":"Static Discharge","floor":6,"key":"SMITH"},{"floor":13,"key":"REST"},{"floor":15,"key":"REST"},{"floor":23,"key":"REST"},{"floor":25,"key":"REST"},{"floor":32,"key":"REST"},{"data":"1","floor":40,"key":"LIFT"},{"data":"Fission","floor":42,"key":"SMITH"},{"floor":44,"key":"REST"}],"circlet_count":0,"master_deck":["Strike_B+1","Strike_B+1","Defend_B","Defend_B","Defend_B","Defend_B","Zap","Dualcast","Static Discharge+1","Capacitor","Static Discharge+1","Multi-Cast","Conserve Battery","Steam","Self Repair","Loop+1","Doom and Gloom+1","Conserve Battery+1","Fission+1","Machine Learning","Leap+1","Replay:Bootleg Shield Generator","Leap+1","Consume+1"],"relics":["Cracked Core","Whetstone","Carrot","halation:PinkSoulGem","hubris:TenFootPole","Tiny House","Girya","Replay:Antivirus Software","hubris:Towel","Prayer Wheel","halation:PinkAlligatorPlush","Meat on the Bone","reliquary:NewFriend"],"acts_visited":["Exordium","TheCity","TheBeyond"],"potions_floor_usage":[16,16,33,33,33,39],"damage_taken":[{"damage":6,"enemies":"Cultist","floor":1,"turns":4},{"damage":4,"enemies":"Jaw Worm","floor":2,"turns":3},{"damage":3,"enemies":"2 Louse","floor":4,"turns":2},{"damage":15,"enemies":"Gremlin Gang","floor":11,"turns":3},{"damage":10,"enemies":"Exordium Wildlife","floor":12,"turns":4},{"damage":20,"enemies":"3 Sentries","floor":14,"turns":4},{"damage":45,"enemies":"The Guardian","floor":16,"turns":9},{"damage":11,"enemies":"Shell Parasite","floor":18,"turns":5},{"damage":31,"enemies":"Chosen","floor":20,"turns":5},{"damage":13,"enemies":"3 Cultists","floor":21,"turns":4},{"damage":0,"enemies":"Sentry and Sphere","floor":24,"turns":1},{"damage":39,"enemies":"Snake Plant","floor":27,"turns":4},{"damage":45,"enemies":"Collector","floor":33,"turns":6},{"damage":21,"enemies":"3 Shapes","floor":35,"turns":2},{"damage":46,"enemies":"Orb Walker","floor":37,"turns":5},{"damage":29,"enemies":"Writhing Mass","floor":39,"turns":4},{"damage":72,"enemies":"Nemesis","floor":41,"turns":7},{"damage":49,"enemies":"Sphere and 2 Shapes","floor":45,"turns":3}],"seed_played":"1351817783904466405","potions_obtained":[{"floor":11,"key":"Fire Potion"},{"floor":12,"key":"Languid Potion"},{"floor":14,"key":"Milkshake"},{"floor":16,"key":"Milkshake"},{"floor":17,"key":"FocusPotion"},{"floor":35,"key":"EssenceOfSteel"}],"is_trial":false,"path_per_floor":["M","M","$","M","?","R","T","$","T","?","M","M","R","E","R","B",null,"M","?","M","M","?","R","M","R","T","M","?","?","?","?","R","B",null,"M","?","M","?","M","R","E","R","T","R","M"],"character_chosen":"DEFECT","items_purchased":[],"campfire_rested":6,"item_purchase_floors":[],"current_hp_per_floor":[69,65,65,62,75,75,75,75,75,75,60,50,72,52,74,29,80,69,65,34,28,18,42,42,66,66,34,34,29,29,29,54,16,85,64,64,25,25,85,85,20,20,20,45,0,0],"gold":627,"neow_bonus":"REMOVE_TWO","is_daily":false,"chose_seed":false,"campfire_upgraded":2,"win_rate":0.0,"timestamp":1612126047,"path_taken":["M","M","$","M","?","R","?","$","T","?","M","M","R","E","R","BOSS","M","?","?","M","?","R","M","R","T","M","?","?","?","?","R","BOSS","M","?","M","?","M","R","E","R","T","R","M"],"items_purchased_type":[],"build_version":"2020-12-22","purchased_purges":0,"victory":false,"max_hp_per_floor":[75,75,75,75,75,75,75,75,75,75,75,75,75,75,75,75,80,80,80,80,80,80,80,80,80,80,80,80,85,85,85,85,85,85,85,85,85,85,85,85,85,85,85,85,85,85],"card_choices":[{"not_picked":["Coolheaded","hubris:PowerSurge"],"picked":"Static Discharge","floor":1},{"not_picked":["Panic Button","Rip and Tear","Hologram"],"picked":"SKIP","floor":2},{"not_picked":["Rebound","FTL"],"picked":"Capacitor","floor":4},{"not_picked":["Stack","Gash"],"picked":"Static Discharge","floor":11},{"not_picked":["ReplaySolidLightProjector","Sweeping Beam","Panic Button"],"picked":"SKIP","floor":12},{"not_picked":["Reboot","Coolheaded"],"picked":"Multi-Cast","floor":14},{"not_picked":["Reboot","Multi-Cast"],"picked":"ReplayTheSpireMod:Fabricate Wheel","floor":16},{"not_picked":["ReplayTheSpireMod:GoodbyeWorld","Coolheaded"],"picked":"Conserve Battery","floor":17},{"not_picked":["Cold Snap","Scrape"],"picked":"Steam","floor":18},{"not_picked":["Redo","Streamline"],"picked":"Self Repair","floor":20},{"not_picked":["ReplayTheSpireMod:Repulse","Chill"],"picked":"Loop+1","floor":21},{"not_picked":["Steam","Chill"],"picked":"Doom and Gloom+1","floor":22},{"not_picked":["Gash","Beam Cell+1"],"picked":"Conserve Battery+1","floor":24},{"not_picked":["Rip and Tear+1","ReplayGash","Steam"],"picked":"SKIP","floor":27},{"not_picked":["Mirror Shield","Meteor Strike"],"picked":"Machine Learning","floor":33},{"not_picked":["Steam Power","Barrage+1"],"picked":"Leap+1","floor":35},{"not_picked":["Stack","Conserve Battery","FIFO Queue+1"],"picked":"SKIP","floor":35},{"not_picked":["ReplayTheSpireMod:Private Reserves","Survey Options"],"picked":"Replay:Bootleg Shield Generator","floor":36},{"not_picked":["Streamline","Cold Snap+1"],"picked":"Leap+1","floor":37},{"not_picked":["Ball Lightning+1","Coolheaded+1"],"picked":"Consume+1","floor":37},{"not_picked":["BasicCrystalCard","Melter+1","Conserve Battery"],"picked":"SKIP","floor":41}],"player_experience":218374,"relics_obtained":[{"floor":7,"key":"Whetstone"},{"floor":9,"key":"Carrot"},{"floor":14,"key":"hubris:TenFootPole"},{"floor":22,"key":"Girya"},{"floor":26,"key":"Replay:Antivirus Software"},{"floor":41,"key":"Meat on the Bone"},{"floor":43,"key":"reliquary:NewFriend"}],"event_choices":[{"damage_healed":18,"gold_gain":0,"player_choice":"Healed","damage_taken":0,"max_hp_gain":0,"max_hp_loss":0,"event_name":"The Cleric","floor":5,"gold_loss":35},{"damage_healed":0,"gold_gain":75,"player_choice":"Touch","damage_taken":8,"max_hp_gain":0,"max_hp_loss":0,"event_name":"FaceTrader","floor":19,"gold_loss":0},{"damage_healed":0,"gold_gain":0,"player_choice":"Shed Blood","damage_taken":20,"max_hp_gain":5,"max_hp_loss":0,"event_name":"Forgotten Altar","floor":29,"gold_loss":0},{"damage_healed":0,"gold_gain":0,"player_choice":"Ignored","damage_taken":0,"max_hp_gain":0,"max_hp_loss":0,"event_name":"Ghosts","floor":30,"gold_loss":0},{"damage_healed":0,"gold_gain":0,"player_choice":"Memory 1","damage_taken":0,"max_hp_gain":0,"max_hp_loss":0,"event_name":"SensoryStone","floor":36,"gold_loss":0}],"is_beta":false,"boss_relics":[{"not_picked":["Ectoplasm","ReplayTheSpireMod:DimensionalGlitch"],"picked":"Tiny House"},{"not_picked":["hubris:TerracottaHorce","Replay:Grab Bag"],"picked":"halation:PinkAlligatorPlush"}],"items_purged_floors":[],"is_endless":false,"potions_floor_spawned":[11,12,14,16,21,27,35],"killed_by":"Sphere and 2 Shapes","ascension_level":3}}