{"host":"roto7j7840a50pxh","time":1612084146,"event":{"mods":["Act Like it!","BaseMod","Better Altar","Better Note","Better Sensory Stone","Better Skull","Better Third Choice","BetterRewards","Colored Map","Colored Powertips","Downfall","Hermit","Highlight Path","Hubris","Infinite Spire","Minty Spire (QoL Compilation)","Replay The Spire","Robot Space Explorer","Shade Mod","Spicy Shops","StSLib","The Construct","The Cursed","The Dragon Tamer","The Hierophant","The Necromancer","The Runesmith","The Servant 0.9.4","TheVacant"],"gold_per_floor":[99,99,118,134,147,160,160,194,194,37,37,65,65,65,76,177,177,177,11,28,28,45,45,45,45,259,259,291,12,12,43,55,160,160,160,177,177,177,187,462,539,569,477,477,497,510,510,10,25,25],"floor_reached":51,"language":"ENG","playtime":6771,"items_purged":["Overencumbered","Regret"],"score":832,"play_id":"05eece07-6635-4560-845d-3149c9be8bf5","local_time":"20210131040906","is_ascension_mode":true,"campfire_choices":[{"data":"champ:Execute","floor":1.0,"key":"SMITH"},{"data":"champ:Taunt","floor":9.0,"key":"SMITH"},{"data":"champ:BladeFlurry","floor":11.0,"key":"SMITH"},{"floor":13.0,"key":"REST"},{"data":"1","floor":18.0,"key":"LIFT"},{"data":"2","floor":25.0,"key":"LIFT"},{"data":"3","floor":30.0,"key":"LIFT"},{"data":"Feed","floor":35.0,"key":"SMITH"},{"data":"Feed","floor":44.0,"key":"SMITH"}],"circlet_count":0,"master_deck":["champ:Strike","champ:Strike","champ:Strike","champ:Strike","champ:Defend","champ:Defend","champ:Defend","champ:Defend","champ:Execute+1","champ:Taunt+1","Swift Strike","champ:HeartStrike","champ:FanOfKnives","champ:DefensiveShout","Twin Strike","champ:DeathBlow","champ:BladeFlurry+1","champ:BringItOn","champ:GutPunch","champ:BladeFlurry","champ:EnGarde+1","champ:Lariat","champ:StrikeOfGenius","CurseOfTheBell","champ:AdrenalArmor+1","champ:RisingSlash","champ:RageSigil","champ:EnGarde","champ:BerserkersShout","hubris:InfiniteBlow+600","infinitespire:Collect","Heavy Blade","champ:DefensiveShout","champ:AdrenalArmor","champ:IgnorePain","ReplayTheSpireMod:Muscle Training+1","champ:IronFortress","champ:RisingSlash","Feed+1","champ:FancyFootwork+1","Feed+1","champ:GutPunch+1","champ:RageSigil+1","champ:ShieldWall","Clumsy","champ:Improvising","champ:TripleStrike"],"relics":["m_IronCrown","hubris:DisguiseKit","ReplayTheSpireMod:Lightbulb","hexamod:Sixitude","Calling Bell","Lantern","infinitespire:Eraser","Girya","Potion Belt","Medical Kit","Centennial Puzzle","Replay:Bottled Flurry","Membership Card","Juzu Bracelet","Busted Crown","hubris:Towel","Blue Candle","Kunai","hubris:Potato","ReplayTheSpireMod:CursedCoin","Runesmith:AutoHammer","StrikeDummy"],"acts_visited":["Exordium","TheCity","TheBeyond"],"potions_floor_usage":[50,50,50,50,50,50],"damage_taken":[{"damage":14.0,"enemies":"2 Louse","floor":3.0,"turns":4.0},{"damage":16.0,"enemies":"Jaw Worm","floor":4.0,"turns":2.0},{"damage":20.0,"enemies":"Cultist","floor":5.0,"turns":3.0},{"damage":33.0,"enemies":"3 Louse","floor":6.0,"turns":4.0},{"damage":48.0,"enemies":"3 Sentries","floor":8.0,"turns":8.0},{"damage":35.0,"enemies":"downfall:FleeingMerchant","floor":10.0,"turns":4.0},{"damage":46.0,"enemies":"Gremlin Nob","floor":12.0,"turns":4.0},{"damage":0.0,"enemies":"Large Slime","floor":15.0,"turns":2.0},{"damage":64.0,"enemies":"SI_SHIV_ARCHETYPE","floor":16.0,"turns":8.0},{"damage":65.0,"enemies":"downfall:FleeingMerchant","floor":19.0,"turns":4.0},{"damage":22.0,"enemies":"Spheric Guardian","floor":20.0,"turns":4.0},{"damage":38.0,"enemies":"Snake Plant","floor":22.0,"turns":4.0},{"damage":25.0,"enemies":"downfall:FleeingMerchant","floor":26.0,"turns":2.0},{"damage":62.0,"enemies":"Slavers","floor":28.0,"turns":5.0},{"damage":0.0,"enemies":"Book of Stabbing","floor":31.0,"turns":3.0},{"damage":0.0,"enemies":"Snecko","floor":32.0,"turns":1.0},{"damage":38.0,"enemies":"DF_ARCHETYPE_CLAW","floor":33.0,"turns":5.0},{"damage":16.0,"enemies":"3 Shapes","floor":36.0,"turns":3.0},{"damage":3.0,"enemies":"Orb Walker","floor":39.0,"turns":2.0},{"damage":64.0,"enemies":"Reptomancer","floor":42.0,"turns":4.0},{"damage":0.0,"enemies":"Transient","floor":45.0,"turns":5.0},{"damage":14.0,"enemies":"Jaw Worm Horde","floor":46.0,"turns":4.0},{"damage":16.0,"enemies":"Spire Growth","floor":49.0,"turns":4.0},{"damage":25,"enemies":"IC_BLOCK_ARCHETYPE","floor":50,"turns":6}],"seed_played":"7433206530229388833","potions_obtained":[{"floor":3.0,"key":"Languid Potion"},{"floor":6.0,"key":"champ:TechniquePotion"},{"floor":8.0,"key":"Energy Potion"},{"floor":16.0,"key":"Strength Potion"},{"floor":22.0,"key":"ColorlessPotion"},{"floor":32.0,"key":"BlessingOfTheForge"},{"floor":33.0,"key":"Fire Potion"},{"floor":36.0,"key":"GamblersBrew"},{"floor":45.0,"key":"SpeedPotion"},{"floor":46.0,"key":"bronze:BurnAndBuffPotion"}],"is_trial":false,"path_per_floor":["R","?","M","M","M","M","T","E","R","$","R","E","R","?","M","B",null,"R","$","M","?","M","AVR","T","R","$","?","E","$","R","E","M","B",null,"R","M","?","?","M","?","T","E","$","R","M","M","?","$","M","B",null],"character_chosen":"THE_CHAMP","items_purchased":["champ:BringItOn","champ:GutPunch","champ:BladeFlurry","Potion Belt","champ:RisingSlash","champ:DefensiveShout","champ:AdrenalArmor","Membership Card","ReplayTheSpireMod:Muscle Training+1","champ:IronFortress","champ:RisingSlash","champ:ShieldWall","hubris:Potato","ReplayTheSpireMod:CursedCoin","Swift Potion","Runesmith:AutoHammer","champ:UltimateStancePotion","StrikeDummy","champ:Improvising","champ:TripleStrike","AttackPotion","Venom Potion"],"campfire_rested":1,"item_purchase_floors":[10,10,10,19,19,26,26,29,29,29,29,43,43,43,43,48,48,48,48,48,48,48],"current_hp_per_floor":[90,90,90,90,90,78,78,56,56,62,62,42,69,69,75,62,90,90,86,75,75,73,73,73,73,79,79,68,68,68,74,80,73,90,90,97,97,92,99,99,99,86,86,86,101,105,105,105,95,105],"gold":25,"neow_bonus":"RANDOM_COLORLESS","is_daily":false,"chose_seed":false,"campfire_upgraded":5,"win_rate":0.0,"timestamp":1612084146,"path_taken":["R","?","M","M","M","M","T","E","R","$","R","E","R","?","M","BOSS","R","$","M","?","M","AVR","T","R","?","?","E","$","R","E","M","BOSS","R","M","?","?","M","?","T","E","?","R","M","M","?","$","M","BOSS"],"items_purchased_type":["Card","Card","Card","Relic","Card","Card","Card","Relic","Card","Card","Card","Card","Relic","Relic","Potion","Relic","Potion","Relic","Card","Card","Potion","Potion"],"build_version":"2020-12-22","purchased_purges":2,"victory":true,"max_hp_per_floor":[90,90,90,90,90,90,90,90,90,90,90,90,90,90,90,90,90,90,90,90,90,90,90,90,90,90,90,90,90,90,90,90,90,90,90,97,97,97,101,101,101,101,101,101,101,105,105,105,105,105],"card_choices":[{"not_picked":["Enlightenment","hubris:Insight"],"picked":"Swift Strike","floor":0.0},{"not_picked":["champ:CrownThrow","Combust"],"picked":"champ:HeartStrike","floor":3.0},{"not_picked":["Rupture","champ:EnragedBash"],"picked":"champ:FanOfKnives","floor":4.0},{"not_picked":["champ:Shatter","champ:PerfectedStrike"],"picked":"champ:DefensiveShout","floor":5.0},{"not_picked":["Heavy Blade","champ:RecklessLeap"],"picked":"Twin Strike","floor":6.0},{"not_picked":["champ:BerserkersShout","ReplayTheSpireMod:Muscle Training","Guardian:PiercingHide"],"picked":"champ:DeathBlow","floor":8.0},{"not_picked":["champ:BringItOn","champ:BerserkersShout","Guardian:Gem_Cyan"],"picked":"champ:BladeFlurry","floor":10.0},{"not_picked":["champ:StrikeOfGenius","champ:DefensiveShout","Guardian:Gem_Cyan"],"picked":"champ:EnGarde","floor":12.0},{"not_picked":["champ:FocusedDefense","champ:StanceDance","Guardian:ChargeCore"],"picked":"champ:Lariat","floor":15.0},{"not_picked":["champ:DancingMaster","champ:Devastate","Guardian:GemFinder"],"picked":"champ:StrikeOfGenius","floor":16.0},{"not_picked":["champ:BerserkersShout","champ:FlashCut","Guardian:Orbwalk"],"picked":"champ:AdrenalArmor+1","floor":19.0},{"not_picked":["Twin Strike","champ:ViciousMockery","Guardian:CrystalBeam"],"picked":"champ:RageSigil","floor":20.0},{"not_picked":["champ:PerfectedStrike","Twin Strike","Guardian:Incinerate"],"picked":"champ:BerserkersShout","floor":22.0},{"not_picked":["champ:GladiatorStyle","champ:PreciseThrust","Guardian:Incinerate"],"picked":"Heavy Blade","floor":26.0},{"not_picked":["champ:MurderStrike","champ:PreciseThrust+1","Guardian:WalkerClaw"],"picked":"champ:IgnorePain","floor":28.0},{"not_picked":["champ:ShieldSigil","champ:RecklessLeap","Guardian:TimeCapacitor"],"picked":"Feed","floor":31.0},{"not_picked":["champ:PerfectedStrike","champ:PreemptiveStrike","Guardian:Reroute"],"picked":"champ:FancyFootwork+1","floor":32.0},{"not_picked":["champ:DancingMaster","champ:HeavySlash","Guardian:Gem_Orange"],"picked":"Feed","floor":33.0},{"not_picked":["Guardian:Gem_Cyan"],"picked":"champ:GutPunch+1","floor":36.0},{"not_picked":["Guardian:TemporalShield"],"picked":"champ:RageSigil+1","floor":39.0},{"not_picked":["champ:Haymaker","Guardian:Gem_Green"],"picked":"SKIP","floor":42.0},{"not_picked":["champ:PreciseThrust+1","Guardian:EvasiveProtocol"],"picked":"SKIP","floor":45.0},{"not_picked":["champ:PreciseThrust+1","Guardian:EvasiveProtocol"],"picked":"SKIP","floor":45.0},{"not_picked":["champ:BladeFlurry","Guardian:PrimingBeam"],"picked":"SKIP","floor":46.0},{"not_picked":["champ:HeartStrike","Guardian:Reroute"],"picked":"SKIP","floor":49.0}],"player_experience":1763780,"relics_obtained":[{"floor":7.0,"key":"hubris:DisguiseKit"},{"floor":8.0,"key":"ReplayTheSpireMod:Lightbulb"},{"floor":12.0,"key":"hexamod:Sixitude"},{"floor":17.0,"key":"Lantern"},{"floor":17.0,"key":"infinitespire:Eraser"},{"floor":17.0,"key":"Girya"},{"floor":24.0,"key":"Centennial Puzzle"},{"floor":28.0,"key":"Replay:Bottled Flurry"},{"floor":31.0,"key":"Juzu Bracelet"},{"floor":41.0,"key":"Blue Candle"},{"floor":42.0,"key":"Kunai"}],"event_choices":[{"cards_removed":["champ:StrikeOfGenius"],"damage_healed":0.0,"max_hp_gain":0.0,"max_hp_loss":0.0,"gold_gain":0.0,"event_name":"betterNote:BetterNote","player_choice":"Take \u0026 Give","floor":21.0,"gold_loss":0.0,"damage_taken":0.0,"cards_obtained":["champ:EnGarde"]}],"is_beta":false,"boss_relics":[{"not_picked":["Astrolabe","Runic Pyramid"],"picked":"Calling Bell"},{"not_picked":["Black Star","Tiny House"],"picked":"Busted Crown"}],"items_purged_floors":[43,48],"is_endless":false,"potions_floor_spawned":[3,6,8,16,22,32,33,36,45,46],"ascension_level":1}}