{"host":"8p5c6x4qt9411139","time":1612081188,"event":{"mods":["Aspiration","BaseMod","BetterRewards","Hubris","Infinite Spire","Minty Spire (QoL Compilation)","Quick Restart","Replay The Spire","Shop Mod","StSLib","The Animator","The Jungle"],"gold_per_floor":[112,125,125,189,205,205,224,250,250,276,58,58,58,58,58,33,33,130,130,140,140,140,154,172,172,197,197,215,288,323,343,86,86,86,86,86,86,86,191,191,204,218,92,106,106,106,106,153,153,169,169,184,184,184,184,184,184],"floor_reached":56,"language":"ENG","playtime":2174,"items_purged":["Strike_G","Strike_G","Strike_G","Defend_G"],"score":593,"play_id":"f95fca01-4206-4a23-b789-703b6b7ab3f8","local_time":"20210131001948","is_ascension_mode":false,"campfire_choices":[{"data":"Deadly Poison","floor":6.0,"key":"SMITH"},{"data":"Masterful Stab","floor":15.0,"key":"SMITH"},{"floor":17.0,"key":"REST"},{"data":"infinitespire:Neurotoxin","floor":25.0,"key":"SMITH"},{"data":"Burst","floor":35.0,"key":"SMITH"},{"data":"ReplayTheSpireMod:Shiv Toss","floor":38.0,"key":"SMITH"},{"data":"Catalyst","floor":46,"key":"SMITH"},{"floor":51,"key":"REST"},{"floor":55,"key":"REST"}],"circlet_count":0,"master_deck":["Strike_G","Defend_G","Defend_G","Defend_G","Survivor","Neutralize+1","ReplayTheSpireMod:Scrap Shanks","Masterful Stab+1","Accuracy","Deadly Poison+1","Sneak Up","PiercingWail","Burst+1","Blade Dance","A Thousand Cuts","Leg Sweep","infinitespire:Neurotoxin+1","Poison Darts","Flying Knee+1","Catalyst+1","ReplayTheSpireMod:The Works","Catalyst","Poisoned Stab+1","ReplayTheSpireMod:Shiv Toss+1","Storm of Steel","Prepared","hubris:SlightOfHand+1","Acrobatics","Slice+1"],"relics":["Ring of the Snake","Bird Faced Urn","Replay:Baseball","Bottled Flame","hubris:AncientText","PureWater","hubris:Metronome","Runic Dome","Toolbox","ReplayTheSpireMod:Lightbulb","The Courier","Bag of Marbles","MerchantsRug","ReplayTheSpireMod:TigerMarble","Lantern","Ring of Chaos","Tough Bandages","infinitespire:FocusingShard"],"acts_visited":["Exordium","TheCity","TheBeyond"],"potions_floor_usage":[52,56,56],"damage_taken":[{"damage":2.0,"enemies":"Cultist","floor":1.0,"turns":5.0},{"damage":0.0,"enemies":"2 Louse","floor":2.0,"turns":3.0},{"damage":6.0,"enemies":"Jaw Worm","floor":5.0,"turns":3.0},{"damage":1.0,"enemies":"Blue Slaver","floor":7.0,"turns":3.0},{"damage":4.0,"enemies":"3 Sentries","floor":8.0,"turns":6.0},{"damage":32.0,"enemies":"Lagavulin","floor":10.0,"turns":8.0},{"damage":58.0,"enemies":"Fading Forest","floor":18.0,"turns":11.0},{"damage":27.0,"enemies":"2 Thieves","floor":20.0,"turns":3.0},{"damage":0.0,"enemies":"Spheric Guardian","floor":23.0,"turns":3.0},{"damage":16.0,"enemies":"Snecko","floor":24.0,"turns":4.0},{"damage":6.0,"enemies":"Replay:Snechameleon","floor":26.0,"turns":4.0},{"damage":3.0,"enemies":"Snake Plant","floor":28.0,"turns":3.0},{"damage":6.0,"enemies":"Nightmare","floor":30.0,"turns":3.0},{"damage":2.0,"enemies":"Centurion and Healer","floor":31.0,"turns":3.0},{"damage":10.0,"enemies":"hubris:MusketHawk","floor":39.0,"turns":2.0},{"damage":3.0,"enemies":"3 Shapes","floor":41.0,"turns":2.0},{"damage":0,"enemies":"Orb Walker","floor":42,"turns":1},{"damage":9,"enemies":"Sphere and 2 Shapes","floor":44,"turns":2},{"damage":56,"enemies":"2 Orb Walkers","floor":48,"turns":4},{"damage":0,"enemies":"4 Shapes","floor":50,"turns":3},{"damage":7,"enemies":"Jaw Worm Horde","floor":52,"turns":3},{"damage":53,"enemies":"Awakened One","floor":56,"turns":5}],"seed_played":"-4298068656205625564","potions_obtained":[{"floor":1.0,"key":"SkillPotion"},{"floor":2.0,"key":"Fruit Juice"},{"floor":4.0,"key":"BlessingOfTheForge"},{"floor":4.0,"key":"SteroidPotion"},{"floor":8.0,"key":"FairyPotion"},{"floor":18.0,"key":"Weak Potion"},{"floor":20.0,"key":"Adrenaline Potion"},{"floor":39.0,"key":"Energy Potion"},{"floor":44,"key":"LiquidBronze"}],"is_trial":false,"path_per_floor":["M","M","?","?","M","R","M","E","T","E","$","?","PTL","PTL","R","$","R","B",null,"M","?","AVR","M","M","R","E","?","M","T","NM","M","$","?","?","R","PTL","PTL","R","B",null,"M","M","$","M","?","R","?","?","T","M","R","M","?","?","R","B"],"character_chosen":"THE_SILENT","items_purchased":["ReplayTheSpireMod:Scrap Shanks","Replay:Baseball","aspiration:Nostalgia","Blade Dance","MerchantsRug","ReplayTheSpireMod:TigerMarble","ReplayTheSpireMod:Shiv Toss","Lantern","Prepared"],"campfire_rested":3,"item_purchase_floors":[0,0,11,16,32,32,32,32,43],"current_hp_per_floor":[62,69,69,51,49,49,52,52,52,24,24,21,21,21,21,21,43,22,75,50,50,50,56,46,46,42,67,70,70,64,68,68,68,68,68,68,68,68,62,75,72,72,72,63,63,63,63,7,7,9,30,23,23,23,44,0,0],"gold":184,"neow_bonus":"","is_daily":false,"chose_seed":false,"campfire_upgraded":6,"win_rate":0.0,"timestamp":1612081188,"path_taken":["M","?","?","?","M","R","M","E","T","E","$","?","PTL","PTL","R","?","R","BOSS","M","?","AVR","M","M","R","E","?","M","T","NM","M","$","?","?","R","PTL","PTL","R","BOSS","M","M","$","M","?","R","?","?","T","?","R","M","?","?","R","BOSS"],"items_purchased_type":["Card","Relic","Relic","Card","Relic","Relic","Card","Relic","Card"],"build_version":"2020-12-22","purchased_purges":4,"victory":false,"max_hp_per_floor":[70,75,75,75,75,75,75,75,75,75,75,75,75,75,75,75,75,75,75,75,75,75,75,75,75,75,75,75,75,75,75,75,75,75,75,75,75,75,75,75,75,75,75,75,71,71,71,71,71,71,71,71,71,71,71,71,71],"card_choices":[{"not_picked":["Slice","Quick Slash"],"picked":"Masterful Stab","floor":1.0},{"not_picked":["Acrobatics","hubris:TrickCloak"],"picked":"Accuracy","floor":2.0},{"not_picked":["PiercingWail","Replay:Poison Smokescreen"],"picked":"Deadly Poison","floor":5.0},{"not_picked":["Slice","ReplayTheSpireMod:Shiv Toss"],"picked":"Sneak Up","floor":7.0},{"not_picked":["Dagger Spray","Escape Plan"],"picked":"PiercingWail","floor":8.0},{"not_picked":["Slice","Underhanded Strike"],"picked":"Burst","floor":10.0},{"not_picked":["Corpse Explosion","Doppelganger"],"picked":"A Thousand Cuts","floor":18.0},{"not_picked":["Quick Slash+1","PiercingWail"],"picked":"Leg Sweep","floor":20.0},{"not_picked":["Dagger Spray+1","Slice","Masterful Stab"],"picked":"SKIP","floor":23.0},{"not_picked":["Terror","Cloak And Dagger+1"],"picked":"Flying Knee+1","floor":24.0},{"not_picked":["Terror","Outmaneuver"],"picked":"Catalyst","floor":26.0},{"not_picked":["Dagger Throw","Dagger Spray"],"picked":"ReplayTheSpireMod:The Works","floor":28.0},{"not_picked":["Predator+1","hubris:Counter"],"picked":"Catalyst","floor":30.0},{"not_picked":["Outmaneuver","Flying Knee"],"picked":"Poisoned Stab+1","floor":31.0},{"not_picked":["Phantasmal Killer","infinitespire:Neurotoxin"],"picked":"Storm of Steel","floor":39.0},{"not_picked":["ReplayTheSpireMod:Tripwire+1","Dagger Throw","Leg Sweep+1"],"picked":"SKIP","floor":41.0},{"not_picked":["Deadly Poison+1","Blade Dance+1","Underhanded Strike+1"],"picked":"SKIP","floor":42},{"not_picked":["Prepared+1","Cloak And Dagger+1"],"picked":"hubris:SlightOfHand","floor":44},{"not_picked":["Dagger Spray","Tactician"],"picked":"Acrobatics","floor":48},{"not_picked":["Dagger Spray","Bane+1"],"picked":"Slice+1","floor":50},{"not_picked":["PiercingWail+1","Cloak And Dagger","hubris:SlightOfHand+1"],"picked":"SKIP","floor":52}],"player_experience":404827,"relics_obtained":[{"floor":8.0,"key":"Du-Vu Doll"},{"floor":9.0,"key":"Bottled Flame"},{"floor":10.0,"key":"hubris:AncientText"},{"floor":26.0,"key":"ReplayTheSpireMod:Lightbulb"},{"floor":29.0,"key":"The Courier"},{"floor":30.0,"key":"Bag of Marbles"},{"floor":48,"key":"Tough Bandages"},{"floor":49,"key":"infinitespire:FocusingShard"}],"event_choices":[{"damage_healed":0.0,"max_hp_gain":0.0,"max_hp_loss":0.0,"gold_gain":0.0,"event_name":"Living Wall","player_choice":"Grow","floor":3.0,"gold_loss":0.0,"damage_taken":0.0,"cards_upgraded":["Neutralize"]},{"damage_healed":0.0,"max_hp_gain":0.0,"max_hp_loss":0.0,"gold_gain":0.0,"event_name":"Scrap Ooze","player_choice":"Success","floor":12.0,"gold_loss":0.0,"damage_taken":3.0,"relics_obtained":["hubris:Metronome"]},{"damage_healed":0.0,"max_hp_gain":0.0,"max_hp_loss":0.0,"gold_gain":0.0,"cards_transformed":["Defend_G","Strike_G"],"event_name":"Drug Dealer","player_choice":"Became Test Subject","floor":21.0,"gold_loss":0.0,"damage_taken":0.0,"cards_obtained":["infinitespire:Neurotoxin","Poison Darts"]},{"damage_healed":25.0,"max_hp_gain":0.0,"max_hp_loss":0.0,"gold_gain":0.0,"event_name":"The Library","player_choice":"Heal","floor":27.0,"gold_loss":0.0,"damage_taken":0.0},{"damage_healed":0,"gold_gain":0,"player_choice":"Max HP","damage_taken":0,"max_hp_gain":0,"max_hp_loss":4,"event_name":"Winding Halls","floor":45,"gold_loss":0},{"damage_healed":0,"gold_gain":0,"player_choice":"Fight","damage_taken":0,"max_hp_gain":0,"max_hp_loss":0,"event_name":"Mysterious Sphere","floor":48,"gold_loss":0},{"damage_healed":0,"gold_gain":0,"player_choice":"Memory 1","damage_taken":0,"max_hp_gain":0,"max_hp_loss":0,"event_name":"SensoryStone","floor":53,"gold_loss":0}],"is_beta":false,"boss_relics":[{"not_picked":["hubris:BlackHole","Honey Jar"],"picked":"Snecko Eye"},{"not_picked":["ReplayTheSpireMod:DimensionalGlitch","Philosopher\u0027s Stone"],"picked":"Ring of Chaos"}],"items_purged_floors":[11,22,32,43],"is_endless":true,"potions_floor_spawned":[1,2,8,18,20,39,42,44],"killed_by":"Awakened One","ascension_level":0}}