{"host":"sian7qp8a9pc9xwd","time":1612055672,"event":{"mods":["BaseMod","Minty Spire (QoL Compilation)","StSLib","SuperFastMode"],"gold_per_floor":[14,14,28,45,63,93,168,198,250,250,265,285,317,96,96,200,200,218,218,232,252,252,279,279,297,297,297,297],"floor_reached":27,"language":"ENG","playtime":2285,"items_purged":["Strike_R"],"score":380,"play_id":"23b941f0-ee68-4213-a589-e9b0ecd855b1","local_time":"20210130201432","is_ascension_mode":true,"campfire_choices":[{"data":"True Grit","floor":15.0,"key":"SMITH"},{"data":"Offering","floor":24,"key":"SMITH"}],"circlet_count":0,"master_deck":["AscendersBane","Strike_R","Strike_R","Defend_R","Defend_R","Defend_R","Bash","Bludgeon+1","True Grit+1","Bloodletting","Iron Wave","Offering+1","Rage+1","True Grit+1","True Grit+1","Shrug It Off+1","Sentinel+1"],"relics":["Burning Blood","Eternal Feather","Odd Mushroom","Lantern","Ornamental Fan","Ancient Tea Set","Medical Kit","Astrolabe","Art of War","Pen Nib","Mummified Hand"],"acts_visited":["Exordium","TheCity"],"potions_floor_usage":[23,23],"damage_taken":[{"damage":6.0,"enemies":"Small Slimes","floor":1.0,"turns":2.0},{"damage":3.0,"enemies":"2 Louse","floor":3.0,"turns":3.0},{"damage":0.0,"enemies":"Cultist","floor":4.0,"turns":2.0},{"damage":22.0,"enemies":"Large Slime","floor":5.0,"turns":8.0},{"damage":13.0,"enemies":"Gremlin Nob","floor":6.0,"turns":3.0},{"damage":25.0,"enemies":"The Mushroom Lair","floor":8.0,"turns":6.0},{"damage":9.0,"enemies":"Red Slaver","floor":11.0,"turns":3.0},{"damage":3.0,"enemies":"Gremlin Gang","floor":12.0,"turns":4.0},{"damage":15.0,"enemies":"Lagavulin","floor":13.0,"turns":5.0},{"damage":39.0,"enemies":"The Guardian","floor":16.0,"turns":10.0},{"damage":14.0,"enemies":"3 Byrds","floor":18.0,"turns":8.0},{"damage":10.0,"enemies":"Chosen","floor":20.0,"turns":4.0},{"damage":19.0,"enemies":"Centurion and Healer","floor":21.0,"turns":6.0},{"damage":33,"enemies":"Gremlin Leader","floor":23,"turns":3},{"damage":42,"enemies":"3 Cultists","floor":25,"turns":7},{"damage":37,"enemies":"Book of Stabbing","floor":27,"turns":4}],"seed_played":"5161548356049573347","potions_obtained":[{"floor":5.0,"key":"Explosive Potion"},{"floor":6.0,"key":"BloodPotion"},{"floor":11.0,"key":"Fire Potion"},{"floor":12.0,"key":"DuplicationPotion"},{"floor":16.0,"key":"Block Potion"},{"floor":20.0,"key":"ColorlessPotion"},{"floor":21.0,"key":"Swift Potion"}],"is_trial":false,"path_per_floor":["M","?","M","M","M","E","?","?","T","T","M","M","E","$","R","B",null,"M","?","M","M","?","E","R","M","T","E"],"character_chosen":"IRONCLAD","items_purchased":["Medical Kit"],"campfire_rested":0,"item_purchase_floors":[14],"current_hp_per_floor":[72,72,75,80,64,57,46,27,27,27,24,27,18,18,27,10,63,55,55,51,38,90,63,72,36,36,0,0],"gold":297,"neow_bonus":"THREE_RARE_CARDS","is_daily":false,"chose_seed":false,"campfire_upgraded":2,"win_rate":0.0,"timestamp":1612055672,"path_taken":["M","?","M","M","M","E","?","?","T","?","M","?","E","$","R","BOSS","M","?","M","?","?","E","R","?","T","E"],"items_purchased_type":["Relic"],"build_version":"2020-12-22","purchased_purges":1,"victory":false,"max_hp_per_floor":[80,80,80,80,80,80,80,80,80,80,80,80,80,80,80,80,80,80,80,80,80,90,90,90,90,90,90,90],"card_choices":[{"not_picked":["Feed","Brutality"],"picked":"Bludgeon","floor":0.0},{"not_picked":["Anger","Body Slam","Feel No Pain"],"picked":"SKIP","floor":1.0},{"not_picked":["Anger","Flex","Whirlwind"],"picked":"SKIP","floor":3.0},{"not_picked":["Second Wind","Iron Wave"],"picked":"True Grit","floor":4.0},{"not_picked":["Rage","Clash"],"picked":"Impervious","floor":5.0},{"not_picked":["Dual Wield","Flex"],"picked":"Double Tap","floor":6.0},{"not_picked":["Dropkick","Wild Strike"],"picked":"Bloodletting","floor":11.0},{"not_picked":["Whirlwind","Pommel Strike"],"picked":"Iron Wave","floor":12.0},{"not_picked":["Wild Strike","Heavy Blade","Thunderclap"],"picked":"SKIP","floor":13.0},{"not_picked":["Double Tap","Fiend Fire"],"picked":"Offering","floor":16.0},{"not_picked":["Havoc","Thunderclap"],"picked":"Shrug It Off+1","floor":18.0},{"not_picked":["Disarm","True Grit+1"],"picked":"Sentinel+1","floor":20.0},{"not_picked":["Intimidate","Wild Strike","Rage"],"picked":"SKIP","floor":21.0},{"not_picked":["Armaments","Carnage+1","Shockwave"],"picked":"SKIP","floor":23},{"not_picked":["Twin Strike","Metallicize","Shrug It Off"],"picked":"SKIP","floor":25}],"player_experience":836273,"relics_obtained":[{"floor":6.0,"key":"Eternal Feather"},{"floor":8.0,"key":"Odd Mushroom"},{"floor":9.0,"key":"Lantern"},{"floor":10.0,"key":"Ornamental Fan"},{"floor":13.0,"key":"Ancient Tea Set"},{"floor":23,"key":"Pen Nib"},{"floor":26,"key":"Mummified Hand"}],"event_choices":[{"damage_healed":0.0,"max_hp_gain":0.0,"max_hp_loss":0.0,"gold_gain":0.0,"event_name":"Living Wall","player_choice":"Grow","floor":2.0,"gold_loss":0.0,"damage_taken":0.0,"cards_upgraded":["Bludgeon"]},{"damage_healed":0.0,"max_hp_gain":0.0,"max_hp_loss":0.0,"gold_gain":75.0,"event_name":"World of Goop","player_choice":"Gather Gold","floor":7.0,"gold_loss":0.0,"damage_taken":11.0},{"damage_healed":0.0,"max_hp_gain":0.0,"max_hp_loss":0.0,"gold_gain":0.0,"event_name":"Mushrooms","player_choice":"Fought Mushrooms","floor":8.0,"gold_loss":0.0,"damage_taken":0.0},{"cards_removed":["Double Tap"],"damage_healed":0.0,"max_hp_gain":0.0,"max_hp_loss":0.0,"gold_gain":0.0,"event_name":"WeMeetAgain","player_choice":"Gave Card","floor":19.0,"gold_loss":0.0,"damage_taken":0.0,"relics_obtained":["Art of War"]},{"cards_removed":["Impervious"],"damage_healed":42.0,"max_hp_gain":10.0,"max_hp_loss":0.0,"gold_gain":0.0,"event_name":"Bonfire Elementals","player_choice":"Offered Rare","floor":22.0,"gold_loss":0.0,"damage_taken":0.0}],"is_beta":false,"boss_relics":[{"not_picked":["Ectoplasm","Runic Cube"],"picked":"Astrolabe"}],"items_purged_floors":[14],"is_endless":false,"potions_floor_spawned":[5,6,11,12,13,16,20,21],"killed_by":"Book of Stabbing","ascension_level":11}}