{"host":"Tonhão","time":1612056151,"event":{"mods":["Aspiration","BaseMod","Conspire","Downfall","Friendly Minions","Halation","Hermit","Highlight Path","Hubris","Infinite Spire","Jedi Mod","Minty Spire (QoL Compilation)","Relic Sorter","Replay The Spire","Spicy Shops","StSLib","The Animator","The Construct","The Cursed","The Jester","The Senshi","The Servant 0.9.4"],"gold_per_floor":[124,124,142,142,159,16,28,46,71,71,11,11,11,11,11,113,113,136,136,158,158,158,158,158,158,158,158,158,15,15,15,15,15,15],"floor_reached":33,"language":"ENG","playtime":1934,"items_purged":["Shame"],"score":270,"play_id":"be26182f-f3ef-4bf2-be83-9e01159d5360","local_time":"20210130222231","is_ascension_mode":true,"campfire_choices":[{"floor":10,"key":"REST"},{"data":"animator:Tyuule","floor":12,"key":"SMITH"},{"data":"animator:SuzuneAmano","floor":15,"key":"SMITH"},{"data":"animator:Witch","floor":23,"key":"SMITH"},{"floor":32,"key":"REST"}],"circlet_count":0,"master_deck":["animator:Strike_Katanagatari","animator:Defend_Katanagatari","animator:Strike","animator:Strike","animator:Strike","animator:Defend+1","animator:Defend","animator:Azekura","animator:Emonzaemon+1","animator:SuzuneAmano+1","animator:Tyuule+1","animator:SuzuneAmano+1","animator:Sonic+1","animator:Rimuru","animator:Witch+1","animator:Benimaru+1","animator:Witch+1","animator:Millim+1","animator:Entoma+1","animator:Geryuganshoop+1","animator:Ainz","animator:Shion","animator:Magilou"],"relics":["Carousel","animator:TheMissingPiece","NeowsBlessing","CultistMask","champ:Barbells","Guardian:PocketSentry","infinitespire:Cubic Diamond","animator:HolyGrailRelic","jedi:ominousloannote","jedi:shrinkray","hubris:SlimyHat","Potion Belt","Blue Doll","sneckomod:BlankCard"],"acts_visited":["Exordium","TheCity"],"potions_floor_usage":[5,7,16,16,25,28,33,33,33],"damage_taken":[{"damage":0,"enemies":"2 Louse","floor":1,"turns":1},{"damage":0,"enemies":"Cultist","floor":3,"turns":1},{"damage":0,"enemies":"Small Slimes","floor":5,"turns":1},{"damage":8,"enemies":"Red Slaver","floor":7,"turns":5},{"damage":22,"enemies":"Blue Slaver","floor":8,"turns":4},{"damage":23,"enemies":"The Guardian","floor":16,"turns":6},{"damage":12,"enemies":"Chosen","floor":18,"turns":4},{"damage":3,"enemies":"Shell Parasite","floor":22,"turns":4},{"damage":7,"enemies":"Snake Plant","floor":24,"turns":3},{"damage":11,"enemies":"Replay:Snechameleon","floor":25,"turns":4},{"damage":0,"enemies":"Snecko","floor":27,"turns":3},{"damage":18,"enemies":"Shelled Parasite and Fungi","floor":28,"turns":3},{"damage":0,"enemies":"Snake Plant","floor":30,"turns":2},{"damage":46,"enemies":"Automaton","floor":33,"turns":4}],"seed_played":"-464215099002804155","potions_obtained":[{"floor":3,"key":"Swift Potion"},{"floor":4,"key":"SkillPotion"},{"floor":4,"key":"jedi:mysterypotion"},{"floor":5,"key":"construct:ShiftPotion"},{"floor":8,"key":"AttackPotion"},{"floor":24,"key":"Weak Potion"},{"floor":25,"key":"SpeedPotion"},{"floor":27,"key":"Ancient Potion"}],"is_trial":false,"path_per_floor":["M","?","M","?","M","$","M","M","T","R","$","R","?","?","R","B",null,"M","?","$","?","M","R","M","E","T","M","M","$","M","?","R","B"],"character_chosen":"THE_ANIMATOR","items_purchased":["champ:Barbells","animator:SuzuneAmano","jedi:ominousloannote","animator:Witch","jedi:shrinkray","sneckomod:BlankCard"],"campfire_rested":2,"item_purchase_floors":[6,11,20,20,20,29],"current_hp_per_floor":[66,66,66,66,66,66,58,36,36,55,55,55,55,55,55,34,76,59,59,59,59,58,58,51,40,40,40,22,22,22,22,41,0,0],"gold":15,"neow_bonus":"THREE_ENEMY_KILL","is_daily":false,"chose_seed":false,"campfire_upgraded":3,"win_rate":0.0,"timestamp":1612056151,"path_taken":["M","?","?","?","?","?","?","M","T","R","$","R","?","?","R","BOSS","M","?","$","?","M","R","M","E","T","M","M","?","?","?","R","BOSS"],"items_purchased_type":["Relic","Card","Relic","Card","Relic","Relic"],"build_version":"2020-11-17","purchased_purges":1,"victory":false,"max_hp_per_floor":[66,66,66,66,66,66,66,66,66,66,66,66,66,66,66,68,76,70,70,70,70,72,72,72,69,69,69,66,66,66,66,66,63,63],"card_choices":[{"not_picked":["animator:Millim","animator:Nanami"],"picked":"animator:SuzuneAmano","floor":1},{"not_picked":["animator:ZankiKiguchi","animator:CowGirl"],"picked":"animator:Tyuule","floor":3},{"not_picked":["animator:Geryuganshoop","animator:LeleiLaLalena","animator:DwarfShaman"],"picked":"SKIP","floor":5},{"not_picked":["animator:SwordMaiden","animator:Kuribayashi","animator:YuiTsuruno"],"picked":"SKIP","floor":8},{"not_picked":["animator:Kyubey","animator:HomuraAkemi"],"picked":"animator:Rimuru","floor":16},{"not_picked":["animator:UneriGinkaku","animator:DwarfShaman"],"picked":"animator:Witch+1","floor":18},{"not_picked":["animator:Sebas","animator:Tyuule+1"],"picked":"animator:Millim+1","floor":22},{"not_picked":["animator:Spearman","animator:GoblinSlayer"],"picked":"animator:Entoma+1","floor":25},{"not_picked":["animator:TukaLunaMarceau","animator:HighElfArcher+1","animator:SilverFang"],"picked":"SKIP","floor":27},{"not_picked":["animator:Konayuki","animator:Shuna+1"],"picked":"animator:Geryuganshoop+1","floor":28}],"player_experience":129269,"relics_obtained":[{"floor":9,"key":"Guardian:PocketSentry"},{"floor":21,"key":"hubris:SlimyHat"},{"floor":25,"key":"Potion Belt"},{"floor":26,"key":"Blue Doll"}],"event_choices":[{"damage_healed":0,"gold_gain":0,"player_choice":"Trade","damage_taken":0,"relics_obtained":["CultistMask"],"max_hp_gain":0,"max_hp_loss":0,"event_name":"FaceTrader","floor":2,"gold_loss":0},{"damage_healed":0,"gold_gain":0,"player_choice":"Got Potions","damage_taken":0,"max_hp_gain":0,"max_hp_loss":0,"event_name":"Lab","floor":4,"gold_loss":0},{"damage_healed":0,"gold_gain":0,"cards_transformed":["animator:Defend"],"player_choice":"Change","damage_taken":0,"max_hp_gain":0,"max_hp_loss":0,"event_name":"Living Wall","floor":13,"gold_loss":0,"cards_obtained":["animator:Sonic"]},{"damage_healed":0,"gold_gain":0,"player_choice":"Read","damage_taken":0,"max_hp_gain":0,"max_hp_loss":0,"event_name":"The Library","floor":19,"gold_loss":0,"cards_obtained":["animator:Benimaru"]},{"damage_healed":0,"gold_gain":0,"player_choice":"3 cards matched","damage_taken":0,"max_hp_gain":0,"max_hp_loss":0,"event_name":"Match and Keep!","floor":31,"gold_loss":0,"cards_obtained":["animator:Ainz","animator:Shion","animator:Magilou"]}],"is_beta":true,"boss_relics":[{"not_picked":["Tiny House","halation:Risk"],"picked":"animator:HolyGrailRelic"}],"items_purged_floors":[20],"is_endless":false,"potions_floor_spawned":[3,5,8,24,25,27],"killed_by":"Automaton","ascension_level":1}}