{"host":"Ringo","time":1612100189,"event":{"mods":["BaseMod","Colored Map","Conspire","Dota2Spire","Hubris","Minty Spire (QoL Compilation)","Replay The Spire","StSLib","The Construct","[IsaacMod]ÒÔÈö¼âËþ","¡¾ÒÅÎï¿¨ÅÆ¡¿REMEMod"],"gold_per_floor":[117,137,147,165,190,233,278,305,305,335,335,369,401,401,401,472,472,499,523,539,133,148,163,163],"floor_reached":23,"language":"ZHS","playtime":880,"items_purged":[],"score":786,"play_id":"05c82346-3bff-4b06-8a20-aadf6503a89a","local_time":"20210131213629","daily_mods":["SealedDeck","Vintage","Heirloom","Time Dilation","Flight","DeadlyEvents","Elite Swarm","Lethality","Binary"],"is_ascension_mode":true,"campfire_choices":[{"data":"REME_Fury","floor":11,"key":"SMITH"},{"data":"Study","floor":15,"key":"SMITH"}],"circlet_count":0,"master_deck":["AscendersBane","BettingIsNotGood","SashWhip","DeceiveReality+1","JustLucky","Consecrate","Evaluate+1","FollowUp","Study+1","CrushJoints","Evaluate","FollowUp","REME_Fury+1","Ragnarok+1","ReplayTheSpireMod:Necrogeddon+1"],"relics":["PureWater","Busted Crown","HushsDoor","REME_ComplimentaryCards","replay:Trail_Library","Ice Cream","SteamSale","Dota2Spire:DrumOfEndurance","Dota2Spire:Desolator","Dota2Spire:OctarineCore","REME_LimitBreaker","hubris:TenFootPole","hubris:TinFlute","GnawedLeaf","Molten Egg 2","Bag of Marbles","Pet Ghost","Bottled Tornado","SalivaCoin","Dota2Spire:Bloodstone","Nunchaku","MealTicket","Dota2Spire:BlackKingBar","War Paint","Dota2Spire:OrchidMalevolence","HandDrill","Leech"],"acts_visited":["Exordium","TheCity"],"potions_floor_usage":[4,4,8,16,16,22],"damage_taken":[{"damage":8,"enemies":"2 Louse","floor":1,"turns":2},{"damage":0,"enemies":"Small Slimes","floor":2,"turns":3},{"damage":3,"enemies":"Cultist","floor":3,"turns":2},{"damage":0,"enemies":"Gremlin Gang","floor":4,"turns":2},{"damage":10,"enemies":"Blue Slaver","floor":5,"turns":2},{"damage":0,"enemies":"3 Sentries","floor":6,"turns":3},{"damage":2,"enemies":"Gremlin Nob","floor":7,"turns":3},{"damage":0,"enemies":"3 Sentries","floor":8,"turns":2},{"damage":14,"enemies":"Lagavulin","floor":10,"turns":3},{"damage":0,"enemies":"Gremlin Nob","floor":12,"turns":1},{"damage":11,"enemies":"Replay:BlueRogue","floor":13,"turns":2},{"damage":0,"enemies":"Slime Boss","floor":16,"turns":3},{"damage":0,"enemies":"conspire:FuzzyDice","floor":18,"turns":2},{"damage":13,"enemies":"Shell Parasite","floor":19,"turns":2},{"damage":0,"enemies":"Cultist and Chosen","floor":20,"turns":2},{"damage":0,"enemies":"Snake Plant","floor":22,"turns":2},{"damage":0,"enemies":"Gremlin Leader","floor":23,"turns":1}],"seed_played":"1818158942387280493","potions_obtained":[{"floor":1,"key":"SkillPotion"},{"floor":2,"key":"AttackPotion"},{"floor":4,"key":"GamblersBrew"},{"floor":6,"key":"Dexterity Potion"},{"floor":12,"key":"AttackPotion"},{"floor":18,"key":"SpeedPotion"},{"floor":20,"key":"BlessingOfTheForge"},{"floor":22,"key":"Strength Potion"}],"is_trial":true,"path_per_floor":["M","M","M","M","M","E","E","E","T","E","R","E","E","?","R","B",null,"M","M","M","$","M","E"],"character_chosen":"WATCHER","items_purchased":["Ragnarok+1","War Paint","Dota2Spire:OrchidMalevolence","HandDrill","ReplayTheSpireMod:Necrogeddon+1"],"campfire_rested":0,"item_purchase_floors":[17,21,21,21,21],"current_hp_per_floor":[53,53,50,55,45,45,43,43,43,29,29,29,18,18,18,23,54,54,41,41,56,56,56,56],"gold":163,"neow_bonus":"","is_daily":false,"chose_seed":false,"campfire_upgraded":2,"win_rate":0.0,"timestamp":1612100189,"path_taken":["M","M","M","M","M","E","E","E","T","E","R","E","E","?","R","BOSS","M","M","M","$","M","E"],"items_purchased_type":["Card","Relic","Relic","Relic","Card"],"build_version":"2020-12-18","purchased_purges":0,"victory":false,"max_hp_per_floor":[68,68,68,68,68,68,68,68,68,68,68,68,68,68,68,68,64,64,64,64,64,64,64,64],"card_choices":[{"not_picked":[],"picked":"BettingIsNotGood","floor":0}],"player_experience":600151,"relics_obtained":[{"floor":1,"key":"Dota2Spire:DrumOfEndurance"},{"floor":2,"key":"Dota2Spire:Desolator"},{"floor":3,"key":"Dota2Spire:OctarineCore"},{"floor":4,"key":"REME_LimitBreaker"},{"floor":5,"key":"hubris:TenFootPole"},{"floor":6,"key":"hubris:TinFlute"},{"floor":7,"key":"GnawedLeaf"},{"floor":8,"key":"Molten Egg 2"},{"floor":9,"key":"Bag of Marbles"},{"floor":10,"key":"Pet Ghost"},{"floor":12,"key":"Bottled Tornado"},{"floor":13,"key":"SalivaCoin"},{"floor":18,"key":"Nunchaku"},{"floor":19,"key":"MealTicket"},{"floor":20,"key":"Dota2Spire:BlackKingBar"},{"floor":22,"key":"Leech"}],"event_choices":[{"damage_healed":0,"gold_gain":0,"player_choice":"Agree","damage_taken":0,"max_hp_gain":0,"max_hp_loss":0,"event_name":"conspire:LoneGhost","floor":14,"gold_loss":0}],"is_beta":true,"boss_relics":[{"not_picked":["hubris:VirtuousBlindfold","Replay:Ancient Bell"],"picked":"Dota2Spire:Bloodstone"},{"not_picked":[]}],"items_purged_floors":[],"is_endless":false,"potions_floor_spawned":[1,2,4,6,12,13,18,20,22],"killed_by":"Gremlin Leader","ascension_level":20}}