{"host":"lq2h7q9ca6uwu60x","time":1612088624,"event":{"mods":["Act Like it!","BaseMod","Gensokyo","Marisa£®ÏF”Í°°ƒß¿Ì…≥£©","Minty Spire (QoL Compilation)","Reimu£®≤©¿ˆ¡È√Œ£©","StSLib","Youmu£®ªÍ∆«—˝√Œ£©"],"gold_per_floor":[118,137,167,27,40,40,68,68,68,68,97,115,115,40,40,40,40],"floor_reached":16,"language":"ZHS","playtime":619,"items_purged":["Strike_Lin:ReiMu"],"score":250,"play_id":"3ea5d139-75ad-46a3-876f-fb5d785c3494","local_time":"20210131182344","is_ascension_mode":true,"campfire_choices":[{"data":"YinYang:ReiMu","floor":6,"key":"SMITH"},{"data":"Enchanting:ReiMu","floor":8,"key":"SMITH"},{"floor":10,"key":"RECALL"},{"data":"TakeOff:ReiMu","floor":15,"key":"SMITH"}],"circlet_count":0,"master_deck":["AscendersBane","Strike_Lin:ReiMu+1","Strike_Lin:ReiMu+1","Defend_Lin:ReiMu","Defend_Lin:ReiMu","Defend_Lin:ReiMu","Defend_Lin:ReiMu","NB:ReiMu","Stagnation:ReiMu","Enchanting:ReiMu+1","YinYang:ReiMu+1","TakeOff:ReiMu+1"],"relics":["FlyPower:ReiMu","NeowsBlessing","Whetstone","PureWhite:ReiMu","Mercury Hourglass","SkyOrb:ReiMu","Boot"],"acts_visited":["Exordium"],"potions_floor_usage":[7],"damage_taken":[{"damage":0,"enemies":"Gensokyo:Python","floor":1,"turns":1},{"damage":0,"enemies":"Gensokyo:2_Kodama","floor":2,"turns":2},{"damage":0,"enemies":"Gensokyo:Cirno","floor":3,"turns":2},{"damage":1,"enemies":"Gensokyo:Gryphon","floor":5,"turns":4},{"damage":5,"enemies":"Gensokyo:Aya","floor":7,"turns":6},{"damage":38,"enemies":"Gensokyo:Cirno","floor":11,"turns":7},{"damage":0,"enemies":"Gensokyo:2_Rabbits","floor":12,"turns":4},{"damage":10,"enemies":"Gensokyo:Reimu","floor":16,"turns":8}],"seed_played":"6160806418091666832","potions_obtained":[{"floor":1,"key":"Explosive Potion"},{"floor":5,"key":"ZuzhouPotion:ReiMu"},{"floor":7,"key":"Weak Potion"},{"floor":12,"key":"Dexterity Potion"}],"is_trial":false,"path_per_floor":["M","M","?","?","M","R","E","R","T","R","E","M","?","$","R","B"],"character_chosen":"REIMU","items_purchased":[],"campfire_rested":0,"item_purchase_floors":[],"current_hp_per_floor":[54,54,54,54,53,53,48,48,48,48,10,10,10,10,10,0,0],"gold":40,"neow_bonus":"THREE_ENEMY_KILL","is_daily":false,"chose_seed":false,"campfire_upgraded":3,"win_rate":0.0,"timestamp":1612088624,"path_taken":["M","?","?","?","M","R","E","R","T","R","E","M","?","?","R","BOSS"],"items_purchased_type":[],"build_version":"2020-12-22","purchased_purges":1,"victory":false,"max_hp_per_floor":[60,60,60,60,60,60,60,60,60,60,60,60,60,60,60,60,60],"card_choices":[{"not_picked":["FoulBorder2:ReiMu","SealNeedle:ReiMu"],"picked":"Enchanting:ReiMu","floor":1},{"not_picked":["Enchanting:ReiMu","PhosphorusFlame:ReiMu","YinYangSign:ReiMu"],"picked":"SKIP","floor":2},{"not_picked":["Revelation:ReiMu","Conquer:ReiMu"],"picked":"YinYang:ReiMu","floor":3},{"not_picked":["CollectionFlower2:ReiMu","TightArray:ReiMu","MikOfLucky:ReiMu"],"picked":"SKIP","floor":5},{"not_picked":["OctopathBindingBorder2:ReiMu","Dreaming2:ReiMu","SubcavityInstant:ReiMu"],"picked":"SKIP","floor":7},{"not_picked":["SubAcupoint:ReiMu","KyokaiOfKami:ReiMu"],"picked":"TakeOff:ReiMu","floor":11},{"not_picked":["WonderfulDomain:ReiMu","RainPray2:ReiMu","OrbThrow:ReiMu"],"picked":"SKIP","floor":12}],"player_experience":1035580,"relics_obtained":[{"floor":3,"key":"Whetstone"},{"floor":7,"key":"Mercury Hourglass"},{"floor":9,"key":"SkyOrb:ReiMu"},{"floor":11,"key":"Boot"}],"event_choices":[],"is_beta":false,"boss_relics":[],"items_purged_floors":[14],"is_endless":false,"potions_floor_spawned":[1,5,7,11,12],"killed_by":"Gensokyo:Reimu","ascension_level":19}}