{"host":"w7dhjqgqsib0c3vt","time":1612099373,"event":{"mods":["ATMod(°¢èªMod)","BaseMod","Dota2Spire","Downfall","Minty Spire (QoL Compilation)","Shop Mod","Spicy Shops","StSLib"],"gold_per_floor":[119,119,132,146,146,146,176,176,199,199,219,257,326,335,335,467,467,490,499,508,29,56,56,56,56,108,150,180,214,20,53,53,185,185,208,118,10,30,53,98,98,98,98,98,1,1,35,44,44,44],"floor_reached":51,"language":"ZHS","playtime":1383,"items_purged":["Injury"],"score":949,"play_id":"420a66ff-9c66-498c-973d-37c732d0956b","local_time":"20210131212253","is_ascension_mode":true,"campfire_choices":[{"floor":6.0,"key":"REST"},{"data":"AT_StudyProgram","floor":8.0,"key":"SMITH"},{"floor":10.0,"key":"REST"},{"data":"Echo Form","floor":15.0,"key":"SMITH"},{"floor":23.0,"key":"REST"},{"data":"Defragment","floor":25.0,"key":"SMITH"},{"floor":32.0,"key":"REST"},{"floor":41,"key":"REST"},{"data":"Amplify","floor":44,"key":"SMITH"},{"data":"AT_StudyProgram","floor":46,"key":"SMITH"},{"data":"Hologram","floor":49,"key":"SMITH"}],"circlet_count":0,"master_deck":["Strike_B","Strike_B","Defend_B","Defend_B","Defend_B+1","Zap","Dualcast","AT_KingSlayer+1","Beam Cell+1","Turbo","Ball Lightning+1","AT_StudyProgram+1","Conserve Battery","Echo Form+1","AT_StudyProgram+1","Amplify+1","Gash","Defragment+1","Sweeping Beam","Stack+1","Leap","Glacier+1","Hologram+1","BootSequence+1","Machine Learning","Self Repair","Dramatic Entrance","Go for the Eyes","Redo+1","Gash"],"relics":["Cracked Core","AT_ATBox","Akabeko","CeramicFish","Happy Flower","Dota2Spire:CrimsonGuard","Golden Idol","Dota2Spire:RefresherOrb","Cables","HandDrill","MutagenicStrength","Dota2Spire:DrumOfEndurance","AT_RedTearstoneRing","Nunchaku","Dota2Spire:MagicBottle","Runic Pyramid","MealTicket","Dota2Spire:Vanguard"],"acts_visited":["Exordium","TheCity","TheBeyond"],"potions_floor_usage":[39,50,50,50],"damage_taken":[{"damage":0.0,"enemies":"2 Louse","floor":1.0,"turns":2.0},{"damage":0.0,"enemies":"Small Slimes","floor":3.0,"turns":2.0},{"damage":4.0,"enemies":"Jaw Worm","floor":4.0,"turns":3.0},{"damage":17.0,"enemies":"Lagavulin","floor":7.0,"turns":5.0},{"damage":2.0,"enemies":"2 Fungi Beasts","floor":11.0,"turns":3.0},{"damage":0.0,"enemies":"Gremlin Nob","floor":12.0,"turns":2.0},{"damage":19.0,"enemies":"Lagavulin Event","floor":13.0,"turns":4.0},{"damage":37.0,"enemies":"Hexaghost","floor":16.0,"turns":9.0},{"damage":12.0,"enemies":"Chosen","floor":18.0,"turns":4.0},{"damage":28.0,"enemies":"2 Thieves","floor":22.0,"turns":3.0},{"damage":2.0,"enemies":"Book of Stabbing","floor":27.0,"turns":3.0},{"damage":18.0,"enemies":"Centurion and Healer","floor":28.0,"turns":4.0},{"damage":14.0,"enemies":"Slavers","floor":29.0,"turns":3.0},{"damage":0.0,"enemies":"Sentry and Sphere","floor":31.0,"turns":3.0},{"damage":1.0,"enemies":"Automaton","floor":33.0,"turns":6.0},{"damage":31,"enemies":"3 Darklings","floor":35,"turns":3},{"damage":12,"enemies":"3 Shapes","floor":38,"turns":3},{"damage":0,"enemies":"Transient","floor":39,"turns":5},{"damage":17,"enemies":"Nemesis","floor":40,"turns":7},{"damage":9,"enemies":"Jaw Worm Horde","floor":47,"turns":2},{"damage":5,"enemies":"Time Eater","floor":50,"turns":7}],"seed_played":"6614742315827423349","potions_obtained":[{"floor":3.0,"key":"Swift Potion"},{"floor":7.0,"key":"AttackPotion"},{"floor":11.0,"key":"Dota2Spire:HealingSalve"},{"floor":12.0,"key":"Fire Potion"},{"floor":27.0,"key":"Energy Potion"},{"floor":28.0,"key":"GamblersBrew"},{"floor":29.0,"key":"SmokeBomb"},{"floor":35,"key":"Dexterity Potion"},{"floor":38,"key":"Fire Potion"},{"floor":40,"key":"Fire Potion"}],"is_trial":false,"path_per_floor":["M","?","M","M","?","R","E","R","T","R","M","E","?","?","R","B",null,"M","?","?","$","M","R","?","R","T","E","M","E","$","M","R","B",null,"M","?","$","M","M","E","R","?","T","R","$","R","M","?","R","B",null],"character_chosen":"DEFECT","items_purchased":["Cables","HandDrill","Dota2Spire:MagicBottle","Hologram","Dramatic Entrance","Slimebound:ThreeZeroPotion"],"campfire_rested":5,"item_purchase_floors":[21,21,30,30,37,45],"current_hp_per_floor":[75,75,75,71,56,75,58,58,58,75,73,73,54,54,54,35,65,53,53,53,53,25,47,47,47,47,45,27,13,13,13,35,49,69,38,38,38,26,40,30,52,52,52,52,67,67,58,58,58,74],"gold":44,"neow_bonus":"UPGRADE_CARD","is_daily":false,"chose_seed":false,"campfire_upgraded":6,"win_rate":0.0,"timestamp":1612099373,"path_taken":["M","?","M","M","?","R","E","R","T","R","M","E","?","?","R","BOSS","M","?","?","$","?","R","?","R","T","E","M","E","$","M","R","BOSS","M","?","$","M","?","E","R","?","T","R","$","R","M","?","R","BOSS"],"items_purchased_type":["Relic","Relic","Relic","Card","Card","Potion"],"build_version":"2020-12-22","purchased_purges":1,"victory":true,"max_hp_per_floor":[75,75,75,75,75,75,75,75,75,75,75,75,75,75,75,75,75,75,75,75,75,75,75,75,75,75,75,75,75,75,75,75,75,75,75,75,75,75,75,75,75,75,75,75,75,75,75,75,75,75],"card_choices":[{"not_picked":["Streamline","Ball Lightning"],"picked":"Beam Cell","floor":1.0},{"not_picked":["Genetic Algorithm","Redo"],"picked":"Turbo","floor":3.0},{"not_picked":["Compile Driver","Cold Snap"],"picked":"Ball Lightning","floor":4.0},{"not_picked":["Hello World","Compile Driver"],"picked":"AT_StudyProgram","floor":7.0},{"not_picked":["Redo","Streamline"],"picked":"Conserve Battery","floor":11.0},{"not_picked":["Glacier","Leap"],"picked":"Echo Form","floor":12.0},{"not_picked":["Conserve Battery","Skim"],"picked":"AT_StudyProgram","floor":13.0},{"not_picked":["Reboot","Multi-Cast"],"picked":"Amplify","floor":16.0},{"not_picked":["Stack","Genetic Algorithm"],"picked":"Gash","floor":18.0},{"not_picked":["Sweeping Beam","Ball Lightning"],"picked":"Stack+1","floor":22.0},{"not_picked":["Gash","AT_ThunderBolt"],"picked":"Leap","floor":27.0},{"not_picked":["Fusion","Stack"],"picked":"Glacier+1","floor":28.0},{"not_picked":["Coolheaded+1","Compile Driver+1","Ball Lightning"],"picked":"SKIP","floor":29.0},{"not_picked":["Barrage","AT_RobotInSpace"],"picked":"BootSequence","floor":31.0},{"not_picked":["Rainbow","Echo Form"],"picked":"Machine Learning","floor":33.0},{"not_picked":["Coolheaded","Streamline+1"],"picked":"Self Repair","floor":35},{"not_picked":["Ball Lightning","Coolheaded+1","Blizzard"],"picked":"SKIP","floor":38},{"not_picked":["Chill","AT_HeatAcrobatics","Recycle"],"picked":"SKIP","floor":39},{"not_picked":["Skim","Scrape"],"picked":"Go for the Eyes","floor":40},{"not_picked":["Sweeping Beam","Auto Shields"],"picked":"Redo+1","floor":47}],"player_experience":657348,"relics_obtained":[{"floor":7.0,"key":"Akabeko"},{"floor":9.0,"key":"CeramicFish"},{"floor":12.0,"key":"Happy Flower"},{"floor":13.0,"key":"Dota2Spire:CrimsonGuard"},{"floor":26.0,"key":"Dota2Spire:DrumOfEndurance"},{"floor":27.0,"key":"AT_RedTearstoneRing"},{"floor":29.0,"key":"Nunchaku"},{"floor":40,"key":"MealTicket"},{"floor":43,"key":"Dota2Spire:Vanguard"}],"event_choices":[{"damage_healed":0.0,"max_hp_gain":0.0,"max_hp_loss":0.0,"gold_gain":0.0,"event_name":"Living Wall","player_choice":"Grow","floor":2.0,"gold_loss":0.0,"damage_taken":0.0,"cards_upgraded":["Beam Cell"]},{"damage_healed":0.0,"max_hp_gain":0.0,"max_hp_loss":0.0,"gold_gain":0.0,"event_name":"Shining Light","player_choice":"Entered Light","floor":5.0,"gold_loss":0.0,"damage_taken":15.0,"cards_upgraded":["Ball Lightning","Defend_B"]},{"damage_healed":0.0,"max_hp_gain":0.0,"max_hp_loss":0.0,"gold_gain":0.0,"event_name":"Dead Adventurer","player_choice":"Searched \u00272\u0027 times","floor":13.0,"gold_loss":0.0,"damage_taken":0.0},{"damage_healed":0.0,"max_hp_gain":0.0,"max_hp_loss":0.0,"gold_gain":0.0,"event_name":"Golden Idol","player_choice":"Take Wound","floor":14.0,"gold_loss":0.0,"damage_taken":0.0,"relics_obtained":["Golden Idol"],"cards_obtained":["Injury"]},{"damage_healed":0.0,"max_hp_gain":0.0,"max_hp_loss":0.0,"gold_gain":0.0,"event_name":"The Library","player_choice":"Read","floor":19.0,"gold_loss":0.0,"damage_taken":0.0,"cards_obtained":["Defragment"]},{"damage_healed":0.0,"max_hp_gain":0.0,"max_hp_loss":0.0,"gold_gain":0.0,"cards_transformed":["Defend_B"],"event_name":"Transmorgrifier","player_choice":"Transformed","floor":20.0,"gold_loss":0.0,"damage_taken":0.0,"cards_obtained":["Sweeping Beam"]},{"damage_healed":0.0,"max_hp_gain":0.0,"max_hp_loss":0.0,"gold_gain":0.0,"event_name":"Drug Dealer","player_choice":"Inject Mutagens","floor":24.0,"gold_loss":0.0,"damage_taken":0.0,"relics_obtained":["MutagenicStrength"]},{"cards_removed":["Strike_B"],"damage_healed":0,"gold_gain":0,"player_choice":"Upgrade and Remove","damage_taken":0,"max_hp_gain":0,"max_hp_loss":0,"event_name":"Designer","floor":36,"gold_loss":90,"cards_upgraded":["BootSequence"]},{"damage_healed":0,"gold_gain":0,"player_choice":"Ignored","damage_taken":0,"max_hp_gain":0,"max_hp_loss":0,"event_name":"The Moai Head","floor":42,"gold_loss":0},{"damage_healed":0,"gold_gain":0,"cards_transformed":["Strike_B"],"player_choice":"Transformed","damage_taken":0,"max_hp_gain":0,"max_hp_loss":0,"event_name":"Transmorgrifier","floor":48,"gold_loss":0,"cards_obtained":["Gash"]}],"is_beta":false,"boss_relics":[{"not_picked":["bronze:MakeshiftBattery","Busted Crown"],"picked":"Dota2Spire:RefresherOrb"},{"not_picked":["Pandora\u0027s Box","AT_MortalBlade"],"picked":"Runic Pyramid"}],"items_purged_floors":[21],"is_endless":false,"potions_floor_spawned":[3,7,11,12,27,28,29,35,38,40],"ascension_level":5}}