{"host":"8is2j71l4wmybkoi","time":1612083996,"event":{"mods":["AchievementEnabler","BaseMod","Colored Map","Minty Spire (QoL Compilation)","Rare Cards Sparkle","StSLib","SuperFastMode"],"gold_per_floor":[217,217,292,26,42,71,71,71,116,0,0,28,41,67,67,138,138,151,169,169,169,169],"floor_reached":21,"language":"KOR","playtime":849,"items_purged":["Strike_R"],"score":341,"play_id":"90795533-d6f1-4ac8-9465-2bede8e92d05","local_time":"20210131180636","is_ascension_mode":true,"campfire_choices":[{"data":"Berserk","floor":7.0,"key":"SMITH"},{"floor":11.0,"key":"REST"},{"data":"Blood for Blood","floor":15.0,"key":"SMITH"}],"circlet_count":0,"master_deck":["AscendersBane","Strike_R","Strike_R","Strike_R","Defend_R+1","Defend_R","Defend_R+1","Defend_R","Bash","Fire Breathing","Combust","Carnage","Berserk+1","Blood for Blood+1","Sentinel","Flame Barrier","Battle Trance","Fiend Fire","Rampage+1","Pommel Strike"],"relics":["Burning Blood","PreservedInsect","Gremlin Horn","Kunai","War Paint","Eternal Feather","Bag of Preparation","Mark of Pain"],"acts_visited":["Exordium","TheCity"],"potions_floor_usage":[],"damage_taken":[{"damage":0.0,"enemies":"Small Slimes","floor":1.0,"turns":3.0},{"damage":18.0,"enemies":"2 Louse","floor":5.0,"turns":3.0},{"damage":10.0,"enemies":"Gremlin Nob","floor":6.0,"turns":3.0},{"damage":21.0,"enemies":"Lagavulin","floor":12.0,"turns":5.0},{"damage":15.0,"enemies":"Jaw Worm","floor":13.0,"turns":4.0},{"damage":2.0,"enemies":"3 Sentries","floor":14.0,"turns":5.0},{"damage":15.0,"enemies":"The Guardian","floor":16.0,"turns":8.0},{"damage":27.0,"enemies":"Shell Parasite","floor":18.0,"turns":4.0},{"damage":34,"enemies":"3 Byrds","floor":19,"turns":5},{"damage":21,"enemies":"Cultist and Chosen","floor":21,"turns":4}],"seed_played":"4859093869982322753","potions_obtained":[{"floor":1.0,"key":"Regen Potion"},{"floor":12.0,"key":"Energy Potion"},{"floor":14.0,"key":"BlessingOfTheForge"}],"is_trial":false,"path_per_floor":["M","?","?","$","M","E","R","?","T","$","R","E","M","E","R","B",null,"M","M","?","M"],"character_chosen":"IRONCLAD","items_purchased":["PreservedInsect","Combust","Blood for Blood","Sentinel"],"campfire_rested":1,"item_purchase_floors":[4,4,10,10],"current_hp_per_floor":[74,67,56,56,44,40,40,29,29,29,51,50,41,45,54,45,68,47,19,8,0,0],"gold":169,"neow_bonus":"HUNDRED_GOLD","is_daily":false,"chose_seed":false,"campfire_upgraded":2,"win_rate":0.0,"timestamp":1612083996,"path_taken":["M","?","?","$","M","E","R","?","T","?","R","E","M","E","R","BOSS","M","M","?","M"],"items_purchased_type":["Relic","Card","Card","Card"],"build_version":"2020-12-22","purchased_purges":1,"victory":false,"max_hp_per_floor":[75,75,75,75,75,75,75,75,75,75,75,75,75,75,75,75,75,75,75,75,75,75],"card_choices":[{"not_picked":["Burning Pact","Sword Boomerang"],"picked":"Fire Breathing","floor":1.0},{"not_picked":["Thunderclap","Iron Wave"],"picked":"Carnage","floor":5.0},{"not_picked":["Flex","Spot Weakness"],"picked":"Berserk","floor":6.0},{"not_picked":["Evolve","Twin Strike"],"picked":"Flame Barrier","floor":12.0},{"not_picked":["Twin Strike","Clash","Havoc"],"picked":"SKIP","floor":13.0},{"not_picked":["Armaments","Juggernaut"],"picked":"Battle Trance","floor":14.0},{"not_picked":["Limit Break","Berserk"],"picked":"Fiend Fire","floor":16.0},{"not_picked":["Metallicize","Iron Wave"],"picked":"Rampage+1","floor":18.0},{"not_picked":["Sentinel","Warcry"],"picked":"Pommel Strike","floor":19}],"player_experience":878029,"relics_obtained":[{"floor":6.0,"key":"Gremlin Horn"},{"floor":9.0,"key":"War Paint"},{"floor":12.0,"key":"Eternal Feather"},{"floor":14.0,"key":"Bag of Preparation"}],"event_choices":[{"cards_removed":["Strike_R"],"damage_healed":0.0,"max_hp_gain":0.0,"max_hp_loss":0.0,"gold_gain":0.0,"event_name":"Golden Wing","player_choice":"Card Removal","floor":2.0,"gold_loss":0.0,"damage_taken":7.0},{"damage_healed":0.0,"max_hp_gain":0.0,"max_hp_loss":0.0,"gold_gain":75.0,"event_name":"World of Goop","player_choice":"Gather Gold","floor":3.0,"gold_loss":0.0,"damage_taken":11.0},{"damage_healed":0.0,"max_hp_gain":0.0,"max_hp_loss":0.0,"gold_gain":0.0,"event_name":"Scrap Ooze","player_choice":"Success","floor":8.0,"gold_loss":0.0,"damage_taken":11.0,"relics_obtained":["Kunai"]},{"damage_healed":0,"gold_gain":0,"player_choice":"Damaged","damage_taken":11,"max_hp_gain":0,"max_hp_loss":0,"event_name":"Wheel of Change","floor":20,"gold_loss":0}],"is_beta":false,"boss_relics":[{"not_picked":["Philosopher\u0027s Stone","Fusion Hammer"],"picked":"Mark of Pain"}],"items_purged_floors":[4],"is_endless":false,"potions_floor_spawned":[1,12,14],"killed_by":"Cultist and Chosen","ascension_level":15}}