{"host":"9kesdg97wkrx2bva","time":1612082626,"event":{"mods":["AchievementEnabler","BaseMod","Colored Map","GifTheSpireLib","Infinite Spire","Minty Spire (QoL Compilation)","Replay The Spire","StSLib"],"gold_per_floor":[113,113,133,58,18,47,65,65,65,76,106,106,106,106,119,19,19,19,19],"floor_reached":18,"language":"ENG","playtime":379,"items_purged":["Decay","Strike_B"],"score":228,"play_id":"7a9939b1-cb32-484d-9211-6ad8bfdd524a","local_time":"20210131024346","is_ascension_mode":true,"campfire_choices":[{"floor":17,"key":"REST"}],"circlet_count":0,"master_deck":["AscendersBane","Strike_B","Strike_B","Strike_B","Defend_B","Defend_B","Defend_B","Defend_B","Zap","Dualcast","Streamline+1","Defragment","Rebound","Melter","Streamline","White Noise","Seek","Defragment"],"relics":["Cracked Core","Replay:Multitool","Pear","Meat on the Bone"],"acts_visited":["Exordium"],"potions_floor_usage":[6,11,15,18],"damage_taken":[{"damage":3,"enemies":"2 Louse","floor":1,"turns":2},{"damage":0,"enemies":"Cultist","floor":3,"turns":3},{"damage":29,"enemies":"3 Sentries","floor":6,"turns":6},{"damage":8,"enemies":"Small Slimes","floor":7,"turns":2},{"damage":18,"enemies":"Exordium Thugs","floor":10,"turns":5},{"damage":32,"enemies":"Gremlin Nob","floor":11,"turns":4},{"damage":4,"enemies":"3 Louse","floor":15,"turns":3},{"damage":41,"enemies":"Slime Boss","floor":18,"turns":6}],"seed_played":"8082154013537767146","potions_obtained":[{"floor":3,"key":"BlessingOfTheForge"},{"floor":10,"key":"AttackPotion"},{"floor":11,"key":"FocusPotion"},{"floor":12,"key":"DistilledChaos"}],"is_trial":false,"path_per_floor":["M","?","M","$","$","E","M","R","T","M","E","?","PTL","PTL","M","$","R","B"],"character_chosen":"DEFECT","items_purchased":["Melter"],"campfire_rested":1,"item_purchase_floors":[5],"current_hp_per_floor":[61,61,61,61,61,32,24,45,55,37,5,5,5,5,13,13,37,0,0],"gold":19,"neow_bonus":"THREE_CARDS","is_daily":false,"chose_seed":false,"campfire_upgraded":0,"win_rate":0.0,"timestamp":1612082626,"path_taken":["M","?","M","?","$","E","?","R","T","M","E","?","PTL","PTL","M","?","R","BOSS"],"items_purchased_type":["Card"],"build_version":"2020-12-22","purchased_purges":2,"victory":false,"max_hp_per_floor":[71,71,71,71,71,71,71,71,81,81,81,81,81,81,81,81,81,81,81],"card_choices":[{"not_picked":["Time Bomb","FIFO Queue"],"picked":"Streamline","floor":0},{"not_picked":["Fusion","Steam","Defragment"],"picked":"SKIP","floor":1},{"not_picked":["Fusion","Steam"],"picked":"Defragment","floor":1},{"not_picked":["Streamline","Leap"],"picked":"Rebound","floor":3},{"not_picked":["Sweeping Beam","Hyperbeam"],"picked":"Streamline","floor":6},{"not_picked":["Leap","BasicCrystalCard"],"picked":"White Noise","floor":7},{"not_picked":["Sweeping Beam","Crystallizer","Compile Driver"],"picked":"SKIP","floor":10},{"not_picked":["Rebound","Genetic Algorithm"],"picked":"Seek","floor":11},{"not_picked":["Conserve Battery","Fusion"],"picked":"Defragment","floor":15}],"player_experience":990825,"relics_obtained":[{"floor":6,"key":"Replay:Multitool"},{"floor":9,"key":"Pear"},{"floor":11,"key":"Meat on the Bone"}],"event_choices":[{"damage_healed":0,"gold_gain":0,"player_choice":"Cursed","damage_taken":0,"max_hp_gain":0,"max_hp_loss":0,"event_name":"Wheel of Change","floor":2,"gold_loss":0,"cards_obtained":["Decay"]},{"damage_healed":0,"gold_gain":0,"player_choice":"Got Potions","damage_taken":0,"max_hp_gain":0,"max_hp_loss":0,"event_name":"Lab","floor":12,"gold_loss":0}],"is_beta":false,"boss_relics":[],"items_purged_floors":[4,16],"is_endless":false,"potions_floor_spawned":[3,10,11],"killed_by":"Slime Boss","ascension_level":18}}