{"host":"r9v0g0iwbsx9dzwu","time":1612088512,"event":{"mods":["100% Spire Juice","ATMod(阿瑾Mod)","Aspiration","BaseMod","Minty Spire (QoL Compilation)","MostiFishMod","Reliquary","Replay The Spire","RumiaBox-露米娅的神秘盒子","StSLib","TestMod","[IsaacMod]以撒尖塔","【功能Mod】聪明的最终Boss","【遗物卡牌】REMEMod"],"gold_per_floor":[112,123,139,157,557,557,557],"floor_reached":6,"language":"ZHS","playtime":561,"items_purged":[],"score":76,"play_id":"40c6b330-41a5-450a-9bff-733aeeb419db","local_time":"20210131182152","is_ascension_mode":true,"campfire_choices":[],"circlet_count":0,"master_deck":["AscendersBane","Strike_G","Strike_G","Strike_G","Strike_G","Strike_G","Defend_G","Defend_G","Defend_G","Defend_G","Defend_G","Survivor","Neutralize","Storm of Steel","MostiFishMod:Neptune","MostiFishMod:TheEndOfMoonlight","MostiFishMod:SparklingWater","MostiFishMod:FantasySummer","MostiFishMod:NightSea","AT_EmpoweredMortalDraw","Acrobatics","Acrobatics+1","Terror"],"relics":["Ring of the Snake","AT_ATBox","DaveBox","testmod-TestBox","HushsDoor","REME_ComplimentaryCards","GuppysPaw","testmod-Justice","MoonlightInvasionPlan","Baka2"],"acts_visited":["Exordium"],"potions_floor_usage":[],"damage_taken":[{"damage":0.0,"enemies":"Cultist","floor":1.0,"turns":1.0},{"damage":0,"enemies":"Jaw Worm","floor":2,"turns":1},{"damage":0,"enemies":"Small Slimes","floor":3,"turns":1},{"damage":0,"enemies":"Gremlin Gang","floor":4,"turns":1},{"damage":5,"enemies":"3 Sentries","floor":6,"turns":3}],"seed_played":"9119069044000993053","potions_obtained":[{"floor":2,"key":"PowerPotion"},{"floor":3,"key":"SkillPotion"}],"is_trial":false,"path_per_floor":["M","M","M","M","?","E"],"character_chosen":"THE_SILENT","items_purchased":[],"campfire_rested":0,"item_purchase_floors":[],"current_hp_per_floor":[59,59,59,59,59,59,59],"gold":557,"neow_bonus":"THREE_ENEMY_KILL","is_daily":false,"chose_seed":false,"campfire_upgraded":0,"win_rate":0.0,"timestamp":1612088512,"path_taken":["M","M","?","M","?","E"],"items_purchased_type":[],"build_version":"2020-12-22","purchased_purges":0,"victory":false,"max_hp_per_floor":[66,66,66,66,66,66,66],"card_choices":[{"not_picked":["PiercingWail","Bane","Hidden Blade"],"picked":"SKIP","floor":1},{"not_picked":["Deflect","Dagger Throw"],"picked":"Acrobatics","floor":2},{"not_picked":["AT_KneejerkReflex","Toxin Wave"],"picked":"Terror","floor":3},{"not_picked":["Setup","MostiFishMod:VineMother","ReplayTheSpireMod:Necrosis"],"picked":"SKIP","floor":4}],"player_experience":37188,"relics_obtained":[{"floor":1,"key":"Baka"},{"floor":2,"key":"Baka2"}],"event_choices":[{"damage_healed":0,"gold_gain":400,"player_choice":"Sell","damage_taken":0,"max_hp_gain":0,"max_hp_loss":0,"event_name":"恩洛斯的盘子","floor":5,"relics_lost":["NeowsBlessing"],"gold_loss":0}],"is_beta":false,"boss_relics":[],"items_purged_floors":[],"is_endless":false,"potions_floor_spawned":[2,3,4],"killed_by":"3 Sentries","ascension_level":20}}