{"host":"6xsbn6ynqlzwllfm","time":1612054630,"event":{"mods":["2.2 Compatiblity","BaseMod","Bestiary","Colored Map","Colored Powertips","Curses Come First","Highlight Path","Keyboard Shortcuts","Minty Spire (QoL Compilation)","Relic Stats","Slay the Relics Exporter","StSLib","SuperFastMode"],"gold_per_floor":[124,147,72,82,82,82,111,111,111],"floor_reached":8,"language":"ENG","playtime":233,"items_purged":[],"score":96,"play_id":"564d6f37-026c-4cbc-9eb6-d47454fc28c1","local_time":"20210130195710","is_ascension_mode":true,"campfire_choices":[{"data":"ReachHeaven","floor":6.0,"key":"SMITH"}],"circlet_count":0,"master_deck":["AscendersBane","Strike_P","Strike_P","Strike_P","Defend_P","Defend_P","Defend_P","Defend_P","Eruption","Vigilance","Sanctity","ReachHeaven+1","Sanctity"],"relics":["PureWater","CeramicFish"],"acts_visited":["Exordium"],"potions_floor_usage":[8,8],"damage_taken":[{"damage":6.0,"enemies":"Jaw Worm","floor":1.0,"turns":7.0},{"damage":8.0,"enemies":"Small Slimes","floor":2.0,"turns":3.0},{"damage":6.0,"enemies":"2 Louse","floor":4.0,"turns":3.0},{"damage":26,"enemies":"Gremlin Gang","floor":7,"turns":4},{"damage":4,"enemies":"3 Sentries","floor":8,"turns":2}],"seed_played":"-4502147278498654794","potions_obtained":[{"floor":2.0,"key":"Weak Potion"},{"floor":4.0,"key":"ColorlessPotion"}],"is_trial":false,"path_per_floor":["M","M","?","M","?","R","M","E"],"character_chosen":"WATCHER","items_purchased":[],"campfire_rested":0,"item_purchase_floors":[],"current_hp_per_floor":[55,47,47,41,41,41,15,11,11],"gold":111,"neow_bonus":"RANDOM_COMMON_RELIC","is_daily":false,"chose_seed":false,"campfire_upgraded":1,"win_rate":0.0,"timestamp":1612054630,"path_taken":["M","M","?","M","?","R","M","E"],"items_purchased_type":[],"build_version":"2020-12-22","purchased_purges":0,"victory":false,"max_hp_per_floor":[68,68,68,68,68,68,68,68,68],"relic_stats":{"counters":[5,19],"CeramicFish":27,"obtain_stats":[{"CeramicFish":0,"PureWater":0},{"CeramicFish":0,"PureWater":0},{"CeramicFish":0,"PureWater":0}]},"card_choices":[{"not_picked":["Consecrate","LikeWater"],"picked":"Sanctity","floor":1.0},{"not_picked":["FlurryOfBlows","Halt"],"picked":"ReachHeaven","floor":2.0},{"not_picked":["Evaluate","EmptyBody"],"picked":"Sanctity","floor":7}],"player_experience":1311933,"relics_obtained":[],"event_choices":[{"cards_removed":["Strike_P"],"damage_healed":0.0,"max_hp_gain":0.0,"max_hp_loss":0.0,"gold_gain":0.0,"event_name":"The Cleric","player_choice":"Card Removal","floor":3.0,"gold_loss":75.0,"damage_taken":0.0},{"damage_healed":0.0,"max_hp_gain":0.0,"max_hp_loss":0.0,"gold_gain":0.0,"event_name":"Liars Game","player_choice":"Ignored","floor":5.0,"gold_loss":0.0,"damage_taken":0.0}],"is_beta":false,"boss_relics":[],"items_purged_floors":[],"is_endless":false,"potions_floor_spawned":[2,4],"killed_by":"3 Sentries","ascension_level":20}}