{"host":"2se5dq1do2gp0x9k","time":1612115320,"event":{"mods":["AchievementEnabler","BaseMod","Block Reminder","Colored Map","Colored Powertips","Minty Spire (QoL Compilation)","Relic Stats","StSLib","SuperFastMode"],"gold_per_floor":[114,127,144,158,79,79,110,110,133,168,168,179,179,210,210,288,288,301,226,245,257,288,288,288],"floor_reached":23,"language":"ENG","playtime":1051,"items_purged":[],"score":543,"play_id":"25167232-3599-4d6b-be40-778af3abed60","local_time":"20210131094840","is_ascension_mode":true,"campfire_choices":[{"data":"BattleHymn","floor":6,"key":"SMITH"},{"data":"Tantrum","floor":8,"key":"SMITH"},{"data":"Wallop","floor":11,"key":"SMITH"},{"data":"CrushJoints","floor":15,"key":"SMITH"}],"circlet_count":0,"master_deck":["AscendersBane","Strike_P","Strike_P","Strike_P","Defend_P","Defend_P","Defend_P","Defend_P","Eruption","Vigilance","BattleHymn+1","CrushJoints+1","JustLucky","Indignation","Tantrum+1","Wallop+1","Halt+1","Nirvana","Ragnarok","CutThroughFate","Halt","JustLucky","JustLucky"],"relics":["PureWater","NeowsBlessing","Anchor","Vajra","Bronze Scales","Kunai","Velvet Choker","Red Mask"],"acts_visited":["Exordium","TheCity"],"potions_floor_usage":[7,14,18,23,23],"damage_taken":[{"damage":0,"enemies":"Jaw Worm","floor":1,"turns":1},{"damage":0,"enemies":"2 Louse","floor":2,"turns":1},{"damage":0,"enemies":"Small Slimes","floor":3,"turns":2},{"damage":1,"enemies":"Looter","floor":4,"turns":3},{"damage":11,"enemies":"3 Sentries","floor":7,"turns":4},{"damage":0,"enemies":"Lagavulin","floor":10,"turns":4},{"damage":0,"enemies":"2 Fungi Beasts","floor":12,"turns":2},{"damage":15,"enemies":"3 Sentries","floor":14,"turns":5},{"damage":0,"enemies":"Slime Boss","floor":16,"turns":3},{"damage":11,"enemies":"Chosen","floor":18,"turns":4},{"damage":11,"enemies":"Shell Parasite","floor":20,"turns":4},{"damage":20,"enemies":"Snake Plant","floor":21,"turns":3},{"damage":17,"enemies":"Masked Bandits","floor":22,"turns":3},{"damage":34,"enemies":"Slavers","floor":23,"turns":3}],"seed_played":"8059799274881823291","potions_obtained":[{"floor":1,"key":"Block Potion"},{"floor":3,"key":"Block Potion"},{"floor":16,"key":"SneckoOil"},{"floor":18,"key":"FairyPotion"},{"floor":20,"key":"EntropicBrew"}],"is_trial":false,"path_per_floor":["M","M","M","M","$","R","E","R","T","E","R","M","?","E","R","B",null,"M","?","M","M","?","E"],"character_chosen":"WATCHER","items_purchased":["Tantrum"],"campfire_rested":0,"item_purchase_floors":[5],"current_hp_per_floor":[61,61,61,60,60,60,49,49,49,49,49,49,49,34,34,34,60,49,49,38,18,1,0,0],"gold":288,"neow_bonus":"THREE_ENEMY_KILL","is_daily":false,"chose_seed":false,"campfire_upgraded":4,"win_rate":0.0,"timestamp":1612115320,"path_taken":["M","M","M","M","$","R","E","R","T","E","R","M","?","E","R","BOSS","M","?","M","M","?","E"],"items_purchased_type":["Card"],"build_version":"2020-12-22","purchased_purges":0,"victory":false,"max_hp_per_floor":[68,68,68,68,68,68,68,68,68,68,68,68,68,68,68,68,68,68,68,68,68,68,68,68],"relic_stats":{"counters":[14,42],"Bronze Scales":[72],"Kunai":[7],"obtain_stats":[{"Anchor":7,"NeowsBlessing":0,"Bronze Scales":10,"Vajra":9,"Velvet Choker":17,"Red Mask":22,"Kunai":14,"PureWater":0},{"Anchor":5,"NeowsBlessing":0,"Bronze Scales":6,"Vajra":5,"Velvet Choker":9,"Red Mask":13,"Kunai":8,"PureWater":0},{"Anchor":11,"NeowsBlessing":0,"Bronze Scales":15,"Vajra":11,"Velvet Choker":25,"Red Mask":39,"Kunai":22,"PureWater":0}]},"card_choices":[{"not_picked":["PathToVictory","Prostrate"],"picked":"BattleHymn","floor":1},{"not_picked":["Pray","ThirdEye"],"picked":"CrushJoints","floor":2},{"not_picked":["Vengeance","PathToVictory"],"picked":"JustLucky","floor":3},{"not_picked":["FlurryOfBlows","Swivel"],"picked":"Indignation","floor":4},{"not_picked":["Collect","ForeignInfluence"],"picked":"Wallop","floor":7},{"not_picked":["CrushJoints","Protect","Vengeance"],"picked":"SKIP","floor":10},{"not_picked":["Consecrate","Protect"],"picked":"Halt","floor":12},{"not_picked":["ConjureBlade","SignatureMove"],"picked":"Nirvana","floor":14},{"not_picked":["Blasphemy","Omniscience"],"picked":"Ragnarok","floor":16},{"not_picked":["BattleHymn","MentalFortress"],"picked":"CutThroughFate","floor":18},{"not_picked":["Prostrate","WreathOfFlame"],"picked":"Halt","floor":20},{"not_picked":["MentalFortress","FlyingSleeves"],"picked":"JustLucky","floor":21},{"not_picked":["Conclude","Crescendo"],"picked":"JustLucky","floor":22}],"player_experience":4021573,"relics_obtained":[{"floor":7,"key":"Anchor"},{"floor":9,"key":"Vajra"},{"floor":10,"key":"Bronze Scales"},{"floor":14,"key":"Kunai"},{"floor":22,"key":"Red Mask"}],"event_choices":[{"damage_healed":0,"gold_gain":0,"player_choice":"Grow","damage_taken":0,"max_hp_gain":0,"max_hp_loss":0,"event_name":"Living Wall","floor":13,"gold_loss":0,"cards_upgraded":["Halt"]},{"cards_removed":["Strike_P"],"damage_healed":0,"gold_gain":0,"player_choice":"Gave Gold","damage_taken":0,"max_hp_gain":0,"max_hp_loss":0,"event_name":"Beggar","floor":19,"gold_loss":75},{"damage_healed":0,"gold_gain":0,"player_choice":"Fought Bandits","damage_taken":0,"max_hp_gain":0,"max_hp_loss":0,"event_name":"Masked Bandits","floor":22,"gold_loss":0}],"is_beta":false,"boss_relics":[{"not_picked":["Empty Cage","Coffee Dripper"],"picked":"Velvet Choker"}],"items_purged_floors":[],"is_endless":false,"potions_floor_spawned":[1,3,16,18,20,22],"killed_by":"Slavers","ascension_level":18}}