{"host":"mb4cisebr17g8vuz","time":1612119169,"event":{"mods":["AchievementEnabler","BaseMod","Colored Map","Colored Powertips","Minty Spire (QoL Compilation)","SuperFastMode","everything is the same but u backflip on backflip"],"gold_per_floor":[115,134,17,17,31,31,64,92,92,121,45,45,59,74,74,74,74],"floor_reached":16,"language":"KOR","playtime":540,"items_purged":["Strike_R"],"score":204,"play_id":"fa5673f5-84a8-47e0-9f1d-8d09c6e63969","local_time":"20210131135249","is_ascension_mode":true,"campfire_choices":[{"data":"Spot Weakness","floor":6,"key":"SMITH"},{"data":"Rage","floor":12,"key":"SMITH"},{"data":"Whirlwind","floor":15,"key":"SMITH"}],"circlet_count":0,"master_deck":["AscendersBane","Strike_R","Strike_R","Strike_R","Defend_R","Defend_R","Defend_R","Bash","Pummel","Iron Wave","Rage+1","Whirlwind+1","Spot Weakness+1","Sword Boomerang","Armaments+1","True Grit+1","Burning Pact+1","Warcry+1"],"relics":["Burning Blood","Toxic Egg 2","Odd Mushroom","Question Card","Oddly Smooth Stone"],"acts_visited":["Exordium"],"potions_floor_usage":[7,13],"damage_taken":[{"damage":1,"enemies":"Cultist","floor":1,"turns":3},{"damage":7,"enemies":"Jaw Worm","floor":2,"turns":3},{"damage":4,"enemies":"2 Louse","floor":5,"turns":2},{"damage":4,"enemies":"3 Sentries","floor":7,"turns":3},{"damage":19,"enemies":"The Mushroom Lair","floor":8,"turns":3},{"damage":26,"enemies":"Gremlin Nob","floor":10,"turns":4},{"damage":0,"enemies":"Looter","floor":13,"turns":3},{"damage":13,"enemies":"Blue Slaver","floor":14,"turns":5},{"damage":37,"enemies":"Slime Boss","floor":16,"turns":7}],"seed_played":"2927142725243048638","potions_obtained":[{"floor":1,"key":"LiquidMemories"},{"floor":2,"key":"LiquidBronze"},{"floor":10,"key":"Block Potion"}],"is_trial":false,"path_per_floor":["M","M","$","$","M","R","E","?","T","E","$","R","M","M","R","B"],"character_chosen":"IRONCLAD","items_purchased":["Spot Weakness","Burning Pact+1"],"campfire_rested":0,"item_purchase_floors":[3,11],"current_hp_per_floor":[68,67,67,67,68,68,68,55,55,35,35,35,41,34,34,0,0],"gold":74,"neow_bonus":"TRANSFORM_TWO_CARDS","is_daily":false,"chose_seed":false,"campfire_upgraded":3,"win_rate":0.0,"timestamp":1612119169,"path_taken":["M","M","?","$","M","R","E","?","T","E","$","R","M","M","R","BOSS"],"items_purchased_type":["Card","Card"],"build_version":"2020-12-22","purchased_purges":1,"victory":false,"max_hp_per_floor":[68,68,68,68,68,68,68,68,68,68,68,68,68,68,68,68,68],"card_choices":[{"not_picked":["Twin Strike","Cleave"],"picked":"Rage","floor":1},{"not_picked":["Dark Embrace","Perfected Strike"],"picked":"Whirlwind","floor":2},{"not_picked":["Feel No Pain","True Grit"],"picked":"Sword Boomerang","floor":5},{"not_picked":["Headbutt","Pommel Strike"],"picked":"Armaments+1","floor":7},{"not_picked":["Juggernaut","Heavy Blade","Searing Blow"],"picked":"True Grit+1","floor":10},{"not_picked":["Havoc+1","Headbutt","Pommel Strike"],"picked":"Warcry+1","floor":13},{"not_picked":["Wild Strike","Flex+1","Cleave","Iron Wave"],"picked":"SKIP","floor":14}],"player_experience":236859,"relics_obtained":[{"floor":7,"key":"Toxic Egg 2"},{"floor":8,"key":"Odd Mushroom"},{"floor":9,"key":"Question Card"},{"floor":10,"key":"Oddly Smooth Stone"}],"event_choices":[{"damage_healed":0,"gold_gain":0,"player_choice":"Fought Mushrooms","damage_taken":0,"max_hp_gain":0,"max_hp_loss":0,"event_name":"Mushrooms","floor":8,"gold_loss":0}],"is_beta":false,"boss_relics":[],"items_purged_floors":[3],"is_endless":false,"potions_floor_spawned":[1,2,10],"killed_by":"Slime Boss","ascension_level":17}}