{"host":"ueu9p0h3qc1t2vnw","time":1612073943,"event":{"mods":["BaseMod","Colored Map","Downfall","Highlight Path","Minty Spire (QoL Compilation)","StSLib"],"gold_per_floor":[99,118,128,145,163,63,63,80,100,114,114,144,144,174,192,192,192,192],"floor_reached":16,"language":"ENG","playtime":1072,"items_purged":[],"score":114,"play_id":"068f5a70-9e00-43fb-b5bc-d69919c64b51","local_time":"20210130211903","is_ascension_mode":false,"campfire_choices":[{"floor":1,"key":"RECALL"},{"data":"bronze:Flail","floor":6,"key":"SMITH"},{"floor":11,"key":"REST"},{"floor":13,"key":"REST"}],"circlet_count":0,"master_deck":["bronze:Strike","bronze:Strike","bronze:Strike","bronze:Strike","bronze:Defend","bronze:Defend","bronze:Defend","bronze:Defend","bronze:Replicate","bronze:Goto","bronze:Fortify","bronze:Flail+1","bronze:Overheat","bronze:ClassDefault","bronze:DelayedSlice","bronze:DelayedGuard","bronze:ItsAFeature+1","bronze:SpaghettiCode"],"relics":["bronze:BronzeCore","downfall:HeartBlessingRed","Bronze Scales","Odd Mushroom","Frozen Egg 2","Centennial Puzzle"],"acts_visited":["Exordium"],"potions_floor_usage":[16,16],"damage_taken":[{"damage":0,"enemies":"Small Slimes","floor":2,"turns":4},{"damage":6,"enemies":"Jaw Worm","floor":3,"turns":3},{"damage":1,"enemies":"2 Louse","floor":4,"turns":2},{"damage":25,"enemies":"Gremlin Gang","floor":5,"turns":3},{"damage":2,"enemies":"Blue Slaver","floor":8,"turns":2},{"damage":19,"enemies":"The Mushroom Lair","floor":9,"turns":2},{"damage":6,"enemies":"2 Fungi Beasts","floor":10,"turns":2},{"damage":4,"enemies":"Gremlin Nob","floor":12,"turns":3},{"damage":21,"enemies":"3 Sentries","floor":14,"turns":5},{"damage":5,"enemies":"3 Louse","floor":15,"turns":3},{"damage":35,"enemies":"WA_ARCHETYPE_RETAIN","floor":16,"turns":6}],"seed_played":"903965221678175428","potions_obtained":[{"floor":3,"key":"Slimebound:ThreeZeroPotion"},{"floor":4,"key":"bronze:FreeFunctionsPotion"},{"floor":5,"key":"LiquidBronze"},{"floor":10,"key":"Dexterity Potion"},{"floor":15,"key":"Guardian:BlockOnCardUsePotion"}],"is_trial":false,"path_per_floor":["R","M","M","M","M","R","T","M","?","M","R","E","R","E","M","B"],"character_chosen":"THE_AUTOMATON","items_purchased":[],"campfire_rested":2,"item_purchase_floors":[],"current_hp_per_floor":[77,77,71,70,45,45,45,43,24,18,41,37,60,39,34,0,0,0],"gold":192,"neow_bonus":"TEN_PERCENT_HP_BONUS","is_daily":false,"chose_seed":false,"campfire_upgraded":1,"win_rate":0.0,"timestamp":1612073943,"path_taken":["R","M","M","M","M","R","T","M","?","M","R","E","R","E","M","BOSS"],"items_purchased_type":[],"build_version":"2020-12-22","purchased_purges":0,"victory":false,"max_hp_per_floor":[77,77,77,77,77,77,77,77,77,77,77,77,77,77,77,77,77,77],"card_choices":[{"not_picked":["bronze:Frontload","bronze:Overheat"],"picked":"bronze:Fortify","floor":2},{"not_picked":["bronze:Overload","bronze:Shield","bronze:Philosophize"],"picked":"SKIP","floor":3},{"not_picked":["bronze:DigitalCarnage","bronze:Branch"],"picked":"bronze:Flail","floor":4},{"not_picked":["bronze:Frontload","bronze:FineTuning"],"picked":"bronze:Overheat","floor":5},{"not_picked":["bronze:Shield","bronze:WhirlingStrike"],"picked":"bronze:ClassDefault","floor":8},{"not_picked":["bronze:WildBeam","bronze:Overheat"],"picked":"bronze:DelayedSlice","floor":9},{"not_picked":["bronze:ClassDefault","bronze:BitShift"],"picked":"bronze:DelayedGuard","floor":10},{"not_picked":["bronze:FollowUp","bronze:BitShift"],"picked":"bronze:ItsAFeature+1","floor":12},{"not_picked":["bronze:BitShift","bronze:Shield"],"picked":"bronze:SpaghettiCode","floor":14},{"not_picked":["bronze:DelayedGuard","bronze:WhirlingStrike","bronze:BitShift"],"picked":"SKIP","floor":15}],"player_experience":865775,"relics_obtained":[{"floor":7,"key":"Bronze Scales"},{"floor":9,"key":"Odd Mushroom"},{"floor":12,"key":"Frozen Egg 2"},{"floor":14,"key":"Centennial Puzzle"}],"event_choices":[{"damage_healed":0,"gold_gain":0,"player_choice":"Fought Mushrooms","damage_taken":0,"max_hp_gain":0,"max_hp_loss":0,"event_name":"Mushrooms","floor":9,"gold_loss":0}],"is_beta":false,"boss_relics":[],"items_purged_floors":[],"is_endless":false,"potions_floor_spawned":[3,4,5,10,15],"killed_by":"WA_ARCHETYPE_RETAIN","ascension_level":0}}