{"host":"2se5dq1do2gp0x9k","time":1612066212,"event":{"mods":["AchievementEnabler","BaseMod","Block Reminder","Colored Map","Colored Powertips","Minty Spire (QoL Compilation)","Relic Stats","StSLib","SuperFastMode"],"gold_per_floor":[109,109,109,125,125,125,154,22,22,22,22,59,59,102,102,185,185,211,211,220,270,296,296,335,335,335,335,335],"floor_reached":27,"language":"ENG","playtime":840,"items_purged":["Defend_P"],"score":557,"play_id":"499aafa0-2b05-458c-9234-8a41d0513195","local_time":"20210130201012","is_ascension_mode":true,"campfire_choices":[{"data":"Eruption","floor":6.0,"key":"SMITH"},{"data":"Nirvana","floor":13.0,"key":"SMITH"},{"data":"Wallop","floor":15.0,"key":"SMITH"},{"floor":23.0,"key":"REST"},{"data":"Weave","floor":25,"key":"SMITH"}],"circlet_count":0,"master_deck":["AscendersBane","Strike_P","Strike_P","Strike_P","Defend_P","Defend_P","Defend_P","Eruption+1","Vigilance","CurseOfTheBell","ReachHeaven","FlurryOfBlows","JustLucky","FlurryOfBlows","JustLucky","Nirvana+1","Wallop+1","Judgement","Weave+1","Necronomicurse","ClearTheMind+1","Wireheading"],"relics":["Calling Bell","PreservedInsect","Question Card","Thread and Needle","Kunai","HornCleat","Matryoshka","Ancient Tea Set","Shuriken","CeramicFish","MealTicket","Philosopher\u0027s Stone","Necronomicon","StrikeDummy","Regal Pillow","The Courier"],"acts_visited":["Exordium","TheCity"],"potions_floor_usage":[24,27],"damage_taken":[{"damage":8.0,"enemies":"Small Slimes","floor":1.0,"turns":9.0},{"damage":0.0,"enemies":"Jaw Worm","floor":4.0,"turns":4.0},{"damage":0.0,"enemies":"Gremlin Nob","floor":7.0,"turns":2.0},{"damage":13.0,"enemies":"Lagavulin","floor":12.0,"turns":5.0},{"damage":0.0,"enemies":"3 Sentries","floor":14.0,"turns":3.0},{"damage":9.0,"enemies":"The Guardian","floor":16.0,"turns":9.0},{"damage":0.0,"enemies":"Chosen","floor":18.0,"turns":3.0},{"damage":8.0,"enemies":"Shell Parasite","floor":22.0,"turns":4.0},{"damage":13,"enemies":"Book of Stabbing","floor":24,"turns":3},{"damage":32,"enemies":"Slavers","floor":27,"turns":3}],"seed_played":"4136160658377105993","potions_obtained":[{"floor":1.0,"key":"Dexterity Potion"},{"floor":4.0,"key":"LiquidBronze"},{"floor":18.0,"key":"SpeedPotion"},{"floor":24,"key":"Weak Potion"}],"is_trial":false,"path_per_floor":["M","$","?","M","?","R","E","$","T","T","$","E","R","E","R","B",null,"M","?","?","?","M","R","E","R","T","E"],"character_chosen":"WATCHER","items_purchased":["JustLucky"],"campfire_rested":1,"item_purchase_floors":[8],"current_hp_per_floor":[53,53,35,35,35,35,35,35,35,35,35,22,22,22,22,13,54,54,54,33,33,25,45,32,32,32,0,0],"gold":335,"neow_bonus":"BOSS_RELIC","is_daily":false,"chose_seed":false,"campfire_upgraded":4,"win_rate":0.0,"timestamp":1612066212,"path_taken":["M","$","?","M","?","R","E","$","T","?","?","E","R","E","R","BOSS","M","?","?","?","M","R","E","R","T","E"],"items_purchased_type":["Card"],"build_version":"2020-12-22","purchased_purges":1,"victory":false,"max_hp_per_floor":[68,68,68,68,68,68,68,68,68,68,68,68,68,68,68,68,68,68,68,68,68,68,68,68,68,68,68,68],"relic_stats":{"Regal Pillow":0,"counters":[10,45],"Shuriken":[19],"CeramicFish":63,"MealTicket":0,"PreservedInsect":167,"Necronomicon":[3],"Kunai":[21],"Question Card":9,"obtain_stats":[{"Regal Pillow":26,"CeramicFish":12,"Thread and Needle":0,"PreservedInsect":0,"The Courier":26,"Question Card":0,"Ancient Tea Set":10,"Calling Bell":0,"HornCleat":7,"Matryoshka":9,"Shuriken":10,"MealTicket":14,"Philosopher\u0027s Stone":17,"Necronomicon":20,"Kunai":3,"PureWater":0,"StrikeDummy":24},{"Regal Pillow":9,"CeramicFish":4,"Thread and Needle":0,"PreservedInsect":0,"The Courier":9,"Question Card":0,"Ancient Tea Set":3,"Calling Bell":0,"HornCleat":3,"Matryoshka":3,"Shuriken":3,"MealTicket":5,"Philosopher\u0027s Stone":6,"Necronomicon":7,"Kunai":1,"PureWater":0,"StrikeDummy":9},{"Regal Pillow":42,"CeramicFish":20,"Thread and Needle":0,"PreservedInsect":0,"The Courier":42,"Question Card":0,"Ancient Tea Set":15,"Calling Bell":0,"HornCleat":15,"Matryoshka":15,"Shuriken":15,"MealTicket":23,"Philosopher\u0027s Stone":32,"Necronomicon":35,"Kunai":9,"PureWater":0,"StrikeDummy":42}]},"card_choices":[{"not_picked":["WheelKick","CrushJoints","FollowUp"],"picked":"ReachHeaven","floor":1.0},{"not_picked":["Conclude","Indignation","FlyingSleeves"],"picked":"FlurryOfBlows","floor":4.0},{"not_picked":["WreathOfFlame","Vengeance","EmptyBody"],"picked":"FlurryOfBlows","floor":7.0},{"not_picked":["ReachHeaven","Prostrate","Vengeance"],"picked":"Nirvana","floor":12.0},{"not_picked":["ThirdEye","ClearTheMind","EmptyMind"],"picked":"Wallop","floor":14.0},{"not_picked":["Alpha","Blasphemy","Establishment"],"picked":"Judgement","floor":16.0},{"not_picked":["WindmillStrike","Sanctity","ReachHeaven+1"],"picked":"Weave","floor":18.0},{"not_picked":["FollowUp","EmptyBody","PathToVictory"],"picked":"ClearTheMind+1","floor":22.0},{"not_picked":["Evaluate","Judgement","Crescendo"],"picked":"Wireheading","floor":24}],"player_experience":4009169,"relics_obtained":[{"floor":0.0,"key":"PreservedInsect"},{"floor":0.0,"key":"Question Card"},{"floor":0.0,"key":"Thread and Needle"},{"floor":7.0,"key":"HornCleat"},{"floor":9.0,"key":"Matryoshka"},{"floor":10.0,"key":"Ancient Tea Set"},{"floor":10.0,"key":"Shuriken"},{"floor":12.0,"key":"CeramicFish"},{"floor":14.0,"key":"MealTicket"},{"floor":20.0,"key":"Necronomicon"},{"floor":24,"key":"StrikeDummy"},{"floor":26,"key":"Regal Pillow"},{"floor":26,"key":"The Courier"}],"event_choices":[{"damage_healed":0.0,"max_hp_gain":0.0,"max_hp_loss":0.0,"gold_gain":0.0,"event_name":"Scrap Ooze","player_choice":"Success","floor":3.0,"gold_loss":0.0,"damage_taken":18.0,"relics_obtained":["Kunai"]},{"damage_healed":0.0,"max_hp_gain":0.0,"max_hp_loss":0.0,"gold_gain":0.0,"cards_transformed":["Strike_P"],"event_name":"Living Wall","player_choice":"Change","floor":5.0,"gold_loss":0.0,"damage_taken":0.0,"cards_obtained":["JustLucky"]},{"damage_healed":0.0,"max_hp_gain":0.0,"max_hp_loss":0.0,"gold_gain":0.0,"event_name":"Ghosts","player_choice":"Ignored","floor":19.0,"gold_loss":0.0,"damage_taken":0.0},{"damage_healed":0.0,"max_hp_gain":0.0,"max_hp_loss":0.0,"gold_gain":0.0,"event_name":"Cursed Tome","player_choice":"Obtained Book","floor":20.0,"gold_loss":0.0,"damage_taken":21.0},{"damage_healed":0.0,"max_hp_gain":0.0,"max_hp_loss":0.0,"gold_gain":50.0,"event_name":"Golden Shrine","player_choice":"Pray","floor":21.0,"gold_loss":0.0,"damage_taken":0.0}],"is_beta":false,"boss_relics":[{"not_picked":["Snecko Eye","Cursed Key"],"picked":"Philosopher\u0027s Stone"}],"items_purged_floors":[8],"is_endless":false,"potions_floor_spawned":[1,4,18,24],"killed_by":"Slavers","ascension_level":18}}