{"host":"utqe55yv0jihe4d6","time":1612062395,"event":{"mods":["2.2 Compatiblity","AchievementEnabler","BaseMod","Block Reminder","Colored Map","Colored Powertips","Minty Spire (QoL Compilation)","Quick Restart","Rare Cards Sparkle","Relic Stats","SuperFastMode"],"gold_per_floor":[109,129,145,164,10,10,25,54,54,54,54,89,89,105,105,183,183,201,291,305,322,84,118,118,168,168,195,210,242,242,242,242,316,316,336,226,63,73,88,88,115,35,35,35,58,85,96,114,114,114,114,114,114,70,95,95,95],"floor_reached":56,"language":"ENG","playtime":1981,"items_purged":["Defend_R"],"score":2000,"play_id":"32c0be2a-0a2e-471a-a160-c493c7c5dad6","local_time":"20210130220635","is_ascension_mode":true,"campfire_choices":[{"data":"Wild Strike","floor":6.0,"key":"SMITH"},{"floor":10.0,"key":"REST"},{"data":"Disarm","floor":13.0,"key":"SMITH"},{"data":"Shockwave","floor":15.0,"key":"SMITH"},{"floor":24.0,"key":"REST"},{"floor":30.0,"key":"REST"},{"floor":32.0,"key":"REST"},{"data":"Fiend Fire","floor":40.0,"key":"SMITH"},{"floor":44.0,"key":"RECALL"},{"floor":49.0,"key":"REST"},{"floor":53,"key":"REST"}],"circlet_count":0,"master_deck":["AscendersBane","Strike_R","Strike_R","Defend_R","Defend_R","Bash+1","Ghostly Armor+1","Power Through+1","Fire Breathing+1","Wild Strike+1","Pommel Strike+1","Disarm+1","Power Through","Carnage+1","Shockwave+1","Impervious","CurseOfTheBell","Fire Breathing+1","Body Slam","Evolve","Evolve","Fiend Fire+1","Feel No Pain+1","Shrug It Off","Fire Breathing+1","Feel No Pain+1","Dark Embrace+1","Power Through+1","Feel No Pain+1","Reaper"],"relics":["Astrolabe","Bag of Preparation","Magic Flower","Calling Bell","Boot","Pear","Pocketwatch","OrangePellets","Matryoshka","Red Skull","HornCleat","Frozen Egg 2","Lantern","Enchiridion","Sozu","Bronze Scales","CaptainsWheel","Oddly Smooth Stone","Turnip","Whetstone","Bag of Marbles","Mercury Hourglass"],"acts_visited":["Exordium","TheCity","TheBeyond","TheEnding"],"potions_floor_usage":[],"damage_taken":[{"damage":5.0,"enemies":"Small Slimes","floor":1.0,"turns":4.0},{"damage":12.0,"enemies":"Jaw Worm","floor":2.0,"turns":4.0},{"damage":0.0,"enemies":"Cultist","floor":3.0,"turns":3.0},{"damage":13.0,"enemies":"Exordium Wildlife","floor":4.0,"turns":3.0},{"damage":0.0,"enemies":"Large Slime","floor":7.0,"turns":3.0},{"damage":20.0,"enemies":"Gremlin Nob","floor":8.0,"turns":4.0},{"damage":5.0,"enemies":"3 Sentries","floor":12.0,"turns":4.0},{"damage":18.0,"enemies":"Gremlin Gang","floor":14.0,"turns":5.0},{"damage":13.0,"enemies":"Hexaghost","floor":16.0,"turns":9.0},{"damage":6.0,"enemies":"Spheric Guardian","floor":18.0,"turns":6.0},{"damage":2.0,"enemies":"2 Thieves","floor":20.0,"turns":4.0},{"damage":6.0,"enemies":"Snake Plant","floor":21.0,"turns":5.0},{"damage":40.0,"enemies":"Slavers","floor":23.0,"turns":5.0},{"damage":7.0,"enemies":"Gremlin Leader","floor":27.0,"turns":4.0},{"damage":0.0,"enemies":"Cultist and Chosen","floor":28.0,"turns":4.0},{"damage":0.0,"enemies":"Book of Stabbing","floor":29.0,"turns":5.0},{"damage":38.0,"enemies":"Automaton","floor":33.0,"turns":8.0},{"damage":0.0,"enemies":"3 Shapes","floor":35.0,"turns":7.0},{"damage":5.0,"enemies":"3 Darklings","floor":38.0,"turns":3.0},{"damage":0.0,"enemies":"Spire Growth","floor":39.0,"turns":5.0},{"damage":0.0,"enemies":"Nemesis","floor":41.0,"turns":5.0},{"damage":5.0,"enemies":"Giant Head","floor":46.0,"turns":6.0},{"damage":4.0,"enemies":"Sphere and 2 Shapes","floor":47.0,"turns":6.0},{"damage":10.0,"enemies":"Jaw Worm Horde","floor":48.0,"turns":5.0},{"damage":22,"enemies":"Time Eater","floor":50,"turns":7},{"damage":86,"enemies":"Awakened One","floor":51,"turns":11},{"damage":48,"enemies":"Shield and Spear","floor":55,"turns":6},{"damage":55,"enemies":"The Heart","floor":56,"turns":8}],"seed_played":"4543039312257811000","potions_obtained":[{"floor":2.0,"key":"SteroidPotion"},{"floor":3.0,"key":"LiquidBronze"},{"floor":29.0,"key":"FairyPotion"}],"is_trial":false,"path_per_floor":["M","M","M","M","$","R","M","E","T","R","?","E","R","M","R","B",null,"M","?","M","M","$","E","R","?","T","E","M","E","R","?","R","B",null,"M","?","$","M","M","R","E","$","T","R","T","E","M","M","R","B","B",null,"R","$","E","B"],"character_chosen":"IRONCLAD","items_purchased":["Disarm","OrangePellets","Evolve","Bronze Scales","Dark Embrace+1","Feel No Pain+1"],"campfire_rested":6,"item_purchase_floors":[5,22,22,37,42,54],"current_hp_per_floor":[63,51,51,38,38,38,38,18,18,40,40,35,35,17,17,4,67,61,49,47,41,41,1,26,26,26,19,19,19,44,23,48,10,66,66,66,66,61,61,61,61,61,61,61,61,56,52,42,67,45,6,65,85,85,37,0,0],"gold":95,"neow_bonus":"BOSS_RELIC","is_daily":false,"chose_seed":false,"campfire_upgraded":4,"win_rate":0.0,"timestamp":1612062395,"path_taken":["M","M","M","M","$","R","M","E","T","R","?","E","R","M","R","BOSS","M","?","M","?","$","E","R","?","T","E","M","E","R","?","R","BOSS","M","?","$","M","?","R","E","?","T","R","?","E","?","M","R","BOSS","BOSS","R","$","E","BOSS"],"items_purchased_type":["Card","Relic","Card","Relic","Card","Card"],"build_version":"2020-12-22","purchased_purges":1,"victory":false,"max_hp_per_floor":[75,75,75,75,75,75,75,75,75,75,75,75,75,75,75,75,85,85,85,85,85,85,85,85,85,85,85,85,85,85,85,85,85,85,85,85,85,85,85,85,85,85,85,85,85,85,85,85,85,85,85,85,85,85,85,85,85],"relic_stats":{"counters":[28,149],"Astrolabe":["Ghostly Armor","Power Through","Fire Breathing"],"Magic Flower":[18],"Bag of Preparation":[44],"Whetstone":["Bash","Pommel Strike"],"Boot":[14],"Mercury Hourglass":[24],"Sozu":3,"OrangePellets":[9],"Bronze Scales":[293],"Turnip":[8],"obtain_stats":[{"Lantern":29,"Pear":17,"Astrolabe":0,"Magic Flower":12,"Enchiridion":31,"Oddly Smooth Stone":43,"Bag of Preparation":8,"Whetstone":45,"Frozen Egg 2":27,"Boot":17,"Burning Blood":0,"Mercury Hourglass":55,"Calling Bell":17,"Sozu":34,"OrangePellets":22,"CaptainsWheel":41,"Matryoshka":23,"HornCleat":26,"Bronze Scales":37,"Turnip":43,"Bag of Marbles":46,"Red Skull":26,"Pocketwatch":17},{"Lantern":16,"Pear":9,"Astrolabe":0,"Magic Flower":7,"Enchiridion":16,"Oddly Smooth Stone":21,"Bag of Preparation":6,"Whetstone":21,"Frozen Egg 2":14,"Boot":9,"Burning Blood":0,"Mercury Hourglass":27,"Calling Bell":9,"Sozu":17,"OrangePellets":12,"CaptainsWheel":21,"Matryoshka":13,"HornCleat":13,"Bronze Scales":18,"Turnip":21,"Bag of Marbles":22,"Red Skull":13,"Pocketwatch":9},{"Lantern":72,"Pear":39,"Astrolabe":0,"Magic Flower":25,"Enchiridion":72,"Oddly Smooth Stone":100,"Bag of Preparation":21,"Whetstone":100,"Frozen Egg 2":63,"Boot":39,"Burning Blood":0,"Mercury Hourglass":141,"Calling Bell":39,"Sozu":80,"OrangePellets":54,"CaptainsWheel":100,"Matryoshka":59,"HornCleat":59,"Bronze Scales":87,"Turnip":100,"Bag of Marbles":106,"Red Skull":59,"Pocketwatch":39}],"Pocketwatch":[176]},"card_choices":[{"not_picked":["Perfected Strike","Flex","Clash"],"picked":"SKIP","floor":1.0},{"not_picked":["Clash","Sword Boomerang"],"picked":"Wild Strike","floor":2.0},{"not_picked":["Iron Wave","Sword Boomerang"],"picked":"Pommel Strike","floor":3.0},{"not_picked":["Perfected Strike","Flex","Armaments"],"picked":"SKIP","floor":4.0},{"not_picked":["Ghostly Armor","Metallicize"],"picked":"Power Through","floor":7.0},{"not_picked":["Flex","Dual Wield"],"picked":"Carnage","floor":8.0},{"not_picked":["Sword Boomerang","Seeing Red","Armaments"],"picked":"SKIP","floor":12.0},{"not_picked":["Clothesline","Bloodletting"],"picked":"Shockwave","floor":14.0},{"not_picked":["Exhume","Brutality"],"picked":"Impervious","floor":16.0},{"not_picked":["Battle Trance","Thunderclap"],"picked":"Fire Breathing+1","floor":18.0},{"not_picked":["Seeing Red","Armaments","Sever Soul"],"picked":"SKIP","floor":20.0},{"not_picked":["Pommel Strike","Infernal Blade"],"picked":"Body Slam","floor":21.0},{"not_picked":["Searing Blow","Ghostly Armor"],"picked":"Evolve","floor":23.0},{"not_picked":["Combust+1","Havoc","Limit Break"],"picked":"SKIP","floor":27.0},{"not_picked":["Headbutt","Warcry","Pommel Strike"],"picked":"SKIP","floor":28.0},{"not_picked":["Infernal Blade","Heavy Blade","Armaments"],"picked":"SKIP","floor":29.0},{"not_picked":["Brutality+1","Bludgeon"],"picked":"Fiend Fire","floor":33.0},{"not_picked":["Seeing Red","Iron Wave+1"],"picked":"Feel No Pain+1","floor":35.0},{"not_picked":["Wild Strike+1","Flex"],"picked":"Shrug It Off","floor":38.0},{"not_picked":["Thunderclap","Cleave"],"picked":"Fire Breathing+1","floor":39.0},{"not_picked":["Immolate","Dual Wield"],"picked":"Feel No Pain+1","floor":41.0},{"not_picked":["Clothesline","Headbutt"],"picked":"Power Through+1","floor":46.0},{"not_picked":["Heavy Blade","Wild Strike","Iron Wave"],"picked":"SKIP","floor":47.0},{"not_picked":["Body Slam","Sever Soul","Seeing Red"],"picked":"SKIP","floor":48.0},{"not_picked":["Body Slam","Anger"],"picked":"Reaper","floor":55}],"player_experience":2961402,"relics_obtained":[{"floor":8.0,"key":"Bag of Preparation"},{"floor":12.0,"key":"Magic Flower"},{"floor":17.0,"key":"Boot"},{"floor":17.0,"key":"Pear"},{"floor":17.0,"key":"Pocketwatch"},{"floor":23.0,"key":"Matryoshka"},{"floor":26.0,"key":"Red Skull"},{"floor":26.0,"key":"HornCleat"},{"floor":27.0,"key":"Frozen Egg 2"},{"floor":29.0,"key":"Lantern"},{"floor":31.0,"key":"Enchiridion"},{"floor":41.0,"key":"CaptainsWheel"},{"floor":43.0,"key":"Oddly Smooth Stone"},{"floor":43.0,"key":"Turnip"},{"floor":45.0,"key":"Whetstone"},{"floor":46.0,"key":"Bag of Marbles"},{"floor":55,"key":"Mercury Hourglass"}],"event_choices":[{"damage_healed":0.0,"max_hp_gain":0.0,"max_hp_loss":0.0,"gold_gain":0.0,"event_name":"Liars Game","player_choice":"Ignored","floor":11.0,"gold_loss":0.0,"damage_taken":0.0},{"damage_healed":0.0,"max_hp_gain":0.0,"max_hp_loss":0.0,"gold_gain":90.0,"event_name":"Knowing Skull","player_choice":"GOLD ","floor":19.0,"potions_obtained":[],"gold_loss":0.0,"damage_taken":12.0,"cards_obtained":[]},{"damage_healed":0.0,"max_hp_gain":0.0,"max_hp_loss":0.0,"gold_gain":50.0,"event_name":"Nest","player_choice":"Stole From Cult","floor":25.0,"gold_loss":0.0,"damage_taken":0.0},{"damage_healed":0.0,"max_hp_gain":0.0,"max_hp_loss":0.0,"gold_gain":0.0,"event_name":"Cursed Tome","player_choice":"Obtained Book","floor":31.0,"gold_loss":0.0,"damage_taken":21.0},{"cards_removed":["Strike_R"],"damage_healed":0.0,"max_hp_gain":0.0,"max_hp_loss":0.0,"gold_gain":0.0,"event_name":"Designer","player_choice":"Upgrade and Remove","floor":36.0,"gold_loss":110.0,"damage_taken":0.0,"cards_upgraded":["Carnage"]}],"is_beta":false,"boss_relics":[{"not_picked":["Tiny House","SacredBark"],"picked":"Calling Bell"},{"not_picked":["Runic Cube","Empty Cage"],"picked":"Sozu"}],"items_purged_floors":[5],"is_endless":false,"potions_floor_spawned":[2,3,8,16,18,27,28,29,35,38,48],"killed_by":"The Heart","ascension_level":20}}