{"host":"roto7j7840a50pxh","time":1612132235,"event":{"mods":["Act Like it!","BaseMod","Better Altar","Better Note","Better Sensory Stone","Better Skull","Better Third Choice","BetterRewards","Colored Map","Colored Powertips","Downfall","Hermit","Highlight Path","Hubris","Infinite Spire","Minty Spire (QoL Compilation)","Replay The Spire","Robot Space Explorer","Shade Mod","Spicy Shops","StSLib","The Construct","The Cursed","The Dragon Tamer","The Hierophant","The Necromancer","The Runesmith","The Servant 0.9.4","TheVacant"],"gold_per_floor":[211,240,263,375,372,409,494,506,544,570,602,629,641,683,709,826,838,850,882,894,891,915,927,939,970,882,919,916,928,840,865,897,1014,1026,1038,1050,1072,1084,1096,771,771,801,801,826,838,838,838,854,854],"floor_reached":51,"language":"ENG","playtime":4879,"items_purged":["downfall:Icky"],"score":876,"play_id":"12f1ee04-3085-40f9-a624-dc1ba5a41985","local_time":"20210131173035","is_ascension_mode":true,"campfire_choices":[{"data":"champ:StanceDance","floor":8.0,"key":"SMITH"},{"floor":13.0,"key":"REST"},{"data":"champ:MurderStrike","floor":18.0,"key":"SMITH"},{"data":"champ:FancyFootwork","floor":26.0,"key":"SMITH"},{"floor":30.0,"key":"REST"},{"data":"champ:CheapShot","floor":35.0,"key":"SMITH"},{"floor":43.0,"key":"REST"},{"data":"champ:BladeFlurry","floor":46.0,"key":"SMITH"}],"circlet_count":0,"master_deck":["champ:Strike","champ:Strike","champ:Strike","champ:Strike","champ:Defend","champ:Defend","champ:Defend","champ:Defend","champ:Execute","champ:Taunt","champ:StanceDance+1","champ:ShieldWall","champ:TornadoPunch","champ:Duel","champ:VampiricStrike","champ:GutPunch","champ:DefensiveShout","champ:EnragedBash","champ:CalledShot","champ:BladeFlurry+1","champ:MurderStrike+1","champ:DefensiveStyle+1","champ:ShieldWall","champ:FancyFootwork+1","J.A.X.","champ:BringItOn","champ:TornadoPunch","champ:ArenaPreparation","champ:EnGarde","champ:BladeFlurry","champ:CheapShot+1","AscendersBane","champ:TripleStrike+1","champ:Lariat+1","champ:StanceDance+1","champ:TripleStrike","champ:IronFortress","champ:RapidStrikes+1","champ:BringItOn+1","champ:BladeFlurry","expansioncontent:GuardianWhirl","champ:ArenaPreparation+1"],"relics":["champ:ChampionCrownUpgraded","MawBank","Garlic","hubris:MysteriousPyramids","hubris:Teleporter","Snack Pack","Pondfish Scales","downfall:HeartBlessingGreen","downfall:HeartBlessingBlue","hubris:Backtick","m_IronCrown","hubris:Towel","ReplayTheSpireMod:CursedCoin","champ:SignatureFinisher","Toy Ornithopter","StoneCalendar"],"acts_visited":["Exordium","TheCity","TheBeyond"],"potions_floor_usage":[50,50],"damage_taken":[{"damage":21.0,"enemies":"Cultist","floor":2.0,"turns":5.0},{"damage":12.0,"enemies":"Jaw Worm","floor":3.0,"turns":4.0},{"damage":20.0,"enemies":"downfall:FleeingMerchant","floor":5.0,"turns":4.0},{"damage":32.0,"enemies":"3 Sentries","floor":6.0,"turns":6.0},{"damage":50.0,"enemies":"Lagavulin","floor":9.0,"turns":6.0},{"damage":0.0,"enemies":"2 Louse","floor":10.0,"turns":1.0},{"damage":18.0,"enemies":"Exordium Thugs","floor":11.0,"turns":5.0},{"damage":17.0,"enemies":"Exordium Wildlife","floor":12.0,"turns":4.0},{"damage":15.0,"enemies":"3 Sentries","floor":14.0,"turns":4.0},{"damage":10.0,"enemies":"2 Fungi Beasts","floor":15.0,"turns":1.0},{"damage":86.0,"enemies":"DF_ARCHETYPE_STREAMLINE","floor":16.0,"turns":11.0},{"damage":26.0,"enemies":"Chosen","floor":19.0,"turns":4.0},{"damage":15.0,"enemies":"downfall:FleeingMerchant","floor":21.0,"turns":4.0},{"damage":31.0,"enemies":"Shell Parasite","floor":22.0,"turns":4.0},{"damage":26.0,"enemies":"Centurion and Healer","floor":25.0,"turns":6.0},{"damage":70.0,"enemies":"Gremlin Leader","floor":27.0,"turns":6.0},{"damage":18.0,"enemies":"downfall:FleeingMerchant","floor":28.0,"turns":4.0},{"damage":28.0,"enemies":"Snake Plant","floor":31.0,"turns":3.0},{"damage":20.0,"enemies":"Chosen and Byrds","floor":32.0,"turns":3.0},{"damage":61.0,"enemies":"WA_ARCHETYPE_CALM","floor":33.0,"turns":9.0},{"damage":57.0,"enemies":"3 Shapes","floor":37.0,"turns":7.0},{"damage":50.0,"enemies":"downfall:FleeingMerchant","floor":40.0,"turns":5.0},{"damage":92.0,"enemies":"Nemesis","floor":42.0,"turns":7.0},{"damage":79.0,"enemies":"Giant Head","floor":44.0,"turns":7.0},{"damage":41.0,"enemies":"Orb Walker","floor":45.0,"turns":2.0},{"damage":46.0,"enemies":"3 Darklings","floor":49.0,"turns":3.0},{"damage":129,"enemies":"SI_POISON_ARCHETYPE","floor":50,"turns":16}],"seed_played":"-491054776638607561","potions_obtained":[{"floor":2.0,"key":"Reflective Coating"},{"floor":3.0,"key":"Languid Potion"},{"floor":9.0,"key":"BlessingOfTheForge"},{"floor":15.0,"key":"Toxic Potion"},{"floor":19.0,"key":"champ:CounterPotion"},{"floor":22.0,"key":"hexamod:SoulburnPotion"},{"floor":25.0,"key":"PowerPotion"},{"floor":44.0,"key":"SpeedPotion"},{"floor":45.0,"key":"Weak Potion"},{"floor":49.0,"key":"champ:OpenerPotion"}],"is_trial":false,"path_per_floor":["R_BF","M","M","?","$","E","T","R","E","M","M","M","R","E","M","B",null,"R","M","?","$","M","?","T","M","R","E","$","T","R","M","M","B",null,"R","?","M","?","?","$","T","E","R","E","M","R","?","M","B",null],"character_chosen":"THE_CHAMP","items_purchased":["champ:TripleStrike","champ:IronFortress","ReplayTheSpireMod:CursedCoin"],"campfire_rested":3,"item_purchase_floors":[40,40,40],"current_hp_per_floor":[90,89,87,87,82,60,60,60,30,30,22,20,47,47,49,13,90,90,84,84,88,67,67,67,58,58,30,31,31,71,68,70,28,100,100,100,94,94,94,87,87,50,80,82,84,84,84,83,60],"gold":854,"neow_bonus":"RANDOM_COMMON_RELIC","is_daily":false,"chose_seed":false,"campfire_upgraded":5,"win_rate":0.0,"timestamp":1612132235,"path_taken":["R_BF","M","M","?","$","E","T","R","E","M","M","M","R","E","M","BOSS","R","M","?","$","M","?","T","M","R","E","?","?","R","M","M","BOSS","R","?","M","?","?","$","T","E","R","E","?","R","?","M","BOSS"],"items_purchased_type":["Card","Card","Relic"],"build_version":"2020-12-22","purchased_purges":1,"victory":true,"max_hp_per_floor":[90,90,90,90,90,90,90,90,90,90,90,90,90,90,90,90,90,90,90,90,90,90,90,90,90,90,90,90,90,100,100,100,100,100,100,100,100,100,100,100,100,100,100,100,100,100,100,100,100],"card_choices":[{"not_picked":["champ:EnragedBash","champ:DefensiveShout"],"picked":"champ:StanceDance","floor":2.0},{"not_picked":["champ:PreciseThrust","champ:CrownThrow"],"picked":"champ:ShieldWall","floor":3.0},{"not_picked":["champ:PreciseThrust","champ:CrookedStrike"],"picked":"champ:TornadoPunch","floor":5.0},{"not_picked":["champ:CrookedStrike","champ:DefensiveShout"],"picked":"champ:Duel","floor":6.0},{"not_picked":["champ:PerfectedStrike","champ:AdrenalArmor"],"picked":"champ:VampiricStrike","floor":9.0},{"not_picked":["champ:Backstep","champ:FanOfKnives"],"picked":"champ:GutPunch","floor":10.0},{"not_picked":["champ:CrownThrow","champ:BerserkersShout"],"picked":"champ:DefensiveShout","floor":11.0},{"not_picked":["champ:BringItOn","champ:BerserkersShout"],"picked":"champ:EnragedBash","floor":12.0},{"not_picked":["champ:HeartStrike","champ:DefensiveShout"],"picked":"champ:CalledShot","floor":14.0},{"not_picked":["champ:RecklessLeap","champ:PreciseThrust"],"picked":"champ:BladeFlurry","floor":15.0},{"not_picked":["champ:ShieldThrow","champ:EnchantShield"],"picked":"champ:MurderStrike","floor":16.0},{"not_picked":["champ:FancyFootwork","champ:TornadoPunch"],"picked":"champ:DefensiveStyle+1","floor":19.0},{"not_picked":["champ:FlashCut+1","champ:PerfectedStrike"],"picked":"champ:Lariat","floor":21.0},{"not_picked":["champ:BladeFlurry","champ:EnGarde"],"picked":"champ:FancyFootwork","floor":22.0},{"not_picked":["champ:FocusedDefense","champ:RecklessLeap"],"picked":"champ:BringItOn","floor":25.0},{"not_picked":["champ:Encircle","champ:EnchantSword"],"picked":"champ:TornadoPunch","floor":27.0},{"not_picked":["champ:CrownThrow","champ:Circumvent"],"picked":"champ:ArenaPreparation","floor":28.0},{"not_picked":["champ:FlashCut","champ:EnragedBash"],"picked":"champ:EnGarde","floor":31.0},{"not_picked":["champ:FlashCut","champ:DancingMaster"],"picked":"champ:BladeFlurry","floor":32.0},{"not_picked":["champ:SwordThrow","champ:MurderStrike"],"picked":"champ:CheapShot","floor":33.0},{"not_picked":["champ:GutPunch+1","champ:PerfectedStrike+1"],"picked":"champ:Lariat+1","floor":37.0},{"not_picked":["champ:GutPunch+1","champ:Endure"],"picked":"champ:StanceDance+1","floor":40.0},{"not_picked":["champ:IronFortress+1","champ:FlashCut"],"picked":"champ:RapidStrikes+1","floor":42.0},{"not_picked":["champ:Endure","champ:Backstep"],"picked":"champ:BringItOn+1","floor":44.0},{"not_picked":["champ:HeartStrike+1","champ:PreciseThrust"],"picked":"champ:BladeFlurry","floor":45.0},{"not_picked":["expansioncontent:DecaShield","expansioncontent:AwakenDeath"],"picked":"expansioncontent:GuardianWhirl","floor":48.0},{"not_picked":["champ:RecklessLeap","champ:FanOfKnives"],"picked":"champ:ArenaPreparation+1","floor":49.0}],"player_experience":1777544,"relics_obtained":[{"floor":6.0,"key":"Garlic"},{"floor":7.0,"key":"hubris:MysteriousPyramids"},{"floor":9.0,"key":"hubris:Teleporter"},{"floor":14.0,"key":"Snack Pack"},{"floor":24.0,"key":"Pondfish Scales"},{"floor":41.0,"key":"champ:SignatureFinisher"},{"floor":42.0,"key":"Toy Ornithopter"},{"floor":44.0,"key":"StoneCalendar"}],"event_choices":[{"cards_removed":["champ:MurderStrike"],"damage_healed":0.0,"max_hp_gain":0.0,"max_hp_loss":0.0,"gold_gain":0.0,"event_name":"betterNote:BetterNote","player_choice":"Take \u0026 Give","floor":20.0,"gold_loss":0.0,"damage_taken":0.0,"cards_obtained":["champ:ShieldWall"]},{"damage_healed":0.0,"max_hp_gain":0.0,"max_hp_loss":0.0,"gold_gain":0.0,"event_name":"Drug Dealer","player_choice":"Obtain J.A.X.","floor":23.0,"gold_loss":0.0,"damage_taken":0.0,"cards_obtained":["J.A.X."]},{"damage_healed":0.0,"max_hp_gain":0.0,"max_hp_loss":0.0,"gold_gain":3.0,"event_name":"betterStone:BetterStone","player_choice":"3","floor":36.0,"gold_loss":0.0,"damage_taken":0.0,"cards_obtained":["champ:TripleStrike"]},{"cards_removed":["champ:Lariat"],"damage_healed":0.0,"max_hp_gain":0.0,"max_hp_loss":0.0,"gold_gain":0.0,"event_name":"Falling","player_choice":"Removed Skill","floor":38.0,"gold_loss":0.0,"damage_taken":0.0}],"is_beta":false,"boss_relics":[{"not_picked":["SacredBark","Philosopher\u0027s Stone"],"picked":"champ:ChampionCrownUpgraded"},{"not_picked":["Cursed Key","Runic Dome"],"picked":"hubris:Backtick"}],"items_purged_floors":[40],"is_endless":false,"potions_floor_spawned":[2,3,9,14,15,19,22,25,44,45,49],"ascension_level":3}}