{"host":"mb4cisebr17g8vuz","time":1612059813,"event":{"mods":["AchievementEnabler","BaseMod","Colored Map","Colored Powertips","Minty Spire (QoL Compilation)","SuperFastMode","everything is the same but u backflip on backflip"],"gold_per_floor":[115,115,135,151,171,171,185,203,203,214,231,258,25,39,39,116,116,130,140,140,158,177,177,203,203,203,222,222,242,66,66,66,137,137,155,205,222,238,113,143,143,143,143,155,50,84,99,115,115,115],"floor_reached":51,"language":"KOR","playtime":2292,"items_purged":["Strike_R","Strike_R","Reckless Charge"],"score":1422,"play_id":"bc59c16b-3aa9-43b4-8b6d-408bae9ff534","local_time":"20210130212333","is_ascension_mode":true,"campfire_choices":[{"data":"Wild Strike","floor":6.0,"key":"SMITH"},{"data":"Evolve","floor":15.0,"key":"SMITH"},{"data":"Barricade","floor":23.0,"key":"SMITH"},{"data":"Fire Breathing","floor":25.0,"key":"SMITH"},{"data":"Power Through","floor":28.0,"key":"SMITH"},{"data":"Shrug It Off","floor":32.0,"key":"SMITH"},{"data":"Sentinel","floor":41.0,"key":"SMITH"},{"data":"Shrug It Off","floor":49,"key":"SMITH"}],"circlet_count":0,"master_deck":["AscendersBane","Defend_R","Defend_R","Defend_R","Defend_R","Bash","Power Through+1","Wild Strike+1","Flame Barrier+1","Cleave","Fire Breathing+1","Evolve+1","Shrug It Off+1","Barricade+1","Burning Pact","Burning Pact+1","Fire Breathing","Body Slam+1","Sentinel+1","Second Wind+1","Shrug It Off+1"],"relics":["Burning Blood","Lizard Tail","Ice Cream","Bag of Preparation","Coffee Dripper","Kunai","Empty Cage","Unceasing Top","Nunchaku"],"acts_visited":["Exordium","TheCity","TheBeyond"],"potions_floor_usage":[],"damage_taken":[{"damage":3.0,"enemies":"Jaw Worm","floor":1.0,"turns":6.0},{"damage":1.0,"enemies":"Cultist","floor":3.0,"turns":3.0},{"damage":2.0,"enemies":"2 Louse","floor":4.0,"turns":4.0},{"damage":20.0,"enemies":"Large Slime","floor":5.0,"turns":9.0},{"damage":0.0,"enemies":"Lots of Slimes","floor":7.0,"turns":1.0},{"damage":8.0,"enemies":"Exordium Wildlife","floor":8.0,"turns":5.0},{"damage":27.0,"enemies":"Exordium Thugs","floor":10.0,"turns":8.0},{"damage":0.0,"enemies":"Large Slime","floor":11.0,"turns":4.0},{"damage":10.0,"enemies":"Lagavulin","floor":12.0,"turns":8.0},{"damage":20.0,"enemies":"Lots of Slimes","floor":14.0,"turns":3.0},{"damage":24.0,"enemies":"The Guardian","floor":16.0,"turns":11.0},{"damage":7.0,"enemies":"Shell Parasite","floor":18.0,"turns":7.0},{"damage":1.0,"enemies":"Spheric Guardian","floor":19.0,"turns":5.0},{"damage":0.0,"enemies":"Centurion and Healer","floor":21.0,"turns":8.0},{"damage":0.0,"enemies":"Sentry and Sphere","floor":22.0,"turns":5.0},{"damage":41.0,"enemies":"Slavers","floor":24.0,"turns":5.0},{"damage":0.0,"enemies":"3 Cultists","floor":27.0,"turns":4.0},{"damage":10.0,"enemies":"Snake Plant","floor":29.0,"turns":7.0},{"damage":3.0,"enemies":"Champ","floor":33.0,"turns":9.0},{"damage":0.0,"enemies":"3 Shapes","floor":35.0,"turns":3.0},{"damage":6.0,"enemies":"Orb Walker","floor":37.0,"turns":4.0},{"damage":22.0,"enemies":"4 Shapes","floor":38.0,"turns":4.0},{"damage":17.0,"enemies":"Giant Head","floor":40.0,"turns":6.0},{"damage":1.0,"enemies":"Jaw Worm Horde","floor":44.0,"turns":4.0},{"damage":30.0,"enemies":"Reptomancer","floor":46.0,"turns":5.0},{"damage":16.0,"enemies":"Transient","floor":47.0,"turns":5.0},{"damage":0,"enemies":"Sphere and 2 Shapes","floor":48,"turns":3},{"damage":0,"enemies":"Time Eater","floor":50,"turns":7}],"seed_played":"-6446485540831384393","potions_obtained":[{"floor":1.0,"key":"LiquidMemories"},{"floor":7.0,"key":"GamblersBrew"},{"floor":11.0,"key":"SteroidPotion"},{"floor":12.0,"key":"CultistPotion"},{"floor":14.0,"key":"Dexterity Potion"},{"floor":18.0,"key":"PowerPotion"},{"floor":29.0,"key":"SneckoOil"},{"floor":33.0,"key":"Explosive Potion"},{"floor":35.0,"key":"Swift Potion"},{"floor":40.0,"key":"SkillPotion"},{"floor":46.0,"key":"ElixirPotion"},{"floor":47.0,"key":"AttackPotion"}],"is_trial":false,"path_per_floor":["M","?","M","M","M","R","M","M","T","M","M","E","$","M","R","B",null,"M","M","?","M","M","R","E","R","T","M","R","M","$","?","R","B",null,"M","?","M","M","$","E","R","?","T","M","$","E","M","M","R","B",null],"character_chosen":"IRONCLAD","items_purchased":["Bag of Preparation","Fire Breathing","Shrug It Off","Swift Potion"],"campfire_rested":0,"item_purchase_floors":[13,30,45,45],"current_hp_per_floor":[71,71,75,75,61,61,67,65,65,44,50,46,46,32,32,14,60,59,64,53,59,65,65,30,30,30,36,36,32,32,32,32,35,65,71,71,71,55,55,44,44,44,44,49,49,25,15,21,21,27],"gold":115,"neow_bonus":"TRANSFORM_CARD","is_daily":false,"chose_seed":false,"campfire_upgraded":8,"win_rate":0.0,"timestamp":1612059813,"path_taken":["M","?","M","M","M","R","M","M","T","M","M","E","$","M","R","BOSS","M","M","?","M","M","R","E","R","T","M","R","M","?","?","R","BOSS","M","?","M","?","$","E","R","?","T","M","?","E","M","M","R","BOSS"],"items_purchased_type":["Relic","Card","Card","Potion"],"build_version":"2020-12-22","purchased_purges":3,"victory":true,"max_hp_per_floor":[75,75,75,75,75,75,75,75,75,75,75,75,75,75,75,75,75,75,75,75,75,75,75,75,75,75,75,75,75,75,75,75,75,75,75,75,75,75,75,75,75,75,75,75,75,75,75,75,75,75],"card_choices":[{"not_picked":["Blood for Blood","Combust"],"picked":"Wild Strike","floor":1.0},{"not_picked":["Headbutt","Havoc","Disarm"],"picked":"SKIP","floor":3.0},{"not_picked":["Sword Boomerang","Headbutt","Clash"],"picked":"SKIP","floor":4.0},{"not_picked":["Havoc","Exhume"],"picked":"Cleave","floor":5.0},{"not_picked":["Cleave","Whirlwind","Anger"],"picked":"SKIP","floor":7.0},{"not_picked":["Spot Weakness","Armaments"],"picked":"Fire Breathing","floor":8.0},{"not_picked":["Ghostly Armor","Flame Barrier","Havoc"],"picked":"SKIP","floor":10.0},{"not_picked":["Clash","Sentinel","Clothesline"],"picked":"SKIP","floor":11.0},{"not_picked":["Body Slam","Flex"],"picked":"Evolve","floor":12.0},{"not_picked":["Second Wind","Combust"],"picked":"Shrug It Off","floor":14.0},{"not_picked":["Brutality","Corruption"],"picked":"Barricade","floor":16.0},{"not_picked":["Rage","Infernal Blade"],"picked":"Reckless Charge","floor":18.0},{"not_picked":["Wild Strike","Rampage","Havoc"],"picked":"SKIP","floor":19.0},{"not_picked":["Clash","Heavy Blade","Feel No Pain"],"picked":"SKIP","floor":21.0},{"not_picked":["Sever Soul+1","Whirlwind"],"picked":"Burning Pact","floor":22.0},{"not_picked":["Heavy Blade+1","Reckless Charge"],"picked":"Burning Pact+1","floor":24.0},{"not_picked":["Sword Boomerang","Pommel Strike","Battle Trance"],"picked":"SKIP","floor":27.0},{"not_picked":["Second Wind","Clash","Heavy Blade"],"picked":"SKIP","floor":29.0},{"not_picked":["Blood for Blood","Feel No Pain"],"picked":"Body Slam+1","floor":35.0},{"not_picked":["Iron Wave+1","Second Wind","Reckless Charge"],"picked":"SKIP","floor":37.0},{"not_picked":["Uppercut+1","Twin Strike","Evolve+1"],"picked":"SKIP","floor":38.0},{"not_picked":["Anger","True Grit"],"picked":"Sentinel","floor":40.0},{"not_picked":["Twin Strike+1","Combust"],"picked":"Second Wind+1","floor":44.0},{"not_picked":["Anger","Sword Boomerang+1","Sentinel"],"picked":"SKIP","floor":46.0},{"not_picked":["Headbutt+1","Dropkick","Reckless Charge"],"picked":"SKIP","floor":47.0},{"not_picked":["Perfected Strike","Carnage","Flame Barrier"],"picked":"SKIP","floor":48}],"player_experience":234567,"relics_obtained":[{"floor":9.0,"key":"Lizard Tail"},{"floor":12.0,"key":"Ice Cream"},{"floor":26.0,"key":"Kunai"},{"floor":40.0,"key":"Unceasing Top"},{"floor":46.0,"key":"Nunchaku"}],"event_choices":[{"damage_healed":0.0,"max_hp_gain":0.0,"max_hp_loss":0.0,"gold_gain":0.0,"cards_transformed":["Strike_R"],"event_name":"Living Wall","player_choice":"Change","floor":2.0,"gold_loss":0.0,"damage_taken":0.0,"cards_obtained":["Flame Barrier"]},{"damage_healed":0.0,"max_hp_gain":0.0,"max_hp_loss":0.0,"gold_gain":0.0,"event_name":"Wheel of Change","player_choice":"Damaged","floor":20.0,"gold_loss":0.0,"damage_taken":11.0},{"damage_healed":0.0,"max_hp_gain":0.0,"max_hp_loss":0.0,"gold_gain":0.0,"event_name":"Forgotten Altar","player_choice":"Smashed Altar","floor":31.0,"gold_loss":0.0,"damage_taken":0.0,"cards_obtained":["Decay"]},{"damage_healed":0.0,"max_hp_gain":0.0,"max_hp_loss":0.0,"gold_gain":50.0,"event_name":"Golden Shrine","player_choice":"Pray","floor":36.0,"gold_loss":0.0,"damage_taken":0.0},{"damage_healed":0.0,"max_hp_gain":0.0,"max_hp_loss":0.0,"gold_gain":0.0,"event_name":"Accursed Blacksmith","player_choice":"Forge","floor":42.0,"gold_loss":0.0,"damage_taken":0.0,"cards_upgraded":["Flame Barrier"]}],"is_beta":false,"boss_relics":[{"not_picked":["Tiny House","SlaversCollar"],"picked":"Coffee Dripper"},{"not_picked":["Calling Bell","Runic Pyramid"],"picked":"Empty Cage"}],"items_purged_floors":[13,30,39],"is_endless":false,"potions_floor_spawned":[1,7,11,12,14,18,19,29,33,35,40,46,47],"ascension_level":16}}