{"host":"hpn0uxah5qjr7pa6","time":1612075735,"event":{"mods":["Act Like it!","Aspiration","BaseMod","Better Third Choice","BetterRewards","Challenge The Spire","Colored Powertips","Conspire","Downfall","Energized Spire","Hallownest","Hermit","Hubris","Infinite Spire","Minty Spire (QoL Compilation)","Permanent Neow","Quick Restart","Rare Cards Sparkle","Replay The Spire","Spicy Shops","StSLib","The Bug Knight","The Jungle"],"gold_per_floor":[99,119,137,25,42,27,27,27,27,60,60,75,88,120,139,242,242,242,262,280,280,280,280,331,331,331,351,351,93,93,104,123,226,226,226,242,255,255,255,255],"floor_reached":38,"language":"ENG","playtime":1977,"items_purged":[],"score":469,"play_id":"055e1a07-988f-4f69-ab5b-34893460b3a0","local_time":"20210130224855","is_ascension_mode":true,"campfire_choices":[{"data":"bronze:Philosophize","floor":1,"key":"SMITH"},{"floor":9,"key":"REST"},{"floor":11,"key":"REST"},{"data":"infinitespire:DeathsTouch","floor":18,"key":"SMITH"},{"floor":25,"key":"REST"},{"floor":28,"key":"REST"},{"data":"bronze:Branch","floor":35,"key":"SMITH"}],"circlet_count":0,"master_deck":["bronze:Strike","bronze:Strike","bronze:Strike+1","bronze:Defend","bronze:Defend","bronze:Defend","bronze:Defend","bronze:Replicate","bronze:ChosenStrike","bronze:Branch+1","Shame","bronze:DigitalCarnage","bronze:DelayedSlice","bronze:Branch","bronze:Branch","bronze:ChosenStrike","bronze:AlphaBuild+1","Parasite","Panacea","infinitespire:DeathsTouch+1","bronze:OilSpill","Storm of Steel","ReplayTheSpireMod:From All Sides","m_BronzeAgony","bronze:Branch"],"relics":["bronze:BronzeCore","aspiration:FrozenJewel","Meat on the Bone","hubris:Reverence","The Courier","ReplayTheSpireMod:SealedPack","Whetstone","infinitespire:PuzzleCube","energizedSpire:StickyHand"],"acts_visited":["Exordium","TheCity","TheBeyond"],"potions_floor_usage":[16,16,16,27,33,33,33],"damage_taken":[{"damage":1,"enemies":"Cultist","floor":2,"turns":3},{"damage":1,"enemies":"2 Louse","floor":3,"turns":3},{"damage":0,"enemies":"downfall:FleeingMerchant","floor":4,"turns":4},{"damage":7,"enemies":"Small Slimes","floor":5,"turns":4},{"damage":7,"enemies":"downfall:FleeingMerchant","floor":6,"turns":4},{"damage":19,"enemies":"3 Sentries","floor":10,"turns":7},{"damage":11,"enemies":"Exordium Wildlife","floor":12,"turns":4},{"damage":5,"enemies":"3 Louse","floor":13,"turns":2},{"damage":17,"enemies":"Lagavulin","floor":14,"turns":5},{"damage":0,"enemies":"2 Fungi Beasts","floor":15,"turns":2},{"damage":1,"enemies":"IC_STATUS_ARCHETYPE","floor":16,"turns":5},{"damage":0,"enemies":"Chosen","floor":19,"turns":4},{"damage":19,"enemies":"3 Byrds","floor":20,"turns":4},{"damage":16,"enemies":"conspire:HollyBat","floor":27,"turns":8},{"damage":0,"enemies":"downfall:FleeingMerchant","floor":29,"turns":4},{"damage":13,"enemies":"Snecko","floor":31,"turns":3},{"damage":7,"enemies":"Centurion and Healer","floor":32,"turns":4},{"damage":49,"enemies":"SI_MIRROR_ARCHETYPE","floor":33,"turns":8},{"damage":5,"enemies":"3 Darklings","floor":36,"turns":4},{"damage":27,"enemies":"3 Shapes","floor":37,"turns":3},{"damage":42,"enemies":"Transient","floor":38,"turns":3}],"seed_played":"6274344774848412963","potions_obtained":[{"floor":12,"key":"hexamod:SoulburnPotion"},{"floor":13,"key":"Guardian:BlockOnCardUsePotion"},{"floor":15,"key":"Block Potion"},{"floor":16,"key":"hexamod:SoulburnPotion"},{"floor":20,"key":"Adrenaline Potion"},{"floor":22,"key":"CultistPotion"},{"floor":36,"key":"Elixir"},{"floor":37,"key":"champ:CounterPotion"}],"is_trial":false,"path_per_floor":["R","M","M","$","M","$","T","?","R","E","R","M","M","E","M","B",null,"R","M","M","?","?","?","T","R","?","M","R","$","?","M","M","B",null,"R","M","M","M"],"character_chosen":"THE_AUTOMATON","items_purchased":["aspiration:FrozenJewel","infinitespire:PuzzleCube","Venom Potion","Venom Potion"],"campfire_rested":4,"item_purchase_floors":[4,29,29,29],"current_hp_per_floor":[70,69,68,68,61,54,54,54,70,51,70,59,54,37,37,36,70,70,70,51,51,51,54,54,73,73,57,73,73,73,60,53,16,73,73,68,41,0,0,0],"gold":255,"neow_bonus":"TRANSFORM_CARD","is_daily":false,"chose_seed":false,"campfire_upgraded":3,"win_rate":0.0,"timestamp":1612075735,"path_taken":["R","M","M","?","M","$","T","?","R","E","R","M","M","E","M","BOSS","R","M","M","?","?","?","T","R","?","?","R","$","?","M","M","BOSS","R","M","M","M"],"items_purchased_type":["Relic","Relic","Potion","Potion"],"build_version":"2020-12-22","purchased_purges":0,"victory":false,"max_hp_per_floor":[70,70,70,70,70,70,70,70,70,70,70,70,70,70,70,70,70,70,70,70,70,70,73,73,73,73,73,73,73,73,73,73,73,73,73,73,73,73,73,73],"card_choices":[{"not_picked":["bronze:BronzeOrb","bronze:Iterate"],"picked":"bronze:ChosenStrike","floor":2},{"not_picked":["bronze:Repulsor","bronze:DelayedSlice"],"picked":"bronze:Branch","floor":3},{"not_picked":["bronze:Frontload","bronze:Break","bronze:Flail"],"picked":"SKIP","floor":4},{"not_picked":["bronze:Safeguard","bronze:Separator","bronze:FollowUp"],"picked":"SKIP","floor":5},{"not_picked":["bronze:Invalidate","bronze:Separator"],"picked":"bronze:DigitalCarnage","floor":6},{"not_picked":["bronze:Overheat","bronze:Hardcode"],"picked":"bronze:DelayedSlice","floor":10},{"not_picked":["bronze:Shell","bronze:Optimize"],"picked":"bronze:Branch","floor":12},{"not_picked":["bronze:Shield","bronze:WildBeam"],"picked":"bronze:Branch","floor":13},{"not_picked":["bronze:Iterate","bronze:Frontload","bronze:ItsAFeature"],"picked":"SKIP","floor":14},{"not_picked":["bronze:Format","bronze:WhirlingStrike"],"picked":"bronze:ChosenStrike","floor":15},{"not_picked":["bronze:Format","bronze:SpaghettiCode"],"picked":"bronze:AlphaBuild","floor":16},{"not_picked":["bronze:ThunderWave","bronze:SpaghettiCode"],"picked":"bronze:RecursiveStrike","floor":17},{"not_picked":["Replay:BasicMightCard","Replay:Bootleg Shield Generator"],"picked":"Panacea","floor":17},{"not_picked":["infinitespire:Gouge","infinitespire:UltimateForm"],"picked":"infinitespire:DeathsTouch","floor":17},{"not_picked":["bronze:BugBarrage","bronze:WildBeam"],"picked":"bronze:OilSpill","floor":19},{"not_picked":["bronze:InfiniteBeams+1","bronze:Frontload","bronze:ClassDefault+1"],"picked":"SKIP","floor":20},{"not_picked":["bronze:DelayedGuard","bronze:Iterate"],"picked":"bronze:Branch","floor":27},{"not_picked":["bronze:SpaghettiCode","bronze:DelayedGuard","bronze:Turbo+1"],"picked":"SKIP","floor":29},{"not_picked":["bronze:Refactor","bronze:Separator","bronze:Constructor"],"picked":"SKIP","floor":31},{"not_picked":["bronze:WildBeam+1","bronze:DelayedSlice","bronze:ChosenStrike"],"picked":"SKIP","floor":32},{"not_picked":["bronze:FollowUp","bronze:BuggyMess+1","bronze:Fortify+1"],"picked":"SKIP","floor":36},{"not_picked":["bronze:CutThrough+1","bronze:ChildClass","bronze:Separator+1"],"picked":"SKIP","floor":37}],"player_experience":132814,"relics_obtained":[{"floor":7,"key":"Meat on the Bone"},{"floor":10,"key":"hubris:Reverence"},{"floor":14,"key":"The Courier"},{"floor":24,"key":"Whetstone"}],"event_choices":[],"is_beta":false,"boss_relics":[{"not_picked":["Ring of Chaos","Kintsugi"],"picked":"ReplayTheSpireMod:SealedPack"},{"not_picked":["energizedSpire:RedRose","hubris:GrandSneckoEye"],"picked":"energizedSpire:StickyHand"}],"items_purged_floors":[],"is_endless":false,"potions_floor_spawned":[12,13,15,16,20,31,32,36,37],"killed_by":"Transient","ascension_level":3}}