{"host":"th1rgt4ohg3ajuw6","time":1612051461,"event":{"mods":["Act Like it!","BaseMod","Downfall","GifTheSpireLib","Minty Spire (QoL Compilation)","Pale of the Ancients","Shop Mod","StSLib","Stuff the Spire"],"gold_per_floor":[99,99,99,99,99,99,180,210,310,324,336,367,367,393,411,515,515,515,527,627,83,83,83,83,101,101,117,143,143,40,60,74,169,169,169,182,196,225,225,225,225,248,275,275,151,151,151,181,181,181,181],"floor_reached":49,"language":"ENG","playtime":9277,"items_purged":[],"score":627,"play_id":"8127962b-bb48-4669-b38f-be4979112843","local_time":"20210130160421","is_ascension_mode":true,"campfire_choices":[{"data":"hexamod:Float","floor":1,"key":"SMITH"},{"data":"hexamod:NightmareGuise","floor":6,"key":"SMITH"},{"floor":13,"key":"REST"},{"data":"hexamod:Rewind","floor":18,"key":"SMITH"},{"floor":23,"key":"REST"},{"data":"hexamod:FastForward","floor":35,"key":"SMITH"},{"floor":44,"key":"REST"},{"floor":46,"key":"REST"}],"circlet_count":0,"master_deck":["hexamod:Strike+1","hexamod:Strike+1","hexamod:Defend+1","hexamod:Defend","hexamod:Defend","hexamod:Sear","hexamod:Float+1","hexamod:SwordOfDarkness+1","hexamod:HauntingEcho","hexamod:NightmareGuise+1","hexamod:Rewind+1","hexamod:NightmareStrike","hexamod:GhostLash","hexamod:GhostflameBarrier","hexamod:HeatMetal","hexamod:Toasty","hexamod:AdvancingGuard","hexamod:VolcanoVisage","hexamod:HauntingEcho","hexamod:HexaLevel+1","hexamod:HeatCrush","hexamod:GhostOfSpirePast+1","hexamod:PhantomFireball","hexamod:BacktrackSmack","expansioncontent:PrepareCrush","expansioncontent:DashGenerateEvil+1","StuffTheSpire:DeathNote","hexamod:GhostShield+1","downfall:Icky","hexamod:SkipABeat","hexamod:BurningTouch+1","hexamod:GhostOfSpirePast+1","hexamod:NightmareGuise","hexamod:Incineration","hexamod:FastForward+1","hexamod:Again","hexamod:BurningTouch+1","hexamod:UnleashSpirits","The Bomb+1","hexamod:Hexaguard+1","hexamod:SecondSeal","hexamod:HauntingEcho+1","hexamod:Incineration","hexamod:ThermalTransfer+1","StuffTheSpire:Perfection","hexamod:RainOfEmbers","hexamod:FlamesFromBeyond","hexamod:GiftsFromTheDead","hexamod:RainOfEmbers","hexamod:SearingWound","hexamod:FlamesFromBeyond","hexamod:EmpoweredFlame","hexamod:SpectersWail","hexamod:PhantomFireball+1"],"relics":["hexamod:SpiritBrand","downfall:HeartsMalice","Letter Opener","StuffTheSpire:RubySignet","Toy Ornithopter","StuffTheSpire:PointBlank","StuffTheSpire:Expresso","StuffTheSpire:Kangaroo","MutagenicStrength","StuffTheSpire:Barrel","Juzu Bracelet","Astrolabe","Sundial","Toolbox","Bag of Preparation","Meat on the Bone"],"acts_visited":["Exordium","TheCity","TheBeyond"],"potions_floor_usage":[10,12,14,16,25,33,33,33,38,43,49,49],"damage_taken":[{"damage":0,"enemies":"Jaw Worm","floor":2,"turns":1},{"damage":0,"enemies":"Cultist","floor":3,"turns":1},{"damage":0,"enemies":"Small Slimes","floor":5,"turns":1},{"damage":8,"enemies":"Lagavulin","floor":8,"turns":5},{"damage":52,"enemies":"downfall:LadyInBlue","floor":9,"turns":12},{"damage":0,"enemies":"Gremlin Gang","floor":10,"turns":4},{"damage":2,"enemies":"Blue Slaver","floor":11,"turns":2},{"damage":0,"enemies":"3 Sentries","floor":12,"turns":6},{"damage":9,"enemies":"Lagavulin","floor":14,"turns":5},{"damage":0,"enemies":"2 Fungi Beasts","floor":15,"turns":3},{"damage":27,"enemies":"DF_ARCHETYPE_STREAMLINE","floor":16,"turns":10},{"damage":0,"enemies":"Chosen","floor":19,"turns":3},{"damage":30,"enemies":"downfall:Augmenter","floor":20,"turns":6},{"damage":8,"enemies":"downfall:FleeingMerchant","floor":21,"turns":4},{"damage":7,"enemies":"Snake Plant","floor":25,"turns":2},{"damage":0,"enemies":"Snecko","floor":27,"turns":4},{"damage":19,"enemies":"Gremlin Leader","floor":28,"turns":4},{"damage":2,"enemies":"downfall:FleeingMerchant","floor":30,"turns":4},{"damage":0,"enemies":"Cultist and Chosen","floor":31,"turns":6},{"damage":3,"enemies":"Snake Plant","floor":32,"turns":3},{"damage":15,"enemies":"IC_MUSHROOM_ARCHETYPE","floor":33,"turns":6},{"damage":8,"enemies":"Orb Walker","floor":36,"turns":3},{"damage":0,"enemies":"3 Shapes","floor":37,"turns":2},{"damage":19,"enemies":"Jaw Worm Horde","floor":38,"turns":5},{"damage":33,"enemies":"Writhing Mass","floor":42,"turns":4},{"damage":12,"enemies":"4 Shapes","floor":43,"turns":5},{"damage":0,"enemies":"downfall:FleeingMerchant","floor":45,"turns":3},{"damage":34,"enemies":"Nemesis","floor":48,"turns":5},{"damage":27,"enemies":"Transient","floor":49,"turns":5}],"seed_played":"5429531508560466341","potions_obtained":[{"floor":8,"key":"CultistPotion"},{"floor":9,"key":"Ancient Potion"},{"floor":9,"key":"Explosive Potion"},{"floor":9,"key":"hexamod:SoulburnPotion"},{"floor":11,"key":"CultistPotion"},{"floor":14,"key":"bronze:BurnAndBuffPotion"},{"floor":15,"key":"Energy Potion"},{"floor":16,"key":"Block Potion"},{"floor":31,"key":"AttackPotion"},{"floor":33,"key":"Dexterity Potion"},{"floor":38,"key":"LiquidBronze"},{"floor":42,"key":"Guardian:BlockOnCardUsePotion"},{"floor":43,"key":"SneckoOil"},{"floor":48,"key":"Explosive Potion"}],"is_trial":false,"path_per_floor":["R","M","M","?","M","R","T","E","?","M","M","E","R","E","M","B",null,"R","M","?","$","?","R","T","M","?","M","E","?","$","M","M","B",null,"R","M","M","M","?","?","T","M","M","R","$","R","T","E","M"],"character_chosen":"THE_SPIRIT","items_purchased":["hexamod:PhantomFireball","hexamod:BacktrackSmack","expansioncontent:PrepareCrush","Whetstone","expansioncontent:DashGenerateEvil","hexamod:Incineration","hexamod:FastForward","hexamod:RainOfEmbers","hexamod:SearingWound","hexamod:FlamesFromBeyond","hexamod:EmpoweredFlame","hexamod:SpectersWail","Toolbox"],"campfire_rested":4,"item_purchase_floors":[21,21,21,21,21,30,30,45,45,45,45,45,45],"current_hp_per_floor":[70,70,70,70,70,70,70,62,12,17,15,20,41,37,39,17,70,70,70,40,32,12,33,33,31,31,31,12,12,10,20,17,17,70,70,62,62,48,48,48,48,15,8,29,29,50,50,16,0,0,0],"gold":181,"neow_bonus":"THREE_ENEMY_KILL","is_daily":false,"chose_seed":false,"campfire_upgraded":4,"win_rate":0.0,"timestamp":1612051461,"path_taken":["R","M","M","?","?","R","T","E","?","?","?","E","R","E","M","BOSS","R","M","?","$","?","R","T","M","?","M","E","?","$","M","M","BOSS","R","M","M","M","?","?","T","M","M","R","$","R","?","E","M"],"items_purchased_type":["Card","Card","Card","Relic","Card","Card","Card","Card","Card","Card","Card","Card","Relic"],"build_version":"2020-12-22","purchased_purges":0,"victory":false,"max_hp_per_floor":[70,70,70,70,70,70,70,70,70,70,70,70,70,70,70,70,70,70,70,70,70,70,70,70,70,70,70,70,70,70,70,70,70,70,70,70,70,70,70,70,70,70,70,70,70,70,70,70,70,70,70],"card_choices":[{"not_picked":["hexamod:NightmareStrike","hexamod:Hexaguard"],"picked":"hexamod:SwordOfDarkness","floor":2},{"not_picked":["hexamod:BacktrackSmack","hexamod:GhostOfSpireFuture"],"picked":"hexamod:HauntingEcho","floor":3},{"not_picked":["hexamod:BurningTouch","hexamod:Haunt"],"picked":"hexamod:NightmareGuise","floor":5},{"not_picked":["hexamod:InspiringFlames","hexamod:FourthSeal"],"picked":"hexamod:Rewind","floor":8},{"not_picked":["hexamod:Haunt","hexamod:SpectralAdrenaline"],"picked":"hexamod:NightmareStrike","floor":9},{"not_picked":["hexamod:SuperheatedStrike","hexamod:NightmareStrike"],"picked":"hexamod:GhostLash","floor":10},{"not_picked":["hexamod:Haunt","hexamod:NecessarySacrifice"],"picked":"hexamod:GhostflameBarrier","floor":11},{"not_picked":["hexamod:InspiringFlames","hexamod:HauntingEcho"],"picked":"hexamod:HeatMetal","floor":12},{"not_picked":["hexamod:Rewind","hexamod:Incineration"],"picked":"hexamod:Toasty","floor":14},{"not_picked":["hexamod:RecurringNightmare","hexamod:FlamesFromBeyond"],"picked":"hexamod:AdvancingGuard","floor":15},{"not_picked":["hexamod:UnleashSpirits","hexamod:SearingWound"],"picked":"hexamod:VolcanoVisage","floor":16},{"not_picked":["hexamod:GhostLash+1","hexamod:Again"],"picked":"hexamod:SwordOfDarkness","floor":19},{"not_picked":[],"picked":"J.A.X.","floor":20},{"not_picked":["hexamod:GhostLash","hexamod:HeatMetal"],"picked":"hexamod:HeatCrush","floor":20},{"not_picked":["hexamod:GhostShield","hexamod:ExtraCrispy"],"picked":"hexamod:GhostOfSpirePast+1","floor":21},{"not_picked":["hexamod:SwordOfDarkness","hexamod:CatchUp"],"picked":"hexamod:GhostShield+1","floor":25},{"not_picked":["hexamod:BacktrackSmack","hexamod:NightmareStrike"],"picked":"hexamod:SkipABeat","floor":27},{"not_picked":["hexamod:ChargedBarrage","hexamod:RetreatToShadows"],"picked":"hexamod:BurningTouch","floor":28},{"not_picked":["hexamod:InspiringFlames","hexamod:UnleashSpirits"],"picked":"hexamod:NightmareGuise","floor":30},{"not_picked":["hexamod:ExtraCrispy","hexamod:GhostShield"],"picked":"hexamod:Again","floor":31},{"not_picked":["hexamod:Firestarter","hexamod:NightmareStrike+1"],"picked":"hexamod:BurningTouch+1","floor":32},{"not_picked":["hexamod:UnlimitedPower","hexamod:TurnItUp"],"picked":"hexamod:UnleashSpirits","floor":33},{"not_picked":["hexamod:ChargedBarrage","hexamod:GhostShield"],"picked":"hexamod:HauntingEcho+1","floor":36},{"not_picked":["hexamod:GhostShield","hexamod:SpectersWail"],"picked":"hexamod:Incineration","floor":37},{"not_picked":["hexamod:SuperheatedStrike","hexamod:AdvancingGuard+1"],"picked":"hexamod:ThermalTransfer+1","floor":38},{"not_picked":["StuffTheSpire:Innocence","StuffTheSpire:Harmony"],"picked":"StuffTheSpire:Perfection","floor":40},{"not_picked":["hexamod:HeatMetal+1","hexamod:ThirdSeal"],"picked":"hexamod:RainOfEmbers","floor":42},{"not_picked":["hexamod:BurningTouch+1","hexamod:GhostShield"],"picked":"hexamod:FlamesFromBeyond","floor":43},{"not_picked":["hexamod:AdvancingGuard","hexamod:DynamicBlow+1"],"picked":"hexamod:GiftsFromTheDead","floor":45},{"not_picked":["hexamod:Again","hexamod:HauntingEcho+1"],"picked":"hexamod:PhantomFireball+1","floor":48}],"player_experience":243021,"relics_obtained":[{"floor":7,"key":"Letter Opener"},{"floor":8,"key":"StuffTheSpire:RubySignet"},{"floor":9,"key":"Toy Ornithopter"},{"floor":12,"key":"StuffTheSpire:PointBlank"},{"floor":14,"key":"StuffTheSpire:Expresso"},{"floor":20,"key":"MutagenicStrength"},{"floor":24,"key":"StuffTheSpire:Barrel"},{"floor":28,"key":"Juzu Bracelet"},{"floor":41,"key":"Sundial"},{"floor":47,"key":"Bag of Preparation"},{"floor":48,"key":"Meat on the Bone"}],"event_choices":[],"is_beta":false,"boss_relics":[{"not_picked":["Snecko Eye","Sozu"],"picked":"StuffTheSpire:Kangaroo"},{"not_picked":["StuffTheSpire:ModemDavis","Empty Cage"],"picked":"Astrolabe"}],"items_purged_floors":[],"is_endless":false,"potions_floor_spawned":[8,9,11,14,15,16,19,20,31,32,33,38,42,43,48],"killed_by":"Transient","ascension_level":1}}