{"host":"qmnyg5dk1o6rw6mz","time":1612072093,"event":{"mods":["100% Spire Juice","2.2 Compatiblity","AchievementEnabler","Act Like it!","Aspiration","Astrologer","BaseMod","Beaked The Cultist","Better Altar","Better Match","Better Note","Better Sensory Stone","Better Skull","Better Third Choice","Better Vampires","Block Reminder","CCEM2","CapriCore","Challenge The Spire","ChefMod","Colored Map","Colored Powertips","Conspire","DeckTracker","Defuse TimeMaze Blight","Disable Question Mark Monsters","Displayed Cursed Tome","Downfall","Energized Spire","Friendly Minions","Gensokyo","GifTheSpireLib","Hermit","Highlight Path","HornydragonMod","Hubris","Infinite Spire","Jedi Mod","Koishi","KomeijiMod","Lobotomy","Mari Mod (Legacy)","Mari\u0027s V1 Patch","Marisa¡]Ãú«B¡@Å]²z¨F¡^","Marked Mod","Minty Spire (QoL Compilation)","Monster B Gone","Pale of the Ancients","Permanent Neow","Prisma Mod","Quick Restart","Reimu¡]³Õ???¡^","Relic Filter","Relic Sorter","Reliquary","Replay The Spire","SIMod","StSLib","Synergy Search","The Alterego","The Bug Knight","The Construct","The Cursed","The Dragon Tamer","The Gatherer","The Hayseed","The Immortal","The Poker Player","The Problem Sleuth","The Runesmith","The Showman","Unceasing Turn Reminder","Wide Potions","Yuri Mod","thorton"],"gold_per_floor":[119,133,133,151,151,185,185,217,295,329,329,341,348,225,225,225,225,225,225,38,38,38,38,38,38,38,38,38,38,38,38,38,38,38,38],"floor_reached":33,"language":"ENG","playtime":1453,"items_purged":["PokerPlayerMod:Spade1","Injury"],"score":352,"play_id":"b81c9e16-f8ef-4b70-85c3-34121e526c14","local_time":"20210131134813","is_ascension_mode":true,"metric_token":4818,"campfire_choices":[{"data":"PokerPlayerMod:GamblerForm","floor":7,"key":"SMITH"},{"data":"PokerPlayerMod:BadJoker","floor":11,"key":"SMITH"},{"data":"PokerPlayerMod:Diamond2","floor":23,"key":"SMITH"},{"data":"PokerPlayerMod:Club2","floor":27,"key":"SMITH"},{"data":"PokerPlayerMod:Club1","floor":32,"key":"SMITH"}],"circlet_count":0,"master_deck":["PokerPlayerMod:Diamond3","PokerPlayerMod:Diamond3","PokerPlayerMod:Diamond4","PokerPlayerMod:Diamond5","PokerPlayerMod:Spade2","PokerPlayerMod:Spade3","PokerPlayerMod:Spade4","PokerPlayerMod:Club2","PokerPlayerMod:Club3","PokerPlayerMod:Heart2","PokerPlayerMod:TrumpStrike","PokerPlayerMod:BadJoker+1","PokerPlayerMod:Mulligan","PokerPlayerMod:GamblerForm+1","PokerPlayerMod:Heart8","PokerPlayerMod:Spade6","PokerPlayerMod:Heart10+","PokerPlayerMod:WasteCollection","PokerPlayerMod:Club3","PokerPlayerMod:Diamond10+","PokerPlayerMod:Heart6","PokerPlayerMod:Diamond9","PokerPlayerMod:Diamond10+","PokerPlayerMod:Spade9","PokerPlayerMod:Diamond6","PokerPlayerMod:Club4","PokerPlayerMod:Diamond4","PokerPlayerMod:Diamond5"],"relics":["PokerPlayerMod:DeckCase","Frozen Egg 2","CCEMRelics:JestersCrown","hubris:TenFootPole","CCEMRelics:FryingPan","reliquary:QuartzCube","Blue Doll","jedi:ominousloannote","GoodDreamPillow","construct:ClawGrip","hubris:BottledHeart","Runesmith:Nanobots","reliquary:IridiumChain"],"acts_visited":["Exordium","TheCity"],"potions_floor_usage":[6,33,33],"damage_taken":[{"damage":5,"enemies":"2 Louse","floor":1,"turns":2},{"damage":0,"enemies":"Cultist","floor":2,"turns":4},{"damage":6,"enemies":"Jaw Worm","floor":4,"turns":4},{"damage":40,"enemies":"Lagavulin","floor":6,"turns":7},{"damage":0,"enemies":"3 Sentries","floor":8,"turns":3},{"damage":1,"enemies":"Lagavulin","floor":10,"turns":5},{"damage":0,"enemies":"3 Louse","floor":12,"turns":1},{"damage":39,"enemies":"Hexaghost","floor":16,"turns":9},{"damage":24,"enemies":"Chosen","floor":18,"turns":7},{"damage":0,"enemies":"conspire:FuzzyDice","floor":22,"turns":4},{"damage":0,"enemies":"Replay:Snechameleon","floor":24,"turns":5},{"damage":0,"enemies":"Centurion and Healer","floor":25,"turns":4},{"damage":0,"enemies":"Snake Plant","floor":29,"turns":3},{"damage":0,"enemies":"3 Cultists","floor":30,"turns":2},{"damage":0,"enemies":"Centurion and Healer","floor":31,"turns":3},{"damage":32,"enemies":"hubris:MusketHawk","floor":33,"turns":7}],"seed_played":"-1174259851245332653","potions_obtained":[{"floor":1,"key":"jedi:StrikingPotion"},{"floor":6,"key":"sneckomod:MuddlingPotion"},{"floor":24,"key":"Flashbang"}],"is_trial":false,"path_per_floor":["M","M","?","M","?","E","R","E","T","E","R","M","$","?","R","B",null,"M","?","$","?","M","R","E","M","T","R","$","M","M","M","R","B"],"character_chosen":"THE_POKER_PLAYER","items_purchased":["Blue Doll","PokerPlayerMod:Heart6","jedi:ominousloannote","BlessingOfTheForge","PokerPlayerMod:Diamond10+"],"campfire_rested":0,"item_purchase_floors":[13,13,13,13,20],"current_hp_per_floor":[49,52,52,48,48,12,12,52,52,51,51,51,51,51,51,47,62,50,1,1,1,1,1,1,1,1,1,1,1,1,1,1,0,0,0],"gold":38,"neow_bonus":"ONE_RANDOM_RARE_CARD","is_daily":false,"chose_seed":false,"campfire_upgraded":5,"win_rate":0.0,"timestamp":1612072093,"path_taken":["M","M","?","?","?","E","R","E","T","E","R","M","?","?","R","BOSS","M","?","$","?","?","R","E","M","T","R","?","M","M","M","R","BOSS"],"items_purchased_type":["Relic","Card","Relic","Potion","Undefined"],"build_version":"2020-12-22","purchased_purges":2,"victory":false,"max_hp_per_floor":[52,52,52,52,52,52,52,52,52,52,52,52,52,52,62,62,62,62,1,1,1,1,1,1,1,1,1,1,1,1,1,1,1,1,1],"card_choices":[{"not_picked":["PokerPlayerMod:Spade6","PokerPlayerMod:CardBurn"],"picked":"PokerPlayerMod:Heart8","floor":1},{"not_picked":["PokerPlayerMod:Diamond1","PokerPlayerMod:Club4","PokerPlayerMod:CardBurn"],"picked":"SKIP","floor":2},{"not_picked":["PokerPlayerMod:CloakAndDiamond","PokerPlayerMod:Diamond4","PokerPlayerMod:Club3"],"picked":"SKIP","floor":4},{"not_picked":["PokerPlayerMod:Spade1","PokerPlayerMod:Trickery"],"picked":"PokerPlayerMod:Heart10+","floor":6},{"not_picked":["PokerPlayerMod:Spade4","PokerPlayerMod:SpadeStrike"],"picked":"PokerPlayerMod:WasteCollection","floor":8},{"not_picked":["PokerPlayerMod:CloakAndDiamond","PokerPlayerMod:Diamond3"],"picked":"PokerPlayerMod:Club3","floor":10},{"not_picked":["PokerPlayerMod:CloakAndDiamond","PokerPlayerMod:Heart4"],"picked":"PokerPlayerMod:Diamond10+","floor":12},{"not_picked":["PokerPlayerMod:ChangeRules","PokerPlayerMod:Heart7"],"picked":"PokerPlayerMod:Diamond9","floor":16},{"not_picked":["PokerPlayerMod:Club1","PokerPlayerMod:Diamond2","PokerPlayerMod:FlyingCard+1"],"picked":"SKIP","floor":18},{"not_picked":["PokerPlayerMod:Diamond4","PokerPlayerMod:Diamond3","PokerPlayerMod:CardBurn"],"picked":"SKIP","floor":22},{"not_picked":["PokerPlayerMod:Diamond3","PokerPlayerMod:Club1"],"picked":"PokerPlayerMod:Spade9","floor":24},{"not_picked":["PokerPlayerMod:JackOfSpades","PokerPlayerMod:Club1"],"picked":"PokerPlayerMod:Diamond6","floor":25},{"not_picked":["PokerPlayerMod:Extraction","PokerPlayerMod:Trickery"],"picked":"PokerPlayerMod:Club4","floor":29},{"not_picked":["PokerPlayerMod:CardPrinter+1","PokerPlayerMod:HeartStrike"],"picked":"PokerPlayerMod:Diamond4","floor":30},{"not_picked":["PokerPlayerMod:HotShotCut","PokerPlayerMod:RiskyBet"],"picked":"PokerPlayerMod:Diamond5","floor":31}],"player_experience":243907,"relics_obtained":[{"floor":6,"key":"CCEMRelics:JestersCrown"},{"floor":8,"key":"hubris:TenFootPole"},{"floor":9,"key":"CCEMRelics:FryingPan"},{"floor":10,"key":"reliquary:QuartzCube"},{"floor":24,"key":"Runesmith:Nanobots"},{"floor":26,"key":"reliquary:IridiumChain"}],"event_choices":[{"damage_healed":0,"gold_gain":0,"cards_transformed":["PokerPlayerMod:Diamond1"],"player_choice":"Transformed","damage_taken":0,"max_hp_gain":0,"max_hp_loss":0,"event_name":"Transmorgrifier","floor":3,"gold_loss":0,"cards_obtained":["PokerPlayerMod:Spade6"]},{"damage_healed":0,"gold_gain":100,"player_choice":"Pray","damage_taken":0,"max_hp_gain":0,"max_hp_loss":0,"event_name":"Golden Shrine","floor":21,"gold_loss":0}],"is_beta":false,"boss_relics":[{"not_picked":["Fusion Hammer","energizedSpire:CursedPentagram"],"picked":"construct:ClawGrip"}],"items_purged_floors":[13,20],"is_endless":false,"potions_floor_spawned":[1,6,12,24,25,31],"killed_by":"hubris:MusketHawk","ascension_level":1}}