{"host":"d54lcqy5t45er8jx","time":1612094511,"event":{"mods":["2.2 Compatiblity","BaseMod","CapriCore","Defuse TimeMaze Blight","Hermit","Hubris","Infinite Spire","Marisa£¨Ùöéë¡¡Øª×âÞÞ£©","Minty Spire (QoL Compilation)","Rare Cards Sparkle","Relic Stats","StSLib","The Animator","The Cursed","The Immortal","The Servant 0.9.4","WarShipGirlsR/??á´Ò³R mod"],"gold_per_floor":[109,17,17,28,28,28,58,58,58,86,99,99,99],"floor_reached":12,"language":"ENG","playtime":535,"items_purged":[],"score":222,"play_id":"722e36bd-e3a3-4569-a889-1964eec72c3b","local_time":"20210131210151","daily_mods":["Draft","Insanity","Heirloom","DeadlyEvents","Elite Swarm","Uncertain Future"],"is_ascension_mode":true,"campfire_choices":[{"data":"animator:Mikaela","floor":6,"key":"SMITH"},{"data":"animator:CrowleyEusford","floor":8,"key":"SMITH"}],"circlet_count":0,"master_deck":["AscendersBane","animator:Mikaela","animator:Demiurge","animator:Vanir","animator:Tatsumaki","animator:Mitsurugi","animator:Hakurou","animator:OrikoMikuni","animator:Priestess","animator:Shalltear","animator:HiiragiShinya","animator:Sebas","animator:Berserker","animator:YaoHaDucy","animator:Kazuma","animator:Alexander","animator:YunYun","animator:GuildGirl","animator:Mikaela+1","animator:Pride","animator:Ain","animator:YunYun","animator:Illya","animator:Gillette","animator:CrowleyEusford+1","animator:Emonzaemon","animator:FielNirvalen","animator:SakuraMatou","animator:Sonic","animator:PandorasActor","animator:Shion","animator:Sloth","animator:ChlammyZell","animator:Kuribayashi","animator:TukaLunaMarceau","animator:Aqua","animator:ZankiKiguchi","animator:Alexander","animator:OrikoMikuni","animator:OrikoMikuni","animator:Bozes","animator:DwarfShaman","animator:Megumin+1","animator:Shion","animator:Ciel","animator:Scar","animator:Azekura","animator:Mitsuba","animator:MumenRider","animator:Caster","animator:CowGirl","animator:YuiTsuruno","animator:CrowleyEusford","animator:DolaStephanie","animator:Yuuichirou","animator:RoyMustang","animator:IzunaHatsuse","animator:Shinoa","animator:KyokoSakura","animator:ChlammyZell","animator:Sloth","animator:CrowleyEusford","animator:Evileye","animator:Millim","animator:DolaRiku","animator:MaesHughes","animator:Cirno","animator:YachiyoNanami","animator:Albedo","animator:YuiTsuruno"],"relics":["animator:LivingPicture","animator:TheMissingPiece","animator:PurgingStone","StoneCalendar","Ancient Tea Set","hubris:64BitClover","animator:WornHelmet","Torii"],"acts_visited":["Exordium"],"potions_floor_usage":[12],"damage_taken":[{"damage":0,"enemies":"Small Slimes","floor":1,"turns":3},{"damage":0,"enemies":"Jaw Worm","floor":4,"turns":3},{"damage":29,"enemies":"Gremlin Nob","floor":7,"turns":4},{"damage":7,"enemies":"Lagavulin","floor":10,"turns":6},{"damage":0,"enemies":"Cultist","floor":11,"turns":2},{"damage":15,"enemies":"Gremlin Nob","floor":12,"turns":3}],"seed_played":"8728272759734465180","potions_obtained":[{"floor":7,"key":"Weak Potion"},{"floor":11,"key":"Explosive Potion"}],"is_trial":true,"path_per_floor":["M","$","?","M","?","R","E","R","T","E","M","E"],"character_chosen":"THE_ANIMATOR","items_purchased":["animator:Cirno"],"campfire_rested":0,"item_purchase_floors":[2],"current_hp_per_floor":[56,56,49,49,49,49,20,20,20,15,15,0,0],"gold":99,"neow_bonus":"","is_daily":false,"chose_seed":false,"campfire_upgraded":2,"win_rate":0.0,"timestamp":1612094511,"path_taken":["M","$","?","M","?","R","E","R","T","E","M","E"],"items_purchased_type":["Card"],"build_version":"2020-12-22","purchased_purges":0,"victory":false,"max_hp_per_floor":[60,60,60,60,60,60,60,60,60,60,60,60,60],"relic_stats":{"Torii":0,"counters":[6,19],"StoneCalendar":[0],"obtain_stats":[{"animator:PurgingStone":0,"Torii":10,"hubris:64BitClover":7,"animator:TheMissingPiece":0,"StoneCalendar":0,"animator:LivingPicture":0,"animator:WornHelmet":9,"Ancient Tea Set":5},{"animator:PurgingStone":0,"Torii":4,"hubris:64BitClover":3,"animator:TheMissingPiece":0,"StoneCalendar":0,"animator:LivingPicture":0,"animator:WornHelmet":3,"Ancient Tea Set":2},{"animator:PurgingStone":0,"Torii":14,"hubris:64BitClover":9,"animator:TheMissingPiece":0,"StoneCalendar":0,"animator:LivingPicture":0,"animator:WornHelmet":9,"Ancient Tea Set":5}]},"card_choices":[{"not_picked":["animator:MetalKnight","animator:Verdia"],"picked":"animator:CowGirl","floor":0},{"not_picked":["animator:Genos","animator:LeleiLaLalena"],"picked":"animator:YuiTsuruno","floor":0},{"not_picked":["animator:SuzuneAmano","animator:Illya"],"picked":"animator:CrowleyEusford","floor":0},{"not_picked":["animator:Vanir","animator:TukaLunaMarceau"],"picked":"animator:DolaStephanie","floor":0},{"not_picked":["animator:Genos","animator:OrikoMikuni"],"picked":"animator:Yuuichirou","floor":0},{"not_picked":["animator:DolaSchwi","animator:Sloth"],"picked":"animator:RoyMustang","floor":0},{"not_picked":["animator:Viivi","animator:RinTohsaka"],"picked":"animator:IzunaHatsuse","floor":0},{"not_picked":["animator:Sloth","animator:Berserker"],"picked":"animator:Shinoa","floor":0},{"not_picked":["animator:Raven","animator:Elsword"],"picked":"animator:KyokoSakura","floor":0},{"not_picked":["animator:DolaSchwi","animator:Ciel"],"picked":"animator:ChlammyZell","floor":0},{"not_picked":["animator:DolaRiku","animator:Mitsuba"],"picked":"animator:Sloth","floor":0},{"not_picked":["animator:Vanir","animator:Berserker"],"picked":"animator:CrowleyEusford","floor":0},{"not_picked":["animator:Priestess","animator:Guy"],"picked":"animator:Evileye","floor":0},{"not_picked":["animator:TsurugaMeisai","animator:Kazuma"],"picked":"animator:Millim","floor":0},{"not_picked":["animator:Gillette","animator:Shichika"],"picked":"animator:DolaRiku","floor":0},{"not_picked":["animator:Sebas","animator:DolaSchwi"],"picked":"animator:MaesHughes","floor":1},{"not_picked":["animator:MetalKnight","animator:YaoHaDucy"],"picked":"animator:YachiyoNanami","floor":4},{"not_picked":["animator:Vanir","animator:AcuraShin"],"picked":"animator:Albedo","floor":7},{"not_picked":["animator:KyokoSakura","animator:NagisaMomoe"],"picked":"animator:YuiTsuruno","floor":10},{"not_picked":["animator:CowGirl","animator:Cocytus","animator:Bozes"],"picked":"SKIP","floor":11}],"player_experience":974209,"relics_obtained":[{"floor":5,"key":"Ancient Tea Set"},{"floor":7,"key":"hubris:64BitClover"},{"floor":9,"key":"animator:WornHelmet"},{"floor":10,"key":"Torii"}],"event_choices":[{"cards_removed":["animator:OrikoMikuni"],"damage_healed":0,"gold_gain":0,"player_choice":"Card Removal","damage_taken":7,"max_hp_gain":0,"max_hp_loss":0,"event_name":"Golden Wing","floor":3,"gold_loss":0}],"is_beta":false,"boss_relics":[],"items_purged_floors":[],"is_endless":false,"potions_floor_spawned":[7,11],"killed_by":"Gremlin Nob","ascension_level":20}}