{"host":"kh6fvhxn285ncg0o","time":1612097959,"event":{"mods":["Act Like it!","BaseMod","Colored Map","Friendly Minions","Keyboard Shortcuts","Minty Spire (QoL Compilation)","Quick Restart","Relic Stats","StSLib","SuperFastMode","UnlockEverythingMod"],"gold_per_floor":[111,261,261,278,294,322,322,363,372,406,406,39,64,89,89,174,255,276,300,300,30,30,64,64,99,131,167,176,194,238,276,276,356,383,405,414,429,442,457,457,457],"floor_reached":40,"language":"KOR","playtime":1447,"items_purged":["Normality","Bash"],"score":1193,"play_id":"dc200343-01b4-4c9d-93ac-e5b205ab386d","local_time":"20210131215919","is_ascension_mode":true,"campfire_choices":[{"floor":7.0,"key":"REST"},{"floor":15.0,"key":"REST"},{"floor":24.0,"key":"REST"},{"floor":32.0,"key":"REST"}],"circlet_count":0,"master_deck":["AscendersBane","Evolve","Uppercut","Disarm","Entrench","Corruption+1","Dark Embrace+1","Feel No Pain+1","Entrench","Offering","Burning Pact","Power Through","Reckless Charge","Ghostly Armor","Juggernaut+1","Shrug It Off","Shockwave","Master of Strategy","Burning Pact","Decay","Armaments","Necronomicurse","Shrug It Off","Pommel Strike+1","Barricade+1","Pommel Strike+1","Double Tap+1","Sentinel+1","Intimidate+1","Inflame+1"],"relics":["Cursed Key","Frozen Egg 2","CeramicFish","InkBottle","Happy Flower","Lantern","Pandora\u0027s Box","Nunchaku","Self Forming Clay","Pen Nib","Necronomicon","Calipers","Red Mask","Astrolabe"],"acts_visited":["Exordium","TheCity","TheBeyond"],"potions_floor_usage":[39],"damage_taken":[{"damage":8.0,"enemies":"Small Slimes","floor":1.0,"turns":3.0},{"damage":8.0,"enemies":"2 Louse","floor":4.0,"turns":3.0},{"damage":0.0,"enemies":"Cultist","floor":5.0,"turns":3.0},{"damage":27.0,"enemies":"Gremlin Nob","floor":6.0,"turns":4.0},{"damage":17.0,"enemies":"3 Sentries","floor":8.0,"turns":7.0},{"damage":21.0,"enemies":"Lagavulin","floor":10.0,"turns":7.0},{"damage":8.0,"enemies":"Looter","floor":13.0,"turns":3.0},{"damage":7.0,"enemies":"3 Louse","floor":14.0,"turns":2.0},{"damage":13.0,"enemies":"Hexaghost","floor":16.0,"turns":10.0},{"damage":24.0,"enemies":"Shell Parasite","floor":18.0,"turns":4.0},{"damage":0.0,"enemies":"Chosen","floor":19.0,"turns":3.0},{"damage":6.0,"enemies":"Book of Stabbing","floor":23.0,"turns":3.0},{"damage":6.0,"enemies":"Gremlin Leader","floor":25.0,"turns":5.0},{"damage":5.0,"enemies":"Slavers","floor":27.0,"turns":4.0},{"damage":0.0,"enemies":"3 Cultists","floor":29.0,"turns":4.0},{"damage":15.0,"enemies":"Gremlin Leader","floor":30.0,"turns":3.0},{"damage":0.0,"enemies":"Masked Bandits","floor":31.0,"turns":3.0},{"damage":6.0,"enemies":"Automaton","floor":33.0,"turns":9.0},{"damage":20.0,"enemies":"Orb Walker","floor":35.0,"turns":4.0},{"damage":0.0,"enemies":"3 Darklings","floor":37.0,"turns":5.0},{"damage":0.0,"enemies":"Maw","floor":38.0,"turns":3.0},{"damage":1,"enemies":"4 Shapes","floor":39,"turns":3},{"damage":63,"enemies":"Reptomancer","floor":40,"turns":2}],"seed_played":"-254390605633675395","potions_obtained":[{"floor":1.0,"key":"GamblersBrew"},{"floor":4.0,"key":"Energy Potion"},{"floor":8.0,"key":"BloodPotion"},{"floor":13.0,"key":"Explosive Potion"},{"floor":19.0,"key":"Explosive Potion"},{"floor":23.0,"key":"HeartOfIron"},{"floor":29.0,"key":"Ancient Potion"},{"floor":30.0,"key":"Fire Potion"},{"floor":35.0,"key":"Fire Potion"},{"floor":39,"key":"Fire Potion"}],"is_trial":false,"path_per_floor":["M","?","?","M","M","E","R","E","T","E","?","$","M","M","R","B",null,"M","M","?","$","?","E","R","E","T","E","?","M","E","?","R","B",null,"M","?","M","M","M","E"],"character_chosen":"IRONCLAD","items_purchased":["Dark Embrace+1","Lantern","PowerPotion","Master of Strategy"],"campfire_rested":4,"item_purchase_floors":[12,12,12,21],"current_hp_per_floor":[60,60,53,45,45,18,40,23,23,17,17,17,9,2,24,11,59,35,35,35,35,35,29,51,45,45,40,19,19,4,4,26,20,61,41,41,41,41,40,0,0],"gold":457,"neow_bonus":"BOSS_RELIC","is_daily":false,"chose_seed":false,"campfire_upgraded":0,"win_rate":0.0,"timestamp":1612097959,"path_taken":["M","?","?","M","M","E","R","E","T","E","?","$","M","M","R","BOSS","M","M","?","?","?","E","R","E","T","E","?","M","E","?","R","BOSS","M","?","M","M","M","E"],"items_purchased_type":["Card","Relic","Potion","Card"],"build_version":"2020-12-22","purchased_purges":2,"victory":false,"max_hp_per_floor":[75,75,75,75,75,75,75,75,75,75,75,75,75,75,75,75,75,75,75,75,75,75,75,75,75,75,75,75,75,75,75,75,75,75,75,75,75,75,75,75,75],"relic_stats":{"Nunchaku":[9],"Happy Flower":[23],"counters":[23,97],"Self Forming Clay":[21],"CeramicFish":279,"Astrolabe":["Pommel Strike","Double Tap","Sentinel"],"Pandora\u0027s Box":["Rampage","Burning Pact","True Grit","Berserk","Power Through","Reckless Charge","Ghostly Armor","Juggernaut","Perfected Strike"],"Pen Nib":[7],"Necronomicon":[14],"Cursed Key":2,"obtain_stats":[{"Lantern":12,"Calipers":30,"Happy Flower":10,"Self Forming Clay":25,"CeramicFish":8,"Astrolabe":34,"Pen Nib":27,"Frozen Egg 2":6,"Cursed Key":0,"Burning Blood":0,"Nunchaku":23,"Pandora\u0027s Box":17,"Necronomicon":28,"Red Mask":31,"InkBottle":9},{"Lantern":6,"Calipers":16,"Happy Flower":6,"Self Forming Clay":13,"CeramicFish":5,"Astrolabe":18,"Pen Nib":14,"Frozen Egg 2":4,"Cursed Key":0,"Burning Blood":0,"Nunchaku":12,"Pandora\u0027s Box":9,"Necronomicon":14,"Red Mask":17,"InkBottle":5},{"Lantern":27,"Calipers":68,"Happy Flower":27,"Self Forming Clay":57,"CeramicFish":20,"Astrolabe":80,"Pen Nib":61,"Frozen Egg 2":13,"Cursed Key":0,"Burning Blood":0,"Nunchaku":52,"Pandora\u0027s Box":42,"Necronomicon":61,"Red Mask":71,"InkBottle":20}],"InkBottle":[40]},"card_choices":[{"not_picked":["Spot Weakness","Sword Boomerang"],"picked":"Evolve","floor":1.0},{"not_picked":["Perfected Strike","True Grit"],"picked":"Uppercut","floor":4.0},{"not_picked":["Flex","Body Slam"],"picked":"Disarm","floor":5.0},{"not_picked":["Sword Boomerang","Rampage"],"picked":"Carnage","floor":6.0},{"not_picked":["Dropkick","Sentinel"],"picked":"Entrench","floor":8.0},{"not_picked":["Cleave","Havoc"],"picked":"Corruption+1","floor":10.0},{"not_picked":["Perfected Strike","Pommel Strike"],"picked":"Feel No Pain+1","floor":13.0},{"not_picked":["Blood for Blood","Wild Strike"],"picked":"Entrench","floor":14.0},{"not_picked":["Berserk+1","Double Tap"],"picked":"Offering","floor":16.0},{"not_picked":["Rupture+1","Warcry"],"picked":"Shrug It Off","floor":18.0},{"not_picked":["Infernal Blade","Sentinel"],"picked":"Shockwave","floor":19.0},{"not_picked":["Iron Wave","Fiend Fire"],"picked":"Burning Pact","floor":23.0},{"not_picked":["Anger","Intimidate","Sever Soul+1"],"picked":"SKIP","floor":25.0},{"not_picked":["Heavy Blade","Thunderclap"],"picked":"Armaments","floor":27.0},{"not_picked":["Havoc","Carnage","Twin Strike"],"picked":"SKIP","floor":29.0},{"not_picked":["Reaper","Clothesline"],"picked":"Shrug It Off","floor":30.0},{"not_picked":["Blood for Blood","Twin Strike"],"picked":"Pommel Strike+1","floor":31.0},{"not_picked":["Corruption+1","Fiend Fire"],"picked":"Barricade+1","floor":33.0},{"not_picked":["Shrug It Off","Headbutt+1"],"picked":"Intimidate+1","floor":35.0},{"not_picked":["Headbutt","Clothesline","Twin Strike"],"picked":"SKIP","floor":37.0},{"not_picked":["Battle Trance","Offering","Iron Wave"],"picked":"SKIP","floor":39}],"player_experience":1310516,"relics_obtained":[{"floor":6.0,"key":"Frozen Egg 2"},{"floor":8.0,"key":"CeramicFish"},{"floor":9.0,"key":"InkBottle"},{"floor":10.0,"key":"Happy Flower"},{"floor":23.0,"key":"Nunchaku"},{"floor":25.0,"key":"Self Forming Clay"},{"floor":27.0,"key":"Pen Nib"},{"floor":28.0,"key":"Necronomicon"},{"floor":30.0,"key":"Calipers"},{"floor":31.0,"key":"Red Mask"}],"event_choices":[{"damage_healed":0.0,"max_hp_gain":0.0,"max_hp_loss":0.0,"gold_gain":150.0,"event_name":"Liars Game","player_choice":"AGREE","floor":2.0,"gold_loss":0.0,"damage_taken":0.0,"cards_obtained":["Doubt"]},{"cards_removed":["Doubt"],"damage_healed":0.0,"max_hp_gain":0.0,"max_hp_loss":0.0,"gold_gain":0.0,"event_name":"Golden Wing","player_choice":"Card Removal","floor":3.0,"gold_loss":0.0,"damage_taken":7.0},{"damage_healed":0.0,"max_hp_gain":0.0,"max_hp_loss":0.0,"gold_gain":0.0,"event_name":"Shining Light","player_choice":"Ignored","floor":11.0,"gold_loss":0.0,"damage_taken":0.0},{"cards_removed":["Perfected Strike"],"damage_healed":0.0,"max_hp_gain":0.0,"max_hp_loss":0.0,"gold_gain":0.0,"event_name":"Purifier","player_choice":"Purged","floor":20.0,"gold_loss":0.0,"damage_taken":0.0},{"damage_healed":0.0,"max_hp_gain":0.0,"max_hp_loss":0.0,"gold_gain":0.0,"event_name":"Cursed Tome","player_choice":"Obtained Book","floor":28.0,"gold_loss":0.0,"damage_taken":21.0},{"damage_healed":0.0,"max_hp_gain":0.0,"max_hp_loss":0.0,"gold_gain":0.0,"event_name":"Masked Bandits","player_choice":"Fought Bandits","floor":31.0,"gold_loss":0.0,"damage_taken":0.0},{"damage_healed":0.0,"max_hp_gain":0.0,"max_hp_loss":0.0,"gold_gain":0.0,"cards_transformed":["Berserk"],"event_name":"Transmorgrifier","player_choice":"Transformed","floor":36.0,"gold_loss":0.0,"damage_taken":0.0,"cards_obtained":["Inflame"]}],"is_beta":false,"boss_relics":[{"not_picked":["Mark of Pain","Tiny House"],"picked":"Pandora\u0027s Box"},{"not_picked":["Snecko Eye","Velvet Choker"],"picked":"Astrolabe"}],"items_purged_floors":[12,21],"is_endless":false,"potions_floor_spawned":[1,4,8,13,19,23,29,30,35,39],"killed_by":"Reptomancer","ascension_level":20}}