{"host":"dth8fvkfiulu86fi","time":1612091678,"event":{"mods":["2.2 Compatiblity","AchievementEnabler","BaseMod","Better Third Choice","Colored Map","Colored Powertips","Minty Spire (QoL Compilation)","Rare Cards Sparkle","StSLib","SuperFastMode","Synergy Search"],"gold_per_floor":[114,114,39,39,39,54,84,84,159,189,189,219,234,134,134,234,234,249,264,279,279,279,279,309,324,324,654,654,669,684,82,82,182,182,197,83,83,23,38,38,38],"floor_reached":40,"language":"ENG","playtime":2428,"items_purged":["Impatience","Impatience","Bash"],"score":517,"play_id":"749640c3-6cd7-4423-90f7-2bf23c8f9ea2","local_time":"20210131121438","daily_mods":["Allstar","Diverse","Elite Swarm"],"is_ascension_mode":false,"campfire_choices":[{"floor":8.0,"key":"REST"},{"floor":11.0,"key":"REST"},{"data":"Wish","floor":15.0,"key":"SMITH"},{"data":"Die Die Die","floor":23.0,"key":"SMITH"},{"floor":32.0,"key":"REST"}],"circlet_count":0,"master_deck":["Strike_R","Strike_R","Strike_R","Defend_R","Defend_R","Defend_R","Defend_R","Discovery+1","Blind","Panacea","Conserve Battery","Wish+1","Wish+1","Conserve Battery","Die Die Die+1","Bullet Time","Wild Strike+1","Enlightenment","Stack","Wish+1","PiercingWail+1","Swift Strike","Power Through+1","Stack+1","Wish+1","CurseOfTheBell","Go for the Eyes","Bandage Up+1","Flash of Steel","Jack Of All Trades+1","Jack Of All Trades+1"],"relics":["Burning Blood","Incense Burner","Self Forming Clay","Paper Frog","Bronze Scales","Blood Vial","SlaversCollar","Toxic Egg 2","Potion Belt","Old Coin","Akabeko","Cauldron","Calling Bell","Lantern","Ornamental Fan","Gambling Chip"],"acts_visited":["Exordium","TheCity","TheBeyond"],"potions_floor_usage":[33,33,33,33,33,40],"damage_taken":[{"damage":0.0,"enemies":"Small Slimes","floor":1.0,"turns":3.0},{"damage":13.0,"enemies":"Jaw Worm","floor":6.0,"turns":5.0},{"damage":24.0,"enemies":"Lagavulin","floor":7.0,"turns":5.0},{"damage":23.0,"enemies":"3 Sentries","floor":10.0,"turns":10.0},{"damage":13.0,"enemies":"Gremlin Nob","floor":12.0,"turns":5.0},{"damage":6.0,"enemies":"Cultist","floor":13.0,"turns":3.0},{"damage":0.0,"enemies":"Slime Boss","floor":16.0,"turns":3.0},{"damage":22.0,"enemies":"2 Thieves","floor":18.0,"turns":4.0},{"damage":3.0,"enemies":"Shell Parasite","floor":19.0,"turns":5.0},{"damage":19.0,"enemies":"Shelled Parasite and Fungi","floor":20.0,"turns":6.0},{"damage":27.0,"enemies":"Gremlin Leader","floor":24.0,"turns":5.0},{"damage":14.0,"enemies":"Snecko","floor":25.0,"turns":9.0},{"damage":31.0,"enemies":"Slavers","floor":27.0,"turns":4.0},{"damage":24.0,"enemies":"Centurion and Healer","floor":29.0,"turns":7.0},{"damage":10.0,"enemies":"Shelled Parasite and Fungi","floor":30.0,"turns":5.0},{"damage":30,"enemies":"Collector","floor":33,"turns":29},{"damage":26,"enemies":"3 Darklings","floor":35,"turns":5},{"damage":9,"enemies":"3 Shapes","floor":39,"turns":4},{"damage":78,"enemies":"Giant Head","floor":40,"turns":13}],"seed_played":"7510361231737359051","potions_obtained":[{"floor":12.0,"key":"Ancient Potion"},{"floor":13.0,"key":"Weak Potion"},{"floor":18.0,"key":"FearPotion"},{"floor":24.0,"key":"SteroidPotion"},{"floor":29.0,"key":"SteroidPotion"},{"floor":30.0,"key":"Strength Potion"},{"floor":31.0,"key":"Strength Potion"},{"floor":31.0,"key":"Fruit Juice"},{"floor":31.0,"key":"Dexterity Potion"},{"floor":31.0,"key":"EssenceOfSteel"},{"floor":35,"key":"SkillPotion"}],"is_trial":false,"path_per_floor":["M","?","$","?","?","M","E","R","T","E","R","E","M","$","R","B",null,"M","M","M","?","?","R","E","M","T","E","?","M","M","$","R","B",null,"M","$","?","?","M","E"],"character_chosen":"IRONCLAD","items_purchased":["Swift Strike","Power Through+1","Stack+1","Akabeko","Cauldron","Go for the Eyes","Bandage Up+1"],"campfire_rested":3,"item_purchase_floors":[31,31,31,31,31,36,36],"current_hp_per_floor":[80,68,68,52,52,45,27,51,51,34,58,51,53,53,53,61,80,64,69,58,80,80,80,59,53,53,30,30,14,12,17,42,20,85,65,65,55,55,54,0,0],"gold":38,"neow_bonus":"","is_daily":true,"chose_seed":false,"campfire_upgraded":2,"win_rate":0.0,"timestamp":1612091678,"path_taken":["M","?","$","?","?","?","E","R","T","E","R","E","M","$","R","BOSS","M","M","?","?","?","R","E","M","T","E","?","M","M","$","R","BOSS","M","$","?","?","?","E"],"items_purchased_type":["Card","Card","Card","Relic","Relic","Card","Card"],"build_version":"2020-12-22","purchased_purges":3,"victory":false,"max_hp_per_floor":[80,80,80,80,80,80,80,80,80,80,80,80,80,80,80,80,80,80,80,80,80,80,80,80,80,80,80,80,80,80,85,85,85,85,85,85,85,85,85,85,85],"card_choices":[{"not_picked":["Prostrate","Prepared"],"picked":"Conserve Battery","floor":1.0},{"not_picked":["Protect","Shrug It Off"],"picked":"Conserve Battery","floor":6.0},{"not_picked":["Glass Knife","Burst"],"picked":"Die Die Die","floor":7.0},{"not_picked":["Vault","DeusExMachina","Fiend Fire"],"picked":"SKIP","floor":10.0},{"not_picked":["MasterReality","Bludgeon"],"picked":"Bullet Time","floor":12.0},{"not_picked":["Cloak And Dagger","JustLucky","Shockwave"],"picked":"SKIP","floor":13.0},{"not_picked":["Outmaneuver","BowlingBash","EmptyFist"],"picked":"SKIP","floor":18.0},{"not_picked":["Battle Trance","Deadly Poison"],"picked":"Wild Strike+1","floor":19.0},{"not_picked":["Self Repair+1","Concentrate+1","FollowUp"],"picked":"SKIP","floor":20.0},{"not_picked":["Burst+1","SpiritShield+1"],"picked":"Wish+1","floor":24.0},{"not_picked":["Distraction+1","Acrobatics+1","Whirlwind"],"picked":"SKIP","floor":25.0},{"not_picked":["Feed","Rainbow+1","LessonLearned"],"picked":"SKIP","floor":27.0},{"not_picked":["EmptyFist","Endless Agony+1","Streamline"],"picked":"SKIP","floor":29.0},{"not_picked":["ThirdEye+1","Redo+1"],"picked":"PiercingWail+1","floor":30.0},{"not_picked":["Envenom","DeusExMachina+1"],"picked":"Wish+1","floor":33},{"not_picked":["Searing Blow+1","Calculated Gamble+1","Blade Dance+1"],"picked":"SKIP","floor":35},{"not_picked":["Impatience+1","HandOfGreed"],"picked":"Flash of Steel","floor":37},{"not_picked":["PanicButton+1","Forethought+1"],"picked":"Jack Of All Trades+1","floor":37},{"not_picked":["Enlightenment+1","PanicButton+1"],"picked":"Jack Of All Trades+1","floor":37},{"not_picked":["Hologram+1","Steam+1","Compile Driver"],"picked":"SKIP","floor":39}],"player_experience":1163749,"relics_obtained":[{"floor":7.0,"key":"Self Forming Clay"},{"floor":9.0,"key":"Paper Frog"},{"floor":10.0,"key":"Bronze Scales"},{"floor":12.0,"key":"Blood Vial"},{"floor":24.0,"key":"Toxic Egg 2"},{"floor":26.0,"key":"Potion Belt"},{"floor":27.0,"key":"Old Coin"},{"floor":34,"key":"Lantern"},{"floor":34,"key":"Ornamental Fan"},{"floor":34,"key":"Gambling Chip"}],"event_choices":[{"damage_healed":68.0,"max_hp_gain":0.0,"max_hp_loss":80.0,"gold_gain":0.0,"event_name":"betterThird:BetterShining","player_choice":"Upgrade","floor":4.0,"gold_loss":0.0,"damage_taken":16.0,"cards_upgraded":["Discovery","Transmutation"]},{"damage_healed":0.0,"max_hp_gain":0.0,"max_hp_loss":0.0,"gold_gain":0.0,"event_name":"Match and Keep!","player_choice":"2 cards matched","floor":5.0,"gold_loss":0.0,"damage_taken":0.0,"cards_obtained":["Wish","Impatience"]},{"damage_healed":26.0,"max_hp_gain":0.0,"max_hp_loss":0.0,"gold_gain":0.0,"event_name":"The Library","player_choice":"Heal","floor":21.0,"gold_loss":0.0,"damage_taken":0.0},{"damage_healed":0.0,"max_hp_gain":0.0,"max_hp_loss":0.0,"gold_gain":0.0,"cards_transformed":["Transmutation","Strike_R"],"event_name":"Drug Dealer","player_choice":"Became Test Subject","floor":22.0,"gold_loss":0.0,"damage_taken":0.0,"cards_obtained":["Enlightenment","Stack"]},{"damage_healed":0.0,"max_hp_gain":0.0,"max_hp_loss":0.0,"gold_gain":0.0,"event_name":"Vampires","player_choice":"Ignored","floor":28.0,"gold_loss":0.0,"damage_taken":0.0},{"damage_healed":0,"gold_gain":0,"player_choice":"Memory 3","damage_taken":10,"max_hp_gain":0,"max_hp_loss":0,"event_name":"SensoryStone","floor":37,"gold_loss":0},{"cards_removed":["Strike_R"],"damage_healed":0,"gold_gain":0,"player_choice":"Single Remove","damage_taken":0,"max_hp_gain":0,"max_hp_loss":0,"event_name":"Designer","floor":38,"gold_loss":60}],"is_beta":false,"boss_relics":[{"not_picked":["Mark of Pain","Sozu"],"picked":"SlaversCollar"},{"not_picked":["SacredBark","Velvet Choker"],"picked":"Calling Bell"}],"items_purged_floors":[3,14,31],"is_endless":false,"potions_floor_spawned":[12,13,18,24,29,30,35],"killed_by":"Giant Head","ascension_level":0}}