{"host":"vca5odlxycr7xk6d","time":1612110633,"event":{"mods":["Act Like it!","BaseMod","Better Note","BetterRewards","Colored Map","Gensokyo","GungeonMod","Hubris","Infinite Spire","Lobotomy","LobotomyExtend","Marisa????????","Minty Spire (QoL Compilation)","Rare Cards Sparkle","Reimu??????","Replay The Spire","Shop Mod","StSLib","The Animator","The Exalted"],"gold_per_floor":[117,133,133,18,34,34,34,34,34,34,69,69,88,106,106,202,202,222,232,232,232,105,131,131,142,166,193,193,207,231,241,241,340,340,353,373,373,389,299,331,347,360,406,440,33,33,45,45,45],"floor_reached":48,"language":"ENG","playtime":3289,"items_purged":["Defend_Lin:ReiMu","Strike_Lin:ReiMu","Strike_Lin:ReiMu","Strike_Lin:ReiMu","Defend_Lin:ReiMu"],"score":601,"play_id":"195b42e1-f4ce-4163-a6fb-4bfe4078ccf9","local_time":"20210131233033","is_ascension_mode":false,"campfire_choices":[{"floor":6.0,"key":"REST"},{"data":"DoubleButterfly:ReiMu","floor":8.0,"key":"SMITH"},{"data":"NB:ReiMu","floor":10.0,"key":"SMITH"},{"data":"FantasyMoon:ReiMu","floor":15.0,"key":"SMITH"},{"data":"infinitespire:Gouge","floor":24,"key":"SMITH"},{"floor":28,"key":"REST"},{"data":"ReplayUltimateDefense","floor":46,"key":"SMITH"}],"circlet_count":0,"master_deck":["Defend_Lin:ReiMu","Defend_Lin:ReiMu","NB:ReiMu+1","Stagnation:ReiMu","FantasyMoon:ReiMu+1","DoubleButterfly:ReiMu+1","SpreadBorder2:ReiMu","YinYangSange:ReiMu","SpiritualOutbreak2:ReiMu","HakureiPhantom:ReiMu","Conquer:ReiMu","OrbThrow:ReiMu+1","infinitespire:Gouge+1","infinitespire:Fortify","UniversalSpiritual:ReiMu","UniversalSpiritual:ReiMu","SealNeedle:ReiMu+1","SubAcupoint:ReiMu+1","Shading:ReiMu","MikOfLucky:ReiMu+1","Determination:ReiMu","RainPray2:ReiMu+1","AirStrike:ReiMu+1","Flash of Steel","Intuition:ReiMu+1","OctopathBindingBorder2:ReiMu","SpreadBorder2:ReiMu+1","UpKicking:ReiMu+1","FineLineFantasy:ReiMu","ReplayUltimateDefense+1","WonderfulDomain:ReiMu+1"],"relics":["FlyPower:ReiMu","LetterFromLob","HandDrill","Lizard Tail","DemoMod:GnawedKey","ReplayTheSpireMod:Ring of Exchange","ReplayTheSpireMod:Ring of Challenge","infinitespire:CheckeredPen","Singing Bowl","Spirit Poop","hubris:ScarierMask","DemoMod:Metronome","Philosopher\u0027s Stone","hubris:SlimyHat","Bow_fan:ReiMu","Happy Flower","DemoMod:JetPack","hubris:Stopwatch","Lantern","Bromod:ArcaneConsequence","DemoMod:PoisonVial"],"acts_visited":["Exordium","TheCity","TheBeyond"],"potions_floor_usage":[25,25,33,40,40,42,44,47],"damage_taken":[{"damage":10.0,"enemies":"Cultist","floor":1.0,"turns":7.0},{"damage":3.0,"enemies":"2 Louse","floor":2.0,"turns":2.0},{"damage":0.0,"enemies":"Jaw Worm","floor":5.0,"turns":4.0},{"damage":31.0,"enemies":"Gremlin Nob","floor":11.0,"turns":5.0},{"damage":0.0,"enemies":"Exordium Thugs","floor":13.0,"turns":5.0},{"damage":0.0,"enemies":"2 Fungi Beasts","floor":14.0,"turns":3.0},{"damage":7.0,"enemies":"Fading Forest","floor":16.0,"turns":11.0},{"damage":0,"enemies":"2 Thieves","floor":18,"turns":3},{"damage":22,"enemies":"Spheric Guardian","floor":19,"turns":8},{"damage":20,"enemies":"Nightmare","floor":23,"turns":7},{"damage":3,"enemies":"Snake Plant","floor":25,"turns":4},{"damage":18,"enemies":"Slavers","floor":27,"turns":5},{"damage":0,"enemies":"Cultist and Chosen","floor":29,"turns":3},{"damage":7,"enemies":"Gremlin Leader","floor":30,"turns":6},{"damage":0,"enemies":"3 Cultists","floor":31,"turns":3},{"damage":2,"enemies":"hubris:MusketHawk","floor":33,"turns":8},{"damage":11,"enemies":"3 Darklings","floor":35,"turns":4},{"damage":1,"enemies":"Orb Walker","floor":36,"turns":4},{"damage":6,"enemies":"Writhing Mass","floor":38,"turns":5},{"damage":40,"enemies":"Nightmare","floor":40,"turns":8},{"damage":1,"enemies":"Sphere and 2 Shapes","floor":41,"turns":2},{"damage":5,"enemies":"Transient","floor":42,"turns":5},{"damage":1,"enemies":"Nemesis","floor":44,"turns":7},{"damage":2,"enemies":"Writhing Mass","floor":47,"turns":6},{"damage":9,"enemies":"3 Darklings","floor":48,"turns":2}],"seed_played":"740000740707889741","potions_obtained":[{"floor":2.0,"key":"AttackPotion"},{"floor":11.0,"key":"Milkshake"},{"floor":14.0,"key":"PowerPotion"},{"floor":18,"key":"Adrenaline Potion"},{"floor":19,"key":"Weak Potion"},{"floor":31,"key":"LifebloodPotion"},{"floor":36,"key":"Elixir"},{"floor":38,"key":"Fire Potion"},{"floor":40,"key":"EssenceOfSteel"},{"floor":41,"key":"Adrenaline Potion"}],"is_trial":false,"path_per_floor":["M","M","$","$","M","R","?","R","T","R","E","?","M","M","R","B",null,"M","M","AVR","?","$","NM","R","M","T","E","R","M","E","M","R_BF","B",null,"M","M","?","M","?","NM","M","M","T","E","$","R","M","M"],"character_chosen":"REIMU","items_purchased":["HandDrill","Lizard Tail","DemoMod:GnawedKey","UniversalSpiritual:ReiMu","Energy Potion","FineLineFantasy:ReiMu","ReplayUltimateDefense"],"campfire_rested":2,"item_purchase_floors":[3,3,4,22,45,45,45],"current_hp_per_floor":[55,52,11,11,11,30,30,30,30,30,50,50,50,50,50,43,67,67,45,45,45,45,27,27,26,26,8,29,29,22,22,43,41,71,60,59,59,55,55,15,14,9,9,8,8,8,6,0,0],"gold":45,"neow_bonus":"REMOVE_CARD","is_daily":false,"chose_seed":false,"campfire_upgraded":5,"win_rate":0.0,"timestamp":1612110633,"path_taken":["M","M","?","$","M","R","?","R","T","R","E","?","M","?","R","BOSS","M","M","AVR","?","?","NM","R","M","T","E","R","M","E","M","R_BF","BOSS","M","M","?","M","?","NM","M","?","T","E","$","R","M","M"],"items_purchased_type":["Relic","Relic","Relic","Card","Potion","Card","Card"],"build_version":"2020-12-22","purchased_purges":5,"victory":false,"max_hp_per_floor":[65,65,65,65,65,65,65,65,65,65,67,67,67,67,67,67,67,67,67,67,67,67,69,69,71,71,71,71,71,71,71,71,71,71,71,71,71,73,70,70,70,70,70,70,70,70,70,70,70],"card_choices":[{"not_picked":["FantasyBorder:ReiMu","EmergencyTakeOff:ReiMu"],"picked":"FantasyMoon:ReiMu","floor":1.0},{"not_picked":["NineCharacters:ReiMu","SpreadBorder2:ReiMu"],"picked":"DoubleButterfly:ReiMu","floor":2.0},{"not_picked":["LovePray:ReiMu","EmergencyTakeOff:ReiMu"],"picked":"SpreadBorder2:ReiMu","floor":5.0},{"not_picked":["TightArray:ReiMu","AlertArray:ReiMu","CollectionFlower2:ReiMu"],"picked":"Singing Bowl","floor":11.0},{"not_picked":["RainPray2:ReiMu","WonderfulDomain:ReiMu"],"picked":"YinYangSange:ReiMu","floor":13.0},{"not_picked":["EmergencyTakeOff:ReiMu","TightArray:ReiMu"],"picked":"SpiritualOutbreak2:ReiMu","floor":14.0},{"not_picked":["CardOfSanctity:ReiMu","KamiRite:ReiMu"],"picked":"HakureiPhantom:ReiMu","floor":16.0},{"not_picked":["Dreaming2:ReiMu","FantasyMoon:ReiMu+1"],"picked":"Conquer:ReiMu","floor":18},{"not_picked":["TightArray:ReiMu","AlertArray:ReiMu"],"picked":"OrbThrow:ReiMu+1","floor":19},{"not_picked":["Conquer:ReiMu","SubcavityInstant:ReiMu","Enchanting:ReiMu"],"picked":"Singing Bowl","floor":23},{"not_picked":["WonderfulDomain:ReiMu","AlertArray:ReiMu","OrbThrow:ReiMu+1"],"picked":"Singing Bowl","floor":25},{"not_picked":["Revelation:ReiMu","SpreadBorder2:ReiMu+1"],"picked":"SealNeedle:ReiMu","floor":27},{"not_picked":["Intuition:ReiMu","Mountainwind:ReiMu+1"],"picked":"SubAcupoint:ReiMu+1","floor":29},{"not_picked":["Amulet:ReiMu","Conquer:ReiMu"],"picked":"Shading:ReiMu","floor":30},{"not_picked":["TightArray:ReiMu","AlertArray:ReiMu"],"picked":"MikOfLucky:ReiMu","floor":31},{"not_picked":["CleanRite:ReiMu","Free:ReiMu"],"picked":"Determination:ReiMu","floor":33},{"not_picked":["Dreaming2:ReiMu","SubAcupoint:ReiMu+1"],"picked":"RainPray2:ReiMu+1","floor":35},{"not_picked":["SubcavityInstant:ReiMu","TightArray:ReiMu+1"],"picked":"AirStrike:ReiMu+1","floor":36},{"not_picked":["ReplayTheSpireMod:Uncanny Aura","Midas Touch"],"picked":"Flash of Steel","floor":37},{"not_picked":["PhosphorusFlame:ReiMu+1","TightArray:ReiMu","SpiritualOutbreak2:ReiMu+1"],"picked":"Singing Bowl","floor":38},{"not_picked":["OctopathSalyBorderN:ReiMu","SubAcupoint:ReiMu+1"],"picked":"Intuition:ReiMu+1","floor":40},{"not_picked":["EmergencyTakeOff:ReiMu+1","SubcavityInstant:ReiMu"],"picked":"OctopathBindingBorder2:ReiMu","floor":41},{"not_picked":["RainPray2:ReiMu+1","FantasyMoon:ReiMu"],"picked":"SpreadBorder2:ReiMu+1","floor":42},{"not_picked":["SubcavityInstant:ReiMu+1","YinYang:ReiMu"],"picked":"UpKicking:ReiMu+1","floor":44},{"not_picked":["SpreadBorder2:ReiMu","TightArray:ReiMu"],"picked":"WonderfulDomain:ReiMu+1","floor":47}],"player_experience":542636,"relics_obtained":[{"floor":1.0,"key":"LetterFromLob"},{"floor":7.0,"key":"ReplayTheSpireMod:Ring of Exchange"},{"floor":7.0,"key":"ReplayTheSpireMod:Ring of Challenge"},{"floor":9.0,"key":"infinitespire:CheckeredPen"},{"floor":11.0,"key":"Singing Bowl"},{"floor":23,"key":"hubris:SlimyHat"},{"floor":26,"key":"Bow_fan:ReiMu"},{"floor":27,"key":"Happy Flower"},{"floor":30,"key":"DemoMod:JetPack"},{"floor":40,"key":"Lantern"},{"floor":43,"key":"Bromod:ArcaneConsequence"},{"floor":44,"key":"DemoMod:PoisonVial"}],"event_choices":[{"cards_removed":["Voices"],"damage_healed":0.0,"max_hp_gain":0.0,"max_hp_loss":0.0,"gold_gain":0.0,"event_name":"Bonfire Elementals","player_choice":"Offered Curse","floor":12.0,"gold_loss":0.0,"damage_taken":0.0,"relics_obtained":["Spirit Poop"]},{"cards_removed":["Strike_Lin:ReiMu"],"damage_healed":0,"gold_gain":0,"player_choice":"Give","damage_taken":0,"max_hp_gain":0,"max_hp_loss":0,"event_name":"betterNote:BetterNote","floor":21,"gold_loss":0,"cards_obtained":["animator:HigakiRinne"]},{"damage_healed":0,"gold_gain":0,"player_choice":"Memory 1","damage_taken":0,"max_hp_gain":0,"max_hp_loss":0,"event_name":"SensoryStone","floor":37,"gold_loss":0},{"cards_removed":["Parasite"],"damage_healed":0,"gold_gain":0,"player_choice":"Upgrade and Remove","damage_taken":0,"max_hp_gain":0,"max_hp_loss":0,"event_name":"Designer","floor":39,"gold_loss":90,"cards_upgraded":["SealNeedle:ReiMu"]}],"is_beta":false,"boss_relics":[{"not_picked":["Medical Kit","Runic Dome"],"picked":"hubris:ScarierMask"},{"not_picked":["Lee\u0027s Waffle","ReplayTheSpireMod:CursedCoin"],"picked":"hubris:Stopwatch"}],"items_purged_floors":[3,3,20,22,45],"is_endless":false,"potions_floor_spawned":[2,11,14,18,19,31,36,38,40,41],"killed_by":"3 Darklings","ascension_level":0}}