{"host":"2mxajwyidsax8sss","time":1612103175,"event":{"mods":["100% Spire Juice","2.2 Compatiblity","Act Like it!","Arknights","Aspiration","Bartender","BaseMod","Better Match","Better Note","Better Sensory Stone","Better Vampires","BetterRewards","Block Reminder","CapriCore","Chen","Colored Powertips","Conspire","Decade(???)","Defuse TimeMaze Blight","Downfall","Energized Spire","Friendly Minions","Gensokyo","Googly Eyes","GungeonMod","Hermit","HololiveMod","Hubris","Jorbs\u0027s Wanderer Trilogy","Koishi","Marked Mod","Minty Spire (QoL Compilation)","Nova Terra(??·??)","Permanent Neow","Quick Restart","Random Character Button","Reimu??????","Relic Filter","Relic Stats","Reliquary","Remilia??????","Replay The Spire","SIMod","SOS???????","StSLib","The Animator","The Bug Knight","The Death Knight","The Immortal","The Kombatant","Wandering Minibosses"],"gold_per_floor":[112,32,32,32,44,70,70,90,114,289,0,0,29,42,42,142,142,142,142],"floor_reached":18,"language":"ENG","playtime":1956,"items_purged":[],"score":168,"play_id":"640b4784-84a7-41d6-a0b0-f192acd5cf29","local_time":"20210131152615","is_ascension_mode":false,"campfire_choices":[{"data":"HollowMod:FocusHealStart","floor":7.0,"key":"SMITH"},{"data":"HollowMod:NailStrikeStart","floor":15.0,"key":"PURGE"}],"circlet_count":0,"master_deck":["HollowMod:NailStrikeStart","HollowMod:NailStrikeStart","HollowMod:NailStrikeStart","HollowMod:QuickDashStart","HollowMod:QuickDashStart","HollowMod:QuickDashStart","HollowMod:QuickDashStart","HollowMod:FocusHealStart+1","HollowMod:ChannelNail","HollowMod:MantisMark","HollowMod:SoulSplash+1","HollowMod:CycloneSlash","HollowMod:DoubleDash","Doubt","HollowMod:NewLastStag","HollowMod:SoulEater","HollowMod:GreatSlash","HollowMod:SlysStrikes"],"relics":["HollowMod:VesselMask","aspiration:Nostalgia","animator:TheMissingPiece","ReplayTheSpireMod:Lightbulb","DemoMod:ClearGuonStone","conspire:Flyswatter","Replay:Mystery Machine","DemoMod:GlassGuonStoneRelic","hubris:Backtick","Decadriver"],"acts_visited":["Exordium","Gensokyo:Gensokyoer"],"potions_floor_usage":[],"damage_taken":[{"damage":9.0,"enemies":"Small Slimes","floor":1.0,"turns":4.0},{"damage":3.0,"enemies":"2 Louse","floor":5.0,"turns":3.0},{"damage":14.0,"enemies":"Gremlin Nob","floor":6.0,"turns":4.0},{"damage":7.0,"enemies":"Cultist","floor":8.0,"turns":4.0},{"damage":24.0,"enemies":"3 Sentries","floor":13.0,"turns":8.0},{"damage":5.0,"enemies":"Red Slaver","floor":14.0,"turns":5.0},{"damage":39.0,"enemies":"Fading Forest","floor":16.0,"turns":11.0},{"damage":0,"enemies":"Gensokyo:2_Gloops","floor":18,"turns":1}],"seed_played":"-6883788784917605995","potions_obtained":[{"floor":5.0,"key":"SkillPotion"},{"floor":6.0,"key":"EssenceOfSteel"},{"floor":13.0,"key":"sneckomod:MuddlingPotion"},{"floor":14.0,"key":"Swift Potion"}],"is_trial":false,"path_per_floor":["M","$","?","$","M","E","R","M","T","?","?","?","E","M","R","B",null,"M"],"character_chosen":"THE_BUGKNIGHT","items_purchased":["HollowMod:MantisMark"],"campfire_rested":0,"item_purchase_floors":[2],"current_hp_per_floor":[72,72,72,72,75,61,61,60,60,60,60,60,48,49,49,32,75,75,75],"gold":142,"neow_bonus":"NOSTALGIA","is_daily":false,"chose_seed":false,"campfire_upgraded":1,"win_rate":0.0,"timestamp":1612103175,"path_taken":["M","$","?","$","M","E","R","M","T","?","?","?","E","M","R","BOSS","M"],"items_purchased_type":["Card"],"build_version":"2020-12-22","purchased_purges":0,"victory":false,"max_hp_per_floor":[75,75,75,75,75,75,75,75,75,75,75,75,75,75,75,75,75,75,75],"relic_stats":{"counters":[8,39],"obtain_stats":[{"hubris:Backtick":17,"aspiration:Nostalgia":0,"animator:TheMissingPiece":0,"HollowMod:VesselMask":0,"Decadriver":17,"DemoMod:GlassGuonStoneRelic":5,"DemoMod:ClearGuonStone":9,"Replay:Mystery Machine":13,"ReplayTheSpireMod:Lightbulb":6,"conspire:Flyswatter":12},{"hubris:Backtick":7,"aspiration:Nostalgia":0,"animator:TheMissingPiece":0,"HollowMod:VesselMask":0,"Decadriver":7,"DemoMod:GlassGuonStoneRelic":2,"DemoMod:ClearGuonStone":4,"Replay:Mystery Machine":5,"ReplayTheSpireMod:Lightbulb":3,"conspire:Flyswatter":4},{"hubris:Backtick":39,"aspiration:Nostalgia":0,"animator:TheMissingPiece":0,"HollowMod:VesselMask":0,"Decadriver":39,"DemoMod:GlassGuonStoneRelic":7,"DemoMod:ClearGuonStone":15,"Replay:Mystery Machine":23,"ReplayTheSpireMod:Lightbulb":11,"conspire:Flyswatter":15}]},"card_choices":[{"not_picked":["HollowMod:SharpenedNail","HollowMod:CrystalDash"],"picked":"HollowMod:ChannelNail","floor":1.0},{"not_picked":["HollowMod:NewLittleFool","HollowMod:HeavyBlow"],"picked":"HollowMod:CycloneSlash","floor":5.0},{"not_picked":["HollowMod:HowlingWraiths","HollowMod:InfectionAssault"],"picked":"HollowMod:DoubleDash","floor":6.0},{"not_picked":["HollowMod:InfectionAssault","HollowMod:MothsMistake"],"picked":"HollowMod:SoulEater","floor":13.0},{"not_picked":["HollowMod:ShapeofUnn","HollowMod:SoulStrike"],"picked":"HollowMod:GreatSlash","floor":14.0},{"not_picked":["HollowMod:LifebloodCore","HollowMod:MidwifesHunger"],"picked":"HollowMod:SlysStrikes","floor":16.0}],"player_experience":187814,"relics_obtained":[{"floor":6.0,"key":"ReplayTheSpireMod:Lightbulb"},{"floor":9.0,"key":"DemoMod:ClearGuonStone"},{"floor":13.0,"key":"Replay:Mystery Machine"}],"event_choices":[{"damage_healed":0.0,"max_hp_gain":0.0,"max_hp_loss":0.0,"gold_gain":175.0,"event_name":"Liars Game","player_choice":"AGREE","floor":10.0,"gold_loss":0.0,"damage_taken":0.0,"cards_obtained":["Doubt"]},{"damage_healed":0.0,"max_hp_gain":0.0,"max_hp_loss":0.0,"gold_gain":0.0,"event_name":"WeMeetAgain","player_choice":"Gave Potion","floor":12.0,"gold_loss":0.0,"damage_taken":0.0,"relics_obtained":["conspire:Flyswatter"]}],"is_beta":false,"boss_relics":[{"not_picked":["Runic Dome","reliquary:WritOfMandamus"],"picked":"hubris:Backtick"}],"items_purged_floors":[],"is_endless":false,"potions_floor_spawned":[5,6,13,14],"killed_by":"Gensokyo:2_Gloops","ascension_level":0}}