{"host":"n7gg140mhoutldtp","time":1612114529,"event":{"mods":["BaseMod","Card Filter","Colored Map","Downfall","Marisa????????","Minty Spire (QoL Compilation)","READ ME - Guardian Mod","StSLib","The Jungle"],"gold_per_floor":[99,119,132,149,165,199,267,277,290,390,408,439,439,439,456,558,558,558,577,609,609,609,619,619,619,619,619],"floor_reached":25,"language":"ENG","playtime":1780,"items_purged":[],"score":294,"play_id":"356fece8-b860-44db-a0c2-93232cd11082","local_time":"20210131183529","is_ascension_mode":true,"campfire_choices":[{"data":"Slimebound:Split","floor":1.0,"key":"SMITH"},{"floor":13,"key":"REST"},{"data":"Slimebound:Teamwork","floor":18,"key":"SMITH"}],"circlet_count":0,"master_deck":["Slimebound:Defend_Slimebound","Slimebound:Defend_Slimebound","Slimebound:Defend_Slimebound","Slimebound:Defend_Slimebound","Slimebound:Split+1","Slimebound:CorrosiveSpit","Slimebound:TongueLash","Slimebound:ServeAndProtect","Slimebound:Gluttony","Slimebound:SplitLeeching","Slimebound:MassRepurpose+1","Slimebound:LivingWall","Slimebound:SpikyOuterGoop","Slimebound:Schlurp","Slimebound:FormOfPuddle","Slimebound:SlimeSpikes","Slimebound:Teamwork+1","Slimebound:ProtectTheBoss+1","Slimebound:Grow+1","Slimebound:AcidTongue"],"relics":["Slimebound:AbsorbEndCombat","Dream Catcher","Slimebound:PotencyRelic","Pear","Bag of Marbles","bronze:MakeshiftBattery","Red Mask","The Courier"],"acts_visited":["Exordium","TheCity"],"potions_floor_usage":[10,10,20],"damage_taken":[{"damage":9.0,"enemies":"2 Louse","floor":2.0,"turns":3.0},{"damage":4.0,"enemies":"Jaw Worm","floor":3.0,"turns":4.0},{"damage":3.0,"enemies":"Small Slimes","floor":4.0,"turns":3.0},{"damage":2.0,"enemies":"2 Fungi Beasts","floor":5.0,"turns":3.0},{"damage":24.0,"enemies":"Gremlin Nob","floor":6.0,"turns":4.0},{"damage":11.0,"enemies":"Gremlin Gang","floor":8.0,"turns":5.0},{"damage":15.0,"enemies":"Lots of Slimes","floor":9.0,"turns":4.0},{"damage":9,"enemies":"downfall:Heads","floor":10,"turns":5},{"damage":0,"enemies":"Blue Slaver","floor":11,"turns":4},{"damage":10,"enemies":"Lagavulin","floor":12,"turns":6},{"damage":1,"enemies":"3 Louse","floor":15,"turns":3},{"damage":13,"enemies":"WA_ARCHETYPE_RETAIN","floor":16,"turns":11},{"damage":6,"enemies":"Chosen","floor":19,"turns":4},{"damage":64,"enemies":"Masked Bandits","floor":20,"turns":7},{"damage":0,"enemies":"Spheric Guardian","floor":23,"turns":6},{"damage":14,"enemies":"3 Cultists","floor":25,"turns":4}],"seed_played":"-3520258778254571963","potions_obtained":[{"floor":2.0,"key":"champ:CounterPotion"},{"floor":6.0,"key":"Fruit Juice"},{"floor":9.0,"key":"Strength Potion"},{"floor":11,"key":"LiquidBronze"},{"floor":15,"key":"Strength Potion"},{"floor":19,"key":"DistilledChaos"}],"is_trial":false,"path_per_floor":["R","M","M","M","M","E","T","M","M","?","M","E","R","?","M","B",null,"R","M","?","?","?","M","T","M"],"character_chosen":"SLIMEBOUND","items_purchased":[],"campfire_rested":1,"item_purchase_floors":[],"current_hp_per_floor":[65,58,56,55,55,37,47,40,27,25,29,21,45,45,44,39,70,70,66,8,8,8,10,10,0,0,0],"gold":619,"neow_bonus":"RANDOM_COMMON_RELIC","is_daily":false,"chose_seed":false,"campfire_upgraded":2,"win_rate":0.0,"timestamp":1612114529,"path_taken":["R","M","M","M","M","E","T","M","M","?","M","E","R","?","M","BOSS","R","M","?","?","?","?","T","M"],"items_purchased_type":[],"build_version":"2020-12-22","purchased_purges":0,"victory":false,"max_hp_per_floor":[65,65,65,65,65,65,75,75,75,80,80,80,80,80,80,80,80,80,80,80,80,80,80,80,80,80,80],"card_choices":[{"not_picked":["Slimebound:GrowthPunch","Slimebound:SplitAcid"],"picked":"Slimebound:TongueLash","floor":2.0},{"not_picked":["Slimebound:Recollect","Slimebound:SlimeBrawl"],"picked":"Slimebound:ServeAndProtect","floor":3.0},{"not_picked":["Slimebound:Prepare","Slimebound:LeechingTouch","Slimebound:SlimeBarrage"],"picked":"SKIP","floor":4.0},{"not_picked":["Slimebound:Prepare","Slimebound:SamplingLick"],"picked":"Slimebound:Gluttony","floor":5.0},{"not_picked":["Slimebound:DisruptingSlam","Slimebound:ItLooksTasty"],"picked":"Slimebound:SplitLeeching","floor":6.0},{"not_picked":["Slimebound:SlimeSpikes","Slimebound:RollThrough","Slimebound:LeechEnergy"],"picked":"SKIP","floor":8.0},{"not_picked":["Slimebound:DivideAndConquer","Slimebound:LeechingTouch","Slimebound:LeechEnergy"],"picked":"SKIP","floor":9.0},{"not_picked":["Slimebound:SplitLeeching","Slimebound:PressTheAttack"],"picked":"Slimebound:MassRepurpose","floor":10},{"not_picked":["Slimebound:ViciousTackle","Slimebound:Grow"],"picked":"Slimebound:SpikyOuterGoop","floor":11},{"not_picked":["Slimebound:Prepare","Slimebound:FlameTackle"],"picked":"Slimebound:Schlurp","floor":12},{"not_picked":["Slimebound:ComboTackle","Slimebound:GrowthPunch"],"picked":"Slimebound:FormOfPuddle","floor":13},{"not_picked":["Slimebound:SamplingLick","Slimebound:SplitLeeching"],"picked":"Slimebound:SlimeSpikes","floor":15},{"not_picked":["Slimebound:PrepareCrush","Slimebound:TagTeam"],"picked":"Slimebound:Teamwork","floor":16},{"not_picked":["Slimebound:GrowthPunch","Slimebound:FinishingTackle"],"picked":"Slimebound:ProtectTheBoss+1","floor":19},{"not_picked":["Slimebound:ComboTackle","Slimebound:LeechEnergy+1"],"picked":"Slimebound:Grow+1","floor":20},{"not_picked":["Slimebound:ComboTackle","Slimebound:GoopTackle"],"picked":"Slimebound:AcidTongue","floor":23}],"player_experience":1015758,"relics_obtained":[{"floor":6.0,"key":"Slimebound:PotencyRelic"},{"floor":7.0,"key":"Pear"},{"floor":12,"key":"Bag of Marbles"},{"floor":20,"key":"Red Mask"},{"floor":24,"key":"The Courier"}],"event_choices":[{"damage_healed":0,"gold_gain":0,"player_choice":"Fought Bandits","damage_taken":0,"max_hp_gain":0,"max_hp_loss":0,"event_name":"Masked Bandits","floor":20,"gold_loss":0},{"cards_removed":["Slimebound:Tackle"],"damage_healed":0,"gold_gain":0,"player_choice":"Card Removal","damage_taken":0,"max_hp_gain":0,"max_hp_loss":0,"event_name":"Wheel of Change","floor":22,"gold_loss":0}],"is_beta":false,"boss_relics":[{"not_picked":["Slimebound:AbsorbEndCombatUpgraded","Tiny House"],"picked":"bronze:MakeshiftBattery"}],"items_purged_floors":[],"is_endless":false,"potions_floor_spawned":[2,6,9,11,15,19],"killed_by":"3 Cultists","ascension_level":5}}