{"host":"jjunaul04msmo6r1","time":1612112036,"event":{"mods":["BaseMod","Better Third Choice","Booster Modes","Colored Map","Downfall","Minty Spire (QoL Compilation)","Relic Stats","StSLib","UnlockEverythingMod","everything is the same but u backflip on backflip"],"gold_per_floor":[99,112,112,5,16,30,30,43,58,89,107,7,21,47,59,59,59,59],"floor_reached":16,"language":"ENG","playtime":1695,"items_purged":[],"score":127,"play_id":"dddc8273-fe14-414f-9218-fed93ff1b375","local_time":"20210131095356","is_ascension_mode":true,"campfire_choices":[{"floor":1,"key":"RECALL"},{"data":"bronze:Mutator","floor":12,"key":"SMITH"}],"circlet_count":0,"master_deck":["bronze:Strike","bronze:Strike","bronze:Strike","bronze:Strike","bronze:Defend","bronze:Defend","bronze:Defend","bronze:Defend","bronze:Replicate","bronze:Goto","bronze:MaxOutput","bronze:FineTuning","bronze:Repulsor","bronze:Turbo","bronze:Iterate","bronze:Frontload","bronze:Mutator+1","bronze:Shield","bronze:BugBarrage","bronze:Optimize","bronze:ForceShield","bronze:Deprecate"],"relics":["bronze:BronzeCore","Torii","Spirit Poop","Lantern","downfall:HeartBlessingRed","FossilizedHelix"],"acts_visited":["Exordium"],"potions_floor_usage":[10,14,15,16],"damage_taken":[{"damage":8,"enemies":"2 Louse","floor":2,"turns":3},{"damage":5,"enemies":"downfall:FleeingMerchant","floor":4,"turns":4},{"damage":2,"enemies":"Cultist","floor":5,"turns":4},{"damage":10,"enemies":"Small Slimes","floor":6,"turns":4},{"damage":7,"enemies":"Exordium Wildlife","floor":8,"turns":5},{"damage":2,"enemies":"Large Slime","floor":9,"turns":7},{"damage":7,"enemies":"Gremlin Nob","floor":10,"turns":5},{"damage":0,"enemies":"Exordium Wildlife","floor":11,"turns":5},{"damage":7,"enemies":"Gremlin Gang","floor":13,"turns":8},{"damage":13,"enemies":"3 Sentries","floor":14,"turns":10},{"damage":0,"enemies":"2 Fungi Beasts","floor":15,"turns":3},{"damage":20,"enemies":"IC_STATUS_ARCHETYPE","floor":16,"turns":2}],"seed_played":"8098720878689514721","potions_obtained":[{"floor":2,"key":"bronze:CleanCodePotion"},{"floor":9,"key":"BlessingOfTheForge"},{"floor":11,"key":"Dexterity Potion"},{"floor":13,"key":"Guardian:BlockOnCardUsePotion"},{"floor":15,"key":"bronze:FreeFunctionsPotion"}],"is_trial":false,"path_per_floor":["R","M","?","$","M","M","T","M","M","E","M","R","M","E","M","B"],"character_chosen":"THE_AUTOMATON","items_purchased":["bronze:Repulsor","bronze:Turbo"],"campfire_rested":0,"item_purchase_floors":[4,4],"current_hp_per_floor":[70,62,62,57,55,45,45,38,36,29,29,29,22,9,9,0,0,0],"gold":59,"neow_bonus":"ONE_RARE_RELIC","is_daily":false,"chose_seed":false,"campfire_upgraded":1,"win_rate":0.0,"timestamp":1612112036,"path_taken":["R","M","?","$","M","?","T","M","M","E","?","R","M","E","M","BOSS"],"items_purchased_type":["Card","Card"],"build_version":"2020-12-22","purchased_purges":0,"victory":false,"max_hp_per_floor":[70,70,67,67,67,67,67,67,67,67,67,67,67,67,67,67,67,67],"relic_stats":{"Torii":29,"counters":[12,60],"obtain_stats":[{"Lantern":10,"bronze:BronzeCore":0,"Torii":0,"downfall:HeartBlessingRed":12,"Spirit Poop":3,"FossilizedHelix":14},{"Lantern":7,"bronze:BronzeCore":0,"Torii":0,"downfall:HeartBlessingRed":8,"Spirit Poop":1,"FossilizedHelix":10},{"Lantern":32,"bronze:BronzeCore":0,"Torii":0,"downfall:HeartBlessingRed":37,"Spirit Poop":3,"FossilizedHelix":55}]},"card_choices":[{"not_picked":["bronze:Constructor","bronze:Turbo"],"picked":"bronze:MaxOutput","floor":2},{"not_picked":["bronze:CutThrough","bronze:Invalidate"],"picked":"bronze:FineTuning","floor":4},{"not_picked":["bronze:ClassDefault","bronze:Constructor"],"picked":"bronze:Iterate","floor":5},{"not_picked":["bronze:Branch","bronze:MaxOutput"],"picked":"bronze:Frontload","floor":6},{"not_picked":["bronze:FineTuning","bronze:Terminator"],"picked":"bronze:Mutator","floor":8},{"not_picked":["bronze:ChosenStrike","bronze:CutThrough"],"picked":"bronze:Shield","floor":9},{"not_picked":["bronze:ForLoop","bronze:Repulsor"],"picked":"bronze:BugBarrage","floor":10},{"not_picked":["bronze:WildBeam","bronze:Turbo"],"picked":"bronze:Optimize","floor":11},{"not_picked":["bronze:MaxOutput","bronze:CloningBeam"],"picked":"bronze:ForceShield","floor":13},{"not_picked":["bronze:FineTuning","bronze:BugBarrage","bronze:OilSpill"],"picked":"SKIP","floor":14},{"not_picked":["bronze:BugBarrage","bronze:Shield"],"picked":"bronze:Deprecate","floor":15}],"player_experience":489496,"relics_obtained":[{"floor":10,"key":"Lantern"},{"floor":14,"key":"FossilizedHelix"}],"event_choices":[{"cards_removed":["Parasite"],"damage_healed":0,"gold_gain":0,"player_choice":"Offered Curse","damage_taken":0,"relics_obtained":["Spirit Poop"],"max_hp_gain":0,"max_hp_loss":0,"event_name":"Bonfire Elementals","floor":3,"gold_loss":0}],"is_beta":false,"boss_relics":[],"items_purged_floors":[],"is_endless":false,"potions_floor_spawned":[2,9,11,13,15],"killed_by":"IC_STATUS_ARCHETYPE","ascension_level":2}}