{"host":"facnppb4175fcpe2","time":1612070668,"event":{"mods":["BaseMod","Downfall","Minty Spire (QoL Compilation)","StSLib"],"gold_per_floor":[110,285,301,319,335,367,367,394,473,491,566,595,615,615,615,615,615],"floor_reached":16,"language":"ZHS","playtime":811,"items_purged":[],"score":128,"play_id":"8342206a-1651-42b7-bb28-25f0e8359a1d","local_time":"20210131132428","is_ascension_mode":true,"campfire_choices":[{"data":"Bouncing Flask","floor":7.0,"key":"SMITH"},{"floor":15,"key":"REST"}],"circlet_count":0,"master_deck":["Strike_G","Strike_G","Strike_G","Strike_G","Strike_G","Defend_G","Defend_G","Defend_G","Defend_G","Defend_G","Survivor","Neutralize","Poisoned Stab","Doubt","Bouncing Flask+1","Noxious Fumes","Burst"],"relics":["Ring of the Snake","Art of War","Peace Pipe","Paper Crane","Tiny Chest","Bag of Preparation"],"acts_visited":["Exordium"],"potions_floor_usage":[12,16],"damage_taken":[{"damage":2.0,"enemies":"Jaw Worm","floor":1.0,"turns":5.0},{"damage":2.0,"enemies":"Small Slimes","floor":3.0,"turns":4.0},{"damage":0.0,"enemies":"2 Louse","floor":4.0,"turns":3.0},{"damage":25.0,"enemies":"Exordium Thugs","floor":5.0,"turns":6.0},{"damage":10.0,"enemies":"Lagavulin","floor":6.0,"turns":7.0},{"damage":16.0,"enemies":"3 Sentries","floor":8.0,"turns":7.0},{"damage":3.0,"enemies":"2 Fungi Beasts","floor":10.0,"turns":4.0},{"damage":4,"enemies":"Lagavulin","floor":12,"turns":5},{"damage":0,"enemies":"Blue Slaver","floor":13,"turns":3},{"damage":30,"enemies":"Slime Boss","floor":16,"turns":6}],"seed_played":"1780463040090641431","potions_obtained":[{"floor":3.0,"key":"EssenceOfSteel"},{"floor":4.0,"key":"Dexterity Potion"},{"floor":6.0,"key":"Ancient Potion"},{"floor":10.0,"key":"ColorlessPotion"}],"is_trial":false,"path_per_floor":["M","?","M","M","M","E","R","E","T","M","?","E","M","T","R","B"],"character_chosen":"THE_SILENT","items_purchased":[],"campfire_rested":1,"item_purchase_floors":[],"current_hp_per_floor":[75,75,73,73,48,38,38,22,22,19,8,4,4,4,27,0,0],"gold":615,"neow_bonus":"TEN_PERCENT_HP_BONUS","is_daily":false,"chose_seed":false,"campfire_upgraded":1,"win_rate":0.0,"timestamp":1612070668,"path_taken":["M","?","M","M","M","E","R","E","T","M","?","E","M","?","R","BOSS"],"items_purchased_type":[],"build_version":"2020-12-22","purchased_purges":0,"victory":false,"max_hp_per_floor":[77,77,77,77,77,77,77,77,77,77,77,77,77,77,77,77,77],"card_choices":[{"not_picked":["Bane","Reflex"],"picked":"Poisoned Stab","floor":1.0},{"not_picked":["Dodge and Roll","Deflect"],"picked":"Bouncing Flask","floor":3.0},{"not_picked":["Quick Slash","Blade Dance","Flechettes"],"picked":"SKIP","floor":4.0},{"not_picked":["Slice","Choke"],"picked":"Noxious Fumes","floor":5.0},{"not_picked":["Eviscerate","Flying Knee","Dagger Throw"],"picked":"SKIP","floor":6.0},{"not_picked":["Escape Plan","Crippling Poison"],"picked":"Burst","floor":8.0},{"not_picked":["PiercingWail","All Out Attack","Infinite Blades"],"picked":"SKIP","floor":10.0},{"not_picked":["Dagger Throw","Slice","Noxious Fumes"],"picked":"SKIP","floor":12},{"not_picked":["Underhanded Strike","Dagger Throw","Quick Slash"],"picked":"SKIP","floor":13}],"player_experience":83655,"relics_obtained":[{"floor":6.0,"key":"Art of War"},{"floor":8.0,"key":"Peace Pipe"},{"floor":9.0,"key":"Paper Crane"},{"floor":12,"key":"Tiny Chest"},{"floor":14,"key":"Bag of Preparation"}],"event_choices":[{"damage_healed":0.0,"max_hp_gain":0.0,"max_hp_loss":0.0,"gold_gain":175.0,"event_name":"Liars Game","player_choice":"AGREE","floor":2.0,"gold_loss":0.0,"damage_taken":0.0,"cards_obtained":["Doubt"]},{"damage_healed":0.0,"max_hp_gain":0.0,"max_hp_loss":0.0,"gold_gain":75.0,"event_name":"World of Goop","player_choice":"Gather Gold","floor":11.0,"gold_loss":0.0,"damage_taken":11.0}],"is_beta":false,"boss_relics":[],"items_purged_floors":[],"is_endless":false,"potions_floor_spawned":[3,4,6,10],"killed_by":"Slime Boss","ascension_level":1}}