{"host":"39i3emxub3h8uyq3","time":1612137502,"event":{"mods":["AchievementEnabler","BaseMod","Clockwork Mod","Colored Map","Colored Powertips","DeckTracker","Downfall","Glutton Mod","Gold Saver","Hubris","Minty Spire (QoL Compilation)","Permanent Neow","Quick Restart","Rare Cards Sparkle","Replay The Spire","StSLib","The Bug Knight","The Jungle","The Necromancer","TheHeartMod","Wandering Minibosses"],"gold_per_floor":[405,287,287,287,44,44,44,44,125,139,213,228,239,258,258,360,360,329,329,377,0,11,11,286,302,302,302,161,179,192,205,205,305,305,322,322,339,69,93,93,40,40,91,191,220,244,46,71,71,71],"floor_reached":51,"language":"ENG","playtime":5219,"items_purged":[],"score":1014,"play_id":"e79fe364-02ed-4576-b09d-9416aa6341f4","local_time":"20210131185822","is_ascension_mode":false,"campfire_choices":[{"data":"Endless Agony","floor":6,"key":"SMITH"},{"data":"Bandage Up","floor":8,"key":"SMITH"},{"floor":15,"key":"REST"},{"floor":23,"key":"REST"},{"floor":32,"key":"REST"},{"floor":40,"key":"REST"},{"data":"Replay:Poison Smokescreen","floor":42,"key":"SMITH"},{"data":"Dramatic Entrance","floor":49,"key":"SMITH"}],"circlet_count":0,"master_deck":["Strike_G","Strike_G","Strike_G","Strike_G","Strike_G","Defend_G","Defend_G","Defend_G","Defend_G","Defend_G","Survivor","Neutralize","Underhanded Strike","Endless Agony+1","Bandage Up+1","ReplayTheSpireMod:Whispers of Evil","Dodge and Roll","Replay:Poison Smokescreen+1","Terror","Poisoned Stab","ReplayTheSpireMod:Necrosis","Masterful Stab","ReplayTheSpireMod:Splinters","Bane","Dagger Spray+1","Caltrops","Caltrops","Regret","Flechettes","downfall:Bewildered","Caltrops","Riddle With Holes","Dash+1","Toxic_Smoke_Screen","Endless Agony","hubris:Greed","Summon_Death_Knight","Backflip","Dramatic Entrance","Neutralize","Bone_Spikes","Secret Weapon","Dramatic Entrance+1","Crow Ritual","hubris:Greed","Backstab","Deadly Poison","downfall:Haunted","downfall:Haunted","ReplayTheSpireMod:IOU","Hallucinations","Venomology","Hallucinations","Quick Slash","Toxin Wave","Poisoned Stab","Death_March_Dance"],"relics":["Ring of the Serpent","Nunchaku","ReplayTheSpireMod:CursedCoin","MealTicket","Ring of Panic","Ring of Misfortune","Pantograph","hubris:Icosahedron","Darkstone Periapt","Replay:Fungal Core","hubris:Towel","hubris:Reverence","Blood Vial","Chemical X","hubris:DisguiseKit","sneckomod:BabySnecko","wanderingMiniBosses:CarrionFlame","Juzu Bracelet","ReplayTheSpireMod:ShopPack","Snake Skull","Du-Vu Doll","Toolbox"],"acts_visited":["Exordium","TheCity","TheBeyond"],"potions_floor_usage":[25,33,50,50],"damage_taken":[{"damage":2,"enemies":"2 Louse","floor":1,"turns":4},{"damage":0,"enemies":"Small Slimes","floor":10,"turns":3},{"damage":6,"enemies":"Jaw Worm","floor":12,"turns":6},{"damage":6,"enemies":"Exordium Wildlife","floor":13,"turns":3},{"damage":29,"enemies":"Gremlin Gang","floor":14,"turns":5},{"damage":25,"enemies":"Hexaghost","floor":16,"turns":10},{"damage":11,"enemies":"2 Thieves","floor":18,"turns":5},{"damage":24,"enemies":"Spheric Guardian","floor":22,"turns":5},{"damage":40,"enemies":"Centurion and Healer","floor":25,"turns":6},{"damage":10,"enemies":"Snake Plant","floor":29,"turns":3},{"damage":26,"enemies":"Shelled Parasite and Fungi","floor":30,"turns":4},{"damage":34,"enemies":"Snecko","floor":31,"turns":7},{"damage":42,"enemies":"Pondfish","floor":33,"turns":12},{"damage":15,"enemies":"3 Darklings","floor":35,"turns":9},{"damage":17,"enemies":"Orb Walker","floor":37,"turns":5},{"damage":15,"enemies":"Transient","floor":39,"turns":5},{"damage":0,"enemies":"Jaw Worm Horde","floor":45,"turns":1},{"damage":0,"enemies":"3 Darklings","floor":46,"turns":1},{"damage":0,"enemies":"Sphere and 2 Shapes","floor":48,"turns":1},{"damage":96,"enemies":"Time Eater","floor":50,"turns":7}],"seed_played":"645587519994281376","potions_obtained":[{"floor":12,"key":"Milkshake"},{"floor":13,"key":"Languid Potion"},{"floor":22,"key":"Fire Potion"},{"floor":29,"key":"Strength Potion"},{"floor":33,"key":"GamblersBrew"},{"floor":46,"key":"Death Potion"}],"is_trial":false,"path_per_floor":["M","$","?","?","$","R","?","R","T","M","?","M","M","M","R_BF","B",null,"M","?","?","$","M","R","?","M","T","?","$","M","M","M","R","B",null,"M","?","M","$","M","R","$","R","T","?","M","M","$","M","R","B",null],"character_chosen":"THE_SILENT","items_purchased":["ReplayTheSpireMod:CursedCoin","MealTicket","Endless Agony","Bandage Up","Pantograph","Caltrops","Blood Vial","Chemical X","Caltrops","Riddle With Holes","Juzu Bracelet","ReplayTheSpireMod:ShopPack","Deadly Poison","Poisoned Stab","Toolbox"],"campfire_rested":4,"item_purchase_floors":[2,2,2,2,5,21,21,21,28,28,38,38,41,47,47],"current_hp_per_floor":[68,68,68,68,70,70,70,70,70,70,70,70,64,41,62,51,70,65,65,71,76,52,74,80,48,48,54,69,61,37,11,37,34,94,85,85,70,85,78,100,100,100,100,135,135,135,135,135,135,45],"gold":71,"neow_bonus":"RANDOM_COMMON_RELIC","is_daily":false,"chose_seed":false,"campfire_upgraded":4,"win_rate":0.0,"timestamp":1612137502,"path_taken":["M","$","?","?","$","R","?","R","T","M","?","M","M","M","R_BF","BOSS","M","?","?","$","?","R","?","?","T","?","$","M","M","M","R","BOSS","M","?","M","$","M","R","$","R","T","?","M","M","$","M","R","BOSS"],"items_purchased_type":["Relic","Relic","Card","Card","Relic","Card","Relic","Relic","Card","Card","Relic","Relic","Card","Card","Relic"],"build_version":"2020-12-22","purchased_purges":0,"victory":true,"max_hp_per_floor":[70,70,70,70,70,70,70,70,70,70,70,70,70,70,70,70,70,70,70,76,76,76,76,82,82,82,88,88,88,88,88,88,94,94,94,94,94,94,100,100,100,100,100,135,135,135,135,135,135,135],"card_choices":[{"not_picked":["Prepared","hubris:Counter"],"picked":"Underhanded Strike","floor":1},{"not_picked":["Cloak And Dagger","Hidden Blade"],"picked":"Dodge and Roll","floor":10},{"not_picked":["ReplayTheSpireMod:Shiv Toss","ReplayTheSpireMod:Exploit Weakness"],"picked":"Replay:Poison Smokescreen","floor":12},{"not_picked":["Cloak And Dagger","Acrobatics"],"picked":"Terror","floor":13},{"not_picked":["Bane","Slice"],"picked":"Poisoned Stab","floor":14},{"not_picked":["Night Terror","Wraith Form v2"],"picked":"ReplayTheSpireMod:Necrosis","floor":16},{"not_picked":["hubris:SlightOfHand","PiercingWail+1"],"picked":"Masterful Stab","floor":18},{"not_picked":["PiercingWail","Backstab+1"],"picked":"Bane","floor":20},{"not_picked":["ReplayTheSpireMod:The Works+1","Crippling Poison"],"picked":"Dagger Spray+1","floor":20},{"not_picked":["Phantasmal Killer","Expertise"],"picked":"Caltrops","floor":22},{"not_picked":["ReplayTheSpireMod:Speed Training","Outmaneuver"],"picked":"Flechettes","floor":25},{"not_picked":["PiercingWail","Sucker Punch","Finger_Of_Death"],"picked":"Dash+1","floor":29},{"not_picked":["Flying Knee","Acrobatics","ReplayTheSpireMod:Tripwire"],"picked":"Toxic_Smoke_Screen","floor":30},{"not_picked":["Bane","Flying Knee","Stop_Heart"],"picked":"Endless Agony","floor":31},{"not_picked":["Glass Knife","Corpse Explosion","Bullet Time"],"picked":"Summon_Death_Knight","floor":33},{"not_picked":["Distraction","Escape Plan","Negative_Energy_Sphere"],"picked":"Backflip","floor":35},{"not_picked":["hubris:Sniper","Flying Knee+1","hubris:SlightOfHand"],"picked":"Bone_Spikes","floor":37},{"not_picked":["Transmutation","Thinking Ahead","Replay:Resounding Blow"],"picked":"Secret Weapon","floor":38},{"not_picked":["Trip","Dark Shackles","Impatience"],"picked":"Dramatic Entrance","floor":38},{"not_picked":["Secret Weapon","Good Instincts","PanicButton"],"picked":"Crow Ritual","floor":38},{"not_picked":["Underhanded Strike","hubris:SlightOfHand+1","Blood_for_Blood"],"picked":"Backstab","floor":39},{"not_picked":["Outmaneuver+1","Venomology","Summon_Undead_Army"],"picked":"Quick Slash","floor":45},{"not_picked":["hubris:SlightOfHand+1","Prepared+1","Thousand_Bone_Knives"],"picked":"Toxin Wave","floor":46},{"not_picked":["hubris:SlightOfHand+1","Acrobatics+1","Flying Knee+1"],"picked":"Death_March_Dance","floor":48}],"player_experience":83536,"relics_obtained":[{"floor":3,"key":"Ring of Panic"},{"floor":3,"key":"Ring of Misfortune"},{"floor":9,"key":"Darkstone Periapt"},{"floor":20,"key":"hubris:Reverence"},{"floor":26,"key":"hubris:DisguiseKit"},{"floor":37,"key":"wanderingMiniBosses:CarrionFlame"},{"floor":43,"key":"Snake Skull"}],"event_choices":[{"cards_removed":["Shame"],"damage_healed":0,"gold_gain":0,"player_choice":"Forget","damage_taken":0,"max_hp_gain":0,"max_hp_loss":0,"event_name":"Living Wall","floor":4,"gold_loss":0},{"damage_healed":0,"gold_gain":74,"player_choice":"Gained Gold","damage_taken":0,"max_hp_gain":0,"max_hp_loss":0,"event_name":"Golden Wing","floor":11,"gold_loss":0},{"damage_healed":0,"gold_gain":275,"player_choice":"Desecrate","damage_taken":0,"max_hp_gain":0,"max_hp_loss":0,"event_name":"Golden Shrine","floor":24,"gold_loss":0,"cards_obtained":["Regret"]},{"damage_healed":0,"gold_gain":0,"player_choice":"2 cards matched","damage_taken":0,"max_hp_gain":0,"max_hp_loss":0,"event_name":"Match and Keep!","floor":36,"gold_loss":0,"cards_obtained":["Dramatic Entrance","Neutralize"]}],"is_beta":false,"boss_relics":[{"not_picked":["Replay:Wanted Poster","hubris:HollowSoul"],"picked":"Replay:Fungal Core"},{"not_picked":["Ring of Chaos","hubris:VirtuousBlindfold"],"picked":"Ring of the Serpent"}],"items_purged_floors":[],"is_endless":false,"potions_floor_spawned":[12,13,22,29,33,45,46,48],"ascension_level":0}}