{"host":"qbjtml023iza03hb","time":1612101590,"event":{"mods":["AchievementEnabler","BaseMod","Better Sensory Stone","Hermit","Minty Spire (QoL Compilation)","StSLib","The Animator","The Cursed"],"gold_per_floor":[362,63,238,238,255,255,330,330,408,15,15,15,53,72,72,192,192,206,226,245,22,45,84,57,73,122,158,158,189,203,221,221,345,345,365,12,1011,588,653,653,653,653,680,680,704,748,748,748,748,748,748,748,105,145,145],"floor_reached":56,"language":"FRA","playtime":4503,"items_purged":["Strike_G","Doubt","Normality","Normality"],"score":1407,"play_id":"a278479d-5293-448a-b9d8-47cf26464a9a","local_time":"20210131145950","is_ascension_mode":true,"campfire_choices":[{"data":"Catalyst","floor":6.0,"key":"SMITH"},{"data":"Bouncing Flask","floor":12.0,"key":"SMITH"},{"data":"Footwork","floor":15.0,"key":"SMITH"},{"data":"Venomology","floor":28.0,"key":"SMITH"},{"floor":32.0,"key":"REST"},{"data":"Wraith Form v2","floor":40.0,"key":"SMITH"},{"data":"Wraith Form v2","floor":42.0,"key":"SMITH"},{"data":"Outmaneuver","floor":44.0,"key":"SMITH"},{"floor":49.0,"key":"RECALL"},{"data":"Burst","floor":52.0,"key":"SMITH"}],"circlet_count":0,"master_deck":["Survivor","Neutralize+1","Bouncing Flask+1","Catalyst+1","Footwork+1","Escape Plan","PiercingWail","Venomology+1","Bouncing Flask","Escape Plan+1","Well Laid Plans","Crippling Poison","Acrobatics","Deadly Poison","Deflect","Adrenaline","Catalyst+1","Backflip+1","Adrenaline","Wraith Form v2+1","Expertise","Deadly Poison","A Thousand Cuts","Acrobatics","Cloak And Dagger","Backstab+1","Wraith Form v2+1","Outmaneuver+1","Sadistic Nature","Backflip","Purity","Madness","Madness","Burst+1"],"relics":["Ring of the Snake","Art of War","Golden Idol","Bottled Lightning","Torii","Centennial Puzzle","The Specimen","Philosopher\u0027s Stone","Snake Skull","Juzu Bracelet","Lantern","MealTicket","Blue Candle","Pandora\u0027s Box","OrangePellets","Bag of Preparation","Unceasing Top","Ancient Tea Set","HornCleat","Whetstone","Paper Crane"],"acts_visited":["Exordium","TheCity","TheBeyond","TheEnding"],"potions_floor_usage":[54,55,55,55,55],"damage_taken":[{"damage":5.0,"enemies":"Jaw Worm","floor":1.0,"turns":4.0},{"damage":0.0,"enemies":"Small Slimes","floor":5.0,"turns":5.0},{"damage":0.0,"enemies":"Gremlin Nob","floor":13.0,"turns":3.0},{"damage":0.0,"enemies":"Cultist","floor":14.0,"turns":2.0},{"damage":9.0,"enemies":"Slime Boss","floor":16.0,"turns":8.0},{"damage":0.0,"enemies":"Chosen","floor":18.0,"turns":4.0},{"damage":0.0,"enemies":"3 Byrds","floor":19.0,"turns":3.0},{"damage":1.0,"enemies":"3 Cultists","floor":20.0,"turns":4.0},{"damage":1.0,"enemies":"Shelled Parasite and Fungi","floor":22.0,"turns":3.0},{"damage":8.0,"enemies":"Book of Stabbing","floor":23.0,"turns":5.0},{"damage":20.0,"enemies":"Centurion and Healer","floor":25.0,"turns":4.0},{"damage":0.0,"enemies":"Gremlin Leader","floor":27.0,"turns":3.0},{"damage":15.0,"enemies":"Slavers","floor":29.0,"turns":3.0},{"damage":0.0,"enemies":"3 Cultists","floor":30.0,"turns":4.0},{"damage":0.0,"enemies":"Snake Plant","floor":31.0,"turns":2.0},{"damage":0.0,"enemies":"Champ","floor":33.0,"turns":2.0},{"damage":8.0,"enemies":"3 Darklings","floor":35.0,"turns":4.0},{"damage":11.0,"enemies":"2 Orb Walkers","floor":39.0,"turns":3.0},{"damage":1.0,"enemies":"Orb Walker","floor":45.0,"turns":3.0},{"damage":1.0,"enemies":"Giant Head","floor":46.0,"turns":5.0},{"damage":3.0,"enemies":"Awakened One","floor":50.0,"turns":9.0},{"damage":3,"enemies":"Shield and Spear","floor":54,"turns":6},{"damage":21,"enemies":"The Heart","floor":55,"turns":6}],"seed_played":"2343106335547480368","potions_obtained":[{"floor":1.0,"key":"ColorlessPotion"},{"floor":4.0,"key":"Explosive Potion"},{"floor":4.0,"key":"Energy Potion"},{"floor":4.0,"key":"Strength Potion"},{"floor":5.0,"key":"Block Potion"},{"floor":14.0,"key":"BlessingOfTheForge"},{"floor":16.0,"key":"Explosive Potion"},{"floor":22.0,"key":"Weak Potion"},{"floor":27.0,"key":"Explosive Potion"},{"floor":29.0,"key":"GamblersBrew"},{"floor":31.0,"key":"LiquidMemories"},{"floor":33.0,"key":"AttackPotion"},{"floor":35.0,"key":"Strength Potion"},{"floor":45.0,"key":"EssenceOfSteel"}],"is_trial":false,"path_per_floor":["M","$","?","?","M","R","?","?","T","$","?","R","E","M","R","B",null,"M","M","M","$","M","E","$","M","T","E","R","E","M","M","R","B",null,"M","$","?","$","?","R","?","R","T","R","M","E","?","?","R","B",null,"R","$","E","B",null],"character_chosen":"THE_SILENT","items_purchased":["Art of War","Catalyst","Torii","Snake Skull","Crippling Poison","Deadly Poison","OrangePellets","Sadistic Nature","Backflip","Bag of Preparation","Purity","PowerPotion","Ancient Potion","HornCleat","Whetstone"],"campfire_rested":1,"item_purchase_floors":[2,2,10,21,21,24,36,36,36,38,38,38,53,53,53],"current_hp_per_floor":[44,44,44,44,44,44,33,33,33,33,33,33,33,33,33,24,65,65,65,64,64,63,55,55,35,35,35,35,20,20,20,39,39,65,57,65,65,65,54,54,46,46,46,46,45,44,44,44,44,41,65,65,65,62,41],"gold":145,"neow_bonus":"TWO_FIFTY_GOLD","is_daily":false,"chose_seed":false,"campfire_upgraded":8,"win_rate":0.0,"timestamp":1612101590,"path_taken":["M","$","?","?","?","R","?","?","T","$","?","R","E","M","R","BOSS","M","M","M","$","M","E","?","M","T","E","R","E","M","M","R","BOSS","M","$","?","$","?","R","?","R","T","R","M","E","?","?","R","BOSS","R","$","E","BOSS"],"items_purchased_type":["Relic","Card","Relic","Relic","Card","Card","Relic","Card","Card","Relic","Card","Potion","Potion","Relic","Relic"],"build_version":"2020-12-22","purchased_purges":4,"victory":true,"max_hp_per_floor":[70,70,70,70,70,70,70,65,65,65,65,65,65,65,65,65,65,65,65,65,65,65,65,65,65,65,65,65,65,65,65,65,65,65,65,65,65,65,65,65,65,65,65,65,65,65,65,65,65,65,65,65,65,65,65],"card_choices":[{"not_picked":["Deflect","Slice"],"picked":"Bouncing Flask","floor":1.0},{"not_picked":["Distraction","Quick Slash"],"picked":"Footwork","floor":5.0},{"not_picked":["Flying Knee","Doppelganger"],"picked":"Escape Plan","floor":13.0},{"not_picked":["Concentrate","Dodge and Roll"],"picked":"PiercingWail","floor":14.0},{"not_picked":["A Thousand Cuts","Unload"],"picked":"Venomology","floor":16.0},{"not_picked":["Underhanded Strike","Dagger Spray+1"],"picked":"Bouncing Flask","floor":18.0},{"not_picked":["Acrobatics","Backflip"],"picked":"Escape Plan+1","floor":19.0},{"not_picked":["Prepared","Grand Finale"],"picked":"Well Laid Plans","floor":20.0},{"not_picked":["Underhanded Strike","Predator"],"picked":"Acrobatics","floor":22.0},{"not_picked":["Predator","Cloak And Dagger","Dagger Throw"],"picked":"SKIP","floor":23.0},{"not_picked":["Poisoned Stab","Choke"],"picked":"Deflect","floor":25.0},{"not_picked":["Bane","Setup"],"picked":"Adrenaline","floor":27.0},{"not_picked":["Prepared","Dagger Throw"],"picked":"Catalyst+1","floor":29.0},{"not_picked":["Concentrate","Slice","Dagger Spray"],"picked":"SKIP","floor":30.0},{"not_picked":["Flechettes","Blade Dance"],"picked":"Backflip+1","floor":31.0},{"not_picked":["Tools of the Trade","After Image"],"picked":"Adrenaline","floor":33.0},{"not_picked":["Cloak And Dagger","Accuracy"],"picked":"Outmaneuver","floor":35.0},{"not_picked":["Deadly Poison","Outmaneuver","Cloak And Dagger+1"],"picked":"SKIP","floor":45.0},{"not_picked":["Finisher","Concentrate","PiercingWail"],"picked":"SKIP","floor":46.0},{"not_picked":["Dagger Spray","Slice+1","Dagger Throw"],"picked":"SKIP","floor":54}],"player_experience":534609,"relics_obtained":[{"floor":9.0,"key":"Bottled Lightning"},{"floor":13.0,"key":"The Specimen"},{"floor":23.0,"key":"Juzu Bracelet"},{"floor":26.0,"key":"Lantern"},{"floor":27.0,"key":"MealTicket"},{"floor":29.0,"key":"Blue Candle"},{"floor":39.0,"key":"Unceasing Top"},{"floor":46.0,"key":"Ancient Tea Set"},{"floor":54,"key":"Paper Crane"}],"event_choices":[{"damage_healed":0.0,"max_hp_gain":0.0,"max_hp_loss":0.0,"gold_gain":175.0,"event_name":"Liars Game","player_choice":"AGREE","floor":3.0,"gold_loss":0.0,"damage_taken":0.0,"cards_obtained":["Doubt"]},{"damage_healed":0.0,"max_hp_gain":0.0,"max_hp_loss":0.0,"gold_gain":0.0,"event_name":"Lab","player_choice":"Got Potions","floor":4.0,"gold_loss":0.0,"damage_taken":0.0},{"damage_healed":0.0,"max_hp_gain":0.0,"max_hp_loss":0.0,"gold_gain":75.0,"event_name":"World of Goop","player_choice":"Gather Gold","floor":7.0,"gold_loss":0.0,"damage_taken":11.0},{"damage_healed":0.0,"max_hp_gain":0.0,"max_hp_loss":5.0,"gold_gain":0.0,"event_name":"Golden Idol","player_choice":"Lose Max HP","floor":8.0,"gold_loss":0.0,"damage_taken":0.0,"relics_obtained":["Golden Idol"]},{"damage_healed":0.0,"max_hp_gain":0.0,"max_hp_loss":0.0,"gold_gain":0.0,"event_name":"WeMeetAgain","player_choice":"Gave Potion","floor":11.0,"gold_loss":0.0,"damage_taken":0.0,"relics_obtained":["Centennial Puzzle"]},{"damage_healed":0.0,"max_hp_gain":0.0,"max_hp_loss":0.0,"gold_gain":999.0,"event_name":"MindBloom","player_choice":"Gold","floor":37.0,"gold_loss":0.0,"damage_taken":0.0,"cards_obtained":["Normality","Normality"]},{"damage_healed":0.0,"max_hp_gain":0.0,"max_hp_loss":0.0,"gold_gain":0.0,"event_name":"Mysterious Sphere","player_choice":"Fight","floor":39.0,"gold_loss":0.0,"damage_taken":0.0},{"damage_healed":0.0,"max_hp_gain":0.0,"max_hp_loss":0.0,"gold_gain":0.0,"event_name":"Winding Halls","player_choice":"Embrace Madness","floor":41.0,"gold_loss":0.0,"damage_taken":8.0,"cards_obtained":["Madness","Madness"]},{"cards_removed":["Flying Knee"],"damage_healed":0.0,"max_hp_gain":0.0,"max_hp_loss":0.0,"gold_gain":0.0,"event_name":"Falling","player_choice":"Removed Attack","floor":47.0,"gold_loss":0.0,"damage_taken":0.0},{"damage_healed":0.0,"max_hp_gain":0.0,"max_hp_loss":0.0,"gold_gain":0.0,"event_name":"Match and Keep!","player_choice":"1 cards matched","floor":48.0,"gold_loss":0.0,"damage_taken":0.0,"cards_obtained":["Burst"]}],"is_beta":false,"boss_relics":[{"not_picked":["WristBlade","Cursed Key"],"picked":"Philosopher\u0027s Stone"},{"not_picked":["Runic Pyramid","Velvet Choker"],"picked":"Pandora\u0027s Box"}],"items_purged_floors":[2,10,38,53],"is_endless":false,"potions_floor_spawned":[1,5,14,16,22,27,29,31,33,35,45,46],"ascension_level":1}}