{"host":"x730sfaw5rd1mxd8","time":1612129987,"event":{"mods":["BaseMod","BetterRewards","Colored Powertips","Highlight Path","Minty Spire (QoL Compilation)","Relic Sorter","Relic Stats","Replay The Spire","StSLib"],"gold_per_floor":[112,129,129,139,158,191,204,222,222,252,262,262,306,330,330,426,426,451,337,352,367,367,406,406,444,444,482,482,497,520,535,535,629,629,648,648,662,109,109,109,109,109,442,442,442,442,442,22,39,72,72,72,72],"floor_reached":52,"language":"ENG","playtime":2723,"items_purged":["Strike_R","Strike_R"],"score":1613,"play_id":"f3541574-f621-4f29-8519-59ce988f5dca","local_time":"20210131165307","is_ascension_mode":true,"campfire_choices":[{"data":"Feed","floor":15,"key":"SMITH"},{"data":"Disarm","floor":24,"key":"SMITH"},{"floor":32,"key":"REST"},{"data":"Limit Break","floor":42,"key":"SMITH"},{"data":"Impervious","floor":46,"key":"SMITH"},{"data":"Entrench","floor":51,"key":"SMITH"}],"circlet_count":0,"master_deck":["AscendersBane","Strike_R","Strike_R","Defend_R","Defend_R","Defend_R","Defend_R","Bash","Feed+1","Spot Weakness+1","Anger","Inflame+1","Cleave","Impervious+1","Sword Boomerang","Exhume","ReplayTheSpireMod:Limb From Limb","Berserk+1","Disarm+1","Metallicize+1","Spot Weakness","ReplayTheSpireMod:Stacked","Limit Break+1","Barricade+1","True Grit+1","Feel No Pain+1","Poisoned Strike","Entrench+1","ReplayTheSpireMod:Corrosion Curse+1"],"relics":["Burning Blood","Oddly Smooth Stone","Frozen Egg 2","Vajra","Calipers","Snack Pack","Onion Ring","Blood Vial","Runic Pyramid","Quantum Egg","Toy Ornithopter","Bottled Lightning","Bag of Marbles","Replay:Bronze Core","Anchor","Torii","Iron Hammer"],"acts_visited":["Exordium","TheCity","TheBeyond"],"potions_floor_usage":[7,16,27,33,44,52,52],"damage_taken":[{"damage":9,"enemies":"2 Louse","floor":1,"turns":3},{"damage":0,"enemies":"Cultist","floor":2,"turns":4},{"damage":12,"enemies":"Small Slimes","floor":4,"turns":3},{"damage":2,"enemies":"Exordium Wildlife","floor":5,"turns":2},{"damage":27,"enemies":"Gremlin Nob","floor":6,"turns":4},{"damage":14,"enemies":"Blue Slaver","floor":7,"turns":6},{"damage":0,"enemies":"3 Louse","floor":8,"turns":2},{"damage":12,"enemies":"3 Sentries","floor":10,"turns":5},{"damage":14,"enemies":"Red Slaver","floor":11,"turns":3},{"damage":0,"enemies":"Replay:BlueRogue","floor":13,"turns":4},{"damage":0,"enemies":"Looter","floor":14,"turns":2},{"damage":58,"enemies":"Hexaghost","floor":16,"turns":9},{"damage":11,"enemies":"2 Thieves","floor":18,"turns":3},{"damage":5,"enemies":"3 Byrds","floor":20,"turns":5},{"damage":12,"enemies":"Snake Plant","floor":21,"turns":4},{"damage":32,"enemies":"Book of Stabbing","floor":23,"turns":6},{"damage":13,"enemies":"Replay:Snechameleon","floor":25,"turns":7},{"damage":17,"enemies":"Gremlin Leader","floor":27,"turns":5},{"damage":22,"enemies":"Shelled Parasite and Fungi","floor":29,"turns":6},{"damage":45,"enemies":"Sentry and Sphere","floor":30,"turns":6},{"damage":14,"enemies":"3 Cultists","floor":31,"turns":5},{"damage":58,"enemies":"Champ","floor":33,"turns":8},{"damage":1,"enemies":"3 Shapes","floor":35,"turns":4},{"damage":0,"enemies":"3 Darklings","floor":37,"turns":6},{"damage":0,"enemies":"Reptomancer","floor":44,"turns":2},{"damage":16,"enemies":"Maw","floor":49,"turns":8},{"damage":44,"enemies":"Nemesis","floor":50,"turns":7},{"damage":119,"enemies":"Donu and Deca","floor":52,"turns":9}],"seed_played":"5481422623443565733","potions_obtained":[{"floor":2,"key":"SkillPotion"},{"floor":5,"key":"DistilledChaos"},{"floor":8,"key":"Dexterity Potion"},{"floor":13,"key":"LiquidBronze"},{"floor":20,"key":"SneckoOil"},{"floor":23,"key":"AttackPotion"},{"floor":29,"key":"SmokeBomb"},{"floor":33,"key":"ElixirPotion"},{"floor":49,"key":"AttackPotion"}],"is_trial":false,"path_per_floor":["M","M","?","M","M","E","M","M","T","E","M","?","E","M","R","B",null,"M","$","M","M","?","E","R","E","T","E","?","M","M","M","R","B",null,"M","?","M","$","PTL","PTL","?","R","?","E","T","R","?","$","M","E","R","B"],"character_chosen":"IRONCLAD","items_purchased":["Feed","Combust","Oddly Smooth Stone","Spot Weakness+1","Frozen Egg 2","Metallicize+1","Feel No Pain+1","Anchor","Poisoned Strike","Torii","Entrench"],"campfire_rested":1,"item_purchase_floors":[0,0,0,0,0,19,38,38,38,48,48],"current_hp_per_floor":[68,74,74,71,78,57,52,58,58,55,50,50,61,69,69,25,72,75,75,86,82,82,60,60,61,61,63,63,53,22,18,51,14,90,101,101,117,117,117,117,117,117,117,117,117,117,117,117,113,85,85,0,0],"gold":72,"neow_bonus":"","is_daily":false,"chose_seed":false,"campfire_upgraded":5,"win_rate":0.0,"timestamp":1612129987,"path_taken":["M","M","?","M","M","E","M","?","T","E","?","?","E","M","R","BOSS","M","$","M","M","?","E","R","E","T","E","?","M","M","M","R","BOSS","M","?","M","$","PTL","PTL","?","R","?","E","T","R","?","$","M","E","R","BOSS"],"items_purchased_type":["Card","Card","Relic","Card","Relic","Card","Card","Relic","Card","Relic","Card"],"build_version":"2020-12-22","purchased_purges":2,"victory":false,"max_hp_per_floor":[78,78,78,81,84,84,87,87,87,90,93,84,87,87,87,87,87,91,91,95,95,95,95,95,99,99,103,103,107,111,111,111,115,115,119,119,123,123,123,123,117,117,117,117,117,117,117,117,121,125,125,125,125],"relic_stats":{"Blood Vial":32,"Torii":21,"counters":[317,1432],"obtain_stats":[{"Golden Egg":8,"Replay:Accelerometer":52,"Whetstone":14,"Bottled Tornado":44,"Boot":53,"Old Coin":47,"Blood Vial":20,"Replay:Wanted Poster":34,"Replay:Ringing Soul":54,"Sundial":28,"Replay:Bronze Core":34,"MealTicket":27,"Replay:Bottled Flurry":0,"Kunai":53,"Electric Blood":17,"Blue Candle":30,"Velvet Choker":19,"Eternal Feather":9,"Akabeko":27,"SlaversCollar":17,"Bird Faced Urn":12,"Pandora\u0027s Box":34,"Mark of Pain":0,"Abe\u0027s Treasure":17,"Unceasing Top":49,"Regal Pillow":9,"Singing Bowl":10,"Torii":0,"Magic Flower":11,"StoneCalendar":14,"Painkiller Herb":17,"King of Hearts":12,"Bag of Preparation":9,"Cursed Key":34,"Smiling Mask":24,"Burning Blood":0,"Pet Ghost":23,"Replay:Rubber Ducky":0,"Matryoshka":0,"Shovel":46,"WingedGreaves":8,"Chemical X":41,"Replay:Bottled Eggs":27,"Paper Frog":9,"Potion Belt":48,"Golden Idol":11,"Self Forming Clay":7,"Thread and Needle":50,"The Courier":14,"PreservedInsect":22,"Omamori":40,"Frozen Egg 2":0,"MawBank":26,"Busted Crown":17,"Ornamental Fan":50,"Turnip":46,"Art of War":40,"Garlic":32,"Champion Belt":56,"Bottled Lightning":9,"ReplayTheSpireMod:Lightbulb":0,"Toy Ornithopter":25,"Ice Cream":14,"Divine Protection":42,"Calipers":6,"Gremlin Horn":9,"CeramicFish":43,"Vajra":0,"Centennial Puzzle":9,"Strawberry":28,"Honey Jar":17,"Philosopher\u0027s Stone":17,"Iron Hammer":0,"Toxic Egg 2":9,"Girya":19,"Happy Flower":27,"ReplayTheSpireMod:CursedCoin":0,"Dead Branch":13,"Replay:Grab Bag":17,"Oddly Smooth Stone":26,"Charon\u0027s Ashes":39,"Letter Opener":25,"War Paint":8,"Question Card":0,"OrangePellets":53,"Replay:Baseball":38,"ReplayTheSpireMod:Spearhead":24,"ReplayTheSpireMod:Shallot":30,"Shuriken":55,"Bronze Scales":12,"Simple Rune":28,"Onion Ring":45,"Molten Egg 2":7,"ReplayTheSpireMod:TigerMarble":13,"Grinning Jar":25,"Pocketwatch":0,"Darkstone Periapt":5,"ReplayFunnel":19,"Iron Core":3,"Black Blood":17,"Mango":6,"Juzu Bracelet":42,"Incense Burner":12,"Replay:Mystery Machine":0,"ClockworkSouvenir":0,"Dream Catcher":43,"Nunchaku":38,"Replay:Bandana":0,"TheAbacus":0,"Chameleon Ring":24,"Mummified Hand":0,"Pantograph":23,"Gambling Chip":24,"Replay:Bottled Snecko":6,"Red Skull":6,"Runic Pyramid":34,"Gremlin Food":0,"BargainBundle":0,"Quantum Egg":32,"Guide Book":53,"Replay:WaspNest":0,"Orichalcum":48,"White Beast Statue":0,"Mercury Hourglass":43,"Anchor":10,"CaptainsWheel":49,"ChewingGum":17,"Another Sword":42,"Snack Pack":8,"Bag of Marbles":12,"Membership Card":0,"TungstenRod":40,"FossilizedHelix":28},{"Golden Egg":68,"Replay:Accelerometer":153,"Whetstone":70,"Bottled Tornado":247,"Boot":153,"Old Coin":88,"Blood Vial":26,"Replay:Wanted Poster":241,"Replay:Ringing Soul":220,"Sundial":108,"Replay:Bronze Core":311,"MealTicket":58,"Replay:Bottled Flurry":251,"Kunai":153,"Electric Blood":51,"Blue Candle":30,"Velvet Choker":72,"Eternal Feather":255,"Akabeko":138,"SlaversCollar":24,"Bird Faced Urn":22,"Pandora\u0027s Box":208,"Mark of Pain":0,"Abe\u0027s Treasure":102,"Unceasing Top":120,"Regal Pillow":275,"Singing Bowl":21,"Torii":186,"Magic Flower":49,"StoneCalendar":166,"Painkiller Herb":259,"King of Hearts":277,"Bag of Preparation":68,"Cursed Key":31,"Smiling Mask":106,"Burning Blood":0,"Pet Ghost":56,"Replay:Rubber Ducky":93,"Matryoshka":93,"Shovel":151,"WingedGreaves":255,"Chemical X":114,"Replay:Bottled Eggs":78,"Paper Frog":226,"Potion Belt":119,"Golden Idol":5,"Self Forming Clay":97,"Thread and Needle":90,"The Courier":7,"PreservedInsect":11,"Omamori":245,"Frozen Egg 2":14,"MawBank":106,"Busted Crown":8,"Ornamental Fan":120,"Turnip":38,"Art of War":36,"Garlic":109,"Champion Belt":92,"Bottled Lightning":129,"ReplayTheSpireMod:Lightbulb":93,"Toy Ornithopter":306,"Ice Cream":23,"Divine Protection":148,"Calipers":294,"Gremlin Horn":20,"CeramicFish":115,"Vajra":221,"Centennial Puzzle":5,"Strawberry":13,"Honey Jar":231,"Philosopher\u0027s Stone":167,"Iron Hammer":155,"Toxic Egg 2":192,"Girya":134,"Happy Flower":203,"ReplayTheSpireMod:CursedCoin":155,"Dead Branch":165,"Replay:Grab Bag":279,"Oddly Smooth Stone":57,"Charon\u0027s Ashes":213,"Letter Opener":266,"War Paint":163,"Question Card":221,"OrangePellets":219,"Replay:Baseball":83,"ReplayTheSpireMod:Spearhead":202,"ReplayTheSpireMod:Shallot":206,"Shuriken":91,"Bronze Scales":6,"Simple Rune":78,"Onion Ring":116,"Molten Egg 2":226,"ReplayTheSpireMod:TigerMarble":132,"Grinning Jar":137,"Pocketwatch":41,"Darkstone Periapt":18,"ReplayFunnel":103,"Iron Core":188,"Black Blood":279,"Mango":19,"Juzu Bracelet":87,"Incense Burner":131,"Replay:Mystery Machine":93,"ClockworkSouvenir":123,"Dream Catcher":37,"Nunchaku":83,"Replay:Bandana":123,"TheAbacus":61,"Chameleon Ring":170,"Mummified Hand":155,"Pantograph":12,"Gambling Chip":27,"Replay:Bottled Snecko":161,"Red Skull":47,"Runic Pyramid":142,"Gremlin Food":155,"BargainBundle":251,"Quantum Egg":80,"Guide Book":249,"Replay:WaspNest":93,"Orichalcum":218,"White Beast Statue":155,"Mercury Hourglass":181,"Anchor":69,"CaptainsWheel":152,"ChewingGum":279,"Another Sword":181,"Snack Pack":48,"Bag of Marbles":257,"Membership Card":93,"TungstenRod":214,"FossilizedHelix":239},{"Golden Egg":270,"Replay:Accelerometer":693,"Whetstone":276,"Bottled Tornado":1111,"Boot":693,"Old Coin":374,"Blood Vial":107,"Replay:Wanted Poster":1084,"Replay:Ringing Soul":1002,"Sundial":475,"Replay:Bronze Core":1396,"MealTicket":230,"Replay:Bottled Flurry":1133,"Kunai":693,"Electric Blood":208,"Blue Candle":123,"Velvet Choker":287,"Eternal Feather":1149,"Akabeko":613,"SlaversCollar":100,"Bird Faced Urn":86,"Pandora\u0027s Box":935,"Mark of Pain":0,"Abe\u0027s Treasure":449,"Unceasing Top":539,"Regal Pillow":1226,"Singing Bowl":82,"Torii":830,"Magic Flower":200,"StoneCalendar":746,"Painkiller Herb":1169,"King of Hearts":1234,"Bag of Preparation":270,"Cursed Key":130,"Smiling Mask":466,"Burning Blood":0,"Pet Ghost":224,"Replay:Rubber Ducky":411,"Matryoshka":411,"Shovel":679,"WingedGreaves":1149,"Chemical X":510,"Replay:Bottled Eggs":311,"Paper Frog":1023,"Potion Belt":538,"Golden Idol":17,"Self Forming Clay":425,"Thread and Needle":385,"The Courier":25,"PreservedInsect":40,"Omamori":1101,"Frozen Egg 2":51,"MawBank":466,"Busted Crown":30,"Ornamental Fan":539,"Turnip":156,"Art of War":146,"Garlic":481,"Champion Belt":400,"Bottled Lightning":578,"ReplayTheSpireMod:Lightbulb":411,"Toy Ornithopter":1366,"Ice Cream":93,"Divine Protection":660,"Calipers":1310,"Gremlin Horn":78,"CeramicFish":521,"Vajra":1010,"Centennial Puzzle":17,"Strawberry":48,"Honey Jar":1045,"Philosopher\u0027s Stone":751,"Iron Hammer":713,"Toxic Egg 2":857,"Girya":598,"Happy Flower":908,"ReplayTheSpireMod:CursedCoin":713,"Dead Branch":743,"Replay:Grab Bag":1251,"Oddly Smooth Stone":226,"Charon\u0027s Ashes":957,"Letter Opener":1198,"War Paint":736,"Question Card":1010,"OrangePellets":999,"Replay:Baseball":343,"ReplayTheSpireMod:Spearhead":903,"ReplayTheSpireMod:Shallot":922,"Shuriken":395,"Bronze Scales":20,"Simple Rune":311,"Onion Ring":524,"Molten Egg 2":1023,"ReplayTheSpireMod:TigerMarble":589,"Grinning Jar":609,"Pocketwatch":170,"Darkstone Periapt":65,"ReplayFunnel":454,"Iron Core":838,"Black Blood":1251,"Mango":73,"Juzu Bracelet":367,"Incense Burner":585,"Replay:Mystery Machine":411,"ClockworkSouvenir":554,"Dream Catcher":151,"Nunchaku":343,"Replay:Bandana":554,"TheAbacus":244,"Chameleon Ring":764,"Mummified Hand":713,"Pantograph":44,"Gambling Chip":111,"Replay:Bottled Snecko":730,"Red Skull":189,"Runic Pyramid":629,"Gremlin Food":713,"BargainBundle":1133,"Quantum Egg":320,"Guide Book":1122,"Replay:WaspNest":411,"Orichalcum":988,"White Beast Statue":713,"Mercury Hourglass":808,"Anchor":273,"CaptainsWheel":682,"ChewingGum":1251,"Another Sword":808,"Snack Pack":196,"Bag of Marbles":1159,"Membership Card":411,"TungstenRod":963,"FossilizedHelix":1074}],"Burning Blood":541,"Toy Ornithopter":20},"card_choices":[{"not_picked":["Warcry","Flex"],"picked":"Anger","floor":1},{"not_picked":["Headbutt","Shrug It Off"],"picked":"Inflame+1","floor":2},{"not_picked":["Iron Wave","Armaments"],"picked":"Cleave","floor":4},{"not_picked":["Replay:Undeath\u0027s Touch","Cleave","Havoc"],"picked":"SKIP","floor":5},{"not_picked":["Havoc","Twin Strike"],"picked":"Impervious","floor":6},{"not_picked":["Pommel Strike","Uppercut"],"picked":"Sword Boomerang","floor":7},{"not_picked":["ReplayReversal","Cleave","Iron Wave"],"picked":"SKIP","floor":8},{"not_picked":["Demonic Infusion","ReplayTheSpireMod:Strike From Hell"],"picked":"Exhume","floor":10},{"not_picked":["Intimidate","Wild Strike"],"picked":"ReplayTheSpireMod:Limb From Limb","floor":11},{"not_picked":["Twin Strike","Havoc","Second Wind"],"picked":"SKIP","floor":13},{"not_picked":["Havoc","Heavy Blade","Double Tap"],"picked":"SKIP","floor":14},{"not_picked":["Juggernaut+1","Barricade+1"],"picked":"Berserk+1","floor":16},{"not_picked":["Warcry","Combust+1"],"picked":"Disarm","floor":18},{"not_picked":["Infernal Blade","Shockwave","Clothesline"],"picked":"SKIP","floor":20},{"not_picked":["Rampage","Pummel+1","Intimidate"],"picked":"SKIP","floor":21},{"not_picked":["Dropkick","Headbutt"],"picked":"ReplayTheSpireMod:Stacked","floor":23},{"not_picked":["Armaments","Perfected Strike","Burning Pact"],"picked":"SKIP","floor":25},{"not_picked":["Clash","Carnage","Thunderclap+1"],"picked":"SKIP","floor":27},{"not_picked":["Wild Strike+1","Run Through","Spot Weakness"],"picked":"SKIP","floor":29},{"not_picked":["Pommel Strike","Iron Wave","ReplayTheSpireMod:Corrosion Curse"],"picked":"SKIP","floor":30},{"not_picked":["ReplayTheSpireMod:Strike From Hell","True Grit"],"picked":"Limit Break","floor":31},{"not_picked":["Brutality+1","Double Tap"],"picked":"Barricade+1","floor":33},{"not_picked":["Heavy Blade","Twin Strike"],"picked":"True Grit+1","floor":35},{"not_picked":["Uppercut","Flex","Perfected Strike"],"picked":"SKIP","floor":37},{"not_picked":["Wild Strike","Searing Blow"],"picked":"ReplayTheSpireMod:Corrosion Curse+1","floor":49},{"not_picked":["Juggernaut+1","Spot Weakness","Hemogenesis"],"picked":"SKIP","floor":50}],"player_experience":4059869,"relics_obtained":[{"floor":6,"key":"Calipers"},{"floor":9,"key":"Snack Pack"},{"floor":10,"key":"Onion Ring"},{"floor":13,"key":"Blood Vial"},{"floor":23,"key":"Quantum Egg"},{"floor":25,"key":"Toy Ornithopter"},{"floor":26,"key":"Bottled Lightning"},{"floor":27,"key":"Bag of Marbles"},{"floor":50,"key":"Iron Hammer"}],"event_choices":[{"damage_healed":0,"gold_gain":0,"player_choice":"Gave Potion","damage_taken":0,"relics_obtained":["Vajra"],"max_hp_gain":0,"max_hp_loss":0,"event_name":"WeMeetAgain","floor":3,"gold_loss":0},{"damage_healed":0,"gold_gain":0,"player_choice":"Lose Max HP","damage_taken":0,"relics_obtained":["Golden Idol"],"max_hp_gain":0,"max_hp_loss":9,"event_name":"Golden Idol","floor":12,"gold_loss":0},{"damage_healed":0,"gold_gain":0,"player_choice":"Read","damage_taken":0,"max_hp_gain":0,"max_hp_loss":0,"event_name":"The Library","floor":22,"gold_loss":0,"cards_obtained":["Spot Weakness"]},{"damage_healed":0,"gold_gain":0,"player_choice":"Ignored","damage_taken":0,"max_hp_gain":0,"max_hp_loss":0,"event_name":"The Mausoleum","floor":28,"gold_loss":0},{"cards_removed":["Combust"],"damage_healed":0,"gold_gain":0,"player_choice":"Removed Power","damage_taken":0,"max_hp_gain":0,"max_hp_loss":0,"event_name":"Falling","floor":36,"gold_loss":0},{"damage_healed":0,"gold_gain":0,"player_choice":"Max HP","damage_taken":0,"max_hp_gain":0,"max_hp_loss":6,"event_name":"Winding Halls","floor":41,"gold_loss":0},{"damage_healed":0,"gold_gain":333,"player_choice":"Gave Idol","damage_taken":0,"max_hp_gain":0,"max_hp_loss":0,"event_name":"The Moai Head","floor":43,"relics_lost":["Golden Idol"],"gold_loss":0},{"cards_removed":["Strike_R"],"damage_healed":0,"gold_gain":0,"player_choice":"Purged","damage_taken":0,"max_hp_gain":0,"max_hp_loss":0,"event_name":"Purifier","floor":47,"gold_loss":0}],"is_beta":false,"boss_relics":[{"not_picked":["Replay:Drink Me","Calling Bell"],"picked":"Runic Pyramid"},{"not_picked":["Philosopher\u0027s Stone","SacredBark"],"picked":"Replay:Bronze Core"}],"items_purged_floors":[19,38],"is_endless":false,"potions_floor_spawned":[2,5,8,13,20,23,29,33,44,49],"killed_by":"Donu and Deca","ascension_level":20}}