{"host":"87mnajev72vv2sjg","time":1612084267,"event":{"mods":["BaseMod","BetterRewards","Colored Map","Curses Come First","Infinite Spire","Minty Spire (QoL Compilation)","Shop Mod","StSLib","SuperFastMode","The Gatherer"],"gold_per_floor":[118,136,149,162,176,203,217,231,231,249,259,259,278,289,289,391,391,401,417,417,431,444,460,460,474,499,499,499,499],"floor_reached":27,"language":"ENG","playtime":3409,"items_purged":["Normality"],"score":265,"play_id":"891a8020-8962-4b12-9123-c21339eab26e","local_time":"20210131041107","is_ascension_mode":true,"metric_token":657,"campfire_choices":[{"floor":12,"key":"REST"},{"floor":15,"key":"REST"}],"circlet_count":0,"master_deck":["Gatherer:Strike_Gatherer","Gatherer:Strike_Gatherer","Gatherer:Strike_Gatherer","Gatherer:Strike_Gatherer","Gatherer:Strike_Gatherer","Gatherer:Defend_Gatherer","Gatherer:Defend_Gatherer","Gatherer:Defend_Gatherer","Gatherer:Defend_Gatherer","Gatherer:Defend_Gatherer","Gatherer:Centralize","Gatherer:FlowerWhip","Gatherer:Snatch","Gatherer:Snatch","Gatherer:Snatch","Gatherer:BambuSword","Gatherer:Snatch","Gatherer:UpgradeBag+1","Gatherer:Misfortune","Gatherer:CursedBlade","CurseOfTheBell","Gatherer:QuickSynthesis","infinitespire:Starlight","Gatherer:Liquidism"],"relics":["Gatherer:AlchemyBag","CaptainsWheel","Sundial","Calling Bell","Smiling Mask","Shuriken","Gambling Chip","Chemical X","infinitespire:Lucky Rock"],"acts_visited":["Exordium","TheCity"],"potions_floor_usage":[6,6,11,25,25],"damage_taken":[{"damage":1,"enemies":"Cultist","floor":1,"turns":4},{"damage":0,"enemies":"Small Slimes","floor":2,"turns":3},{"damage":0,"enemies":"2 Louse","floor":3,"turns":3},{"damage":5,"enemies":"Red Slaver","floor":4,"turns":3},{"damage":10,"enemies":"Large Slime","floor":5,"turns":7},{"damage":35,"enemies":"Gremlin Nob","floor":6,"turns":4},{"damage":5,"enemies":"2 Fungi Beasts","floor":7,"turns":3},{"damage":2,"enemies":"3 Louse","floor":8,"turns":3},{"damage":0,"enemies":"Lots of Slimes","floor":10,"turns":4},{"damage":7,"enemies":"Gremlin Gang","floor":11,"turns":3},{"damage":0,"enemies":"2 Fungi Beasts","floor":13,"turns":3},{"damage":16,"enemies":"Exordium Thugs","floor":14,"turns":5},{"damage":19,"enemies":"Slime Boss","floor":16,"turns":12},{"damage":18,"enemies":"2 Thieves","floor":18,"turns":4},{"damage":17,"enemies":"Shell Parasite","floor":19,"turns":4},{"damage":28,"enemies":"Shelled Parasite and Fungi","floor":21,"turns":4},{"damage":2,"enemies":"Centurion and Healer","floor":22,"turns":5},{"damage":2,"enemies":"Snecko","floor":23,"turns":6},{"damage":17,"enemies":"Cultist and Chosen","floor":25,"turns":10},{"damage":14,"enemies":"Slavers","floor":27,"turns":1}],"seed_played":"-5743913409073637542","potions_obtained":[{"floor":1,"key":"Poison Potion"},{"floor":4,"key":"Strength Potion"},{"floor":6,"key":"Fire Potion"},{"floor":8,"key":"Weak Potion"},{"floor":13,"key":"SpeedPotion"},{"floor":14,"key":"DuplicationPotion"}],"is_trial":false,"path_per_floor":["M","M","M","M","M","E","M","M","T","M","M","R","M","M","R","B",null,"M","M","?","M","M","M","AVR","M","T","E"],"character_chosen":"THE_GATHERER","items_purchased":[],"campfire_rested":2,"item_purchase_floors":[],"current_hp_per_floor":[71,71,71,66,56,21,16,14,14,14,7,28,28,12,33,14,72,54,37,37,9,7,5,5,3,3,0,0,0],"gold":499,"neow_bonus":"","is_daily":false,"chose_seed":false,"campfire_upgraded":0,"win_rate":0.0,"timestamp":1612084267,"path_taken":["M","M","M","M","M","E","?","M","T","M","M","R","M","M","R","BOSS","M","M","?","?","M","M","AVR","M","T","E"],"items_purchased_type":[],"build_version":"2020-12-22","purchased_purges":1,"victory":false,"max_hp_per_floor":[72,72,72,72,72,72,72,72,72,72,72,72,72,72,72,72,72,72,72,72,72,72,72,72,72,72,72,72,72],"card_choices":[{"not_picked":["Gatherer:MiningStrike","Gatherer:AromaProtection","Gatherer:FeelingFine"],"picked":"SKIP","floor":1},{"not_picked":["Gatherer:Convert","Gatherer:PotentialSlash"],"picked":"Gatherer:Snatch","floor":2},{"not_picked":["Gatherer:EnergyBasket","Gatherer:SaveValuables","Gatherer:ScentOfRosmari"],"picked":"SKIP","floor":3},{"not_picked":["Gatherer:WitheringStrike","Gatherer:EchoOfNature"],"picked":"Gatherer:Snatch","floor":4},{"not_picked":["Gatherer:TacticalStrike","Gatherer:FlowerPower","Gatherer:Uplift"],"picked":"SKIP","floor":5},{"not_picked":["Gatherer:GrowBook","Gatherer:Herbalism"],"picked":"Gatherer:Snatch","floor":6},{"not_picked":["Gatherer:CarefulStrike","Gatherer:WoolGloves","Gatherer:TreeGrowth"],"picked":"SKIP","floor":7},{"not_picked":["Gatherer:GatherMaterial","Gatherer:TacticalStrike"],"picked":"Gatherer:BambuSword","floor":8},{"not_picked":["Gatherer:FragileHammer","Gatherer:SealedBomb"],"picked":"Gatherer:Snatch","floor":10},{"not_picked":["Gatherer:EnergyBasket","Gatherer:SaveValuables"],"picked":"Gatherer:UpgradeBag","floor":11},{"not_picked":["Gatherer:WoolGloves","Gatherer:Convert","Gatherer:Nutrients"],"picked":"SKIP","floor":13},{"not_picked":["Gatherer:WoolGloves","Gatherer:Convert","Gatherer:Nutrients"],"picked":"SKIP","floor":13},{"not_picked":["Gatherer:CursedBlade","Gatherer:TacticalStrike"],"picked":"Gatherer:Misfortune","floor":14},{"not_picked":["Gatherer:LuckyClover","Gatherer:StoneFence"],"picked":"Gatherer:CursedBlade","floor":16},{"not_picked":["Gatherer:GatherMaterial","Gatherer:ScherryThrow","Gatherer:Enchant+1"],"picked":"SKIP","floor":18},{"not_picked":["Gatherer:ScentOfRosmari","Gatherer:EnergyBasket","Gatherer:PotentialSlash+1"],"picked":"SKIP","floor":19},{"not_picked":["Gatherer:Uplift+1","Gatherer:AcidicSpray","Gatherer:AromaProtection+1"],"picked":"SKIP","floor":21},{"not_picked":["Gatherer:FeelingFine","Gatherer:SmartManeuver","Gatherer:FlowerFalling"],"picked":"SKIP","floor":22},{"not_picked":["Gatherer:BambuSword","Gatherer:Convert"],"picked":"Gatherer:QuickSynthesis","floor":23},{"not_picked":["Gatherer:SealedBomb","Gatherer:DrugPower+1"],"picked":"Gatherer:Liquidism","floor":25}],"player_experience":323424,"relics_obtained":[{"floor":6,"key":"CaptainsWheel"},{"floor":9,"key":"Sundial"},{"floor":17,"key":"Smiling Mask"},{"floor":17,"key":"Shuriken"},{"floor":17,"key":"Gambling Chip"},{"floor":26,"key":"infinitespire:Lucky Rock"}],"event_choices":[{"damage_healed":0,"gold_gain":0,"player_choice":"Upgraded","damage_taken":0,"max_hp_gain":0,"max_hp_loss":0,"event_name":"Upgrade Shrine","floor":20,"gold_loss":0,"cards_upgraded":["Gatherer:UpgradeBag"]}],"is_beta":false,"boss_relics":[{"not_picked":["Philosopher\u0027s Stone","Gatherer:ExplorersPath"],"picked":"Calling Bell"}],"items_purged_floors":[24],"is_endless":false,"potions_floor_spawned":[1,4,6,8,13,14,16,22,23],"killed_by":"Slavers","ascension_level":1}}