{"host":"1tl36azeqm6yhdgj","time":1612056861,"event":{"mods":["AchievementEnabler","BaseMod","Minty Spire (QoL Compilation)","StSLib","The IronCluck","everything is the same but u backflip on backflip"],"gold_per_floor":[109,125,143,143,155,190,190,208,208,228,228,228,228,241,241,341,341,353,64,64,75,86,86,86],"floor_reached":23,"language":"ENG","playtime":693,"items_purged":[],"score":312,"play_id":"9beb145b-ccc7-4803-93ed-b26fd9b6c03a","local_time":"20210130203421","is_ascension_mode":true,"campfire_choices":[{"data":"1","floor":7.0,"key":"LIFT"},{"floor":11.0,"key":"REST"},{"floor":15,"key":"REST"}],"circlet_count":0,"master_deck":["AscendersBane","Strike_P","Strike_P","Strike_P","Strike_P","Defend_P","Defend_P","Defend_P","Defend_P","Eruption","Vigilance","SignatureMove","FlyingSleeves","FollowUp","DeusExMachina","ClearTheMind","ReachHeaven","Prostrate","Adaptation","Judgement","BowlingBash","WindmillStrike","WheelKick","PathToVictory","Perseverance"],"relics":["PureWater","NeowsBlessing","Omamori","Girya","Torii","VioletLotus","Regal Pillow"],"acts_visited":["Exordium","TheCity"],"potions_floor_usage":[16,23],"damage_taken":[{"damage":0.0,"enemies":"Cultist","floor":1.0,"turns":1.0},{"damage":0.0,"enemies":"Jaw Worm","floor":2.0,"turns":1.0},{"damage":0.0,"enemies":"2 Louse","floor":3.0,"turns":1.0},{"damage":13.0,"enemies":"Exordium Thugs","floor":5.0,"turns":3.0},{"damage":27.0,"enemies":"3 Sentries","floor":6.0,"turns":8.0},{"damage":13.0,"enemies":"Blue Slaver","floor":8.0,"turns":3.0},{"damage":5.0,"enemies":"3 Louse","floor":10.0,"turns":4.0},{"damage":1,"enemies":"Exordium Thugs","floor":14,"turns":4},{"damage":7,"enemies":"Hexaghost","floor":16,"turns":8},{"damage":24,"enemies":"2 Thieves","floor":18,"turns":3},{"damage":0,"enemies":"Spheric Guardian","floor":21,"turns":2},{"damage":0,"enemies":"Centurion and Healer","floor":22,"turns":3},{"damage":27,"enemies":"Slavers","floor":23,"turns":2}],"seed_played":"1941538582346409708","potions_obtained":[{"floor":1.0,"key":"Weak Potion"},{"floor":8.0,"key":"AttackPotion"},{"floor":14,"key":"Weak Potion"},{"floor":18,"key":"SteroidPotion"}],"is_trial":false,"path_per_floor":["M","M","M","?","M","E","R","M","T","M","R","?","?","M","R","B",null,"M","$","?","M","M","E"],"character_chosen":"WATCHER","items_purchased":["Regal Pillow","WindmillStrike","WheelKick"],"campfire_rested":2,"item_purchase_floors":[19,19,19],"current_hp_per_floor":[65,65,65,65,52,25,25,12,12,7,28,28,28,27,48,41,64,40,40,27,27,27,0,0],"gold":86,"neow_bonus":"THREE_ENEMY_KILL","is_daily":false,"chose_seed":false,"campfire_upgraded":0,"win_rate":0.0,"timestamp":1612056861,"path_taken":["M","M","?","?","M","E","R","M","T","M","R","?","?","?","R","BOSS","M","$","?","M","M","E"],"items_purchased_type":["Relic","Card","Card"],"build_version":"2020-12-22","purchased_purges":0,"victory":false,"max_hp_per_floor":[72,72,72,72,72,72,72,72,72,72,72,72,72,72,72,72,72,72,72,77,77,77,77,77],"card_choices":[{"not_picked":["Prostrate","WaveOfTheHand"],"picked":"SignatureMove","floor":1.0},{"not_picked":["CrushJoints","SashWhip"],"picked":"FlyingSleeves","floor":2.0},{"not_picked":["CrushJoints","FlurryOfBlows"],"picked":"FollowUp","floor":3.0},{"not_picked":["Evaluate","Collect"],"picked":"DeusExMachina","floor":5.0},{"not_picked":["Prostrate","Meditate"],"picked":"ClearTheMind","floor":6.0},{"not_picked":["MentalFortress","Worship"],"picked":"ReachHeaven","floor":8.0},{"not_picked":["Study","EmptyBody"],"picked":"Prostrate","floor":10.0},{"not_picked":["FlyingSleeves","Protect"],"picked":"Adaptation","floor":14},{"not_picked":["Omniscience","Blasphemy"],"picked":"Judgement","floor":16},{"not_picked":["EmptyBody","Prostrate"],"picked":"BowlingBash","floor":18},{"not_picked":["Fasting2","Crescendo"],"picked":"PathToVictory","floor":21},{"not_picked":["FlyingSleeves","CutThroughFate"],"picked":"Perseverance","floor":22}],"player_experience":2113187,"relics_obtained":[{"floor":6.0,"key":"Girya"},{"floor":9.0,"key":"Torii"}],"event_choices":[{"damage_healed":0.0,"max_hp_gain":0.0,"max_hp_loss":0.0,"gold_gain":0.0,"event_name":"Big Fish","player_choice":"Box","floor":4.0,"gold_loss":0.0,"damage_taken":0.0,"relics_obtained":["Omamori"],"cards_obtained":["Regret"]},{"cards_removed":["Regret"],"damage_healed":0.0,"max_hp_gain":0.0,"max_hp_loss":0.0,"gold_gain":0.0,"event_name":"Living Wall","player_choice":"Forget","floor":12.0,"gold_loss":0.0,"damage_taken":0.0},{"damage_healed":0,"gold_gain":0,"player_choice":"Leave","damage_taken":0,"max_hp_gain":0,"max_hp_loss":0,"event_name":"FaceTrader","floor":13,"gold_loss":0},{"damage_healed":0,"gold_gain":0,"player_choice":"Shed Blood","damage_taken":18,"max_hp_gain":5,"max_hp_loss":0,"event_name":"Forgotten Altar","floor":20,"gold_loss":0}],"is_beta":false,"boss_relics":[{"not_picked":["Ectoplasm","Fusion Hammer"],"picked":"VioletLotus"}],"items_purged_floors":[],"is_endless":false,"potions_floor_spawned":[1,8,14,18],"killed_by":"Slavers","ascension_level":12}}