{"host":"141e8mu1xuvwtmt1","time":1612100838,"event":{"mods":["AchievementEnabler","BaseMod","BetterRewards","Colored Map","Colored Powertips","Downfall","Highlight Path","Minty Spire (QoL Compilation)","Replay The Spire","StSLib"],"gold_per_floor":[118,128,141,156,156,189,189,189,189,202,202,95,115,144,144,144,144],"floor_reached":16,"language":"ENG","playtime":3177,"items_purged":[],"score":137,"play_id":"65a6e6d6-fe62-45f2-a55b-073d17e014d2","local_time":"20210131144718","is_ascension_mode":false,"campfire_choices":[{"data":"Self Repair","floor":7,"key":"SMITH"},{"data":"Loop","floor":11,"key":"SMITH"},{"data":"BasicCrystalCard","floor":15,"key":"SMITH"}],"circlet_count":0,"master_deck":["Strike_B","Strike_B","Strike_B","Strike_B","Defend_B","Defend_B","Defend_B","Defend_B","Zap","Dualcast","Loop+1","Leap","Self Repair+1","Coolheaded","Loop+1","Heatsinks","BasicCrystalCard+1","BasicCrystalCard","Leap"],"relics":["Cracked Core","Happy Flower","Thread and Needle","White Beast Statue","Anchor"],"acts_visited":["Exordium"],"potions_floor_usage":[6,16,16],"damage_taken":[{"damage":1,"enemies":"2 Louse","floor":1,"turns":4},{"damage":2,"enemies":"Small Slimes","floor":2,"turns":3},{"damage":10,"enemies":"Jaw Worm","floor":3,"turns":4},{"damage":1,"enemies":"3 Louse","floor":4,"turns":4},{"damage":22,"enemies":"Gremlin Nob","floor":6,"turns":5},{"damage":15,"enemies":"Gremlin Gang","floor":10,"turns":5},{"damage":0,"enemies":"Large Slime","floor":13,"turns":5},{"damage":0,"enemies":"Replay:BlueRogue","floor":14,"turns":23},{"damage":64,"enemies":"Hexaghost","floor":16,"turns":23}],"seed_played":"-8635802837663319574","potions_obtained":[{"floor":2,"key":"bronze:BurnAndBuffPotion"},{"floor":4,"key":"Flashbang"},{"floor":6,"key":"Strength Potion"},{"floor":10,"key":"SmokeBomb"},{"floor":13,"key":"hexamod:SoulburnPotion"},{"floor":14,"key":"Dexterity Potion"}],"is_trial":false,"path_per_floor":["M","M","M","M","?","E","R","?","T","M","R","$","M","E","R","B"],"character_chosen":"DEFECT","items_purchased":["Heatsinks","BasicCrystalCard"],"campfire_rested":0,"item_purchase_floors":[12,12],"current_hp_per_floor":[74,72,62,61,61,46,46,43,43,38,38,38,48,58,58,0,0],"gold":144,"neow_bonus":"","is_daily":false,"chose_seed":false,"campfire_upgraded":3,"win_rate":0.0,"timestamp":1612100838,"path_taken":["M","M","M","M","?","E","R","?","T","M","R","?","M","E","R","BOSS"],"items_purchased_type":["Card","Card"],"build_version":"2020-12-22","purchased_purges":0,"victory":false,"max_hp_per_floor":[75,75,75,75,75,75,75,75,75,75,75,75,75,75,75,75,75],"card_choices":[{"not_picked":["Stack","Double Energy","Turbo"],"picked":"SKIP","floor":1},{"not_picked":["Gash","Rebound"],"picked":"Loop","floor":2},{"not_picked":["Beam Cell","ReplayTheSpireMod:Reroute Power"],"picked":"Leap","floor":3},{"not_picked":["Gash","ReplayTheSpireMod:Calculation Training"],"picked":"Self Repair","floor":4},{"not_picked":["Compile Driver","Hologram"],"picked":"Coolheaded","floor":6},{"not_picked":["Conserve Battery","Steam Power"],"picked":"Loop","floor":10},{"not_picked":["Barrage","Blizzard"],"picked":"Leap","floor":13},{"not_picked":["Biased Cognition","Reprogram","ReplayRNGCard"],"picked":"SKIP","floor":14}],"player_experience":269326,"relics_obtained":[{"floor":6,"key":"Happy Flower"},{"floor":9,"key":"White Beast Statue"},{"floor":14,"key":"Anchor"}],"event_choices":[{"damage_healed":0,"gold_gain":0,"player_choice":"Grow","damage_taken":0,"max_hp_gain":0,"max_hp_loss":0,"event_name":"Living Wall","floor":5,"gold_loss":0,"cards_upgraded":["Loop"]},{"damage_healed":0,"gold_gain":0,"player_choice":"Success","damage_taken":3,"relics_obtained":["Thread and Needle"],"max_hp_gain":0,"max_hp_loss":0,"event_name":"Scrap Ooze","floor":8,"gold_loss":0}],"is_beta":false,"boss_relics":[],"items_purged_floors":[],"is_endless":false,"potions_floor_spawned":[2,4,6,10,13,14],"killed_by":"Hexaghost","ascension_level":0}}