{"host":"3jpwrwmmgyabjceh","time":1612097279,"event":{"mods":["AchievementEnabler","BaseMod","Colored Map","Colored Powertips","Highlight Path","Minty Spire (QoL Compilation)","Quick Restart","Relic Stats","StSLib","SuperFastMode"],"gold_per_floor":[114,124,124,149,170,170,206,206,206,219,243,279,302,0,0,124,124,147,147,147,163,163,194,194,225,225,240,340,375,390,408,408,510,510,530,530,540,555,171,196,161,161,161,161,261,281,313,274,274,274,274,274,7,35,35],"floor_reached":56,"language":"ENG","playtime":3268,"items_purged":["WreathOfFlame"],"score":1725,"play_id":"4ae288a8-19cd-4fc7-b760-8ccea44bab8c","local_time":"20210131154759","is_ascension_mode":true,"campfire_choices":[{"data":"Eruption","floor":6.0,"key":"SMITH"},{"data":"TalkToTheHand","floor":8.0,"key":"SMITH"},{"data":"CutThroughFate","floor":15.0,"key":"SMITH"},{"data":"TalkToTheHand","floor":24.0,"key":"SMITH"},{"data":"TalkToTheHand","floor":32.0,"key":"SMITH"},{"data":"TalkToTheHand","floor":42.0,"key":"SMITH"},{"data":"CutThroughFate","floor":44.0,"key":"SMITH"},{"floor":49.0,"key":"RECALL"},{"data":"ForeignInfluence","floor":52.0,"key":"SMITH"}],"circlet_count":0,"master_deck":["Eruption+1","Vigilance","CurseOfTheBell","ThirdEye+1","Weave+1","FlyingSleeves+1","Halt+1","TalkToTheHand+1","TalkToTheHand+1","EmptyFist","FlurryOfBlows","CutThroughFate+1","LessonLearned","Halt","ReachHeaven+1","BattleHymn+1","ThirdEye+1","CutThroughFate+1","Crescendo+1","ThirdEye","TalkToTheHand+1","SashWhip+1","JustLucky+1","MasterReality+1","EmptyFist+1","TalkToTheHand+1","TalkToTheHand+1","ForeignInfluence+1","Scrawl+1","TalkToTheHand+1","CutThroughFate+1","FlurryOfBlows+1","TalkToTheHand+1","Adaptation+1","Meditate","Wallop+1"],"relics":["Calling Bell","Strawberry","Darkstone Periapt","Dead Branch","Bloody Idol","Oddly Smooth Stone","White Beast Statue","Meat on the Bone","Eternal Feather","Coffee Dripper","Question Card","Pen Nib","Pear","Frozen Egg 2","Thread and Needle","StrikeDummy","StoneCalendar","Pandora\u0027s Box","CaptainsWheel","Potion Belt","FossilizedHelix","Nunchaku","Calipers"],"acts_visited":["Exordium","TheCity","TheBeyond","TheEnding"],"potions_floor_usage":[55,55,55],"damage_taken":[{"damage":13.0,"enemies":"Small Slimes","floor":1.0,"turns":5.0},{"damage":3.0,"enemies":"2 Louse","floor":2.0,"turns":2.0},{"damage":4.0,"enemies":"Jaw Worm","floor":4.0,"turns":5.0},{"damage":8.0,"enemies":"Blue Slaver","floor":5.0,"turns":5.0},{"damage":14.0,"enemies":"Lagavulin","floor":7.0,"turns":8.0},{"damage":1.0,"enemies":"Looter","floor":10.0,"turns":4.0},{"damage":1.0,"enemies":"2 Fungi Beasts","floor":11.0,"turns":3.0},{"damage":14.0,"enemies":"3 Sentries","floor":12.0,"turns":7.0},{"damage":0.0,"enemies":"Exordium Thugs","floor":13.0,"turns":3.0},{"damage":12.0,"enemies":"Hexaghost","floor":16.0,"turns":10.0},{"damage":12.0,"enemies":"3 Byrds","floor":18.0,"turns":5.0},{"damage":0.0,"enemies":"Spheric Guardian","floor":21.0,"turns":3.0},{"damage":7.0,"enemies":"Gremlin Leader","floor":23.0,"turns":8.0},{"damage":20.0,"enemies":"Slavers","floor":25.0,"turns":6.0},{"damage":27.0,"enemies":"Snecko","floor":27.0,"turns":8.0},{"damage":20.0,"enemies":"Colosseum Slavers","floor":28.0,"turns":8.0},{"damage":22.0,"enemies":"Colosseum Nobs","floor":28.0,"turns":4.0},{"damage":0.0,"enemies":"Gremlin Leader","floor":29.0,"turns":3.0},{"damage":0.0,"enemies":"Cultist and Chosen","floor":30.0,"turns":3.0},{"damage":1.0,"enemies":"3 Cultists","floor":31.0,"turns":4.0},{"damage":31.0,"enemies":"Collector","floor":33.0,"turns":7.0},{"damage":14.0,"enemies":"3 Darklings","floor":35.0,"turns":7.0},{"damage":10.0,"enemies":"3 Shapes","floor":37.0,"turns":5.0},{"damage":0.0,"enemies":"Spire Growth","floor":38.0,"turns":5.0},{"damage":21.0,"enemies":"Reptomancer","floor":40.0,"turns":7.0},{"damage":12.0,"enemies":"Writhing Mass","floor":46.0,"turns":6.0},{"damage":0.0,"enemies":"Nemesis","floor":47.0,"turns":7.0},{"damage":30.0,"enemies":"Donu and Deca","floor":50.0,"turns":8.0},{"damage":9.0,"enemies":"Shield and Spear","floor":54.0,"turns":4.0},{"damage":0,"enemies":"The Heart","floor":55,"turns":6}],"seed_played":"-956513784018561558","potions_obtained":[{"floor":1.0,"key":"LiquidMemories"},{"floor":2.0,"key":"StancePotion"},{"floor":10.0,"key":"SteroidPotion"},{"floor":11.0,"key":"FearPotion"},{"floor":12.0,"key":"Ambrosia"},{"floor":18.0,"key":"LiquidMemories"},{"floor":25.0,"key":"GamblersBrew"},{"floor":27.0,"key":"Dexterity Potion"},{"floor":28.0,"key":"BlessingOfTheForge"},{"floor":29.0,"key":"SteroidPotion"},{"floor":30.0,"key":"Block Potion"},{"floor":33.0,"key":"FearPotion"},{"floor":40.0,"key":"Weak Potion"},{"floor":46.0,"key":"LiquidBronze"},{"floor":47.0,"key":"PowerPotion"},{"floor":54.0,"key":"Dexterity Potion"}],"is_trial":false,"path_per_floor":["M","M","?","M","M","R","E","R","T","M","M","E","M","$","R","B",null,"M","?","?","M","T","E","R","E","T","M","?","E","M","M","R","B",null,"M","?","M","M","$","E","$","R","T","R","?","M","E","$","R","B",null,"R","$","E","B",null],"character_chosen":"WATCHER","items_purchased":["Eternal Feather","PowerPotion","CaptainsWheel","TalkToTheHand","Adaptation+1","Nunchaku","Meditate","SpeedPotion"],"campfire_rested":0,"item_purchase_floors":[14,14,39,41,48,53,53,53],"current_hp_per_floor":[59,56,56,52,44,44,30,30,30,29,28,14,26,26,38,38,64,52,52,52,57,57,55,67,62,62,52,39,56,61,65,80,54,76,67,67,62,67,67,51,51,69,69,83,83,76,81,81,83,53,76,83,83,79,79],"gold":35,"neow_bonus":"BOSS_RELIC","is_daily":false,"chose_seed":false,"campfire_upgraded":8,"win_rate":0.0,"timestamp":1612097279,"path_taken":["M","M","?","M","M","R","E","R","T","M","M","E","M","$","R","BOSS","M","?","?","M","?","E","R","E","T","M","?","E","M","M","R","BOSS","M","?","M","M","$","E","?","R","T","R","?","?","E","$","R","BOSS","R","$","E","BOSS"],"items_purchased_type":["Relic","Potion","Relic","Card","Card","Relic","Card","Potion"],"build_version":"2020-12-22","purchased_purges":1,"victory":true,"max_hp_per_floor":[79,79,73,73,73,73,73,73,73,73,73,73,73,73,73,73,73,73,73,73,73,73,73,73,83,83,83,83,83,83,83,83,83,83,83,83,83,83,83,83,83,83,83,83,83,83,83,83,83,83,83,83,83,83,83],"relic_stats":{"Darkstone Periapt":0,"Nunchaku":[5],"counters":[30,166],"Dead Branch":[156],"Bloody Idol":80,"Eternal Feather":80,"StoneCalendar":[60],"Pandora\u0027s Box":["EmptyFist","TalkToTheHand","WreathOfFlame","TalkToTheHand","ForeignInfluence","Scrawl"],"Pen Nib":[35],"Question Card":15,"obtain_stats":[{"Darkstone Periapt":0,"Calipers":54,"StoneCalendar":29,"Nunchaku":53,"Strawberry":0,"Potion Belt":40,"Pear":25,"Golden Idol":3,"Dead Branch":0,"Oddly Smooth Stone":7,"Eternal Feather":14,"Thread and Needle":28,"Pen Nib":23,"Frozen Egg 2":26,"Question Card":22,"White Beast Statue":9,"Calling Bell":0,"CaptainsWheel":39,"Bloody Idol":20,"Pandora\u0027s Box":34,"Coffee Dripper":17,"PureWater":0,"StrikeDummy":28,"FossilizedHelix":47,"Meat on the Bone":12},{"Darkstone Periapt":0,"Calipers":29,"StoneCalendar":18,"Nunchaku":28,"Strawberry":0,"Potion Belt":25,"Pear":14,"Golden Idol":2,"Dead Branch":0,"Oddly Smooth Stone":5,"Eternal Feather":9,"Thread and Needle":17,"Pen Nib":13,"Frozen Egg 2":14,"Question Card":12,"White Beast Statue":5,"Calling Bell":0,"CaptainsWheel":24,"Bloody Idol":11,"Pandora\u0027s Box":21,"Coffee Dripper":10,"PureWater":0,"StrikeDummy":17,"FossilizedHelix":27,"Meat on the Bone":8},{"Darkstone Periapt":0,"Calipers":160,"StoneCalendar":97,"Nunchaku":156,"Strawberry":0,"Potion Belt":135,"Pear":74,"Golden Idol":7,"Dead Branch":0,"Oddly Smooth Stone":25,"Eternal Feather":42,"Thread and Needle":94,"Pen Nib":68,"Frozen Egg 2":74,"Question Card":60,"White Beast Statue":25,"Calling Bell":0,"CaptainsWheel":128,"Bloody Idol":57,"Pandora\u0027s Box":111,"Coffee Dripper":52,"PureWater":0,"StrikeDummy":94,"FossilizedHelix":148,"Meat on the Bone":39}],"Meat on the Bone":72},"card_choices":[{"not_picked":["EmptyFist","Halt"],"picked":"ThirdEye","floor":1.0},{"not_picked":["WindmillStrike","Consecrate"],"picked":"Weave","floor":2.0},{"not_picked":["EmptyFist","InnerPeace"],"picked":"FlyingSleeves","floor":4.0},{"not_picked":["ClearTheMind","Consecrate"],"picked":"Halt","floor":5.0},{"not_picked":["FlyingSleeves","Protect"],"picked":"TalkToTheHand","floor":7.0},{"not_picked":["DevaForm","JustLucky"],"picked":"TalkToTheHand","floor":10.0},{"not_picked":["FollowUp","Halt"],"picked":"EmptyFist","floor":11.0},{"not_picked":["EmptyBody","ForeignInfluence"],"picked":"FlurryOfBlows","floor":12.0},{"not_picked":["Halt","FlurryOfBlows"],"picked":"CutThroughFate","floor":13.0},{"not_picked":["DeusExMachina","DevaForm"],"picked":"LessonLearned","floor":16.0},{"not_picked":["FollowUp","Crescendo"],"picked":"Halt","floor":18.0},{"not_picked":["DeceiveReality","ClearTheMind"],"picked":"ThirdEye","floor":21.0},{"not_picked":["LikeWater","Study+1","JustLucky"],"picked":"CutThroughFate","floor":23.0},{"not_picked":["Consecrate","Judgement","Prostrate+1"],"picked":"Crescendo+1","floor":25.0},{"not_picked":["ReachHeaven","BowlingBash","PathToVictory+1"],"picked":"ThirdEye","floor":27.0},{"not_picked":["Pray+1","Protect","Halt+1"],"picked":"TalkToTheHand","floor":28.0},{"not_picked":["Study+1","FlyingSleeves","Pray","Crescendo+1"],"picked":"SKIP","floor":29.0},{"not_picked":["CarveReality","SignatureMove","FlyingSleeves"],"picked":"SashWhip+1","floor":30.0},{"not_picked":["EmptyBody","Crescendo","SpiritShield"],"picked":"JustLucky","floor":31.0},{"not_picked":["Vault","SpiritShield","Establishment+1"],"picked":"MasterReality+1","floor":33.0},{"not_picked":["JustLucky+1","Wireheading+1","PathToVictory+1"],"picked":"TalkToTheHand+1","floor":35.0},{"not_picked":["Collect+1","FlyingSleeves","BowlingBash+1"],"picked":"CutThroughFate+1","floor":37.0},{"not_picked":["Prostrate","BattleHymn+1","Indignation","CarveReality"],"picked":"SKIP","floor":38.0},{"not_picked":["CrushJoints+1","Prostrate","Evaluate"],"picked":"FlurryOfBlows+1","floor":40.0},{"not_picked":["Vengeance+1","Consecrate","Fasting2+1","FollowUp+1"],"picked":"SKIP","floor":46.0},{"not_picked":["BowlingBash","Devotion+1","Fasting2+1","PathToVictory"],"picked":"SKIP","floor":47.0},{"not_picked":["CrushJoints","SashWhip","Establishment+1"],"picked":"Wallop+1","floor":54.0}],"player_experience":304683,"relics_obtained":[{"floor":0.0,"key":"Strawberry"},{"floor":0.0,"key":"Darkstone Periapt"},{"floor":0.0,"key":"Dead Branch"},{"floor":7.0,"key":"Oddly Smooth Stone"},{"floor":9.0,"key":"White Beast Statue"},{"floor":12.0,"key":"Meat on the Bone"},{"floor":22.0,"key":"Question Card"},{"floor":23.0,"key":"Pen Nib"},{"floor":25.0,"key":"Pear"},{"floor":26.0,"key":"Frozen Egg 2"},{"floor":28.0,"key":"Thread and Needle"},{"floor":28.0,"key":"StrikeDummy"},{"floor":29.0,"key":"StoneCalendar"},{"floor":40.0,"key":"Potion Belt"},{"floor":47.0,"key":"FossilizedHelix"},{"floor":54.0,"key":"Calipers"}],"event_choices":[{"damage_healed":0.0,"max_hp_gain":0.0,"max_hp_loss":6.0,"gold_gain":0.0,"event_name":"Golden Idol","player_choice":"Lose Max HP","floor":3.0,"gold_loss":0.0,"damage_taken":0.0,"relics_obtained":["Golden Idol"]},{"damage_healed":0.0,"max_hp_gain":0.0,"max_hp_loss":0.0,"gold_gain":0.0,"cards_transformed":["Strike_P","Defend_P"],"event_name":"Drug Dealer","player_choice":"Became Test Subject","floor":19.0,"gold_loss":0.0,"damage_taken":0.0,"cards_obtained":["ReachHeaven","BattleHymn"]},{"damage_healed":0.0,"max_hp_gain":0.0,"max_hp_loss":0.0,"gold_gain":0.0,"event_name":"Forgotten Altar","player_choice":"Gave Idol","floor":20.0,"relics_lost":["Golden Idol"],"gold_loss":0.0,"damage_taken":0.0,"relics_obtained":["Bloody Idol"]},{"damage_healed":0.0,"max_hp_gain":0.0,"max_hp_loss":0.0,"gold_gain":0.0,"event_name":"Colosseum","player_choice":"Fight","floor":28.0,"gold_loss":0.0,"damage_taken":0.0},{"damage_healed":0.0,"max_hp_gain":0.0,"max_hp_loss":0.0,"gold_gain":0.0,"event_name":"Colosseum","player_choice":"Fought Nobs","floor":28.0,"gold_loss":0.0,"damage_taken":0.0},{"damage_healed":0.0,"max_hp_gain":0.0,"max_hp_loss":0.0,"gold_gain":0.0,"event_name":"Upgrade Shrine","player_choice":"Upgraded","floor":36.0,"gold_loss":0.0,"damage_taken":0.0,"cards_upgraded":["TalkToTheHand"]},{"damage_healed":0.0,"max_hp_gain":0.0,"max_hp_loss":0.0,"gold_gain":100.0,"event_name":"Golden Shrine","player_choice":"Pray","floor":45.0,"gold_loss":0.0,"damage_taken":0.0}],"is_beta":false,"boss_relics":[{"not_picked":["Snecko Eye","Philosopher\u0027s Stone"],"picked":"Coffee Dripper"},{"not_picked":["Black Star","Sozu"],"picked":"Pandora\u0027s Box"}],"items_purged_floors":[39],"is_endless":false,"potions_floor_spawned":[1,2,10,11,12,13,16,18,21,23,25,27,28,28,29,30,31,33,35,37,38,40,46,47,54],"ascension_level":6}}