{"host":"qxeepl7ydvsgmfdb","time":1612095667,"event":{"mods":["AchievementEnabler","BaseMod","Colored Powertips","Minty Spire (QoL Compilation)","Quick Restart","slay the spire mod where everything is the same but ironclad has a cowboy hat"],"gold_per_floor":[111,111,134,134,134,165,185,95,95,118,118,118],"floor_reached":11,"language":"ENG","playtime":889,"items_purged":[],"score":98,"play_id":"16c73d38-6a05-45a6-80de-43d532abda49","local_time":"20210131072107","is_ascension_mode":false,"campfire_choices":[],"circlet_count":0,"master_deck":["Strike_G","Strike_G","Strike_G","Strike_G","Strike_G","Defend_G+1","Defend_G+1","Defend_G","Defend_G","Defend_G","Survivor","Neutralize","Deadly Poison+1","Injury","Poisoned Stab","Distraction"],"relics":["Ring of the Snake","NeowsBlessing","Golden Idol","Eternal Feather"],"acts_visited":["Exordium"],"potions_floor_usage":[11,11],"damage_taken":[{"damage":0,"enemies":"2 Louse","floor":1,"turns":1},{"damage":0,"enemies":"Small Slimes","floor":3,"turns":1},{"damage":0,"enemies":"Gremlin Nob","floor":6,"turns":1},{"damage":1,"enemies":"Jaw Worm","floor":7,"turns":5},{"damage":10,"enemies":"Large Slime","floor":10,"turns":6},{"damage":68,"enemies":"3 Sentries","floor":11,"turns":10}],"seed_played":"-828915467033417944","potions_obtained":[{"floor":7,"key":"Regen Potion"},{"floor":10,"key":"SteroidPotion"}],"is_trial":false,"path_per_floor":["M","?","M","?","?","E","M","$","T","M","E"],"character_chosen":"THE_SILENT","items_purchased":["Poisoned Stab","Distraction"],"campfire_rested":0,"item_purchase_floors":[8,8],"current_hp_per_floor":[70,70,70,56,56,56,55,55,55,45,0,0],"gold":118,"neow_bonus":"THREE_ENEMY_KILL","is_daily":false,"chose_seed":false,"campfire_upgraded":0,"win_rate":0.0,"timestamp":1612095667,"path_taken":["M","?","M","?","?","E","M","$","T","M","E"],"items_purchased_type":["Card","Card"],"build_version":"2020-12-22","purchased_purges":0,"victory":false,"max_hp_per_floor":[70,70,70,70,70,70,70,70,70,70,70,70],"card_choices":[{"not_picked":["Blade Dance","Dagger Spray"],"picked":"Deadly Poison","floor":1},{"not_picked":["Prepared","Well Laid Plans","Dagger Throw"],"picked":"SKIP","floor":3},{"not_picked":["Caltrops","Quick Slash","Catalyst"],"picked":"SKIP","floor":6},{"not_picked":["Dagger Throw","Setup","Finisher"],"picked":"SKIP","floor":7},{"not_picked":["Outmaneuver","Tactician","Prepared"],"picked":"SKIP","floor":10}],"player_experience":160380,"relics_obtained":[{"floor":6,"key":"Eternal Feather"}],"event_choices":[{"damage_healed":0,"gold_gain":0,"player_choice":"Take Wound","damage_taken":0,"relics_obtained":["Golden Idol"],"max_hp_gain":0,"max_hp_loss":0,"event_name":"Golden Idol","floor":2,"gold_loss":0,"cards_obtained":["Injury"]},{"damage_healed":0,"gold_gain":0,"player_choice":"Entered Light","damage_taken":14,"max_hp_gain":0,"max_hp_loss":0,"event_name":"Shining Light","floor":4,"gold_loss":0,"cards_upgraded":["Defend_G","Defend_G"]},{"damage_healed":0,"gold_gain":0,"player_choice":"Grow","damage_taken":0,"max_hp_gain":0,"max_hp_loss":0,"event_name":"Living Wall","floor":5,"gold_loss":0,"cards_upgraded":["Deadly Poison"]}],"is_beta":false,"boss_relics":[],"items_purged_floors":[],"is_endless":false,"potions_floor_spawned":[7,10],"killed_by":"3 Sentries","ascension_level":0}}