{"host":"vyjryxuuuxkt43k4","time":1612109572,"event":{"mods":["AchievementEnabler","BaseMod","Colored Map","DeckTracker","Keyboard Shortcuts","Minty Spire (QoL Compilation)","Permanent Neow","Quick Restart","Rare Cards Sparkle","StSLib","SuperFastMode","everything is the same but u backflip on backflip"],"gold_per_floor":[218,238,40,40,115,115,115,115],"floor_reached":7,"language":"KOR","playtime":225,"items_purged":["Strike_G"],"score":68,"play_id":"65b2abc9-7690-46fa-828a-7bbf4d19a59f","local_time":"20210201011252","is_ascension_mode":true,"campfire_choices":[{"data":"Dagger Spray","floor":6,"key":"SMITH"}],"circlet_count":0,"master_deck":["AscendersBane","Strike_G","Strike_G","Strike_G","Strike_G","Defend_G","Defend_G","Defend_G","Defend_G","Defend_G","Survivor","Neutralize","Acrobatics","Footwork","Crippling Poison","Dagger Spray+1"],"relics":["Ring of the Snake","Golden Idol"],"acts_visited":["Exordium"],"potions_floor_usage":[],"damage_taken":[{"damage":14,"enemies":"Jaw Worm","floor":1,"turns":8},{"damage":1,"enemies":"2 Louse","floor":2,"turns":3},{"damage":34,"enemies":"3 Sentries","floor":7,"turns":4}],"seed_played":"9208661814106651353","potions_obtained":[],"is_trial":false,"path_per_floor":["M","M","$","?","?","R","E"],"character_chosen":"THE_SILENT","items_purchased":["Crippling Poison","Dagger Spray"],"campfire_rested":0,"item_purchase_floors":[3,3],"current_hp_per_floor":[45,44,44,44,33,33,0,0],"gold":115,"neow_bonus":"HUNDRED_GOLD","is_daily":false,"chose_seed":false,"campfire_upgraded":1,"win_rate":0.0,"timestamp":1612109572,"path_taken":["M","M","$","?","?","R","E"],"items_purchased_type":["Card","Card"],"build_version":"2020-12-22","purchased_purges":1,"victory":false,"max_hp_per_floor":[66,66,66,60,60,60,60,60],"card_choices":[{"not_picked":["PiercingWail","Deflect"],"picked":"Acrobatics","floor":1},{"not_picked":["Catalyst","Deadly Poison"],"picked":"Footwork","floor":2}],"player_experience":550482,"relics_obtained":[],"event_choices":[{"damage_healed":0,"gold_gain":0,"player_choice":"Lose Max HP","damage_taken":0,"relics_obtained":["Golden Idol"],"max_hp_gain":0,"max_hp_loss":6,"event_name":"Golden Idol","floor":4,"gold_loss":0},{"damage_healed":0,"gold_gain":75,"player_choice":"Gather Gold","damage_taken":11,"max_hp_gain":0,"max_hp_loss":0,"event_name":"World of Goop","floor":5,"gold_loss":0}],"is_beta":false,"boss_relics":[],"items_purged_floors":[3],"is_endless":false,"potions_floor_spawned":[],"killed_by":"3 Sentries","ascension_level":15}}