{"host":"x5w9zppki4gdwvc7","time":1612098662,"event":{"mods":["AchievementEnabler","BaseMod","Colored Powertips","DeckTracker","Minty Spire (QoL Compilation)","Relic Sorter","SuperFastMode"],"gold_per_floor":[369,243,253,268,343,343,374,374,374,374,401,414,414,427,427,427,427],"floor_reached":16,"language":"ENG","playtime":672,"items_purged":["Strike_R"],"score":149,"play_id":"a1e63ee1-3529-4050-aa44-e6e3188db328","local_time":"20210131141102","is_ascension_mode":true,"campfire_choices":[{"data":"Shrug It Off","floor":6,"key":"SMITH"},{"data":"Whirlwind","floor":8,"key":"SMITH"},{"data":"Shrug It Off","floor":10,"key":"SMITH"},{"data":"Pommel Strike","floor":15,"key":"SMITH"}],"circlet_count":0,"master_deck":["Strike_R","Strike_R","Strike_R","Defend_R","Defend_R","Defend_R","Defend_R","Bash","Clumsy","Heavy Blade","Shrug It Off+1","Whirlwind+1","Shrug It Off+1","Offering","Double Tap","Pommel Strike+1","Iron Wave"],"relics":["Burning Blood","Matryoshka","Anchor","Blood Vial","Orichalcum"],"acts_visited":["Exordium"],"potions_floor_usage":[16],"damage_taken":[{"damage":8,"enemies":"Small Slimes","floor":1,"turns":4},{"damage":2,"enemies":"Cultist","floor":3,"turns":4},{"damage":2,"enemies":"2 Louse","floor":4,"turns":3},{"damage":29,"enemies":"Gremlin Nob","floor":7,"turns":5},{"damage":6,"enemies":"3 Sentries","floor":11,"turns":7},{"damage":10,"enemies":"2 Fungi Beasts","floor":12,"turns":3},{"damage":10,"enemies":"Exordium Thugs","floor":14,"turns":4},{"damage":52,"enemies":"Hexaghost","floor":16,"turns":12}],"seed_played":"-1498860783246344991","potions_obtained":[{"floor":1,"key":"DistilledChaos"},{"floor":7,"key":"DuplicationPotion"},{"floor":12,"key":"Dexterity Potion"}],"is_trial":false,"path_per_floor":["M","$","M","M","?","R","E","R","T","R","E","M","?","M","R","B"],"character_chosen":"IRONCLAD","items_purchased":["Shrug It Off"],"campfire_rested":0,"item_purchase_floors":[2],"current_hp_per_floor":[78,78,80,80,72,72,49,49,49,49,51,49,49,47,47,0,0],"gold":427,"neow_bonus":"TWO_FIFTY_GOLD","is_daily":false,"chose_seed":false,"campfire_upgraded":4,"win_rate":0.0,"timestamp":1612098662,"path_taken":["M","$","M","M","?","R","E","R","T","R","E","?","?","M","R","BOSS"],"items_purchased_type":["Card"],"build_version":"2020-12-22","purchased_purges":1,"victory":false,"max_hp_per_floor":[80,80,80,80,80,80,80,80,80,80,80,80,80,80,80,80,80],"card_choices":[{"not_picked":["Havoc","Thunderclap"],"picked":"Heavy Blade","floor":1},{"not_picked":["Havoc","Anger"],"picked":"Whirlwind","floor":3},{"not_picked":["Clash","Clothesline"],"picked":"Shrug It Off","floor":4},{"not_picked":["Cleave","Pummel"],"picked":"Offering","floor":7},{"not_picked":["Heavy Blade","Pommel Strike"],"picked":"Double Tap","floor":11},{"not_picked":["Metallicize","Hemokinesis"],"picked":"Pommel Strike","floor":12},{"not_picked":["Flex","Ghostly Armor"],"picked":"Iron Wave","floor":14}],"player_experience":315686,"relics_obtained":[{"floor":7,"key":"Matryoshka"},{"floor":9,"key":"Anchor"},{"floor":9,"key":"Blood Vial"},{"floor":11,"key":"Orichalcum"}],"event_choices":[{"damage_healed":0,"gold_gain":75,"player_choice":"Touch","damage_taken":8,"max_hp_gain":0,"max_hp_loss":0,"event_name":"FaceTrader","floor":5,"gold_loss":0},{"cards_removed":["Strike_R"],"damage_healed":0,"gold_gain":0,"player_choice":"Forget","damage_taken":0,"max_hp_gain":0,"max_hp_loss":0,"event_name":"Living Wall","floor":13,"gold_loss":0}],"is_beta":false,"boss_relics":[],"items_purged_floors":[2],"is_endless":false,"potions_floor_spawned":[1,7,12],"killed_by":"Hexaghost","ascension_level":2}}