{"host":"agdto6ifbg57aw9m","time":1612071084,"event":{"mods":["2.2 Compatiblity","Aspiration","BaseMod","BetterRewards","Duelist Mod","Friendly Minions","GifTheSpireLib","Halation","Infinite Spire","Minty Spire (QoL Compilation)","Replay The Spire","Spikes Relics","StSLib","Stuff the Spire","The Spell Scribe"],"gold_per_floor":[145,145,219,11,30,58,58,92,116,128,144,176,141,170,170,273,273,273,273],"floor_reached":18,"language":"ENG","playtime":1123,"items_purged":[],"score":395,"play_id":"3f3a9d7b-1e87-4003-b88a-85933caa11b6","local_time":"20210131003124","is_ascension_mode":true,"campfire_choices":[{"data":"theDuelist:Umi","floor":7.0,"key":"SMITH"},{"data":"theDuelist:KoakiMeiruIce","floor":15.0,"key":"SMITH"}],"circlet_count":0,"master_deck":["theDuelist:SevenColoredFish","theDuelist:SevenColoredFish","theDuelist:AquaSpirit+1","AscendersBane","theDuelist:CastleWalls","theDuelist:CastleWalls","theDuelist:IslandTurtle","theDuelist:IslandTurtle","theDuelist:RevivalJam","theDuelist:Sparks","theDuelist:Sparks","theDuelist:CorrodingShark","theDuelist:EagleShark","theDuelist:FluteKuriboh","theDuelist:NimbleAngler","theDuelist:Umi+1","theDuelist:KoakiMeiruIce+1","theDuelist:KoakiMeiruIce","theDuelist:HammerShot","theDuelist:AtlanteanHeavyInfantry","theDuelist:GishkiAriel","theDuelist:GoldenFlyingFish","theDuelist:Monokeros"],"relics":["theDuelist:MillenniumPuzzle","theDuelist:CardPoolRelic","theDuelist:CardPoolBasicRelic","theDuelist:BoosterPackPoolRelic","theDuelist:CardPoolAddRelic","theDuelist:CardPoolMinusRelic","theDuelist:CardPoolSaveRelic","theDuelist:CardPoolOptionsRelic","halation:TwoAmDonut","StuffTheSpire:ForceGauntlet","Bag of Marbles","Replay:Byrd Feeder","SpikesRelics:ToyHorsey","Cursed Key"],"acts_visited":["Exordium","TheCity"],"potions_floor_usage":[],"damage_taken":[{"damage":2.0,"enemies":"Small Slimes","floor":1.0,"turns":4.0},{"damage":4.0,"enemies":"Jaw Worm","floor":5.0,"turns":3.0},{"damage":3.0,"enemies":"Lagavulin","floor":6.0,"turns":5.0},{"damage":5.0,"enemies":"Gremlin Nob","floor":8.0,"turns":5.0},{"damage":0.0,"enemies":"2 Louse","floor":10.0,"turns":4.0},{"damage":0.0,"enemies":"2 Fungi Beasts","floor":11.0,"turns":3.0},{"damage":0.0,"enemies":"Replay:BlueRogue","floor":12.0,"turns":5.0},{"damage":27.0,"enemies":"Gremlin Nob","floor":14.0,"turns":5.0},{"damage":0.0,"enemies":"The Guardian","floor":16.0,"turns":6.0},{"damage":0,"enemies":"Shell Parasite","floor":18,"turns":1}],"seed_played":"4889735595372507084","potions_obtained":[{"floor":1.0,"key":"theDuelist:LavaBottle"},{"floor":6.0,"key":"theDuelist:ReducerPotion"},{"floor":10.0,"key":"Block Potion"}],"is_trial":false,"path_per_floor":["M","?","?","$","M","E","R","E","T","M","M","E","?","E","R","B",null,"M"],"character_chosen":"THE_DUELIST","items_purchased":["theDuelist:EagleShark","theDuelist:FluteKuriboh","theDuelist:NimbleAngler"],"campfire_rested":0,"item_purchase_floors":[4,4,4],"current_hp_per_floor":[70,70,70,70,66,63,63,58,58,58,58,58,78,51,51,51,73,73,73],"gold":273,"neow_bonus":"UPGRADE_CARD","is_daily":false,"chose_seed":false,"campfire_upgraded":2,"win_rate":0.0,"timestamp":1612071084,"path_taken":["M","?","?","$","M","E","R","E","T","M","M","E","?","E","R","BOSS","M"],"items_purchased_type":["Card","Card","Card"],"build_version":"2020-12-22","purchased_purges":0,"victory":false,"max_hp_per_floor":[80,80,80,80,80,80,80,80,80,80,80,80,80,80,80,80,80,80,80],"card_choices":[{"not_picked":["theDuelist:IceHand","theDuelist:Hyosube","theDuelist:Boneheimer","theDuelist:AquaSnake"],"picked":"theDuelist:CorrodingShark","floor":1.0},{"not_picked":["theDuelist:GraydleSlimeJr","theDuelist:Boneheimer","theDuelist:KoakiMeiruIce","theDuelist:BlizzardThunderbird"],"picked":"theDuelist:Umi","floor":5.0},{"not_picked":["theDuelist:GishkiBeast","theDuelist:RevivalJam","theDuelist:CallAtlanteans","theDuelist:IslandTurtle"],"picked":"theDuelist:KoakiMeiruIce","floor":6.0},{"not_picked":["theDuelist:EagleShark","theDuelist:CorrodingShark"],"picked":"theDuelist:KoakiMeiruIce","floor":8.0},{"not_picked":["theDuelist:BlizzardDefender","theDuelist:Fissure","theDuelist:LightningVortex","theDuelist:SangaWater"],"picked":"theDuelist:HammerShot","floor":10.0},{"not_picked":["theDuelist:AmphibiousBugroth","theDuelist:AquaactressGuppy","theDuelist:BoulderTortoise","theDuelist:AbyssDweller"],"picked":"theDuelist:AtlanteanHeavyInfantry","floor":11.0},{"not_picked":["theDuelist:RageDeepSea","theDuelist:MermaidKnight","theDuelist:GraydleSlimeJr","theDuelist:BoulderTortoise"],"picked":"theDuelist:GishkiAriel","floor":12.0},{"not_picked":["theDuelist:TorrentialTribute","theDuelist:EvigishkiTetrogre","theDuelist:ColdWave","theDuelist:CallAtlanteans"],"picked":"theDuelist:GoldenFlyingFish","floor":14.0},{"not_picked":["theDuelist:FishborgArcher","theDuelist:EvigishkiSoulOgre","theDuelist:DewlorenTigerKing","theDuelist:AquaactressArowana"],"picked":"theDuelist:Monokeros","floor":16.0}],"player_experience":571990,"relics_obtained":[{"floor":6.0,"key":"halation:TwoAmDonut"},{"floor":8.0,"key":"StuffTheSpire:ForceGauntlet"},{"floor":9.0,"key":"Bag of Marbles"},{"floor":12.0,"key":"Replay:Byrd Feeder"},{"floor":14.0,"key":"SpikesRelics:ToyHorsey"}],"event_choices":[{"damage_healed":0.0,"max_hp_gain":0.0,"max_hp_loss":0.0,"gold_gain":0.0,"event_name":"Tomb of the Nameless","player_choice":"Leave","duelist":true,"floor":2.0,"gold_loss":0.0,"damage_taken":0.0},{"damage_healed":0.0,"max_hp_gain":0.0,"max_hp_loss":0.0,"gold_gain":74.0,"event_name":"Golden Wing","player_choice":"Gained Gold","floor":3.0,"gold_loss":0.0,"damage_taken":0.0},{"damage_healed":20.0,"max_hp_gain":0.0,"max_hp_loss":0.0,"gold_gain":0.0,"event_name":"The Cleric","player_choice":"Healed","floor":13.0,"gold_loss":35.0,"damage_taken":0.0}],"is_beta":false,"boss_relics":[{"not_picked":["halation:LoveArrow","Philosopher\u0027s Stone"],"picked":"Cursed Key"}],"items_purged_floors":[],"is_endless":false,"potions_floor_spawned":[1,6,10],"killed_by":"Shell Parasite","ascension_level":10}}