{"host":"hcg2wesxzfo46upw","time":1612132765,"event":{"mods":["2.2 Compatiblity","AchievementEnabler","Act Like it!","Aspiration","BaseMod","Beaked The Cultist","Clockwork Mod","Conspire","Downfall","Elementarium","Gensokyo","GifTheSpireLib","Glutton Mod","Hubris","Infinite Spire","Jedi Mod","Mad Scientist","Minty Spire (QoL Compilation)","Pale of the Ancients","Replay The Spire","Spikes Relics","StSLib","Stuff the Spire","The Blackbeard","The Bug Knight","The Construct","The Cursed","The Death Knight","The Disciple","The Jungle","The Necromancer","The Runesmith","Wandering Minibosses"],"gold_per_floor":[144,144,59,104,149,149,194,194,269,363,363,298,345,21,21,337,387,438,438,483,528,573,573,620,665,665,712,802,847,1039,663,663,965,1015,1126,1126,1246,1246,1109,1275,1503,1503,1503,1646,1843,2008,2008,2008,2008,2010,2190,2444,1960,1188,1188,1314,1314,704,704,704],"floor_reached":61,"language":"ENG","playtime":4523,"items_purged":["Defend_B"],"score":1752,"play_id":"751adf11-4d56-4fb9-a52e-6c85847e0743","local_time":"20210131233925","daily_mods":["Cursed Run","Red Cards","Midas"],"is_ascension_mode":false,"campfire_choices":[{"floor":6,"key":"REST"},{"floor":8,"key":"REST"},{"floor":23,"key":"REST"},{"floor":49,"key":"REST"},{"floor":55,"key":"REST"},{"floor":57,"key":"REST"}],"circlet_count":0,"master_deck":["Strike_B+1","Strike_B","Strike_B+2","Defend_B","Zap","Dualcast","Undo+1","Cold Snap+1","Steam","StuffTheSpire:GlassShard","Conserve Battery","Redo","ReplayTheSpireMod:Doomed","Cold Snap","ReplaySolidLightProjector","Creative AI","Gensokyo:AllTheWorldsEvil","All For One","downfall:Icky","Hatred","Replay:Undeath\u0027s Touch","StuffTheSpire:Coldhearted","ReplayTheSpireMod:Omega Cannon","Abandon","Rip and Tear","downfall:Icky","Uppercut","Turbo","StuffTheSpire:NuclearReactor","hubris:DuctTapeCard","Heatsinks+1","Havoc","Abandon","hubris:Compulsion","Demon Form","Second Wind","StuffTheSpire:CuriosityCurse","Beam Cell","jedi:blockon+1","hubris:Wrath","Thunderclap+1","Burning Pact+1","infinitespire:FutureSight","downfall:Icky","hubris:NaturalOne","Clothesline+1","infinitespire:FinalStrike","jedi:RedIncense+1","StuffTheSpire:Incineration","Doom and Gloom+1","Violence+1","Hello World+1","downfall:Malfunctioning"],"relics":["Cursed Key","Darkstone Periapt","Du-Vu Doll","Bag of Marbles","infinitespire:Midas Blood","hubris:MobiusCoin","Shuriken","jedi:purplefairy","HollowMod:PaleOreRelic","Replay:Ancient Bell","Slimebound:StickyStick","Symbiotic Virus","FossilizedHelix","aspiration:SecretTechniqueScroll","Thread and Needle","hubris:SlimyHat","Pet Ghost","hubris:DuctTape","HollowMod:StagPassRelic","infinitespire:EvilPickle","Philosopher\u0027s Stone","Replay:Antivirus Software","hubris:Towel","Guardian:GemstoneGun","construct:RocketBooster","wanderingMiniBosses:AbyssPearl","hubris:AstralHammer","Potion Belt","hubris:Icosahedron","hubris:KleinBottle","paleoftheancients:Timepiece","CultistMask","paleoftheancients:SoulOfTheShowman","aspiration:SneckoTail","Replay:Baseball","Membership Card","Simple Rune","StuffTheSpire:Tea","aspiration:Nostalgia","TheCursedMod:BlackMagic101"],"acts_visited":["Exordium","TheCity","TheCity","Gensokyo:Gensokyoest"],"potions_floor_usage":[10,33,50,50,50,52,56,60,60],"damage_taken":[{"damage":0,"enemies":"Small Slimes","floor":1,"turns":2},{"damage":0,"enemies":"2 Louse","floor":4,"turns":2},{"damage":2,"enemies":"conspire:RoseBush","floor":5,"turns":2},{"damage":6,"enemies":"Gremlin Gang","floor":7,"turns":5},{"damage":24,"enemies":"Gremlin Nob","floor":10,"turns":5},{"damage":1,"enemies":"Large Slime","floor":13,"turns":5},{"damage":44,"enemies":"The Guardian","floor":16,"turns":10},{"damage":23,"enemies":"Shell Parasite","floor":18,"turns":7},{"damage":0,"enemies":"Snecko","floor":20,"turns":3},{"damage":0,"enemies":"Sentry and Sphere","floor":21,"turns":5},{"damage":0,"enemies":"Cultist and Chosen","floor":22,"turns":2},{"damage":9,"enemies":"Snake Plant","floor":24,"turns":3},{"damage":0,"enemies":"Snecko","floor":25,"turns":3},{"damage":3,"enemies":"3 Cultists","floor":27,"turns":4},{"damage":0,"enemies":"HollowMod:Nosk","floor":28,"turns":5},{"damage":0,"enemies":"Cultist and Chosen","floor":29,"turns":2},{"damage":8,"enemies":"Slavers","floor":30,"turns":3},{"damage":4,"enemies":"Pondfish","floor":33,"turns":7},{"damage":0,"enemies":"Gensokyo:3_Bats","floor":35,"turns":3},{"damage":13,"enemies":"Gensokyo:3_Boulders","floor":37,"turns":3},{"damage":20,"enemies":"Gensokyo:Doremy","floor":40,"turns":6},{"damage":0,"enemies":"Gensokyo:Dusk_and_Dawn","floor":41,"turns":1},{"damage":0,"enemies":"Gensokyo:SeedOfUnknown","floor":44,"turns":5},{"damage":0,"enemies":"Gensokyo:Marisa","floor":45,"turns":4},{"damage":0,"enemies":"Gensokyo:Sharpion","floor":46,"turns":3},{"damage":21,"enemies":"Gensokyo:Scarlet_Devils","floor":50,"turns":6},{"damage":33,"enemies":"Gensokyo:Scarlet_Devils","floor":51,"turns":6},{"damage":64,"enemies":"Gensokyo:Scarlet_Devils","floor":52,"turns":7},{"damage":10,"enemies":"Gensokyo:Scarlet_Devils","floor":56,"turns":8},{"damage":0,"enemies":"paleoftheancients:N","floor":60,"turns":5}],"seed_played":"7510361231737359051","potions_obtained":[{"floor":7,"key":"Block Potion"},{"floor":13,"key":"SteroidPotion"},{"floor":20,"key":"Strength Potion"},{"floor":21,"key":"Swift Potion"},{"floor":22,"key":"Fire Potion"},{"floor":29,"key":"DeathKnight:RimePotion"},{"floor":30,"key":"ColorlessPotion"},{"floor":44,"key":"Languid Potion"},{"floor":51,"key":"ColorlessPotion"}],"is_trial":false,"path_per_floor":["M","?","$","M","M","R","M","R","T","E","?","?","M","$","R","B",null,"M","AVR","M","M","M","R","M","M","T","M","E","M","E","$","R","B",null,"M","?","M","?","COS","E","M","?","T","M","E","M","?","$","R","B","M","M","?","$","R","M","R","$","?","B",null],"character_chosen":"DEFECT","items_purchased":["Cold Snap+1","Steam","ReplaySolidLightProjector","Creative AI","HollowMod:PaleOreRelic","HollowMod:StagPassRelic","Havoc","hubris:KleinBottle","aspiration:SneckoTail","Replay:Baseball","Membership Card","jedi:RedIncense","jedi:StrikingPotion","FearPotion","Adrenaline Potion","Simple Rune","StuffTheSpire:Tea","aspiration:Nostalgia","Adrenaline Potion","infinitespire:BlackPotion","infinitespire:BlackPotion","Doom and Gloom","Violence","Hello World"],"campfire_rested":6,"item_purchase_floors":[3,3,14,14,14,31,31,48,54,54,54,54,54,54,54,58,58,58,58,58,58,58,58,58],"current_hp_per_floor":[75,57,57,57,55,75,69,75,81,57,57,57,56,56,80,42,105,82,82,82,82,82,105,96,96,102,99,99,99,91,91,91,93,117,117,123,110,110,110,90,90,90,96,96,96,96,96,77,115,135,119,101,101,101,141,136,141,141,141,147],"gold":704,"neow_bonus":"","is_daily":true,"chose_seed":false,"campfire_upgraded":0,"win_rate":0.0,"timestamp":1612132765,"path_taken":["M","?","$","M","M","R","M","R","T","E","?","?","M","$","R","BOSS","M","AVR","?","M","?","R","M","M","T","M","E","M","E","$","R","BOSS","M","?","M","?","COS","E","M","?","T","M","E","M","?","?","R","BOSS","M","M","?","$","R","M","R","$","?","BOSS"],"items_purchased_type":["Card","Card","Card","Card","Relic","Relic","Card","Relic","Relic","Relic","Relic","Card","Potion","Potion","Potion","Relic","Relic","Relic","Potion","Potion","Potion","Card","Card","Card"],"build_version":"2020-12-22","purchased_purges":1,"victory":true,"max_hp_per_floor":[75,75,75,75,75,75,75,75,81,81,81,81,81,81,81,87,105,105,105,105,105,105,105,105,105,111,111,111,111,111,111,111,117,117,117,123,123,123,123,123,123,123,129,129,129,129,129,129,129,135,135,141,141,141,141,141,141,141,141,147],"card_choices":[{"not_picked":["Hologram","Anger"],"picked":"Undo","floor":1},{"not_picked":["jedi:blockon","Feel No Pain"],"picked":"StuffTheSpire:GlassShard","floor":4},{"not_picked":["Rage","Sunder"],"picked":"Conserve Battery","floor":5},{"not_picked":["StuffTheSpire:Slingshot","jedi:BurstFrost"],"picked":"Redo","floor":7},{"not_picked":["Self Repair","jedi:reiji"],"picked":"Cold Snap","floor":10},{"not_picked":["ReplayTheSpireMod:LeadingStrike","Loop"],"picked":"StuffTheSpire:Plugnplay","floor":13},{"not_picked":["jedi:darknesscall","Hemogenesis"],"picked":"All For One","floor":16},{"not_picked":["Delirium","ReplayTheSpireMod:Restless Dread"],"picked":"downfall:Icky","floor":17},{"not_picked":["Pain","ReplayTheSpireMod:Restless Dread"],"picked":"ReplayTheSpireMod:Faulty Equipment","floor":17},{"not_picked":["jedi:BattleThirst","hubris:Lust"],"picked":"Hatred","floor":17},{"not_picked":["Seeing Red","Anger"],"picked":"Replay:Undeath\u0027s Touch","floor":18},{"not_picked":["Body Slam+1","Spot Weakness"],"picked":"StuffTheSpire:Coldhearted","floor":20},{"not_picked":["StuffTheSpire:RockThrow","jedi:fear"],"picked":"ReplayTheSpireMod:Omega Cannon","floor":21},{"not_picked":["Invigoration+1","BasicCrystalCard"],"picked":"Abandon","floor":22},{"not_picked":["Searing Blow","Fusion+1"],"picked":"Rip and Tear","floor":24},{"not_picked":["Combust","Double Energy"],"picked":"StuffTheSpire:Synthwave+1","floor":25},{"not_picked":["Streamline","Headbutt"],"picked":"Uppercut","floor":27},{"not_picked":["Fusion","jedi:blockon"],"picked":"Turbo","floor":28},{"not_picked":["ReplayTheSpireMod:Muscle Training","ReplaySort+1"],"picked":"StuffTheSpire:NuclearReactor","floor":29},{"not_picked":["Rupture+1","StuffTheSpire:RockThrow"],"picked":"Heatsinks+1","floor":30},{"not_picked":["Thunder Strike","StuffTheSpire:TitanForm"],"picked":"Demon Form","floor":33},{"not_picked":["Streamline+1","jedi:fear+1"],"picked":"Second Wind","floor":35},{"not_picked":["Streamline","jedi:BurstFrost"],"picked":"Beam Cell","floor":37},{"not_picked":["Hemogenesis","StuffTheSpire:TitanForm","jedi:locknload"],"picked":"SKIP","floor":40},{"not_picked":["Stack+1","Hologram+1"],"picked":"jedi:blockon+1","floor":41},{"not_picked":["Crystallizer","Run Through"],"picked":"Thunderclap+1","floor":44},{"not_picked":["StuffTheSpire:Purify","Leap","Redo+1"],"picked":"SKIP","floor":45},{"not_picked":["Twin Strike+1","Blood for Blood+1"],"picked":"Burning Pact+1","floor":46},{"not_picked":["infinitespire:SevenWalls","ReplayTheSpireMod:Echoes of Time"],"picked":"infinitespire:FutureSight","floor":48},{"not_picked":["Scrape+1","Beam Cell+1","Sunder+1"],"picked":"SKIP","floor":51},{"not_picked":["Anger","BootSequence+1"],"picked":"Clothesline+1","floor":52},{"not_picked":["infinitespire:SealOfDarkness+","infinitespire:NeuralNetwork"],"picked":"infinitespire:FinalStrike","floor":53},{"not_picked":["jedi:overflow+1","Pommel Strike"],"picked":"StuffTheSpire:Incineration","floor":56}],"player_experience":232634,"relics_obtained":[{"floor":9,"key":"infinitespire:Midas Blood"},{"floor":10,"key":"hubris:MobiusCoin"},{"floor":11,"key":"Shuriken"},{"floor":26,"key":"hubris:SlimyHat"},{"floor":28,"key":"Pet Ghost"},{"floor":30,"key":"hubris:DuctTape"},{"floor":40,"key":"Guardian:GemstoneGun"},{"floor":43,"key":"construct:RocketBooster"},{"floor":44,"key":"wanderingMiniBosses:AbyssPearl"},{"floor":45,"key":"hubris:AstralHammer"},{"floor":51,"key":"paleoftheancients:SoulOfTheShowman"},{"floor":52,"key":"paleoftheancients:SoulOfTheBard"}],"event_choices":[{"damage_healed":0,"gold_gain":0,"player_choice":"Success","damage_taken":18,"relics_obtained":["Bag of Marbles"],"max_hp_gain":0,"max_hp_loss":0,"event_name":"Scrap Ooze","floor":2,"gold_loss":0},{"damage_healed":0,"gold_gain":0,"player_choice":"Paid Gold","damage_taken":0,"relics_obtained":["jedi:purplefairy"],"max_hp_gain":0,"max_hp_loss":0,"event_name":"WeMeetAgain","floor":12,"gold_loss":65}],"is_beta":false,"boss_relics":[{"not_picked":["Painkiller Herb","hubris:VirtuousBlindfold"],"picked":"Replay:Ancient Bell"},{"not_picked":["War Paint","Smiling Mask"],"picked":"Slimebound:StickyStick"},{"not_picked":["hubris:BottledRain","Ornamental Fan"],"picked":"Symbiotic Virus"},{"not_picked":["Prayer Wheel","Calipers"],"picked":"FossilizedHelix"},{"not_picked":["aspiration:RitualDagger","StuffTheSpire:RunicConfusion"],"picked":"Philosopher\u0027s Stone"}],"items_purged_floors":[31],"is_endless":false,"potions_floor_spawned":[7,13,20,21,22,25,29,30,33,44,45,46,51],"ascension_level":0}}