{"host":"nnt34ungdh9fkcmy","time":1612130546,"event":{"mods":["BaseMod","Downfall","Minty Spire (QoL Compilation)","StSLib","SuperFastMode"],"gold_per_floor":[112,130,146,159,159,191,218,245,245,279,279,305,335,363,363,461,461,471,471,483,48,62,87,119,119,119,119,144,170,480,511,511,614,614,624,624,624,426,426,426,287,316,316,316,331,364,9,36,36,36],"floor_reached":51,"language":"ENG","playtime":2551,"items_purged":["sneckomod:Strike","sneckomod:Strike","sneckomod:Defend"],"score":1234,"play_id":"6e559668-24d1-43e0-bb06-ae4462d03d0a","local_time":"20210131150226","daily_mods":["Vintage","Flight","DeadlyEvents","Elite Swarm"],"is_ascension_mode":true,"campfire_choices":[{"floor":15,"key":"REST"},{"data":"sneckomod:MorePower","floor":25,"key":"SMITH"},{"data":"sneckomod:TailWhip","floor":27,"key":"SMITH"},{"data":"sneckomod:SerpentMind","floor":32,"key":"SMITH"},{"data":"sneckomod:UnknownRarePower","floor":40,"key":"SMITH"},{"data":"sneckomod:UnknownRarePower","floor":49,"key":"SMITH"}],"circlet_count":0,"master_deck":["sneckomod:TailWhip+1","sneckomod:SnekBite+1","sneckomod:Unknown","sneckomod:Unknown","sneckomod:MorePower+1","sneckomod:UnknownBoss+1","sneckomod:SerpentMind+1","Iron Wave+1","sneckomod:UnknownDraw+1","sneckomod:UnknownExhaust+1","sneckomod:UnknownRarePower+1","sneckomod:Unknown2Cost+1","sneckomod:UnknownUncommonPower+1","sneckomod:UnknownUncommonSkill+1","sneckomod:UnknownRarePower+1","sneckomod:UnknownClassGUARDIAN+1","sneckomod:UnknownRarePower+1","Inflame+1","Demon Form+1","sneckomod:Unknown3Cost+1","sneckomod:SerpentMind+1","bronze:Library+1","bronze:FunctionCard","sneckomod:Unknown3Cost+1","sneckomod:UnknownRarePower+1","sneckomod:UnknownClassGUARDIAN+1","sneckomod:UnknownVulnerable+1","sneckomod:ImprovisedGuard+1","bronze:FunctionCard","Demon Form+1","sneckomod:UnknownRarePower+1","sneckomod:UnknownRarePower+1","Guardian:ConstructionForm+1"],"relics":["sneckomod:SuperSneckoSoul","Toxic Egg 2","Tiny Chest","Du-Vu Doll","Mummified Hand","bronze:BronzeIdol","Mango","Mercury Hourglass","White Beast Statue","InkBottle","Bottled Tornado","Ornamental Fan","Bird Faced Urn","Toy Ornithopter","Molten Egg 2","MealTicket","Unceasing Top","StrikeDummy","bronze:DecasWashers","Frozen Egg 2","Eternal Feather","Ice Cream","FossilizedHelix","Old Coin","Torii","Astrolabe","Singing Bowl","Bottled Flame","Membership Card","Guardian:BottledAnomaly","Orichalcum","Sundial","Thread and Needle","Art of War","CaptainsWheel","Dead Branch","Strange Spoon","Pear","hexamod:CandleOfCauterizing"],"acts_visited":["Exordium","TheCity","TheBeyond"],"potions_floor_usage":[6,13,13,13,13,18,22,30,31,31,35,50,50],"damage_taken":[{"damage":0,"enemies":"Small Slimes","floor":1,"turns":2},{"damage":1,"enemies":"Cultist","floor":2,"turns":3},{"damage":1,"enemies":"2 Louse","floor":3,"turns":3},{"damage":14,"enemies":"Looter","floor":4,"turns":4},{"damage":10,"enemies":"Gremlin Nob","floor":6,"turns":3},{"damage":8,"enemies":"Lagavulin","floor":7,"turns":6},{"damage":34,"enemies":"3 Sentries","floor":8,"turns":10},{"damage":0,"enemies":"Gremlin Nob","floor":10,"turns":5},{"damage":9,"enemies":"Lagavulin","floor":12,"turns":5},{"damage":4,"enemies":"3 Sentries","floor":13,"turns":3},{"damage":18,"enemies":"Lagavulin","floor":14,"turns":5},{"damage":41,"enemies":"Hexaghost","floor":16,"turns":9},{"damage":20,"enemies":"2 Thieves","floor":18,"turns":3},{"damage":0,"enemies":"Chosen","floor":20,"turns":6},{"damage":16,"enemies":"3 Cultists","floor":22,"turns":5},{"damage":14,"enemies":"Gremlin Leader","floor":23,"turns":5},{"damage":21,"enemies":"Book of Stabbing","floor":24,"turns":5},{"damage":7,"enemies":"Slavers","floor":28,"turns":3},{"damage":0,"enemies":"Book of Stabbing","floor":29,"turns":5},{"damage":7,"enemies":"Shelled Parasite and Fungi","floor":30,"turns":5},{"damage":6,"enemies":"Gremlin Leader","floor":31,"turns":6},{"damage":29,"enemies":"Champ","floor":33,"turns":9},{"damage":13,"enemies":"3 Darklings","floor":35,"turns":11},{"damage":6,"enemies":"Reptomancer","floor":42,"turns":4},{"damage":0,"enemies":"3 Shapes","floor":45,"turns":2},{"damage":0,"enemies":"Nemesis","floor":46,"turns":2},{"damage":50,"enemies":"Reptomancer","floor":48,"turns":4},{"damage":0,"enemies":"Donu and Deca","floor":50,"turns":6}],"seed_played":"8431657803382663541","potions_obtained":[{"floor":1,"key":"AttackPotion"},{"floor":3,"key":"FairyPotion"},{"floor":4,"key":"EntropicBrew"},{"floor":6,"key":"sneckomod:OffclassReductionPotion"},{"floor":12,"key":"SkillPotion"},{"floor":13,"key":"sneckomod:OffclassReductionPotion"},{"floor":14,"key":"Guardian:BlockOnCardUsePotion"},{"floor":16,"key":"BlessingOfTheForge"},{"floor":18,"key":"Fruit Juice"},{"floor":20,"key":"Ancient Potion"},{"floor":22,"key":"bronze:BurnAndBuffPotion"},{"floor":23,"key":"Swift Potion"},{"floor":30,"key":"Block Potion"},{"floor":31,"key":"SkillPotion"},{"floor":33,"key":"Dexterity Potion"},{"floor":35,"key":"hexamod:SoulburnPotion"},{"floor":48,"key":"BlessingOfTheForge"}],"is_trial":true,"path_per_floor":["M","M","M","M","?","E","E","E","T","E","R","E","E","E","R","B",null,"M","T","M","$","M","E","E","R","T","R","E","E","M","E","R","B",null,"M","?","T","$","?","R","$","E","T","T","M","E","$","E","R","B",null],"character_chosen":"THE_SNECKO","items_purchased":["Unceasing Top","sneckomod:UnknownUncommonSkill+1","Membership Card","Guardian:BottledAnomaly","Dead Branch","Strange Spoon","Pear"],"campfire_rested":1,"item_purchase_floors":[21,21,38,41,47,47,47],"current_hp_per_floor":[90,89,88,74,74,64,70,36,36,36,36,27,23,5,36,5,104,94,94,106,109,105,103,94,94,94,109,113,113,113,113,113,88,113,113,107,107,107,109,109,109,113,113,113,113,117,127,89,107,129],"gold":36,"neow_bonus":"","is_daily":false,"chose_seed":false,"campfire_upgraded":5,"win_rate":0.0,"timestamp":1612130546,"path_taken":["M","M","M","M","?","E","E","E","T","E","R","?","E","?","R","BOSS","M","?","M","$","M","E","E","R","T","R","E","E","M","E","R","BOSS","M","?","?","$","?","R","$","E","T","?","M","E","$","?","R","BOSS"],"items_purchased_type":["Relic","Card","Relic","Relic","Relic","Relic","Relic"],"build_version":"2020-12-22","purchased_purges":3,"victory":true,"max_hp_per_floor":[90,90,90,90,90,90,104,104,104,104,104,104,104,104,104,104,104,109,109,109,109,113,113,113,113,113,113,113,113,113,113,113,113,113,113,107,107,107,109,109,109,113,113,113,113,117,127,129,129,129],"card_choices":[{"not_picked":["sneckomod:SoulExchange+1","sneckomod:Cheat+1","sneckomod:Mudshield"],"picked":"SKIP","floor":6},{"not_picked":["sneckomod:Cheat+1","sneckomod:Unknown3Cost+1"],"picked":"sneckomod:MorePower","floor":7},{"not_picked":["sneckomod:UnknownExhaust+1","sneckomod:Unknown0Cost+1"],"picked":"sneckomod:Unknown1Cost+1","floor":8},{"not_picked":["sneckomod:UnlimitedRolls","sneckomod:SoulExchange+1"],"picked":"sneckomod:UnknownBoss+1","floor":8},{"not_picked":["sneckomod:UnknownDraw+1","sneckomod:UnknownUncommonAttack+1"],"picked":"sneckomod:UnknownCommonAttack+1","floor":10},{"not_picked":["sneckomod:Unknown3Cost+1","sneckomod:SoulExchange+1"],"picked":"sneckomod:SerpentMind","floor":10},{"not_picked":["sneckomod:UnknownBoss+1","sneckomod:UnknownCommonSkill+1"],"picked":"sneckomod:Unknown3Cost+1","floor":12},{"not_picked":["sneckomod:SoulExchange+1","sneckomod:Cheat+1","sneckomod:DangerNoodle"],"picked":"SKIP","floor":12},{"not_picked":["sneckomod:Unknown3Cost+1","sneckomod:UnknownStrike+1"],"picked":"sneckomod:UnknownDraw+1","floor":13},{"not_picked":["sneckomod:SerpentMind","sneckomod:SoulExchange+1","sneckomod:DangerNoodle"],"picked":"SKIP","floor":13},{"not_picked":["sneckomod:UnknownBoss+1","sneckomod:UnknownWeak+1"],"picked":"sneckomod:UnknownExhaust+1","floor":14},{"not_picked":["sneckomod:SoulExchange+1","sneckomod:Mudshield","sneckomod:Cheat+1"],"picked":"SKIP","floor":14},{"not_picked":["sneckomod:Unknown2Cost+1","sneckomod:UnknownUncommonSkill+1"],"picked":"sneckomod:Unknown3Cost+1","floor":16},{"not_picked":["sneckomod:Unknown3Cost+1","sneckomod:SoulExchange+1"],"picked":"sneckomod:UnknownRarePower","floor":16},{"not_picked":["sneckomod:UnknownExhaust+1","sneckomod:UnknownWeak+1"],"picked":"sneckomod:Unknown2Cost+1","floor":18},{"not_picked":["sneckomod:UnknownX+1","sneckomod:Unknown2Cost+1"],"picked":"sneckomod:UnknownUncommonPower+1","floor":20},{"not_picked":["sneckomod:UnknownClassGUARDIAN+1","sneckomod:UnknownWeak+1"],"picked":"sneckomod:UnknownRarePower+1","floor":22},{"not_picked":["sneckomod:UnknownWeak+1","sneckomod:UnknownUncommonAttack+1"],"picked":"sneckomod:UnknownClassGUARDIAN+1","floor":23},{"not_picked":["sneckomod:SoulExchange+1","sneckomod:MorePower"],"picked":"sneckomod:UnknownRarePower","floor":23},{"not_picked":["sneckomod:DangerNoodle+1","sneckomod:SerpentMind+1"],"picked":"sneckomod:UnknownRarePower+1","floor":24},{"not_picked":["sneckomod:UnknownRareAttack+1","sneckomod:UnknownRareSkill+1","sneckomod:SoulExchange+1"],"picked":"SKIP","floor":28},{"not_picked":["sneckomod:UnknownVulnerable+1","sneckomod:UnknownClassRED+1"],"picked":"sneckomod:Unknown3Cost+1","floor":29},{"not_picked":["sneckomod:SoulExchange+1","sneckomod:Restock+1","sneckomod:MorePower+1"],"picked":"SKIP","floor":29},{"not_picked":["sneckomod:UnknownVulnerable+1","sneckomod:UnknownUncommonAttack+1"],"picked":"sneckomod:UnknownClassTHE_BRONZE_AUTOMATON+1","floor":30},{"not_picked":["sneckomod:UnknownRareSkill+1","sneckomod:Restock+1"],"picked":"sneckomod:SerpentMind+1","floor":31},{"not_picked":["sneckomod:UnknownExhaust+1","sneckomod:UnknownUncommonSkill+1"],"picked":"sneckomod:Unknown3Cost+1","floor":33},{"not_picked":["sneckomod:SoulExchange+1","sneckomod:Unknown3Cost+1"],"picked":"sneckomod:UnknownRarePower+1","floor":33},{"not_picked":["Secret Weapon+1","Transmutation+1","PanicButton+1"],"picked":"Singing Bowl","floor":39},{"not_picked":["sneckomod:UnknownUncommonPower+1","sneckomod:UnknownVulnerable+1","sneckomod:UnknownExhaust+1"],"picked":"Singing Bowl","floor":42},{"not_picked":["sneckomod:UnknownRareSkill+1","sneckomod:DangerNoodle+1","sneckomod:Unknown3Cost+1"],"picked":"Singing Bowl","floor":42},{"not_picked":["sneckomod:UnknownRareAttack+1","sneckomod:UnknownCommonAttack+1"],"picked":"sneckomod:UnknownRarePower+1","floor":45},{"not_picked":["sneckomod:UnknownClassTHE_BRONZE_AUTOMATON+1","sneckomod:UnknownRareAttack+1","sneckomod:UnknownRarePower+1"],"picked":"Singing Bowl","floor":46},{"not_picked":["sneckomod:UnknownBoss+1","sneckomod:UnknownRarePower+1","sneckomod:UnlimitedRolls+1"],"picked":"Singing Bowl","floor":46},{"not_picked":["sneckomod:Unknown0Cost+1","sneckomod:UnknownBoss+1","sneckomod:UnknownCommonSkill+1"],"picked":"Singing Bowl","floor":48},{"not_picked":["sneckomod:DangerNoodle+1","sneckomod:Restock+1"],"picked":"sneckomod:UnknownRarePower+1","floor":48}],"player_experience":287375,"relics_obtained":[{"floor":1,"key":"Toxic Egg 2"},{"floor":2,"key":"Tiny Chest"},{"floor":3,"key":"Du-Vu Doll"},{"floor":4,"key":"Mummified Hand"},{"floor":6,"key":"bronze:BronzeIdol"},{"floor":7,"key":"Mango"},{"floor":8,"key":"Mercury Hourglass"},{"floor":9,"key":"White Beast Statue"},{"floor":10,"key":"InkBottle"},{"floor":12,"key":"Bottled Tornado"},{"floor":13,"key":"Ornamental Fan"},{"floor":14,"key":"Bird Faced Urn"},{"floor":18,"key":"Toy Ornithopter"},{"floor":19,"key":"Molten Egg 2"},{"floor":20,"key":"MealTicket"},{"floor":22,"key":"StrikeDummy"},{"floor":23,"key":"bronze:DecasWashers"},{"floor":24,"key":"Frozen Egg 2"},{"floor":26,"key":"Eternal Feather"},{"floor":28,"key":"Ice Cream"},{"floor":29,"key":"FossilizedHelix"},{"floor":30,"key":"Old Coin"},{"floor":31,"key":"Torii"},{"floor":35,"key":"Singing Bowl"},{"floor":37,"key":"Bottled Flame"},{"floor":42,"key":"Orichalcum"},{"floor":43,"key":"Sundial"},{"floor":44,"key":"Thread and Needle"},{"floor":45,"key":"Art of War"},{"floor":46,"key":"CaptainsWheel"},{"floor":48,"key":"hexamod:CandleOfCauterizing"}],"event_choices":[{"damage_healed":0,"gold_gain":0,"player_choice":"Upgraded","damage_taken":0,"max_hp_gain":0,"max_hp_loss":0,"event_name":"Upgrade Shrine","floor":5,"gold_loss":0,"cards_upgraded":["sneckomod:SnekBite"]},{"damage_healed":0,"gold_gain":0,"player_choice":"Max HP","damage_taken":0,"max_hp_gain":0,"max_hp_loss":6,"event_name":"Winding Halls","floor":36,"gold_loss":0},{"damage_healed":0,"gold_gain":0,"player_choice":"Memory 1","damage_taken":0,"max_hp_gain":0,"max_hp_loss":0,"event_name":"SensoryStone","floor":39,"gold_loss":0}],"is_beta":false,"boss_relics":[{"not_picked":["Black Star","bronze:MakeshiftBattery"],"picked":"sneckomod:SuperSneckoSoul"},{"not_picked":["Snecko Eye","Pandora\u0027s Box"],"picked":"Astrolabe"}],"items_purged_floors":[21,38,41],"is_endless":false,"potions_floor_spawned":[1,3,4,6,10,12,13,14,16,18,20,22,23,24,28,29,30,31,33,35,42,45,46,48],"ascension_level":1}}