{"host":"kmigwsj5rrfnig2m","time":1612103585,"event":{"mods":["BaseMod","Downfall","Minty Spire (QoL Compilation)","Relic Stats","StSLib"],"gold_per_floor":[99,117,133,146,162,162,189,216,235,255,155,171,182,201,215,312,312,312,325,343,354,373,388,413,131,131,146,172,172,191,209,220,324,324,324,339,350,363,379,408,455,255,255,255,285,304,314,265,281,281,281,315,58,58,58,58],"floor_reached":57,"language":"ENG","playtime":4791,"items_purged":["bronze:Invalidate","bronze:Replicate","bronze:Iterate"],"score":1377,"play_id":"0e0debe8-d169-4c19-9acc-b0a332136d56","local_time":"20210131093305","is_ascension_mode":false,"campfire_choices":[{"data":"bronze:Goto","floor":1.0,"key":"SMITH"},{"data":"bronze:ShipIt","floor":11.0,"key":"SMITH"},{"data":"bronze:BugBarrage","floor":18.0,"key":"SMITH"},{"floor":29.0,"key":"REST"},{"floor":35.0,"key":"RECALL"},{"data":"bronze:BugBarrage","floor":42,"key":"SMITH"},{"data":"bronze:BugBarrage","floor":44,"key":"SMITH"},{"data":"bronze:Turbo","floor":54,"key":"SMITH"}],"circlet_count":0,"master_deck":["bronze:Goto+1","bronze:BitShift","bronze:HyperBeam+1","bronze:ShipIt+1","bronze:Repair","bronze:Turbo+1","bronze:ChosenStrike","bronze:BurnOut","bronze:Shield","bronze:MaxOutput","bronze:ChosenStrike","bronze:ForceShield","bronze:Break","bronze:BronzeArmor","bronze:BugBarrage+1","bronze:BugBarrage+1","bronze:ShipIt","bronze:Shield+1","bronze:BugBarrage+1","bronze:FineTuning+1","bronze:DelayedGuard+1","bronze:BugBarrage+1","bronze:Shield","RitualDagger+1","bronze:MaxOutput+1","bronze:FindAndReplace","bronze:ItsAFeature","bronze:Turbo+1","bronze:ItsAFeature+1","bronze:BugBarrage+1","bronze:MaxOutput+1","expansioncontent:DashGenerateEvil+1","bronze:Shield"],"relics":["Pandora\u0027s Box","Tiny Chest","Oddly Smooth Stone","downfall:HeartBlessingGreen","Sozu","Pen Nib","Membership Card","PreservedInsect","Bird Faced Urn","SlaversCollar","Smiling Mask","downfall:HeartBlessingRed","downfall:HeartBlessingBlue","Toy Ornithopter","Thread and Needle","DollysMirror","Bag of Preparation","Whetstone","HornCleat"],"acts_visited":["Exordium","TheCity","TheBeyond","TheEnding"],"potions_floor_usage":[56,56],"damage_taken":[{"damage":3.0,"enemies":"Jaw Worm","floor":2.0,"turns":2.0},{"damage":0.0,"enemies":"Cultist","floor":3.0,"turns":3.0},{"damage":8.0,"enemies":"Small Slimes","floor":4.0,"turns":4.0},{"damage":0.0,"enemies":"3 Louse","floor":5.0,"turns":3.0},{"damage":24.0,"enemies":"Lagavulin","floor":8.0,"turns":6.0},{"damage":0.0,"enemies":"2 Fungi Beasts","floor":9.0,"turns":2.0},{"damage":10.0,"enemies":"Lots of Slimes","floor":10.0,"turns":5.0},{"damage":10.0,"enemies":"Exordium Thugs","floor":12.0,"turns":3.0},{"damage":0.0,"enemies":"Lots of Slimes","floor":13.0,"turns":4.0},{"damage":0.0,"enemies":"Large Slime","floor":14.0,"turns":2.0},{"damage":0.0,"enemies":"3 Louse","floor":15.0,"turns":3.0},{"damage":3.0,"enemies":"WA_ARCHETYPE_RETAIN","floor":16.0,"turns":4.0},{"damage":10.0,"enemies":"Chosen","floor":19.0,"turns":3.0},{"damage":5.0,"enemies":"3 Byrds","floor":20.0,"turns":3.0},{"damage":6.0,"enemies":"Centurion and Healer","floor":21.0,"turns":3.0},{"damage":22.0,"enemies":"Sentry and Sphere","floor":22.0,"turns":7.0},{"damage":21.0,"enemies":"Snake Plant","floor":23.0,"turns":4.0},{"damage":0.0,"enemies":"downfall:FleeingMerchant","floor":25.0,"turns":4.0},{"damage":12.0,"enemies":"Shelled Parasite and Fungi","floor":27.0,"turns":5.0},{"damage":5.0,"enemies":"Gremlin Leader","floor":28.0,"turns":4.0},{"damage":0.0,"enemies":"Centurion and Healer","floor":30.0,"turns":3.0},{"damage":0.0,"enemies":"Sentry and Sphere","floor":31.0,"turns":2.0},{"damage":12.0,"enemies":"Shelled Parasite and Fungi","floor":32.0,"turns":2.0},{"damage":27.0,"enemies":"DF_ARCHETYPE_CLAW","floor":33.0,"turns":7.0},{"damage":0.0,"enemies":"3 Shapes","floor":36.0,"turns":3.0},{"damage":3.0,"enemies":"3 Darklings","floor":37.0,"turns":3.0},{"damage":20.0,"enemies":"4 Shapes","floor":38.0,"turns":4.0},{"damage":0,"enemies":"Spire Growth","floor":39,"turns":2},{"damage":18,"enemies":"Nemesis","floor":40,"turns":3},{"damage":4,"enemies":"Reptomancer","floor":45,"turns":6},{"damage":0,"enemies":"Transient","floor":46,"turns":5},{"damage":4,"enemies":"Jaw Worm Horde","floor":47,"turns":2},{"damage":0,"enemies":"downfall:FleeingMerchant","floor":48,"turns":2},{"damage":0,"enemies":"3 Darklings","floor":49,"turns":2},{"damage":0,"enemies":"SI_POISON_ARCHETYPE","floor":50,"turns":3},{"damage":0,"enemies":"downfall:CharBossMerchant","floor":52,"turns":2},{"damage":0,"enemies":"downfall:NeowBoss","floor":55,"turns":4},{"damage":43,"enemies":"downfall:NeowBossFinal","floor":56,"turns":6}],"seed_played":"219614853963686163","potions_obtained":[{"floor":3.0,"key":"champ:CounterPotion"},{"floor":4.0,"key":"GamblersBrew"},{"floor":6.0,"key":"EntropicBrew"},{"floor":6.0,"key":"champ:CounterPotion"},{"floor":8.0,"key":"Swift Potion"},{"floor":9.0,"key":"AttackPotion"},{"floor":13.0,"key":"Block Potion"}],"is_trial":false,"path_per_floor":["R","M","M","M","M","?","T","E","M","M","R","M","M","M","M","B",null,"R","M","M","M","M","M","T","$","?","M","E","R","M","M","M","B",null,"R","M","M","M","M","E","T","R","?","R","E","M","M","$","M","B",null,"E","$","R","B","B",null],"character_chosen":"THE_AUTOMATON","items_purchased":["Membership Card","PreservedInsect","Thread and Needle","DollysMirror","expansioncontent:DashGenerateEvil","Whetstone","HornCleat"],"campfire_rested":1,"item_purchase_floors":[25,25,48,48,48,53,53],"current_hp_per_floor":[70,67,70,69,70,70,70,46,53,50,50,47,54,61,68,70,70,70,67,62,63,48,34,34,34,34,30,33,54,56,56,51,35,70,70,70,67,59,70,54,54,64,64,64,73,80,80,80,80,80,80,80,80,80,80,56],"gold":58,"neow_bonus":"BOSS_RELIC","is_daily":false,"chose_seed":false,"campfire_upgraded":6,"win_rate":0.0,"timestamp":1612103585,"path_taken":["R","M","M","M","M","?","T","E","M","M","R","M","M","M","M","BOSS","R","M","M","M","M","M","T","$","?","M","E","R","M","M","M","BOSS","R","M","M","M","M","E","T","R","?","R","E","M","M","$","M","BOSS","E","$","R","BOSS","BOSS"],"items_purchased_type":["Relic","Relic","Relic","Relic","Card","Relic","Relic"],"build_version":"2020-12-22","purchased_purges":3,"victory":true,"max_hp_per_floor":[70,70,70,70,70,70,70,70,70,70,70,70,70,70,70,70,70,70,70,70,70,70,70,70,70,70,70,70,70,70,70,70,70,70,70,70,70,70,70,70,70,80,80,80,80,80,80,80,80,80,80,80,80,80,80,80],"relic_stats":{"Sozu":14,"counters":[38,135],"Bird Faced Urn":[30],"Pandora\u0027s Box":["bronze:BitShift","bronze:HyperBeam","bronze:ShipIt","bronze:Repair","bronze:Turbo","bronze:Iterate","bronze:ChosenStrike","bronze:BurnOut"],"Tiny Chest":0,"Pen Nib":[18],"PreservedInsect":252,"Bag of Preparation":[4],"Whetstone":["expansioncontent:DashGenerateEvil","bronze:HyperBeam"],"Smiling Mask":13,"obtain_stats":[{"bronze:BronzeCore":0,"downfall:HeartBlessingRed":42,"Oddly Smooth Stone":8,"downfall:HeartBlessingGreen":11,"Thread and Needle":48,"Pen Nib":24,"PreservedInsect":25,"Bag of Preparation":52,"Whetstone":53,"Smiling Mask":40,"Sozu":17,"SlaversCollar":34,"HornCleat":53,"downfall:HeartBlessingBlue":42,"DollysMirror":48,"Bird Faced Urn":28,"Pandora\u0027s Box":0,"Tiny Chest":7,"Membership Card":25,"Toy Ornithopter":45},{"bronze:BronzeCore":0,"downfall:HeartBlessingRed":29,"Oddly Smooth Stone":5,"downfall:HeartBlessingGreen":7,"Thread and Needle":33,"Pen Nib":17,"PreservedInsect":18,"Bag of Preparation":36,"Whetstone":36,"Smiling Mask":29,"Sozu":12,"SlaversCollar":24,"HornCleat":36,"downfall:HeartBlessingBlue":29,"DollysMirror":33,"Bird Faced Urn":20,"Pandora\u0027s Box":0,"Tiny Chest":4,"Membership Card":18,"Toy Ornithopter":30},{"bronze:BronzeCore":0,"downfall:HeartBlessingRed":103,"Oddly Smooth Stone":18,"downfall:HeartBlessingGreen":25,"Thread and Needle":118,"Pen Nib":61,"PreservedInsect":65,"Bag of Preparation":125,"Whetstone":125,"Smiling Mask":103,"Sozu":41,"SlaversCollar":88,"HornCleat":125,"downfall:HeartBlessingBlue":103,"DollysMirror":118,"Bird Faced Urn":74,"Pandora\u0027s Box":0,"Tiny Chest":12,"Membership Card":65,"Toy Ornithopter":109}],"Toy Ornithopter":10},"card_choices":[{"not_picked":["bronze:CloningBeam","bronze:Flail"],"picked":"bronze:Shield","floor":2.0},{"not_picked":["bronze:BronzeArmor","bronze:Iterate"],"picked":"bronze:MaxOutput","floor":3.0},{"not_picked":["bronze:DigitalCarnage","bronze:BuggyMess"],"picked":"bronze:ChosenStrike","floor":4.0},{"not_picked":["bronze:Branch","bronze:CutThrough"],"picked":"bronze:ForceShield","floor":5.0},{"not_picked":["bronze:GetLatest","bronze:Iterate","bronze:WildBeam"],"picked":"SKIP","floor":8.0},{"not_picked":["bronze:CutThrough","bronze:DelayedSlice"],"picked":"bronze:Break","floor":9.0},{"not_picked":["bronze:WildBeam","bronze:Iterate"],"picked":"bronze:BronzeArmor","floor":10.0},{"not_picked":["bronze:Optimize","bronze:Deprecate"],"picked":"bronze:Invalidate","floor":12.0},{"not_picked":["bronze:DigitalCarnage","bronze:Overheat"],"picked":"bronze:BugBarrage","floor":13.0},{"not_picked":["bronze:NullPointer","bronze:DelayedGuard","bronze:BronzeOrb"],"picked":"SKIP","floor":14.0},{"not_picked":["bronze:CloningBeam","bronze:Shield"],"picked":"bronze:BugBarrage","floor":15.0},{"not_picked":["bronze:CleanCode","bronze:RecursiveStrike"],"picked":"bronze:ShipIt","floor":16.0},{"not_picked":["bronze:Overheat+1","bronze:BuggyMess"],"picked":"bronze:Shield+1","floor":19.0},{"not_picked":["bronze:FollowUp+1","bronze:Frontload"],"picked":"bronze:BugBarrage","floor":20.0},{"not_picked":["bronze:Turbo+1","bronze:Shield"],"picked":"bronze:FineTuning+1","floor":21.0},{"not_picked":["bronze:WhirlingStrike","bronze:BuggyMess"],"picked":"bronze:DelayedGuard+1","floor":22.0},{"not_picked":["bronze:DelayedGuard","bronze:DelayedSlice"],"picked":"bronze:BugBarrage+1","floor":23.0},{"not_picked":["bronze:RecursiveStrike","bronze:Deprecate"],"picked":"bronze:Shield","floor":25.0},{"not_picked":["bronze:FollowUp","bronze:DelayedSlice+1","bronze:CutThrough+1"],"picked":"SKIP","floor":27.0},{"not_picked":["bronze:BronzeOrb","bronze:Boost","bronze:NullPointer"],"picked":"SKIP","floor":28.0},{"not_picked":["bronze:Iterate","bronze:Invalidate+1","bronze:Deprecate+1"],"picked":"SKIP","floor":30.0},{"not_picked":["bronze:Turbo","bronze:BuggyMess"],"picked":"bronze:MaxOutput+1","floor":31.0},{"not_picked":["bronze:DelayedSlice","bronze:DelayedGuard","bronze:BugBarrage"],"picked":"SKIP","floor":32.0},{"not_picked":["bronze:CleanCode","bronze:Assembly"],"picked":"bronze:FindAndReplace","floor":33.0},{"not_picked":["bronze:DelayedGuard+1","bronze:Repulsor"],"picked":"bronze:ItsAFeature","floor":36.0},{"not_picked":["bronze:BitShift+1","bronze:OilSpill+1"],"picked":"bronze:Turbo+1","floor":37.0},{"not_picked":["bronze:AlphaBuild","bronze:Flail+1","bronze:ForLoop"],"picked":"SKIP","floor":38.0},{"not_picked":["bronze:OilSpill+1","bronze:BuggyMess","bronze:Overheat"],"picked":"SKIP","floor":39},{"not_picked":["bronze:WhirlingStrike","bronze:BuggyMess","bronze:BitShift"],"picked":"SKIP","floor":40},{"not_picked":["bronze:OilSpill","bronze:FindAndReplace"],"picked":"bronze:ItsAFeature+1","floor":45},{"not_picked":["bronze:Optimize+1","bronze:DelayedGuard+1"],"picked":"bronze:BugBarrage+1","floor":46},{"not_picked":["bronze:Boost","bronze:DelayedSlice","bronze:BitShift+1"],"picked":"SKIP","floor":47},{"not_picked":["bronze:Safeguard+1","bronze:NullPointer","bronze:BronzeOrb"],"picked":"SKIP","floor":48},{"not_picked":["bronze:Branch","bronze:Iterate"],"picked":"bronze:Shield","floor":49},{"not_picked":["bronze:Branch+1","bronze:Shield","bronze:FineTuning"],"picked":"SKIP","floor":52}],"player_experience":211600,"relics_obtained":[{"floor":7.0,"key":"Tiny Chest"},{"floor":8.0,"key":"Oddly Smooth Stone"},{"floor":24.0,"key":"Pen Nib"},{"floor":28.0,"key":"Bird Faced Urn"},{"floor":40,"key":"Smiling Mask"},{"floor":45,"key":"Toy Ornithopter"},{"floor":52,"key":"Bag of Preparation"}],"event_choices":[{"damage_healed":0.0,"max_hp_gain":0.0,"max_hp_loss":0.0,"gold_gain":0.0,"event_name":"Lab","player_choice":"Got Potions","floor":6.0,"gold_loss":0.0,"damage_taken":0.0}],"is_beta":false,"boss_relics":[{"not_picked":["Snecko Eye","Runic Pyramid"],"picked":"Sozu"},{"not_picked":["Astrolabe","Tiny House"],"picked":"SlaversCollar"}],"items_purged_floors":[25,48,53],"is_endless":false,"potions_floor_spawned":[3,4,8,9,13,16,21,27,28,30,32,36,38,39,40,52],"ascension_level":0}}