{"host":"yq2wmfr0u0wuvxc0","time":1612071678,"event":{"mods":["Act Like it!","Aspiration","BaseMod","Curses Come First","Downfall","Friendly Minions","Gensokyo","Hubris","Infinite Spire","Marisa????????","Minty Spire (QoL Compilation)","Pale of the Ancients","Remilia??????","Shop Mod","Smile Girya","Spicy Shops","StSLib","The Jungle","The Servant 0.9.4","Wide Potions"],"gold_per_floor":[99,110,260,276,376,390,390,425,325,343,343,67,83,139,158,259,259,259,269,269,279,279,379,379,379,279,291,291,291,291,291],"floor_reached":29,"language":"ZHS","playtime":1050,"items_purged":[],"score":273,"play_id":"5a8dc5f5-511c-43dc-a188-2374cdc6372a","local_time":"20210130214118","is_ascension_mode":true,"campfire_choices":[{"data":"hexamod:Sear","floor":1.0,"key":"SMITH"},{"data":"hexamod:EtherealExpedition","floor":9.0,"key":"SMITH"},{"data":"hexamod:NightmareStrike","floor":11.0,"key":"SMITH"},{"data":"hexamod:UnleashSpirits","floor":18.0,"key":"SMITH"},{"data":"expansioncontent:QuickStudy","floor":26.0,"key":"SMITH"},{"data":"hexamod:NecessarySacrifice","floor":28.0,"key":"SMITH"}],"circlet_count":0,"master_deck":["hexamod:Sear+1","hexamod:Float","hexamod:BurningTouch","hexamod:SpectersWail+1","hexamod:TimeWarp","hexamod:NightmareStrike+1","hexamod:ShieldOfDarkness","hexamod:EtherealExpedition+1","hexamod:AdvancingGuard","hexamod:HeatCrush","expansioncontent:QuickStudy+1","hexamod:ThirdSeal","hexamod:SixthSeal","hexamod:UnleashSpirits+1","hexamod:CouncilsJustice","hexamod:CouncilsJustice","hexamod:CouncilsJustice","Ghostly","Ghostly","Ghostly","RitualDagger","Regret","hexamod:ApocalypseNow","hubris:Envy","downfall:Haunted","hubris:Wrath","Injury","hexamod:ApocalypseNow","hexamod:HeatCrush","hubris:Lust","hexamod:GhostLash+1","hexamod:NecessarySacrifice+1"],"relics":["hubris:Backtick","Charon\u0027s Ashes","Blue Candle","aspiration:TomeofQuesting","downfall:HeartBlessingGreen","Toy Ornithopter","Coffee Dripper","downfall:ExtraCursedKey","downfall:HeartBlessingBlue"],"acts_visited":["Exordium","TheCity"],"potions_floor_usage":[29,29],"damage_taken":[{"damage":1.0,"enemies":"Cultist","floor":2.0,"turns":3.0},{"damage":9.0,"enemies":"2 Louse","floor":4.0,"turns":2.0},{"damage":20.0,"enemies":"downfall:Heads","floor":5.0,"turns":5.0},{"damage":0.0,"enemies":"Small Slimes","floor":6.0,"turns":3.0},{"damage":0.0,"enemies":"Gremlin Nob","floor":8.0,"turns":3.0},{"damage":10.0,"enemies":"Exordium Wildlife","floor":10.0,"turns":3.0},{"damage":0.0,"enemies":"downfall:FleeingMerchant","floor":12.0,"turns":4.0},{"damage":1.0,"enemies":"3 Louse","floor":13.0,"turns":2.0},{"damage":3.0,"enemies":"Gremlin Nob","floor":14.0,"turns":3.0},{"damage":0.0,"enemies":"Exordium Thugs","floor":15.0,"turns":1.0},{"damage":4.0,"enemies":"WA_ARCHETYPE_RETAIN","floor":16.0,"turns":5.0},{"damage":0.0,"enemies":"3 Byrds","floor":19.0,"turns":2.0},{"damage":1.0,"enemies":"Shell Parasite","floor":21.0,"turns":2.0},{"damage":34.0,"enemies":"Shelled Parasite and Fungi","floor":27.0,"turns":3.0},{"damage":25,"enemies":"Book of Stabbing","floor":29,"turns":2}],"seed_played":"686383335228111495","potions_obtained":[{"floor":5.0,"key":"Fire Potion"},{"floor":8.0,"key":"SpeedPotion"},{"floor":13.0,"key":"Regen Potion"},{"floor":16.0,"key":"EssenceOfSteel"}],"is_trial":false,"path_per_floor":["R","M","?","M","?","M","T","E","R","M","R","$","M","?","M","B",null,"R","M","?","M","?","?","T","?","R","M","R","E"],"character_chosen":"THE_SPIRIT","items_purchased":["hexamod:HeatCrush","expansioncontent:QuickStudy"],"campfire_rested":0,"item_purchase_floors":[12,12],"current_hp_per_floor":[70,69,69,60,40,40,40,40,40,30,30,30,29,26,26,41,70,70,70,35,34,28,33,33,33,43,9,9,0,0,0],"gold":291,"neow_bonus":"BOSS_RELIC","is_daily":false,"chose_seed":false,"campfire_upgraded":6,"win_rate":0.0,"timestamp":1612071678,"path_taken":["R","M","?","M","?","M","T","E","R","M","R","$","M","?","M","BOSS","R","M","?","M","?","?","T","?","R","M","R","E"],"items_purchased_type":["Card","Card"],"build_version":"2020-12-22","purchased_purges":0,"victory":false,"max_hp_per_floor":[70,70,70,70,70,70,70,70,70,70,70,70,70,70,70,70,70,70,70,35,35,35,40,40,40,50,50,50,50,50,50],"card_choices":[{"not_picked":["hexamod:PhantomFireball","hexamod:CatchUp"],"picked":"hexamod:BurningTouch","floor":2.0},{"not_picked":["hexamod:Firestarter","hexamod:ThermalTransfer"],"picked":"hexamod:SpectersWail","floor":4.0},{"not_picked":["hexamod:SuperheatedStrike","hexamod:ThermalTransfer"],"picked":"hexamod:NightmareStrike","floor":5.0},{"not_picked":["hexamod:SuperheatedStrike","hexamod:HauntingEcho"],"picked":"hexamod:ShieldOfDarkness","floor":6.0},{"not_picked":["hexamod:Toasty","hexamod:FlamesFromBeyond"],"picked":"hexamod:EtherealExpedition","floor":8.0},{"not_picked":["hexamod:FlamesFromBeyond","hexamod:Again"],"picked":"hexamod:AdvancingGuard","floor":10.0},{"not_picked":["hexamod:Firestarter","hexamod:FlamesFromBeyond","hexamod:HauntingEcho"],"picked":"SKIP","floor":12.0},{"not_picked":["hexamod:HexaLevel","hexamod:FlamesFromBeyond","hexamod:NightmareStrike"],"picked":"SKIP","floor":13.0},{"not_picked":["hexamod:SuperheatedStrike","hexamod:ShieldOfDarkness"],"picked":"hexamod:ThirdSeal","floor":15.0},{"not_picked":["hexamod:GhostflameInferno","hexamod:VolcanoVisage"],"picked":"hexamod:SixthSeal","floor":16.0},{"not_picked":["hexamod:ApocalypticArmor","hexamod:SixthSeal"],"picked":"hexamod:UnleashSpirits","floor":16.0},{"not_picked":["hexamod:PhantomCloak","hexamod:ShieldOfDarkness","hexamod:Firestarter"],"picked":"SKIP","floor":19.0},{"not_picked":["hexamod:AdvancingGuard+1","hexamod:ChargedBarrage","hexamod:ThermalTransfer+1"],"picked":"SKIP","floor":19.0},{"not_picked":["hexamod:SwordOfDarkness+1","hexamod:WildfireWeapon","hexamod:SpectersWail"],"picked":"SKIP","floor":21.0},{"not_picked":["hexamod:BacktrackSmack","hexamod:BurningTouch+1"],"picked":"hexamod:GhostLash+1","floor":27.0},{"not_picked":["hexamod:GhostOfSpirePast","hexamod:SoulSteal"],"picked":"hexamod:NecessarySacrifice","floor":27.0}],"player_experience":287287,"relics_obtained":[{"floor":7.0,"key":"Blue Candle"},{"floor":8.0,"key":"aspiration:TomeofQuesting"},{"floor":14.0,"key":"Toy Ornithopter"}],"event_choices":[],"is_beta":false,"boss_relics":[{"not_picked":["Philosopher\u0027s Stone","hubris:ScarierMask"],"picked":"Coffee Dripper"}],"items_purged_floors":[],"is_endless":false,"potions_floor_spawned":[5,8,13,16,19],"killed_by":"Book of Stabbing","ascension_level":2}}