{"host":"jmdwsiegw2vwqzt1","time":1612055773,"event":{"mods":["2.2 Compatiblity","AchievementEnabler","BaseMod","Better Third Choice","Better Vampires","Colored Powertips","Custom Start","Dio Mod","Downfall","Hermit","Highlight Path","Jorbs\u0027s Wanderer Trilogy","Minty Spire (QoL Compilation)","Permanent Neow","Quick Restart","Rare Cards Sparkle","Relic Stats","Spicy Shops","StSLib","SuperFastMode","The Bug Knight","The Cursed","The Disciple","The Hierophant","The Necromancer","The Servant 0.9.4","slay the spire mod where everything is the same but ironclad has a cowboy hat"],"gold_per_floor":[119,191,191,116,122,122,137,137,160,235,253,107,122,156,156,156,156],"floor_reached":16,"language":"ENG","playtime":463,"items_purged":[],"score":100,"play_id":"365eea49-8e85-4d20-b8f8-df57be57a91a","local_time":"20210130201613","is_ascension_mode":false,"campfire_choices":[{"data":"hierophant:HolyVerse","floor":6.0,"key":"SMITH"},{"data":"hierophant:ChurchCoffers","floor":8.0,"key":"SMITH"},{"floor":15.0,"key":"REST"}],"circlet_count":0,"master_deck":["hierophant:Strike_Hierophant","hierophant:Strike_Hierophant","hierophant:Strike_Hierophant","hierophant:Strike_Hierophant","hierophant:Punish+1","hierophant:Defend_Hierophant","hierophant:Defend_Hierophant","hierophant:Defend_Hierophant","hierophant:Defend_Hierophant","hierophant:ChurchCoffers+1","hierophant:Sermon","hierophant:HolyVerse+1","hierophant:HammerAndAnvil","hierophant:FieryStrike"],"relics":["hierophant:PropheticMaskRelic","Medical Kit","Regal Pillow","Membership Card","Torii"],"acts_visited":["Exordium"],"potions_floor_usage":[16,16],"damage_taken":[{"damage":0.0,"enemies":"Small Slimes","floor":1.0,"turns":1.0},{"damage":8.0,"enemies":"Jaw Worm","floor":5.0,"turns":2.0},{"damage":0.0,"enemies":"Cultist","floor":7.0,"turns":2.0},{"damage":0.0,"enemies":"3 Louse","floor":11.0,"turns":1.0},{"damage":0.0,"enemies":"Gremlin Gang","floor":13.0,"turns":1.0},{"damage":35.0,"enemies":"Gremlin Nob","floor":14.0,"turns":4.0},{"damage":71,"enemies":"Hexaghost","floor":16,"turns":16}],"seed_played":"-8039186742848907379","potions_obtained":[{"floor":5.0,"key":"SpeedPotion"},{"floor":11.0,"key":"Strength Potion"},{"floor":14.0,"key":"Strength Potion"}],"is_trial":false,"path_per_floor":["M","?","?","$","M","R","M","R","T","?","M","$","M","E","R","B"],"character_chosen":"HIEROPHANT","items_purchased":["Medical Kit","Membership Card"],"campfire_rested":1,"item_purchase_floors":[4,12],"current_hp_per_floor":[75,75,80,80,72,72,72,72,72,64,64,64,64,29,68,0,0],"gold":156,"neow_bonus":"UPGRADE_CARD","is_daily":false,"chose_seed":false,"campfire_upgraded":2,"win_rate":0.0,"timestamp":1612055773,"path_taken":["M","?","?","?","?","R","M","R","T","?","?","$","M","E","R","BOSS"],"items_purchased_type":["Relic","Relic"],"build_version":"2020-12-22","purchased_purges":0,"victory":false,"max_hp_per_floor":[75,75,80,80,80,80,80,80,80,80,80,80,80,80,80,80,80],"relic_stats":{"Regal Pillow":15,"Torii":25,"counters":[7,27],"Medical Kit":[9],"obtain_stats":[{"Regal Pillow":9,"Torii":14,"hierophant:PropheticMaskRelic":0,"Membership Card":12,"Medical Kit":4},{"Regal Pillow":3,"Torii":6,"hierophant:PropheticMaskRelic":0,"Membership Card":4,"Medical Kit":1},{"Regal Pillow":5,"Torii":11,"hierophant:PropheticMaskRelic":0,"Membership Card":6,"Medical Kit":1}]},"card_choices":[{"not_picked":["hierophant:HammerAndAnvil","hierophant:ThreeLashes"],"picked":"hierophant:Sermon","floor":1.0},{"not_picked":["hierophant:FlamingChariot","hierophant:Sermon"],"picked":"hierophant:HolyVerse","floor":5.0},{"not_picked":["hierophant:ThreeLashes","hierophant:Zeal","hierophant:OrnateBuckler"],"picked":"SKIP","floor":7.0},{"not_picked":["hierophant:Remorse","hierophant:Alms"],"picked":"hierophant:HammerAndAnvil","floor":11.0},{"not_picked":["hierophant:Bribe","hierophant:Blessing"],"picked":"hierophant:FieryStrike","floor":13.0},{"not_picked":["hierophant:LocustPlague","hierophant:Remorse","hierophant:Upheaval"],"picked":"SKIP","floor":14.0}],"player_experience":331753,"relics_obtained":[{"floor":9.0,"key":"Regal Pillow"},{"floor":14.0,"key":"Torii"}],"event_choices":[{"damage_healed":0.0,"max_hp_gain":0.0,"max_hp_loss":0.0,"gold_gain":72.0,"event_name":"Golden Wing","player_choice":"Gained Gold","floor":2.0,"gold_loss":0.0,"damage_taken":0.0},{"damage_healed":0.0,"max_hp_gain":5.0,"max_hp_loss":0.0,"gold_gain":0.0,"event_name":"Big Fish","player_choice":"Donut","floor":3.0,"gold_loss":0.0,"damage_taken":0.0},{"damage_healed":0.0,"max_hp_gain":0.0,"max_hp_loss":0.0,"gold_gain":75.0,"event_name":"FaceTrader","player_choice":"Touch","floor":10.0,"gold_loss":0.0,"damage_taken":8.0}],"is_beta":false,"boss_relics":[],"items_purged_floors":[],"is_endless":false,"potions_floor_spawned":[5,11,14],"killed_by":"Hexaghost","ascension_level":0}}