{"host":"facnppb4175fcpe2","time":1612096458,"event":{"mods":["AchievementEnabler","BaseMod","Colored Map","Colored Powertips","Highlight Path","Minty Spire (QoL Compilation)","Quick Restart","Rare Cards Sparkle","Relic Stats","StSLib","SuperFastMode"],"gold_per_floor":[110,126,137,137,137,137,164,179,179,179,179,179],"floor_reached":11,"language":"ZHS","playtime":280,"items_purged":[],"score":88,"play_id":"3df40d42-5fbd-4589-952a-3c5588f02858","local_time":"20210131203418","is_ascension_mode":true,"campfire_choices":[{"data":"Envenom","floor":6.0,"key":"SMITH"},{"data":"Bouncing Flask","floor":10.0,"key":"SMITH"}],"circlet_count":0,"master_deck":["Strike_G","Strike_G","Strike_G","Strike_G","Defend_G","Defend_G","Defend_G","Defend_G","Defend_G","Survivor","Neutralize","Envenom+1","Deadly Poison","Footwork","Bouncing Flask+1"],"relics":["Ring of the Snake","WingedGreaves","InkBottle"],"acts_visited":["Exordium"],"potions_floor_usage":[11],"damage_taken":[{"damage":5.0,"enemies":"Cultist","floor":1.0,"turns":5.0},{"damage":0.0,"enemies":"2 Louse","floor":2.0,"turns":2.0},{"damage":1.0,"enemies":"Jaw Worm","floor":3.0,"turns":5.0},{"damage":11.0,"enemies":"Lagavulin","floor":7.0,"turns":6.0},{"damage":11.0,"enemies":"2 Fungi Beasts","floor":8.0,"turns":5.0},{"damage":14,"enemies":"3 Sentries","floor":11,"turns":7}],"seed_played":"1574766160733580858","potions_obtained":[{"floor":2.0,"key":"Energy Potion"},{"floor":7.0,"key":"SteroidPotion"},{"floor":8.0,"key":"DuplicationPotion"}],"is_trial":false,"path_per_floor":["M","M","M","$","?","R","E","M","T","R","E"],"character_chosen":"THE_SILENT","items_purchased":[],"campfire_rested":0,"item_purchase_floors":[],"current_hp_per_floor":[44,44,43,43,36,36,25,14,14,14,0,0],"gold":179,"neow_bonus":"THREE_RARE_CARDS","is_daily":false,"chose_seed":false,"campfire_upgraded":2,"win_rate":0.0,"timestamp":1612096458,"path_taken":["M","M","M","?","?","R","E","?","T","R","E"],"items_purchased_type":[],"build_version":"2020-12-22","purchased_purges":0,"victory":false,"max_hp_per_floor":[70,70,70,70,70,70,70,70,70,70,70,70],"relic_stats":{"counters":[6,30],"obtain_stats":[{"WingedGreaves":7,"InkBottle":9,"Ring of the Snake":0},{"WingedGreaves":4,"InkBottle":5,"Ring of the Snake":0},{"WingedGreaves":18,"InkBottle":23,"Ring of the Snake":0}],"InkBottle":[2],"Ring of the Snake":[12]},"card_choices":[{"not_picked":["Grand Finale","Glass Knife"],"picked":"Envenom","floor":0.0},{"not_picked":["Acrobatics","Cloak And Dagger"],"picked":"Deadly Poison","floor":1.0},{"not_picked":["Deadly Poison","PiercingWail"],"picked":"Footwork","floor":2.0},{"not_picked":["Accuracy","Predator"],"picked":"Bouncing Flask","floor":3.0},{"not_picked":["Masterful Stab","Underhanded Strike","Eviscerate"],"picked":"SKIP","floor":7.0},{"not_picked":["Blur","Deadly Poison","Bane"],"picked":"SKIP","floor":8.0}],"player_experience":104538,"relics_obtained":[{"floor":7.0,"key":"WingedGreaves"},{"floor":9.0,"key":"InkBottle"}],"event_choices":[{"cards_removed":["Strike_G"],"damage_healed":0.0,"max_hp_gain":0.0,"max_hp_loss":0.0,"gold_gain":0.0,"event_name":"Golden Wing","player_choice":"Card Removal","floor":5.0,"gold_loss":0.0,"damage_taken":7.0}],"is_beta":false,"boss_relics":[],"items_purged_floors":[],"is_endless":false,"potions_floor_spawned":[2,7,8],"killed_by":"3 Sentries","ascension_level":4}}