{"host":"6affnl2vk6en9o4b","time":1612101706,"event":{"mods":["AchievementEnabler","Aspiration","BaseMod","BetterRewards","Colored Powertips","Conspire","Downfall","Friendly Minions","Googly Eyes","Highlight Path","Hubris","Minty Spire (QoL Compilation)","Replay The Spire","StSLib","Trackpad","Unceasing Turn Reminder"],"gold_per_floor":[99,119,135,151,353,253,325,343,343,363,392,409,409,57,69,166,166,66,76,76,61,61,76,76,76,76,76,76,104,4,4,15,111,111,111,125,175,175,151,174,174,174,174,194,209,209,209,209],"floor_reached":46,"language":"ENG","playtime":2058,"items_purged":["Pain"],"score":538,"play_id":"f48aad2a-c4c6-4017-8d52-426c83d6ee81","local_time":"20210131140146","is_ascension_mode":false,"campfire_choices":[{"floor":1.0,"key":"RECALL"},{"data":"Slimebound:Gluttony","floor":6.0,"key":"SMITH"},{"floor":9.0,"key":"REST"},{"floor":18.0,"key":"DIG"},{"data":"Slimebound:DouseInSlime","floor":25.0,"key":"SMITH"},{"data":"Slimebound:TongueLash","floor":27.0,"key":"SMITH"},{"data":"Slimebound:Schlurp","floor":30.0,"key":"SMITH"},{"data":"Slimebound:AcidTongue","floor":35.0,"key":"SMITH"},{"data":"Slimebound:Darklings","floor":43,"key":"SMITH"}],"circlet_count":0,"master_deck":["Slimebound:Tackle","Slimebound:Defend_Slimebound","Slimebound:Defend_Slimebound","Slimebound:Defend_Slimebound","Slimebound:Defend_Slimebound","Slimebound:Split","Slimebound:CorrosiveSpit","Slimebound:Gluttony+1","Slimebound:GoopSpray","Slimebound:TongueLash+1","Slimebound:Schlurp+1","Slimebound:LivingWall","Slimebound:RejuvenatingLick","Slimebound:GrowthPunch","Slimebound:Schlurp","Slimebound:HauntingLick","Slimebound:SplitBruiser","Slimebound:HauntingLick","Slimebound:SplitLeeching","Bite","Bite","Bite","Bite","Bite","Slimebound:ItLooksTasty","Slimebound:Prepare","downfall:Bewildered","Slimebound:SpikyOuterGoop+1","Ghostly","Ghostly","Ghostly","Ghostly","Ghostly","Slimebound:AcidTongue+1","Slimebound:MinionMaster","Slimebound:Prepare+1","Slimebound:LeadByExample","hubris:Greed","Replay:SS_hec_1","Slimebound:Equalize","Slimebound:Darklings+1","Slimebound:PressTheAttack+1","Slimebound:MegaLick"],"relics":["Slimebound:AbsorbEndCombat","downfall:HeartBlessingRed","Pear","Mango","ChewingGum","downfall:HeartBlessingGreen","aspiration:FrozenJewel","WarpedTongs","sneckomod:BabySnecko","aspiration:RitualStick","trackpad:BottledTsunami","downfall:HeartBlessingBlue","hubris:HollowSoul","Unceasing Top","downfall:TeleportStone","ReplayTheSpireMod:CursedCoin","Darkstone Periapt"],"acts_visited":["Exordium","TheCity","TheBeyond"],"potions_floor_usage":[39,45],"damage_taken":[{"damage":3.0,"enemies":"Jaw Worm","floor":2.0,"turns":7.0},{"damage":0.0,"enemies":"Small Slimes","floor":3.0,"turns":3.0},{"damage":0.0,"enemies":"Cultist","floor":4.0,"turns":4.0},{"damage":17.0,"enemies":"3 Louse","floor":8.0,"turns":3.0},{"damage":3.0,"enemies":"Exordium Thugs","floor":10.0,"turns":5.0},{"damage":36.0,"enemies":"Gremlin Nob","floor":11.0,"turns":5.0},{"damage":27.0,"enemies":"Exordium Wildlife","floor":12.0,"turns":4.0},{"damage":0.0,"enemies":"downfall:FleeingMerchant","floor":14.0,"turns":4.0},{"damage":2.0,"enemies":"Blue Slaver","floor":15.0,"turns":2.0},{"damage":32.0,"enemies":"SI_SHIV_ARCHETYPE","floor":16.0,"turns":5.0},{"damage":11.0,"enemies":"Spheric Guardian","floor":19.0,"turns":4.0},{"damage":0.0,"enemies":"downfall:FleeingMerchant","floor":21.0,"turns":4.0},{"damage":5.0,"enemies":"Cultist and Chosen","floor":23.0,"turns":5.0},{"damage":8.0,"enemies":"Gremlin Leader","floor":29.0,"turns":5.0},{"damage":14.0,"enemies":"Snecko","floor":32.0,"turns":5.0},{"damage":32.0,"enemies":"DF_ARCHETYPE_CLAW","floor":33.0,"turns":9.0},{"damage":4.0,"enemies":"Orb Walker","floor":36.0,"turns":3.0},{"damage":4,"enemies":"Orb Walker","floor":37,"turns":7},{"damage":0,"enemies":"downfall:FleeingMerchant","floor":39,"turns":4},{"damage":3,"enemies":"3 Shapes","floor":40,"turns":5},{"damage":7,"enemies":"Spire Growth","floor":44,"turns":5},{"damage":23,"enemies":"Transient","floor":45,"turns":5},{"damage":23,"enemies":"Maw","floor":46,"turns":6}],"seed_played":"-7172054509640520730","potions_obtained":[{"floor":2.0,"key":"Block Potion"},{"floor":3.0,"key":"SkillPotion"},{"floor":12.0,"key":"DuplicationPotion"},{"floor":15.0,"key":"Adrenaline Potion"},{"floor":16.0,"key":"Elixir"},{"floor":19.0,"key":"DuplicationPotion"},{"floor":32.0,"key":"bronze:BurnAndBuffPotion"},{"floor":33.0,"key":"Block Potion"},{"floor":37,"key":"Guardian:BlockOnCardUsePotion"},{"floor":40,"key":"Explosive Potion"}],"is_trial":false,"path_per_floor":["R","M","M","M","?","R","T","M","R","M","E","M","?","$","M","B",null,"R","M","?","$","?","M","T","R","?","R","?","E","R","?","M","B",null,"R","M","?","?","$","M","T","?","R","M","M","M"],"character_chosen":"SLIMEBOUND","items_purchased":["Mango","Slimebound:SplitBruiser","ReplayTheSpireMod:CursedCoin","Replay:SS_hec_1"],"campfire_rested":1,"item_purchase_floors":[14,14,39,39],"current_hp_per_floor":[59,64,70,76,46,46,56,47,73,78,48,27,27,47,51,25,101,101,94,70,70,70,70,70,70,70,70,56,68,78,40,28,13,40,40,40,40,40,40,40,40,40,40,40,24,0,0,0],"gold":209,"neow_bonus":"TWENTY_PERCENT_HP_BONUS","is_daily":false,"chose_seed":false,"campfire_upgraded":6,"win_rate":0.0,"timestamp":1612101706,"path_taken":["R","M","M","M","?","R","T","?","R","M","E","M","?","$","M","BOSS","R","M","?","$","?","?","T","R","?","R","?","E","R","?","M","BOSS","R","M","?","?","$","?","T","?","R","M","M","M"],"items_purchased_type":["Relic","Card","Relic","Card"],"build_version":"2020-12-22","purchased_purges":1,"victory":false,"max_hp_per_floor":[77,77,77,77,77,77,87,87,87,87,87,87,87,101,101,101,101,101,101,70,70,70,70,70,70,70,70,70,70,80,40,40,40,40,40,40,40,40,40,40,40,40,40,40,40,40,40,40],"card_choices":[{"not_picked":["Slimebound:LevelUp","Slimebound:RollThrough"],"picked":"Slimebound:Gluttony","floor":2.0},{"not_picked":["Slimebound:SplitLeeching","Slimebound:ItLooksTasty"],"picked":"Slimebound:GoopSpray","floor":3.0},{"not_picked":["Slimebound:ItLooksTasty","Slimebound:SplitBruiser"],"picked":"Slimebound:TongueLash","floor":4.0},{"not_picked":["Slimebound:ComboTackle","Slimebound:FormOfPuddle"],"picked":"Slimebound:Schlurp","floor":5.0},{"not_picked":["Slimebound:ForwardTackle","Slimebound:Repurpose"],"picked":"Slimebound:LivingWall","floor":8.0},{"not_picked":["Slimebound:BestDefense","Slimebound:Gluttony","Slimebound:SlimeBrawl"],"picked":"SKIP","floor":10.0},{"not_picked":["Slimebound:SplitMire","Slimebound:LeechingTouch"],"picked":"Slimebound:RejuvenatingLick","floor":11.0},{"not_picked":["Slimebound:HungryTackle","Slimebound:SlimeBrawl"],"picked":"Slimebound:GrowthPunch","floor":12.0},{"not_picked":["Slimebound:PressTheAttack","Slimebound:ComboTackle"],"picked":"Slimebound:HauntingLick","floor":14.0},{"not_picked":["Slimebound:WasteNot","Slimebound:Schlurp"],"picked":"Slimebound:HauntingLick","floor":15.0},{"not_picked":["Slimebound:MassRepurpose","Slimebound:OneTwoCombo"],"picked":"Slimebound:DouseInSlime","floor":16.0},{"not_picked":["Slimebound:SplitAcid","Slimebound:FlameTackle"],"picked":"Slimebound:SplitLeeching","floor":19.0},{"not_picked":["Slimebound:LeechingTouch","Slimebound:Chomp"],"picked":"Slimebound:ItLooksTasty","floor":21.0},{"not_picked":["Slimebound:SplitLeeching+1","Slimebound:ItLooksTasty"],"picked":"Slimebound:Prepare","floor":23.0},{"not_picked":["Slimebound:Chomp","Slimebound:MassRepurpose"],"picked":"Slimebound:SpikyOuterGoop+1","floor":29.0},{"not_picked":["Slimebound:GrowthPunch","Slimebound:LivingWall"],"picked":"Slimebound:AcidTongue","floor":32.0},{"not_picked":["Slimebound:TagTeam","Slimebound:CheckThePlaybook"],"picked":"Slimebound:MinionMaster","floor":33.0},{"not_picked":["Slimebound:FinishingTackle","Slimebound:SplitBruiser+1"],"picked":"Slimebound:Prepare+1","floor":36.0},{"not_picked":["Slimebound:Prepare+1","Slimebound:FormOfPuddle+1"],"picked":"Slimebound:LeadByExample","floor":37},{"not_picked":["Slimebound:TagTeam","Slimebound:FlameTackle+1","Slimebound:SplitBruiser"],"picked":"SKIP","floor":39},{"not_picked":["Slimebound:Chomp+1","Slimebound:Schlurp+1"],"picked":"Slimebound:Equalize","floor":40},{"not_picked":["Slimebound:SlimeSpikes","Slimebound:Recycling"],"picked":"Slimebound:PressTheAttack+1","floor":44},{"not_picked":["Slimebound:RollThrough","Slimebound:Nibble+1"],"picked":"Slimebound:MegaLick","floor":45}],"player_experience":231735,"relics_obtained":[{"floor":7.0,"key":"Pear"},{"floor":18.0,"key":"aspiration:FrozenJewel"},{"floor":29.0,"key":"trackpad:BottledTsunami"},{"floor":37,"key":"Unceasing Top"},{"floor":41,"key":"Darkstone Periapt"}],"event_choices":[{"damage_healed":0.0,"max_hp_gain":0.0,"max_hp_loss":31.0,"gold_gain":0.0,"event_name":"Vampires","player_choice":"Became a vampire","floor":20.0,"gold_loss":0.0,"damage_taken":0.0,"cards_obtained":["Bite","Bite","Bite","Bite","Bite"]},{"damage_healed":0.0,"max_hp_gain":0.0,"max_hp_loss":0.0,"gold_gain":0.0,"event_name":"Accursed Blacksmith","player_choice":"Rummage","floor":22.0,"gold_loss":0.0,"damage_taken":0.0,"relics_obtained":["WarpedTongs"],"cards_obtained":["Pain"]},{"damage_healed":0.0,"max_hp_gain":0.0,"max_hp_loss":40.0,"gold_gain":0.0,"event_name":"Ghosts","player_choice":"Became a Ghost","floor":31.0,"gold_loss":0.0,"damage_taken":0.0,"cards_obtained":["Ghostly","Ghostly","Ghostly","Ghostly","Ghostly"]}],"is_beta":false,"boss_relics":[{"not_picked":["aspiration:SilentSkillbook","hubris:GrandSneckoEye"],"picked":"ChewingGum"},{"not_picked":["aspiration:SecretTechniqueScroll","hubris:VirtuousBlindfold"],"picked":"hubris:HollowSoul"}],"items_purged_floors":[39],"is_endless":false,"potions_floor_spawned":[2,3,12,15,16,19,32,33,37,40,45],"killed_by":"Maw","ascension_level":0}}