{"host":"rihxvzvzrfpivboj","time":1612127456,"event":{"mods":["Act Like it!","BaseMod","Better Third Choice","Block Reminder","Colored Map","Colored Powertips","Downfall","GifTheSpireLib","Googly Eyes","Jorbs\u0027s Wanderer Trilogy","Keyboard Shortcuts","Minty Spire (QoL Compilation)","Quick Restart","Relic Sorter","StSLib","The Runesmith","Unceasing Turn Reminder","Waifu the Spire"],"gold_per_floor":[99,116,129,129,144,154,154,168,181,214,229,229,244,33,48,144,144,144,154,169,181,198,198,224,240,273,292,306,406,306,306,316,420,420,420,431,442,461,41,41,65,165,65,84,103,145,45,45,61,61,61,95,20,20,20,20,20,20],"floor_reached":56,"language":"ENG","playtime":12207,"items_purged":["bronze:Strike"],"score":856,"play_id":"9d0713a4-dfb5-4228-8ced-a2cbe635ed96","local_time":"20210131221056","is_ascension_mode":false,"campfire_choices":[{"data":"bronze:Replicate","floor":1,"key":"SMITH"},{"data":"bronze:Goto","floor":12,"key":"SMITH"},{"data":"bronze:Mutator","floor":18,"key":"SMITH"},{"floor":30,"key":"REST"},{"floor":35,"key":"RECALL"},{"data":"bronze:Optimize","floor":43,"key":"SMITH"},{"data":"bronze:ForceShield","floor":47,"key":"SMITH"},{"data":"bronze:ShipIt","floor":54,"key":"SMITH"}],"circlet_count":0,"master_deck":["bronze:Defend+1","bronze:Defend","bronze:Defend","bronze:Defend","bronze:Replicate+1","bronze:Goto+1","bronze:BitShift","bronze:Deprecate","bronze:Replicate+1","bronze:BurnOut","bronze:ChildClass","bronze:BugBarrage","bronze:Repair+1","bronze:BuggyMess","bronze:ForceShield+1","bronze:CutThrough","bronze:Backtrace","bronze:MaxOutput","bronze:ShipIt+1","bronze:Mutator+1","bronze:BugBarrage+1","bronze:OilSpill","bronze:Overheat+1","bronze:BronzeOrb+1","bronze:CutThrough","bronze:Repulsor+1","bronze:ForceShield+1","bronze:Shield+1","bronze:WildBeam","bronze:Invalidate","bronze:Optimize+1","bronze:MaxOutput+1","bronze:SpaghettiCode","bronze:Fortify+1","bronze:FineTuning+1","bronze:Boost"],"relics":["bronze:BronzeCore","Regal Pillow","Mercury Hourglass","TheAbacus","bronze:MakeshiftBattery","War Paint","Calipers","MutagenicStrength","downfall:HeartBlessingGreen","Enchiridion","SacredBark","HandDrill","Mummified Hand","downfall:GremlinWheel","downfall:HeartBlessingRed","Vajra","Orichalcum","downfall:HeartBlessingBlue","Du-Vu Doll","Centennial Puzzle"],"acts_visited":["Exordium","TheCity","TheBeyond","TheEnding"],"potions_floor_usage":[8,10,15,21,26,33,46,52,56,56],"damage_taken":[{"damage":1,"enemies":"2 Louse","floor":2,"turns":4},{"damage":1,"enemies":"Cultist","floor":3,"turns":3},{"damage":7,"enemies":"Small Slimes","floor":5,"turns":3},{"damage":4,"enemies":"Red Slaver","floor":6,"turns":3},{"damage":6,"enemies":"Exordium Thugs","floor":8,"turns":4},{"damage":5,"enemies":"Blue Slaver","floor":9,"turns":4},{"damage":7,"enemies":"Lagavulin","floor":10,"turns":7},{"damage":16,"enemies":"Red Slaver","floor":11,"turns":4},{"damage":0,"enemies":"Exordium Wildlife","floor":13,"turns":5},{"damage":3,"enemies":"downfall:FleeingMerchant","floor":14,"turns":4},{"damage":2,"enemies":"Exordium Thugs","floor":15,"turns":3},{"damage":16,"enemies":"IC_STATUS_ARCHETYPE","floor":16,"turns":7},{"damage":6,"enemies":"Shell Parasite","floor":19,"turns":5},{"damage":4,"enemies":"Spheric Guardian","floor":20,"turns":3},{"damage":13,"enemies":"Shelled Parasite and Fungi","floor":21,"turns":4},{"damage":0,"enemies":"Centurion and Healer","floor":22,"turns":4},{"damage":4,"enemies":"Snake Plant","floor":25,"turns":3},{"damage":28,"enemies":"Slavers","floor":26,"turns":5},{"damage":20,"enemies":"Snecko","floor":27,"turns":5},{"damage":12,"enemies":"Centurion and Healer","floor":28,"turns":3},{"damage":25,"enemies":"downfall:Augmenter","floor":29,"turns":7},{"damage":0,"enemies":"Cultist and Chosen","floor":32,"turns":3},{"damage":0,"enemies":"WA_ARCHETYPE_CALM","floor":33,"turns":4},{"damage":1,"enemies":"3 Shapes","floor":36,"turns":4},{"damage":0,"enemies":"Orb Walker","floor":37,"turns":2},{"damage":10,"enemies":"Sphere and 2 Shapes","floor":38,"turns":5},{"damage":2,"enemies":"downfall:FleeingMerchant","floor":39,"turns":4},{"damage":0,"enemies":"downfall:FleeingMerchant","floor":42,"turns":2},{"damage":0,"enemies":"4 Shapes","floor":44,"turns":3},{"damage":0,"enemies":"Maw","floor":45,"turns":5},{"damage":0,"enemies":"downfall:FleeingMerchant","floor":46,"turns":3},{"damage":0,"enemies":"Writhing Mass","floor":49,"turns":2},{"damage":0,"enemies":"SI_POISON_ARCHETYPE","floor":50,"turns":7},{"damage":43,"enemies":"downfall:CharBossMerchant","floor":52,"turns":8},{"damage":4,"enemies":"downfall:NeowBoss","floor":55,"turns":12},{"damage":140,"enemies":"downfall:NeowBossFinal","floor":56,"turns":11}],"seed_played":"-7035209892395939036","potions_obtained":[{"floor":2,"key":"PowerPotion"},{"floor":5,"key":"Swift Potion"},{"floor":11,"key":"Fire Potion"},{"floor":16,"key":"ColorlessPotion"},{"floor":19,"key":"Swift Potion"},{"floor":22,"key":"CultistPotion"},{"floor":23,"key":"FairyPotion"},{"floor":32,"key":"Weak Potion"},{"floor":33,"key":"DistilledChaos"},{"floor":49,"key":"SpeedPotion"},{"floor":52,"key":"bronze:CleanCodePotion"}],"is_trial":false,"path_per_floor":["R","M","M","?","M","M","T","M","M","E","M","R","M","$","M","B",null,"R","M","M","M","M","?","T","M","E","M","M","?","R","?","M","B",null,"R","M","M","M","$","?","T","?","R","M","M","$","R","T","M","B",null,"E","$","R","B","B"],"character_chosen":"THE_AUTOMATON","items_purchased":["TheAbacus","bronze:MaxOutput","HandDrill","Mummified Hand","Vajra","Orichalcum"],"campfire_rested":1,"item_purchase_floors":[14,14,39,39,46,46],"current_hp_per_floor":[77,76,75,75,68,64,64,58,53,53,37,37,44,48,46,37,77,77,77,73,67,74,74,74,77,59,49,47,32,70,54,54,64,77,77,76,77,77,75,75,75,75,75,77,77,77,87,87,87,87,87,54,54,54,60,0,0,0],"gold":20,"neow_bonus":"TEN_PERCENT_HP_BONUS","is_daily":false,"chose_seed":false,"campfire_upgraded":6,"win_rate":0.0,"timestamp":1612127456,"path_taken":["R","M","M","?","M","M","T","M","M","E","M","R","M","?","M","BOSS","R","M","M","?","M","?","T","M","E","?","M","?","R","?","M","BOSS","R","M","M","M","$","?","T","?","R","?","M","$","R","?","M","BOSS","E","$","R","BOSS","BOSS"],"items_purchased_type":["Relic","Card","Relic","Relic","Relic","Relic"],"build_version":"2020-12-22","purchased_purges":1,"victory":false,"max_hp_per_floor":[77,77,77,77,77,77,77,77,77,77,77,77,77,77,77,77,77,77,77,77,77,77,77,77,77,77,77,77,77,77,77,77,77,77,77,77,77,77,77,77,77,77,77,77,77,77,87,87,87,87,87,87,87,87,87,87,87,87],"card_choices":[{"not_picked":["bronze:DigitalCarnage","bronze:Invalidate"],"picked":"bronze:BitShift","floor":2},{"not_picked":["bronze:MaxOutput","bronze:DelayedGuard"],"picked":"bronze:Deprecate","floor":3},{"not_picked":["bronze:ChosenStrike","bronze:Iterate"],"picked":"bronze:BurnOut","floor":5},{"not_picked":["bronze:NullPointer","bronze:Shell"],"picked":"bronze:ChildClass","floor":6},{"not_picked":["bronze:Iterate","bronze:Safeguard"],"picked":"bronze:BugBarrage","floor":8},{"not_picked":["bronze:ItsAFeature","bronze:Shield"],"picked":"bronze:Repair","floor":9},{"not_picked":["bronze:CutThrough","bronze:FollowUp"],"picked":"bronze:BuggyMess","floor":10},{"not_picked":["bronze:WhirlingStrike","bronze:CutThrough"],"picked":"bronze:ForceShield","floor":11},{"not_picked":["bronze:Turbo","bronze:DelayedGuard"],"picked":"bronze:CutThrough","floor":13},{"not_picked":["bronze:DelayedSlice","bronze:Turbo"],"picked":"bronze:Backtrace","floor":14},{"not_picked":["bronze:Invalidate","bronze:MaxOutput"],"picked":"bronze:ShipIt","floor":15},{"not_picked":["bronze:HardenedForm","bronze:Assembly"],"picked":"bronze:Mutator","floor":16},{"not_picked":["bronze:ChildClass","bronze:Return"],"picked":"bronze:BugBarrage+1","floor":19},{"not_picked":["bronze:DelayedGuard","bronze:WhirlingStrike+1"],"picked":"bronze:OilSpill","floor":20},{"not_picked":["bronze:Allocate","bronze:Iterate"],"picked":"bronze:Overheat+1","floor":21},{"not_picked":["bronze:Iterate","bronze:ItsAFeature"],"picked":"bronze:BronzeOrb+1","floor":22},{"not_picked":["bronze:DelayedSlice","bronze:FineTuning"],"picked":"bronze:CutThrough","floor":25},{"not_picked":["bronze:BronzeOrb+1","bronze:HyperBeam"],"picked":"bronze:Repulsor+1","floor":26},{"not_picked":["bronze:Branch","bronze:ForLoop"],"picked":"bronze:ForceShield+1","floor":27},{"not_picked":["bronze:Deprecate","bronze:CutThrough"],"picked":"bronze:Shield+1","floor":28},{"not_picked":["bronze:Branch+1","bronze:Overload+1"],"picked":"bronze:WildBeam","floor":29},{"not_picked":["bronze:Deprecate","bronze:DarkDash+1"],"picked":"bronze:MaxOutput+1","floor":32},{"not_picked":["bronze:HardenedForm","bronze:Virus"],"picked":"bronze:SpaghettiCode","floor":33},{"not_picked":["bronze:CutThrough","bronze:ClassDefault","bronze:Branch"],"picked":"SKIP","floor":36},{"not_picked":["bronze:Deprecate","bronze:OilSpill+1","bronze:Safeguard"],"picked":"SKIP","floor":37},{"not_picked":["bronze:ItsAFeature","bronze:BugBarrage","bronze:ForLoop"],"picked":"SKIP","floor":38},{"not_picked":["bronze:BuggyMess","bronze:Frontload","bronze:Allocate"],"picked":"SKIP","floor":39},{"not_picked":["bronze:DelayedSlice+1","bronze:CutThrough"],"picked":"bronze:Fortify+1","floor":44},{"not_picked":["bronze:ForLoop","bronze:HyperBeam"],"picked":"bronze:FineTuning+1","floor":45},{"not_picked":["bronze:CutThrough","bronze:BugBarrage","bronze:ItsAFeature+1"],"picked":"SKIP","floor":46},{"not_picked":["bronze:Shield","bronze:Repair+1","bronze:WhirlingStrike"],"picked":"SKIP","floor":49},{"not_picked":["bronze:Turbo+1","bronze:HyperBeam"],"picked":"bronze:Boost","floor":52}],"player_experience":1144322,"relics_obtained":[{"floor":7,"key":"Regal Pillow"},{"floor":10,"key":"Mercury Hourglass"},{"floor":24,"key":"War Paint"},{"floor":26,"key":"Calipers"},{"floor":29,"key":"MutagenicStrength"},{"floor":31,"key":"Enchiridion"},{"floor":42,"key":"downfall:GremlinWheel"},{"floor":48,"key":"Du-Vu Doll"},{"floor":52,"key":"Centennial Puzzle"}],"event_choices":[{"damage_healed":0,"gold_gain":0,"player_choice":"Got Potions","damage_taken":0,"max_hp_gain":0,"max_hp_loss":0,"event_name":"Lab","floor":23,"gold_loss":0},{"cards_removed":["bronze:Strike"],"damage_healed":0,"gold_gain":0,"player_choice":"Card Removal","damage_taken":0,"max_hp_gain":0,"max_hp_loss":0,"event_name":"Wheel of Change","floor":54,"gold_loss":0}],"is_beta":false,"boss_relics":[{"not_picked":["Sozu","Runic Dome"],"picked":"bronze:MakeshiftBattery"},{"not_picked":["Snecko Eye","Pandora\u0027s Box"],"picked":"SacredBark"}],"items_purged_floors":[53],"is_endless":false,"potions_floor_spawned":[2,5,11,16,19,22,25,32,33,37,44,45,49,52],"killed_by":"downfall:NeowBossFinal","ascension_level":0}}