{"host":"9n9nzkokhxe59gmc","time":1612087513,"event":{"mods":["Act Like it!","BaseMod","Elementarium","Hallownest","Hermit","Hubris","Infinite Spire","Menagerie","Minty Spire (QoL Compilation)","Replay The Spire","Shade Mod","StSLib","The Marked","The Servant 0.9.4"],"gold_per_floor":[116,116,116,128,144,144,175,191,191,366,366,26,26,26,26,26,26],"floor_reached":16,"language":"ENG","playtime":518,"items_purged":[],"score":98,"play_id":"723ec08f-e8cb-446b-ad41-337a30510026","local_time":"20210131020513","is_ascension_mode":false,"campfire_choices":[{"data":"theMarked:OneWithTheBlade","floor":6,"key":"SMITH"},{"data":"theMarked:HeightenedSenses","floor":11,"key":"SMITH"},{"floor":13,"key":"REST"},{"data":"theMarked:Overcharge","floor":15,"key":"SMITH"}],"circlet_count":0,"master_deck":["theMarked:Strike","theMarked:Strike","theMarked:Strike","theMarked:Strike","theMarked:Strike","theMarked:Defend","theMarked:Defend","theMarked:Defend","theMarked:Defend","theMarked:SoldierOfQuellstein","theMarked:OneWithTheBlade+1","theMarked:Overcharge+1","theMarked:ParalyzingBlade","theMarked:HeightenedSenses+1","Doubt","ReplayTheSpireMod:Splinters"],"relics":["theMarked:ArtifactOfAir","NeowsBlessing","GremlinMask","Replay:Bottled Steam","Mummified Hand","Question Card","hubris:DisguiseKit"],"acts_visited":["Exordium"],"potions_floor_usage":[16,16,16],"damage_taken":[{"damage":0,"enemies":"Cultist","floor":1,"turns":1},{"damage":0,"enemies":"Jaw Worm","floor":4,"turns":1},{"damage":0,"enemies":"infinitespire:Voidling","floor":5,"turns":1},{"damage":32,"enemies":"3 Sentries","floor":7,"turns":10},{"damage":2,"enemies":"2 Fungi Beasts","floor":8,"turns":4},{"damage":62,"enemies":"Slime Boss","floor":16,"turns":12}],"seed_played":"-322933003995792774","potions_obtained":[{"floor":1,"key":"Energy Potion"},{"floor":8,"key":"Swift Potion"}],"is_trial":false,"path_per_floor":["M","?","?","M","M","R","E","M","T","?","R","$","R","?","R","B"],"character_chosen":"THE_DEFAULT","items_purchased":["Question Card","Toxic Potion"],"campfire_rested":1,"item_purchase_floors":[12,12],"current_hp_per_floor":[70,70,70,70,70,70,38,36,36,36,36,36,57,57,57,0,0],"gold":26,"neow_bonus":"THREE_ENEMY_KILL","is_daily":false,"chose_seed":false,"campfire_upgraded":3,"win_rate":0.0,"timestamp":1612087513,"path_taken":["M","?","?","?","M","R","E","M","T","?","R","?","R","?","R","BOSS"],"items_purchased_type":["Relic","Potion"],"build_version":"2020-12-22","purchased_purges":0,"victory":false,"max_hp_per_floor":[70,70,70,70,70,70,70,70,70,70,70,70,70,70,70,70,70],"card_choices":[{"not_picked":["theMarked:TakeCover","theMarked:Parkour","theMarked:Improvise"],"picked":"SKIP","floor":1},{"not_picked":["theMarked:Parkour","theMarked:Opportunist"],"picked":"theMarked:OneWithTheBlade","floor":4},{"not_picked":["theMarked:WastefulAttack","theMarked:AttractMetal"],"picked":"theMarked:Overcharge","floor":5},{"not_picked":["theMarked:Convert","theMarked:Panic"],"picked":"theMarked:ParalyzingBlade","floor":7},{"not_picked":["theMarked:Memento","theMarked:SelfDefenseTraining"],"picked":"theMarked:HeightenedSenses","floor":8}],"player_experience":739161,"relics_obtained":[{"floor":7,"key":"Replay:Bottled Steam"},{"floor":9,"key":"Mummified Hand"}],"event_choices":[{"damage_healed":0,"gold_gain":0,"player_choice":"Leave","damage_taken":0,"max_hp_gain":0,"max_hp_loss":0,"event_name":"The Cleric","floor":2,"gold_loss":0},{"damage_healed":0,"gold_gain":0,"player_choice":"Trade","damage_taken":0,"relics_obtained":["GremlinMask"],"max_hp_gain":0,"max_hp_loss":0,"event_name":"FaceTrader","floor":3,"gold_loss":0},{"damage_healed":0,"gold_gain":175,"player_choice":"AGREE","damage_taken":0,"max_hp_gain":0,"max_hp_loss":0,"event_name":"Liars Game","floor":10,"gold_loss":0,"cards_obtained":["Doubt"]}],"is_beta":false,"boss_relics":[],"items_purged_floors":[],"is_endless":false,"potions_floor_spawned":[1,8],"killed_by":"Slime Boss","ascension_level":0}}