{"host":"8fuipfsvjht9cgcs","time":1612072329,"event":{"mods":["AchievementEnabler","BaseMod","Colored Map","Colored Powertips","DeckTracker","Friendly Minions","Kiyohime£¨?ýï£©","Marisa£¨Ùöéë¡¡Øª×âÞÞ£©","Minty Spire (QoL Compilation)","Prisma Mod","StSLib","SuperFastMode","The Cursed","The Gatherer"],"gold_per_floor":[368,368,379,395,23,51,51,51,121,145,145,179,196,212,212,313,313,327,327,54,34,50,50,62,62,62,62,78,78,38,38,38,133,133,146,146,199,209,67,86,86,16,16,26,40,0,0,13,13,13],"floor_reached":51,"language":"KOR","playtime":2833,"items_purged":["Decay","Strike_B"],"score":896,"play_id":"91a7afb0-caf4-4837-869e-ff17c3f7b5b3","local_time":"20210131185209","is_ascension_mode":true,"campfire_choices":[{"data":"Defragment","floor":7.0,"key":"SMITH"},{"floor":11.0,"key":"REST"},{"data":"Defragment","floor":15.0,"key":"SMITH"},{"data":"Capacitor","floor":23.0,"key":"SMITH"},{"data":"White Noise","floor":27,"key":"SMITH"},{"data":"Storm","floor":32,"key":"SMITH"},{"data":"Machine Learning","floor":41,"key":"SMITH"},{"data":"Amplify","floor":49,"key":"SMITH"}],"circlet_count":0,"master_deck":["Defend_B","Defend_B","Defend_B","Defend_B","Zap","Dualcast","Sweeping Beam","Defragment+1","Chill","Capacitor+1","FTL","Conserve Battery","FTL","Defragment+1","Cold Snap","White Noise+1","Amplify+1","Rebound","Turbo","Compile Driver","Coolheaded","Cold Snap","Lockon","Capacitor","Storm+1","Storm","Buffer","Capacitor+1","Madness","Madness","Self Repair","Machine Learning+1","Heatsinks","Heatsinks","Chill+1"],"relics":["Cracked Core","Bag of Preparation","MealTicket","Happy Flower","Symbiotic Virus","Odd Mushroom","Strawberry","Sozu","ClockworkSouvenir","Bottled Lightning","Runic Pyramid","Bird Faced Urn","Cables","Red Mask"],"acts_visited":["Exordium","TheCity","TheBeyond"],"potions_floor_usage":[50,50],"damage_taken":[{"damage":11.0,"enemies":"2 Louse","floor":1.0,"turns":3.0},{"damage":3.0,"enemies":"Cultist","floor":3.0,"turns":3.0},{"damage":9.0,"enemies":"Jaw Worm","floor":4.0,"turns":2.0},{"damage":33.0,"enemies":"Lagavulin","floor":6.0,"turns":6.0},{"damage":13.0,"enemies":"The Mushroom Lair","floor":10.0,"turns":4.0},{"damage":3.0,"enemies":"3 Sentries","floor":12.0,"turns":7.0},{"damage":0.0,"enemies":"2 Fungi Beasts","floor":13.0,"turns":2.0},{"damage":0.0,"enemies":"3 Louse","floor":14.0,"turns":4.0},{"damage":5.0,"enemies":"Hexaghost","floor":16.0,"turns":8.0},{"damage":7.0,"enemies":"Chosen","floor":18.0,"turns":5.0},{"damage":4.0,"enemies":"2 Thieves","floor":21.0,"turns":4.0},{"damage":6.0,"enemies":"Snecko","floor":22.0,"turns":4.0},{"damage":7,"enemies":"Shelled Parasite and Fungi","floor":24,"turns":4},{"damage":7,"enemies":"Centurion and Healer","floor":28,"turns":6},{"damage":0,"enemies":"Automaton","floor":33,"turns":6},{"damage":7,"enemies":"3 Shapes","floor":35,"turns":3},{"damage":28,"enemies":"2 Orb Walkers","floor":37,"turns":3},{"damage":4,"enemies":"Orb Walker","floor":38,"turns":3},{"damage":0,"enemies":"Maw","floor":40,"turns":4},{"damage":4,"enemies":"4 Shapes","floor":44,"turns":3},{"damage":11,"enemies":"Sphere and 2 Shapes","floor":45,"turns":4},{"damage":0,"enemies":"Transient","floor":48,"turns":5},{"damage":66,"enemies":"Awakened One","floor":50,"turns":5}],"seed_played":"3429437592764762764","potions_obtained":[{"floor":3.0,"key":"Block Potion"},{"floor":12.0,"key":"EntropicBrew"},{"floor":13.0,"key":"Weak Potion"},{"floor":16.0,"key":"SpeedPotion"}],"is_trial":false,"path_per_floor":["M","?","M","M","$","E","R","?","T","?","R","E","M","M","R","B",null,"M","?","$","M","M","R","M","?","T","R","M","?","$","?","R","B",null,"M","?","?","M","$","M","R","$","T","M","M","?","?","M","R","B",null],"character_chosen":"DEFECT","items_purchased":["Capacitor","Bag of Preparation","FTL","Turbo","ClockworkSouvenir","Storm","Machine Learning","Heatsinks"],"campfire_rested":1,"item_purchase_floors":[5,5,5,20,20,30,39,42],"current_hp_per_floor":[64,64,61,52,52,19,19,19,19,6,28,32,32,32,32,27,68,61,61,76,72,66,66,59,59,59,59,52,52,67,67,67,67,78,71,61,33,41,56,82,82,82,82,82,82,82,82,82,82,47],"gold":13,"neow_bonus":"TWO_FIFTY_GOLD","is_daily":false,"chose_seed":false,"campfire_upgraded":7,"win_rate":0.0,"timestamp":1612072329,"path_taken":["M","?","?","M","$","E","R","?","T","?","R","E","M","M","R","BOSS","M","?","$","M","M","R","M","?","T","R","?","?","$","?","R","BOSS","M","?","?","M","$","M","R","?","T","?","M","?","?","M","R","BOSS"],"items_purchased_type":["Card","Relic","Card","Card","Relic","Card","Card","Card"],"build_version":"2020-12-22","purchased_purges":2,"victory":true,"max_hp_per_floor":[75,75,75,75,75,75,75,75,75,75,75,82,82,82,82,82,82,82,82,82,82,82,82,82,82,82,82,82,82,82,82,82,82,82,82,82,82,82,82,82,82,82,82,82,82,82,82,82,82,82],"card_choices":[{"not_picked":["Streamline","Sunder"],"picked":"Sweeping Beam","floor":1.0},{"not_picked":["Go for the Eyes","BootSequence"],"picked":"Defragment","floor":3.0},{"not_picked":["Beam Cell","Static Discharge"],"picked":"Chill","floor":4.0},{"not_picked":["Sweeping Beam","Storm"],"picked":"Conserve Battery","floor":6.0},{"not_picked":["Rebound","Barrage"],"picked":"FTL","floor":10.0},{"not_picked":["Cold Snap","Double Energy"],"picked":"Defragment","floor":12.0},{"not_picked":["Conserve Battery","Beam Cell"],"picked":"Cold Snap","floor":13.0},{"not_picked":["Ball Lightning","Double Energy"],"picked":"White Noise","floor":14.0},{"not_picked":["Creative AI","Buffer"],"picked":"Amplify","floor":16.0},{"not_picked":["Go for the Eyes","Glacier"],"picked":"Rebound","floor":18.0},{"not_picked":["Streamline+1","Go for the Eyes"],"picked":"Compile Driver","floor":21.0},{"not_picked":["Stack","Leap"],"picked":"Coolheaded","floor":22.0},{"not_picked":["Leap","Stack","Thunder Strike"],"picked":"SKIP","floor":24},{"not_picked":["Rebound","Coolheaded","Rip and Tear"],"picked":"SKIP","floor":28},{"not_picked":["Reboot","Machine Learning"],"picked":"Buffer","floor":33},{"not_picked":["Coolheaded+1","Ball Lightning+1"],"picked":"Capacitor+1","floor":35},{"not_picked":["Steam Power","Barrage"],"picked":"Self Repair","floor":37},{"not_picked":["Redo+1","Ball Lightning+1","Compile Driver"],"picked":"SKIP","floor":38},{"not_picked":["Coolheaded","Beam Cell+1","Conserve Battery"],"picked":"SKIP","floor":40},{"not_picked":["Cold Snap","Gash"],"picked":"Heatsinks","floor":44},{"not_picked":["Ball Lightning","Hello World","Doom and Gloom"],"picked":"SKIP","floor":45},{"not_picked":["Melter","Aggregate"],"picked":"Chill+1","floor":48}],"player_experience":474933,"relics_obtained":[{"floor":6.0,"key":"MealTicket"},{"floor":9.0,"key":"Symbiotic Virus"},{"floor":10.0,"key":"Odd Mushroom"},{"floor":12.0,"key":"Strawberry"},{"floor":26,"key":"Bottled Lightning"},{"floor":37,"key":"Bird Faced Urn"},{"floor":43,"key":"Cables"}],"event_choices":[{"damage_healed":0.0,"max_hp_gain":0.0,"max_hp_loss":0.0,"gold_gain":0.0,"event_name":"The Woman in Blue","player_choice":"Bought 0 Potions","floor":2.0,"gold_loss":0.0,"damage_taken":0.0},{"damage_healed":0.0,"max_hp_gain":0.0,"max_hp_loss":0.0,"gold_gain":0.0,"event_name":"Dead Adventurer","player_choice":"Searched \u00272\u0027 times","floor":8.0,"gold_loss":0.0,"damage_taken":0.0,"relics_obtained":["Happy Flower"]},{"damage_healed":0.0,"max_hp_gain":0.0,"max_hp_loss":0.0,"gold_gain":0.0,"event_name":"Mushrooms","player_choice":"Fought Mushrooms","floor":10.0,"gold_loss":0.0,"damage_taken":0.0},{"damage_healed":0.0,"max_hp_gain":0.0,"max_hp_loss":0.0,"gold_gain":0.0,"event_name":"Vampires","player_choice":"Ignored","floor":19.0,"gold_loss":0.0,"damage_taken":0.0},{"damage_healed":0,"gold_gain":0,"cards_transformed":["Strike_B"],"player_choice":"Transformed","damage_taken":0,"max_hp_gain":0,"max_hp_loss":0,"event_name":"Transmorgrifier","floor":25,"gold_loss":0,"cards_obtained":["Cold Snap"]},{"damage_healed":0,"gold_gain":0,"cards_transformed":["Strike_B","Strike_B"],"player_choice":"Became Test Subject","damage_taken":0,"max_hp_gain":0,"max_hp_loss":0,"event_name":"Drug Dealer","floor":29,"gold_loss":0,"cards_obtained":["Lockon","Capacitor"]},{"damage_healed":0,"gold_gain":0,"player_choice":"Read","damage_taken":0,"max_hp_gain":0,"max_hp_loss":0,"event_name":"The Library","floor":31,"gold_loss":0,"cards_obtained":["Storm"]},{"damage_healed":0,"gold_gain":0,"player_choice":"Embrace Madness","damage_taken":10,"max_hp_gain":0,"max_hp_loss":0,"event_name":"Winding Halls","floor":36,"gold_loss":0,"cards_obtained":["Madness","Madness"]},{"damage_healed":0,"gold_gain":0,"player_choice":"Fight","damage_taken":0,"max_hp_gain":0,"max_hp_loss":0,"event_name":"Mysterious Sphere","floor":37,"gold_loss":0},{"damage_healed":0,"gold_gain":0,"player_choice":"Paid","damage_taken":0,"relics_obtained":["Red Mask"],"max_hp_gain":0,"max_hp_loss":0,"event_name":"Tomb of Lord Red Mask","floor":46,"gold_loss":40},{"damage_healed":0,"gold_gain":0,"player_choice":"Got Potions","damage_taken":0,"max_hp_gain":0,"max_hp_loss":0,"event_name":"Lab","floor":47,"gold_loss":0}],"is_beta":false,"boss_relics":[{"not_picked":["Black Star","Astrolabe"],"picked":"Sozu"},{"not_picked":["Fusion Hammer","Tiny House"],"picked":"Runic Pyramid"}],"items_purged_floors":[5,20],"is_endless":false,"potions_floor_spawned":[3,12,13,16,21,28,37,44,45,48],"ascension_level":5}}