{"host":"eqgv7lcke5o8g4rz","time":1612126320,"event":{"mods":["A Penny For Your Troubles","BaseMod","ChefMod","Fox Events","GifTheSpireLib","Hermit","Highlight Path","Minty Spire (QoL Compilation)","Rare Cards Sparkle","Reliquary","Spire Arcade","StS++","StSLib","The Animator","The IronCluck","The Servant 0.9.4","TheSurvivalist","Virulent Crown","Wide Potions","everything is the same but u backflip on backflip","slay the spire mod where everything is the same but ironclad has a cowboy hat"],"gold_per_floor":[111,126,141,153,164,164,193,206,206,216,69,82,82,93,93,196,196,210,28,28,28,28,63,63,14,14,14,104,114,130,146,146,249,249,259,273,323,368,29,29,62,62,62,0,0,0,29,39,39,42,42,52,2,2,18,29,29,104,104,104,279,279,279,298,318,318,423,423,440,56,56,72,47,47,47,47,78,90,90,90,90,90,90,189,189,201,252,252,252,263,263,275,275,309,309,309,325,337,352,352,355,355,355],"floor_reached":102,"language":"ENG","playtime":11438,"items_purged":[],"score":2485,"play_id":"a4d99146-bc7c-4289-be26-1470601ea4e8","local_time":"20210131155200","daily_mods":["Draft","Specialized","Allstar","Red Cards","Colorless Cards","Heirloom"],"is_ascension_mode":false,"campfire_choices":[{"data":"Armaments","floor":6.0,"key":"SMITH"},{"data":"Twin Strike","floor":13.0,"key":"SMITH"},{"data":"Twin Strike","floor":15.0,"key":"SMITH"},{"data":"Heavy Blade","floor":24.0,"key":"SMITH"},{"data":"Twin Strike","floor":27.0,"key":"SMITH"},{"floor":32.0,"key":"REST"},{"floor":40.0,"key":"REST"},{"data":"Entrench","floor":46.0,"key":"SMITH"},{"data":"Twin Strike","floor":49.0,"key":"SMITH"},{"data":"Twin Strike","floor":57.0,"key":"SMITH"},{"data":"Armaments","floor":59.0,"key":"SMITH"},{"data":"Armaments","floor":63.0,"key":"SMITH"},{"data":"Inflame","floor":66.0,"key":"SMITH"},{"data":"Flex","floor":74.0,"key":"SMITH"},{"data":"Metallicize","floor":75.0,"key":"SMITH"},{"data":"Metallicize","floor":79.0,"key":"SMITH"},{"floor":81.0,"key":"REST"},{"floor":83.0,"key":"REST"},{"floor":91.0,"key":"REST"},{"data":"Dark Shackles","floor":93.0,"key":"SMITH"},{"data":"Demon Form","floor":95,"key":"SMITH"},{"data":"Panacea","floor":100,"key":"SMITH"}],"circlet_count":0,"master_deck":["Swift Strike","Swift Strike","Swift Strike","Swift Strike","Swift Strike","Armaments+1","Flex+1","Dropkick","animator:Zero","Metallicize+1","Sword Boomerang","Anger","Inflame+1","Shrug It Off","Twin Strike+1","Thunderclap","Disarm","Rampage","Twin Strike+1","Thunderclap","Heavy Blade+1","Armaments+1","StSpp:Sprint","Clash","Headbutt","Twin Strike+1","Twin Strike+1","Cleave","Flex","StSpp:TheBiggerTheyAre","Armaments+1","Iron Wave","Disarm","Bludgeon","Dark Shackles+1","Twin Strike+1","Shrug It Off","Metallicize+1","Pommel Strike","Warcry","Panacea+1","Flash of Steel","Bandage Up","True Grit+1","Entrench+1","Anger","Thunderclap+1","Anger","Shrug It Off","Entrench+1","Warcry+1","Flex+1","PanicButton+1","Flex+1","Flash of Steel","Flex+1","Iron Wave","Pommel Strike","Shrug It Off+1","Apotheosis+1","animator:MisaKurobane+1","Dropkick","Warcry+1","Shrug It Off+1","Iron Wave+1","Cleave","Double Tap+1","Heavy Blade+1","Shrug It Off+1","Trip+1","Trip+1","Intimidate+1","Demon Form+1","Dual Wield+1","Twin Strike+1","Double Tap+1"],"relics":["Burning Blood","Du-Vu Doll","StrikeDummy","Bottled Lightning","Runic Pyramid","reliquary:OuijaBoard","Mummified Hand","Self Forming Clay","SlaversCollar","Ginger","Bird Faced Urn","Toxic Egg 2","Art of War","reliquary:SharkskinSheath","Red Mask","WingedGreaves","SacredBark","reliquary:BoilingFlask","Cursed Key","Turnip","reliquary:IridiumChain","Necronomicon","StSpp:WoodenPendulum","StoneCalendar","Potion Belt","Busted Crown"],"acts_visited":["Exordium","TheCity","TheBeyond","Exordium","TheCity","TheBeyond","Exordium"],"potions_floor_usage":[97,98,99,101,101,101],"damage_taken":[{"damage":0.0,"enemies":"Cultist","floor":1.0,"turns":2.0},{"damage":5.0,"enemies":"Small Slimes","floor":2.0,"turns":3.0},{"damage":2.0,"enemies":"Jaw Worm","floor":3.0,"turns":2.0},{"damage":10.0,"enemies":"Large Slime","floor":4.0,"turns":2.0},{"damage":7.0,"enemies":"Exordium Thugs","floor":5.0,"turns":3.0},{"damage":7.0,"enemies":"3 Sentries","floor":7.0,"turns":4.0},{"damage":0.0,"enemies":"2 Fungi Beasts","floor":8.0,"turns":2.0},{"damage":6.0,"enemies":"Exordium Wildlife","floor":10.0,"turns":2.0},{"damage":0.0,"enemies":"Looter","floor":12.0,"turns":1.0},{"damage":1.0,"enemies":"3 Louse","floor":14.0,"turns":2.0},{"damage":0.0,"enemies":"Slime Boss","floor":16.0,"turns":2.0},{"damage":10.0,"enemies":"3 Byrds","floor":18.0,"turns":3.0},{"damage":25.0,"enemies":"Book of Stabbing","floor":23.0,"turns":4.0},{"damage":0.0,"enemies":"Chosen","floor":29.0,"turns":3.0},{"damage":0.0,"enemies":"Snecko","floor":30.0,"turns":3.0},{"damage":15.0,"enemies":"Centurion and Healer","floor":31.0,"turns":4.0},{"damage":0.0,"enemies":"Champ","floor":33.0,"turns":9.0},{"damage":4.0,"enemies":"3 Shapes","floor":35.0,"turns":3.0},{"damage":24.0,"enemies":"3 Darklings","floor":36.0,"turns":4.0},{"damage":7.0,"enemies":"Mind Bloom Boss Battle","floor":37.0,"turns":6.0},{"damage":28.0,"enemies":"2 Orb Walkers","floor":38.0,"turns":5.0},{"damage":6.0,"enemies":"Nemesis","floor":41.0,"turns":5.0},{"damage":15.0,"enemies":"Giant Head","floor":47.0,"turns":6.0},{"damage":11.0,"enemies":"Writhing Mass","floor":48.0,"turns":6.0},{"damage":46.0,"enemies":"Time Eater","floor":50.0,"turns":13.0},{"damage":0.0,"enemies":"Small Slimes","floor":52.0,"turns":2.0},{"damage":0.0,"enemies":"2 Louse","floor":55.0,"turns":2.0},{"damage":6.0,"enemies":"Jaw Worm","floor":56.0,"turns":2.0},{"damage":0.0,"enemies":"Large Slime","floor":64.0,"turns":6.0},{"damage":8.0,"enemies":"Blue Slaver","floor":65.0,"turns":2.0},{"damage":35.0,"enemies":"Slime Boss","floor":67.0,"turns":6.0},{"damage":9.0,"enemies":"Chosen","floor":69.0,"turns":4.0},{"damage":0.0,"enemies":"3 Byrds","floor":72.0,"turns":3.0},{"damage":47.0,"enemies":"Book of Stabbing","floor":77.0,"turns":5.0},{"damage":0.0,"enemies":"Sentry and Sphere","floor":78.0,"turns":3.0},{"damage":12.0,"enemies":"Automaton","floor":84.0,"turns":6.0},{"damage":10.0,"enemies":"3 Shapes","floor":86.0,"turns":4.0},{"damage":38.0,"enemies":"2 Orb Walkers","floor":87.0,"turns":4.0},{"damage":29.0,"enemies":"3 Darklings","floor":90.0,"turns":4.0},{"damage":8.0,"enemies":"Jaw Worm Horde","floor":92.0,"turns":4.0},{"damage":5,"enemies":"Nemesis","floor":94,"turns":3},{"damage":20,"enemies":"Sphere and 2 Shapes","floor":97,"turns":5},{"damage":0,"enemies":"Maw","floor":98,"turns":4},{"damage":9,"enemies":"4 Shapes","floor":99,"turns":6},{"damage":17,"enemies":"Donu and Deca","floor":101,"turns":5}],"seed_played":"-9219358283569750666","potions_obtained":[{"floor":3.0,"key":"StSpp:ScatteredWeakPotion"},{"floor":5.0,"key":"DistilledChaos"},{"floor":7.0,"key":"LiquidMemories"},{"floor":10.0,"key":"Block Potion"},{"floor":14.0,"key":"PowerPotion"},{"floor":16.0,"key":"AttackPotion"},{"floor":29.0,"key":"Explosive Potion"},{"floor":31.0,"key":"ColorlessPotion"},{"floor":37.0,"key":"AttackPotion"},{"floor":41.0,"key":"Block Potion"},{"floor":47.0,"key":"ElixirPotion"},{"floor":48.0,"key":"Weak Potion"},{"floor":56.0,"key":"FearPotion"},{"floor":67.0,"key":"Fire Potion"},{"floor":77.0,"key":"Strength Potion"},{"floor":84.0,"key":"SteroidPotion"},{"floor":92.0,"key":"Swift Potion"},{"floor":94,"key":"Energy Potion"},{"floor":96,"key":"Strength Potion"},{"floor":96,"key":"PowerPotion"},{"floor":96,"key":"PowerPotion"},{"floor":97,"key":"Swift Potion"},{"floor":99,"key":"Block Potion"}],"is_trial":true,"path_per_floor":["M","M","M","M","M","R","E","M","T","M","$","M","R","M","R","B",null,"M","$","?","?","$","E","R","$","T","R","?","M","M","M","R","B",null,"M","M","?","?","$","R","E","?","T","?","$","R","E","M","R","B",null,"M","?","$","M","M","R","?","R","T","?","?","R","M","M","R","B",null,"M","$","?","M","$","R","R","?","E","M","R","?","R","?","R","B",null,"M","?","?","?","M","R","M","R","E","R","?","M","M","M","R","B",null],"character_chosen":"IRONCLAD","items_purchased":["Flex","StSpp:TheBiggerTheyAre","Armaments","Twin Strike","Shrug It Off","Metallicize","Warcry","Toxic Egg 2","Warcry+1","BloodPotion","Turnip","Dropkick","AttackPotion","Shrug It Off+1"],"campfire_rested":5,"item_purchase_floors":[11,11,11,19,19,19,25,39,39,39,70,70,70,73],"current_hp_per_floor":[80,80,80,76,75,75,74,80,80,80,80,80,80,80,80,80,80,76,76,76,76,76,57,57,57,57,57,24,34,44,41,65,75,80,80,62,65,43,59,80,80,80,80,80,80,80,75,78,78,48,80,80,77,77,77,77,77,66,66,66,66,66,66,76,74,74,53,77,77,77,77,77,77,77,77,77,44,52,52,36,59,59,77,71,77,77,47,47,66,47,70,77,77,77,77,77,63,71,74,74,70,77,77],"gold":355,"neow_bonus":"","is_daily":false,"chose_seed":false,"campfire_upgraded":17,"win_rate":0.0,"timestamp":1612126320,"path_taken":["M","M","?","M","M","R","E","M","T","M","$","M","R","M","R","BOSS","M","$","?","?","?","E","R","$","T","R","?","M","M","?","R","BOSS","M","M","?","?","?","R","E","?","T","?","?","R","E","M","R","BOSS","M","?","$","M","M","R","?","R","T","?","?","R","M","M","R","BOSS","M","$","?","M","$","R","R","?","E","M","R","?","R","?","R","BOSS","M","?","?","?","M","R","M","R","E","R","?","M","?","M","R","BOSS"],"items_purchased_type":["Card","Card","Card","Card","Card","Card","Card","Relic","Card","Potion","Relic","Card","Potion","Card"],"build_version":"2020-12-22","purchased_purges":0,"victory":false,"max_hp_per_floor":[80,80,80,80,80,80,80,80,80,80,80,80,80,80,80,80,80,80,80,80,80,80,80,80,80,80,80,80,80,80,80,80,80,80,80,80,80,80,80,80,80,80,80,80,80,80,80,80,80,80,80,80,77,77,77,77,77,77,77,77,77,77,77,77,77,77,77,77,77,77,77,77,77,77,77,77,77,77,77,77,77,77,77,77,77,77,77,77,77,77,77,77,77,77,77,77,77,77,77,77,77,77,77],"card_choices":[{"not_picked":["Clash","Ghostly Armor"],"picked":"Armaments","floor":0.0},{"not_picked":["Panacea","StSpp:TheBiggerTheyAre"],"picked":"Flex","floor":0.0},{"not_picked":["Sword Boomerang","Pommel Strike"],"picked":"Dropkick","floor":0.0},{"not_picked":["Carnage","Burning Pact"],"picked":"animator:Zero","floor":0.0},{"not_picked":["Perfected Strike","animator:MisakiNakahara"],"picked":"Metallicize","floor":0.0},{"not_picked":["Shrug It Off","Sever Soul"],"picked":"Sword Boomerang","floor":0.0},{"not_picked":["Spot Weakness","Wild Strike"],"picked":"Anger","floor":0.0},{"not_picked":["StSpp:Panic","Pommel Strike"],"picked":"Inflame","floor":0.0},{"not_picked":["StSpp:Succumb","StSpp:Panic"],"picked":"Shrug It Off","floor":0.0},{"not_picked":["StSpp:Panic","Swift Strike"],"picked":"Twin Strike","floor":0.0},{"not_picked":["Body Slam","Power Through"],"picked":"Thunderclap","floor":0.0},{"not_picked":["Deep Breath","Clothesline"],"picked":"Disarm","floor":0.0},{"not_picked":["StSpp:Panic","Clothesline"],"picked":"Rampage","floor":0.0},{"not_picked":["Clothesline","Pommel Strike"],"picked":"Twin Strike","floor":0.0},{"not_picked":["StSpp:Succumb","Impatience"],"picked":"Thunderclap","floor":0.0},{"not_picked":["animator:Magilou","Sword Boomerang"],"picked":"Heavy Blade","floor":1.0},{"not_picked":["Purity","Blood for Blood"],"picked":"Armaments","floor":2.0},{"not_picked":["Clothesline","Body Slam"],"picked":"StSpp:Sprint","floor":3.0},{"not_picked":["Sword Boomerang","StSpp:Succumb"],"picked":"Clash","floor":4.0},{"not_picked":["True Grit","Havoc"],"picked":"Headbutt","floor":5.0},{"not_picked":["Corruption","Sword Boomerang"],"picked":"Twin Strike","floor":7.0},{"not_picked":["Feel No Pain","Panacea"],"picked":"Twin Strike","floor":8.0},{"not_picked":["animator:QuestionMark","Havoc"],"picked":"Cleave","floor":10.0},{"not_picked":["Clothesline","True Grit"],"picked":"Iron Wave","floor":12.0},{"not_picked":["Hemokinesis","Shrug It Off"],"picked":"Disarm","floor":14.0},{"not_picked":["animator:TanyaDegurechaff","Metamorphosis"],"picked":"Bludgeon","floor":16.0},{"not_picked":["Headbutt","StSpp:Jab+1"],"picked":"Dark Shackles","floor":18.0},{"not_picked":["Perfected Strike","Sword Boomerang"],"picked":"Pommel Strike","floor":23.0},{"not_picked":["StSpp:Sprint","Shrug It Off"],"picked":"True Grit+1","floor":29.0},{"not_picked":["Rupture","Bandage Up"],"picked":"Entrench","floor":30.0},{"not_picked":["animator:NononJakuzure","Shrug It Off"],"picked":"Anger","floor":31.0},{"not_picked":["Sword Boomerang","Armaments+1"],"picked":"Thunderclap+1","floor":35.0},{"not_picked":["Warcry+1","Combust+1"],"picked":"Anger","floor":36.0},{"not_picked":["animator:Shimakaze+1","Clothesline"],"picked":"Shrug It Off","floor":37.0},{"not_picked":["Armaments+1","StSpp:TheBiggerTheyAre+1"],"picked":"Entrench+1","floor":38.0},{"not_picked":["The Bomb+1","Cleave"],"picked":"Flex+1","floor":41.0},{"not_picked":["animator:NononJakuzure+1","Body Slam"],"picked":"PanicButton+1","floor":47.0},{"not_picked":["Perfected Strike","Armaments+1"],"picked":"Flex+1","floor":48.0},{"not_picked":["Pommel Strike","Havoc+1"],"picked":"Flash of Steel","floor":52.0},{"not_picked":["StSpp:TheBiggerTheyAre","animator:NononJakuzure+1"],"picked":"Flex+1","floor":55.0},{"not_picked":["StSpp:CounterStrike+1","Havoc+1"],"picked":"Iron Wave","floor":56.0},{"not_picked":["animator:TanyaDegurechaff","True Grit+1"],"picked":"Pommel Strike","floor":64.0},{"not_picked":["Headbutt","Forethought+1"],"picked":"Shrug It Off+1","floor":65.0},{"not_picked":["Metamorphosis+1","StSpp:MakeshiftWeapon"],"picked":"Apotheosis+1","floor":67.0},{"not_picked":["Headbutt","Flash of Steel"],"picked":"animator:MisaKurobane+1","floor":69.0},{"not_picked":["Wild Strike","Shrug It Off+1"],"picked":"Warcry+1","floor":72.0},{"not_picked":["Heavy Blade+1","StSpp:Vengeance+1"],"picked":"Iron Wave+1","floor":77.0},{"not_picked":["Havoc+1","Body Slam"],"picked":"Cleave","floor":78.0},{"not_picked":["Corruption","Reaper","StSpp:Cataclysm","StSpp:Betrayal"],"picked":"Double Tap+1","floor":84.0},{"not_picked":["animator:Canti+1","Armaments+1","Perfected Strike+1","animator:Shimakaze+1"],"picked":"Heavy Blade+1","floor":86.0},{"not_picked":["animator:Kagari+1","Havoc+1","StSpp:Jab","Cleave"],"picked":"Shrug It Off+1","floor":87.0},{"not_picked":["Impatience+1","Metamorphosis+1","Transmutation+1","Flash of Steel"],"picked":"Trip+1","floor":88.0},{"not_picked":["Disarm+1","Deep Breath+1","StSpp:Sprint+1","animator:Kagari+1"],"picked":"Trip+1","floor":90.0},{"not_picked":["Body Slam+1","Pommel Strike+1","Fire Breathing","Clash"],"picked":"Intimidate+1","floor":92.0},{"not_picked":["Iron Wave","Clash+1","Headbutt+1","animator:Emilia+1"],"picked":"Demon Form","floor":94},{"not_picked":["Thunderclap+1","True Grit+1","Dark Shackles+1","Dropkick+1"],"picked":"Dual Wield+1","floor":97},{"not_picked":["StSpp:Sprint+1","Bandage Up+1","Wild Strike","Shrug It Off+1"],"picked":"Twin Strike+1","floor":98},{"not_picked":["Headbutt","Shockwave+1","Clothesline+1","StSpp:Sprint+1"],"picked":"Double Tap+1","floor":99}],"player_experience":297891,"relics_obtained":[{"floor":7.0,"key":"StrikeDummy"},{"floor":9.0,"key":"Bottled Lightning"},{"floor":23.0,"key":"Mummified Hand"},{"floor":26.0,"key":"Self Forming Clay"},{"floor":37.0,"key":"Ginger"},{"floor":38.0,"key":"Bird Faced Urn"},{"floor":41.0,"key":"Art of War"},{"floor":43.0,"key":"reliquary:SharkskinSheath"},{"floor":47.0,"key":"WingedGreaves"},{"floor":60.0,"key":"reliquary:BoilingFlask"},{"floor":80.0,"key":"Necronomicon"},{"floor":87.0,"key":"StoneCalendar"}],"event_choices":[{"damage_healed":0.0,"max_hp_gain":0.0,"max_hp_loss":0.0,"gold_gain":0.0,"event_name":"Back to Basics","player_choice":"Simplicity","floor":20.0,"gold_loss":0.0,"damage_taken":0.0,"cards_upgraded":[]},{"damage_healed":0.0,"max_hp_gain":0.0,"max_hp_loss":0.0,"gold_gain":90.0,"event_name":"Knowing Skull","player_choice":"CARD CARD CARD GOLD ","floor":28.0,"potions_obtained":[],"gold_loss":0.0,"damage_taken":33.0,"cards_obtained":["Panacea","Flash of Steel","Bandage Up"]},{"damage_healed":0.0,"max_hp_gain":0.0,"max_hp_loss":0.0,"gold_gain":0.0,"event_name":"MindBloom","player_choice":"Fight","floor":37.0,"gold_loss":0.0,"damage_taken":0.0},{"damage_healed":0.0,"max_hp_gain":0.0,"max_hp_loss":0.0,"gold_gain":0.0,"event_name":"Mysterious Sphere","player_choice":"Fight","floor":38.0,"gold_loss":0.0,"damage_taken":0.0},{"damage_healed":0.0,"max_hp_gain":0.0,"max_hp_loss":0.0,"gold_gain":0.0,"event_name":"Tomb of Lord Red Mask","player_choice":"Paid","floor":44.0,"gold_loss":62.0,"damage_taken":0.0,"relics_obtained":["Red Mask"]},{"cards_removed":["Parasite"],"damage_healed":0.0,"max_hp_gain":0.0,"max_hp_loss":0.0,"gold_gain":0.0,"event_name":"The Cleric","player_choice":"Card Removal","floor":53.0,"gold_loss":50.0,"damage_taken":0.0},{"damage_healed":0.0,"max_hp_gain":0.0,"max_hp_loss":0.0,"gold_gain":75.0,"event_name":"World of Goop","player_choice":"Gather Gold","floor":58.0,"gold_loss":0.0,"damage_taken":11.0},{"damage_healed":0.0,"max_hp_gain":0.0,"max_hp_loss":0.0,"gold_gain":175.0,"event_name":"Liars Game","player_choice":"AGREE","floor":61.0,"gold_loss":0.0,"damage_taken":0.0,"cards_obtained":["Doubt"]},{"cards_removed":["Doubt"],"damage_healed":0.0,"max_hp_gain":0.0,"max_hp_loss":0.0,"gold_gain":0.0,"event_name":"Living Wall","player_choice":"Forget","floor":62.0,"gold_loss":0.0,"damage_taken":0.0},{"damage_healed":0.0,"max_hp_gain":0.0,"max_hp_loss":0.0,"gold_gain":0.0,"event_name":"Addict","player_choice":"Stole Relic","floor":71.0,"gold_loss":0.0,"damage_taken":0.0,"relics_obtained":["reliquary:IridiumChain"],"cards_obtained":["Shame"]},{"cards_removed":["Shame"],"damage_healed":0.0,"max_hp_gain":0.0,"max_hp_loss":0.0,"gold_gain":0.0,"event_name":"Back to Basics","player_choice":"Elegance","floor":76.0,"gold_loss":0.0,"damage_taken":0.0},{"damage_healed":0.0,"max_hp_gain":0.0,"max_hp_loss":0.0,"gold_gain":0.0,"event_name":"Cursed Tome","player_choice":"Obtained Book","floor":80.0,"gold_loss":0.0,"damage_taken":16.0},{"damage_healed":0.0,"max_hp_gain":0.0,"max_hp_loss":0.0,"gold_gain":0.0,"event_name":"The Mausoleum","player_choice":"Opened","floor":82.0,"gold_loss":0.0,"damage_taken":0.0,"relics_obtained":["StSpp:WoodenPendulum"]},{"damage_healed":0.0,"max_hp_gain":0.0,"max_hp_loss":0.0,"gold_gain":0.0,"event_name":"Mysterious Sphere","player_choice":"Fight","floor":87.0,"gold_loss":0.0,"damage_taken":0.0},{"damage_healed":0.0,"max_hp_gain":0.0,"max_hp_loss":0.0,"gold_gain":0.0,"event_name":"SensoryStone","player_choice":"Memory 1","floor":88.0,"gold_loss":0.0,"damage_taken":0.0},{"damage_healed":19.0,"max_hp_gain":0.0,"max_hp_loss":0.0,"gold_gain":0.0,"event_name":"Winding Halls","player_choice":"Writhe","floor":89.0,"gold_loss":0.0,"damage_taken":0.0,"cards_obtained":["Writhe"]},{"damage_healed":0,"gold_gain":0,"player_choice":"Got Potions","damage_taken":0,"max_hp_gain":0,"max_hp_loss":0,"event_name":"Lab","floor":96,"gold_loss":0}],"is_beta":false,"boss_relics":[{"not_picked":["Fusion Hammer","Velvet Choker"],"picked":"Runic Pyramid"},{"not_picked":["Runic Cube","Empty Cage"],"picked":"SlaversCollar"},{"not_picked":["Astrolabe","StSpp:Balance"],"picked":"SacredBark"},{"not_picked":["reliquary:WritOfMandamus","reliquary:Craggleroot"],"picked":"Cursed Key"},{"not_picked":["Philosopher\u0027s Stone","Snecko Eye","Coffee Dripper"]},{"not_picked":["Calling Bell","StSpp:CrystalBall"],"picked":"Busted Crown"}],"items_purged_floors":[],"is_endless":true,"potions_floor_spawned":[3,5,7,10,14,16,29,31,37,41,47,48,56,67,77,84,92,94,97,99],"ascension_level":0}}