{"host":"6to8m083wj0ro91z","time":1612108212,"event":{"mods":["BaseMod","Better Third Choice","BetterRewards","CatGirl Mod","ChefMod","Friendly Minions","GungeonMod","Hubris","Mad Scientist","Marisa????????","Minty Spire (QoL Compilation)","Railgun Mod","Robot Space Explorer","Shade Mod","Spicy Shops","StSLib","The Alterego","The Blackbeard","The Death Knight","The Dragonkin","The Gatherer","The Marked","The Mystic","The Necromancer","The Servant 0.9.4","TheSurvivalist"],"gold_per_floor":[114,127,127,150,0,0,53,53,53,68,108,5,5,19,19,144,144,163,176,176,176,176,211,231,267,267,283,306,329,329,65,65,191,191,212,212,235,235,299,339,339,383,408,439,289,289,313,313,313,413,413],"floor_reached":50,"language":"ENG","playtime":2760,"items_purged":["theDragonkin:Strike","theDragonkin:Strike","theDragonkin:Strike","theDragonkin:Strike"],"score":918,"play_id":"cb18f139-103d-41c1-9e9a-96bbf2063b3c","local_time":"20210131165012","is_ascension_mode":false,"campfire_choices":[{"data":"Enlightenment","floor":6.0,"key":"SMITH"},{"data":"theDragonkin:DivineVision","floor":13.0,"key":"SMITH"},{"data":"theDragonkin:DivineBreath","floor":15.0,"key":"SMITH"},{"data":"theDragonkin:DivineJolt","floor":30.0,"key":"SMITH"},{"data":"theDragonkin:AshenArmor","floor":32.0,"key":"SMITH"},{"floor":41,"key":"RECALL"},{"data":"theDragonkin:RevelationBreath","floor":46,"key":"SMITH"},{"data":"Madness","floor":49,"key":"SMITH"}],"circlet_count":0,"master_deck":["theDragonkin:Defend+1","theDragonkin:Defend+1","theDragonkin:Defend+1","theDragonkin:HolySmite","theDragonkin:AcidArmor","theDragonkin:GoldenFlames+1","theDragonkin:DivineVision+1","Enlightenment+1","theDragonkin:DivineBreath+1","theDragonkin:FlashofLight+1","theDragonkin:AcidArmor","theDragonkin:HammerOfWrath+1","theDragonkin:DivineJolt+1","theDragonkin:RevelationBreath+1","theDragonkin:AshenArmor+1","theDragonkin:EmberSwipe+1","Good Instincts+1","hubris:DuctTapeCard","theDragonkin:DivineVision+1","Madness+1","Madness"],"relics":["theDragonkin:GarnetScale","Membership Card","DemoMod:ClearGuonStone","Lantern","Matryoshka","Golden Idol","Mango","DemoMod:WhiteGuonStone","Sozu","hubris:Towel","theDragonkin:BookOfHymns","DemoMod:GlassGuonStoneRelic","Bag of Marbles","Bag of Preparation","hubris:DuctTape","Omamori","Strawberry","theDragonkin:RotnestWings","hubris:Icosahedron","Ginger","War Paint","Eternal Feather","DemoMod:MonsterBlood","Gambling Chip","Whetstone","Toolbox"],"acts_visited":["Exordium","TheCity","TheBeyond"],"potions_floor_usage":[],"damage_taken":[{"damage":4.0,"enemies":"Small Slimes","floor":1.0,"turns":3.0},{"damage":0.0,"enemies":"Jaw Worm","floor":2.0,"turns":3.0},{"damage":0.0,"enemies":"2 Louse","floor":4.0,"turns":2.0},{"damage":0.0,"enemies":"Lots of Slimes","floor":10.0,"turns":5.0},{"damage":0.0,"enemies":"Lagavulin","floor":11.0,"turns":5.0},{"damage":0.0,"enemies":"2 Fungi Beasts","floor":14.0,"turns":3.0},{"damage":0.0,"enemies":"The Guardian","floor":16.0,"turns":7.0},{"damage":0.0,"enemies":"Spheric Guardian","floor":18.0,"turns":4.0},{"damage":0.0,"enemies":"Chosen","floor":19.0,"turns":3.0},{"damage":12.0,"enemies":"Gremlin Leader","floor":23.0,"turns":8.0},{"damage":0.0,"enemies":"Sentry and Sphere","floor":24.0,"turns":7.0},{"damage":0.0,"enemies":"Book of Stabbing","floor":25.0,"turns":3.0},{"damage":0.0,"enemies":"Centurion and Healer","floor":27.0,"turns":4.0},{"damage":0.0,"enemies":"Snake Plant","floor":28.0,"turns":2.0},{"damage":0.0,"enemies":"Snecko","floor":29.0,"turns":3.0},{"damage":0.0,"enemies":"Champ","floor":33.0,"turns":8.0},{"damage":0.0,"enemies":"3 Shapes","floor":35.0,"turns":2.0},{"damage":0.0,"enemies":"Orb Walker","floor":37.0,"turns":2.0},{"damage":0,"enemies":"2 Orb Walkers","floor":39,"turns":4},{"damage":0,"enemies":"Nemesis","floor":40,"turns":5},{"damage":0,"enemies":"Reptomancer","floor":42,"turns":4},{"damage":0,"enemies":"Giant Head","floor":44,"turns":4},{"damage":0,"enemies":"Writhing Mass","floor":47,"turns":3},{"damage":0,"enemies":"TheAcolyte","floor":50,"turns":7}],"seed_played":"-3677737743801848391","potions_obtained":[{"floor":2.0,"key":"PowerPotion"},{"floor":4.0,"key":"SpeedPotion"}],"is_trial":false,"path_per_floor":["M","M","?","M","?","R","?","?","T","M","E","$","R","M","R","B",null,"M","M","?","?","?","E","M","E","T","M","M","M","R","$","R","B",null,"M","?","M","?","?","E","R","E","T","E","$","R","M","?","R","B"],"character_chosen":"THE_DRAGONKIN","items_purchased":["Membership Card","DemoMod:ClearGuonStone","Lantern","theDragonkin:FlameBreath","theDragonkin:AcidArmor","Matryoshka","DemoMod:WhiteGuonStone","theDragonkin:DivineBreath","Omamori","Strawberry","theDragonkin:AshenArmor","Whetstone","Toolbox"],"campfire_rested":0,"item_purchase_floors":[0,0,0,0,0,0,12,12,31,31,31,45,45],"current_hp_per_floor":[41,41,20,20,26,26,26,26,26,26,40,40,40,40,40,40,105,105,105,105,105,84,78,84,90,90,96,102,108,108,115,115,117,117,117,117,117,117,117,117,117,117,124,124,124,124,124,108,120,124,124],"gold":413,"neow_bonus":"","is_daily":false,"chose_seed":false,"campfire_upgraded":7,"win_rate":0.0,"timestamp":1612108212,"path_taken":["M","M","?","M","?","R","?","?","T","M","E","$","R","M","R","BOSS","M","?","?","?","?","E","M","E","T","?","M","?","R","$","R","BOSS","M","?","M","?","?","E","R","E","T","E","$","R","M","?","R","BOSS"],"items_purchased_type":["Relic","Relic","Relic","Card","Card","Relic","Relic","Card","Relic","Relic","Card","Relic","Relic"],"build_version":"2020-12-22","purchased_purges":4,"victory":false,"max_hp_per_floor":[85,85,85,85,91,91,91,91,91,91,105,105,105,105,105,105,105,105,105,105,105,110,110,110,110,110,110,110,110,110,117,117,117,117,117,117,117,117,117,117,117,117,124,124,124,124,124,124,124,124,124],"card_choices":[{"not_picked":["theDragonkin:HallowedGround","theDragonkin:DivineJolt"],"picked":"theDragonkin:GoldenFlames","floor":1.0},{"not_picked":["theDragonkin:FlameWard","theDragonkin:Flashpoint"],"picked":"theDragonkin:DivineVision","floor":2.0},{"not_picked":["theDragonkin:Sizzle","theDragonkin:HolyWordBarrier","theDragonkin:FlameBreath"],"picked":"SKIP","floor":4.0},{"not_picked":["theDragonkin:EmberSwipe","theDragonkin:AcidBreath","theDragonkin:TwinBreath"],"picked":"SKIP","floor":10.0},{"not_picked":["theDragonkin:AshenArmor","theDragonkin:SlowBurn","theDragonkin:StormFront"],"picked":"SKIP","floor":11.0},{"not_picked":["theDragonkin:PlagueSwipe","theDragonkin:MiasmicBreath","theDragonkin:BurningRage"],"picked":"SKIP","floor":14.0},{"not_picked":["theDragonkin:Condemnation","theDragonkin:AshenArmor"],"picked":"theDragonkin:FlashofLight","floor":16.0},{"not_picked":["theDragonkin:GooGrip+1","theDragonkin:MiasmicBreath"],"picked":"theDragonkin:AcidArmor","floor":18.0},{"not_picked":["theDragonkin:ControlledBreath","theDragonkin:EmberSwipe"],"picked":"theDragonkin:HammerOfWrath","floor":19.0},{"not_picked":["theDragonkin:SlowBurn+1","theDragonkin:AshBreath","theDragonkin:ControlledBreath"],"picked":"SKIP","floor":23.0},{"not_picked":["theDragonkin:AcidBreath","theDragonkin:FlameWard"],"picked":"theDragonkin:DivineJolt","floor":24.0},{"not_picked":["theDragonkin:EnduringAgony","theDragonkin:FlameBreath","theDragonkin:ControlledBreath"],"picked":"SKIP","floor":25.0},{"not_picked":["theDragonkin:DivineFire","theDragonkin:FlameWard","theDragonkin:BurningRage"],"picked":"SKIP","floor":27.0},{"not_picked":["theDragonkin:SandBreath","theDragonkin:BurningRage"],"picked":"theDragonkin:RevelationBreath","floor":28.0},{"not_picked":["theDragonkin:PlagueSwipe","theDragonkin:SlowBurn","theDragonkin:HallowedGround"],"picked":"SKIP","floor":29.0},{"not_picked":["theDragonkin:FlashofLight","theDragonkin:DivineJolt","theDragonkin:FlameWard+1"],"picked":"SKIP","floor":35.0},{"not_picked":["theDragonkin:Sizzle","theDragonkin:HallowedGround"],"picked":"theDragonkin:EmberSwipe+1","floor":37.0},{"not_picked":["Finesse","Flash of Steel"],"picked":"Good Instincts","floor":38.0},{"not_picked":["theDragonkin:PrismaticBreath","theDragonkin:HammerOfWrath+1"],"picked":"theDragonkin:DivineVision+1","floor":40},{"not_picked":["theDragonkin:DivineJolt","theDragonkin:Sizzle+1","theDragonkin:BurningRage"],"picked":"SKIP","floor":42},{"not_picked":["theDragonkin:HolyFlask+1","theDragonkin:HammerOfWrath","theDragonkin:InfernoWard"],"picked":"SKIP","floor":44},{"not_picked":["theDragonkin:SlowBurn+1","theDragonkin:Flashpoint","theDragonkin:FlameBreath+1"],"picked":"SKIP","floor":47}],"player_experience":1135742,"relics_obtained":[{"floor":11.0,"key":"Mango"},{"floor":23.0,"key":"theDragonkin:BookOfHymns"},{"floor":25.0,"key":"Bag of Marbles"},{"floor":26.0,"key":"Bag of Preparation"},{"floor":26.0,"key":"hubris:DuctTape"},{"floor":39,"key":"Ginger"},{"floor":40,"key":"War Paint"},{"floor":42,"key":"Eternal Feather"},{"floor":43,"key":"DemoMod:MonsterBlood"},{"floor":44,"key":"Gambling Chip"}],"event_choices":[{"damage_healed":0.0,"max_hp_gain":0.0,"max_hp_loss":0.0,"gold_gain":0.0,"event_name":"Golden Idol","player_choice":"Take Damage","floor":3.0,"gold_loss":0.0,"damage_taken":21.0,"relics_obtained":["Golden Idol"]},{"damage_healed":0.0,"max_hp_gain":0.0,"max_hp_loss":0.0,"gold_gain":0.0,"event_name":"betterThird:BetterSerpent","player_choice":"RENOUNCE","floor":5.0,"gold_loss":150.0,"damage_taken":150.0,"cards_obtained":["Enlightenment"]},{"damage_healed":0.0,"max_hp_gain":0.0,"max_hp_loss":0.0,"gold_gain":53.0,"event_name":"Golden Wing","player_choice":"Gained Gold","floor":7.0,"gold_loss":0.0,"damage_taken":0.0},{"cards_removed":["theDragonkin:Defend"],"damage_healed":0.0,"max_hp_gain":0.0,"max_hp_loss":0.0,"gold_gain":0.0,"event_name":"Purifier","player_choice":"Purged","floor":8.0,"gold_loss":0.0,"damage_taken":0.0},{"damage_healed":0.0,"max_hp_gain":0.0,"max_hp_loss":3.0,"gold_gain":0.0,"event_name":"betterThird:BetterWriting","player_choice":"Simplicity","floor":21.0,"gold_loss":0.0,"damage_taken":0.0},{"damage_healed":0.0,"max_hp_gain":5.0,"max_hp_loss":0.0,"gold_gain":0.0,"event_name":"Forgotten Altar","player_choice":"Shed Blood","floor":22.0,"gold_loss":0.0,"damage_taken":26.0},{"damage_healed":0.0,"max_hp_gain":0.0,"max_hp_loss":0.0,"gold_gain":0.0,"event_name":"SensoryStone","player_choice":"Memory 1","floor":38.0,"gold_loss":0.0,"damage_taken":0.0},{"damage_healed":0,"gold_gain":0,"player_choice":"Fight","damage_taken":0,"max_hp_gain":0,"max_hp_loss":0,"event_name":"Mysterious Sphere","floor":39,"gold_loss":0},{"damage_healed":0,"gold_gain":0,"player_choice":"Embrace Madness","damage_taken":16,"max_hp_gain":0,"max_hp_loss":0,"event_name":"Winding Halls","floor":48,"gold_loss":0,"cards_obtained":["Madness","Madness"]}],"is_beta":false,"boss_relics":[{"not_picked":["SacredBark","Empty Cage"],"picked":"Sozu"},{"not_picked":["Philosopher\u0027s Stone","SlaversCollar"],"picked":"theDragonkin:RotnestWings"}],"items_purged_floors":[0,0,0,0],"is_endless":false,"potions_floor_spawned":[2,4,18,24,28,29,35,40,42,47],"killed_by":"TheAcolyte","ascension_level":0}}