{"host":"zk71suw73lg2r165","time":1612110880,"event":{"mods":["BaseMod","Colored Map","Minty Spire (QoL Compilation)","Permanent Neow","Relic Stats","StSLib"],"gold_per_floor":[14,32,32,55,55,55,91,91,114,153,153,153,153],"floor_reached":12,"language":"ENG","playtime":253,"items_purged":[],"score":172,"play_id":"3b1f0e34-17cf-43ef-a30e-5fc9355c29d5","local_time":"20210131113440","is_ascension_mode":true,"campfire_choices":[{"data":"FTL","floor":6.0,"key":"SMITH"},{"floor":8.0,"key":"REST"}],"circlet_count":0,"master_deck":["AscendersBane","Strike_B","Strike_B","Strike_B","Strike_B","Defend_B","Defend_B","Defend_B","Defend_B","Zap","Dualcast","Echo Form","Conserve Battery","Compile Driver+1","FTL+1","Coolheaded","Self Repair"],"relics":["Cracked Core","Golden Idol","Blood Vial","Toy Ornithopter","Ancient Tea Set","CultistMask"],"acts_visited":["Exordium"],"potions_floor_usage":[],"damage_taken":[{"damage":7.0,"enemies":"Small Slimes","floor":1.0,"turns":2.0},{"damage":1.0,"enemies":"Cultist","floor":2.0,"turns":4.0},{"damage":2.0,"enemies":"Jaw Worm","floor":4.0,"turns":3.0},{"damage":41.0,"enemies":"Gremlin Nob","floor":7.0,"turns":4.0},{"damage":24,"enemies":"Lagavulin","floor":10,"turns":6},{"damage":18,"enemies":"3 Sentries","floor":12,"turns":2}],"seed_played":"4954416859378497369","potions_obtained":[{"floor":2.0,"key":"ColorlessPotion"},{"floor":4.0,"key":"Explosive Potion"}],"is_trial":false,"path_per_floor":["M","M","?","M","?","R","E","R","T","E","?","E"],"character_chosen":"DEFECT","items_purchased":[],"campfire_rested":1,"item_purchase_floors":[],"current_hp_per_floor":[57,56,56,54,54,54,13,32,32,10,10,0,0],"gold":153,"neow_bonus":"THREE_RARE_CARDS","is_daily":false,"chose_seed":false,"campfire_upgraded":1,"win_rate":0.0,"timestamp":1612110880,"path_taken":["M","M","?","M","?","R","E","R","T","E","?","E"],"items_purchased_type":[],"build_version":"2020-12-22","purchased_purges":0,"victory":false,"max_hp_per_floor":[71,71,64,64,64,64,64,64,64,64,64,64,64],"relic_stats":{"Blood Vial":4,"counters":[6,21],"Golden Idol":20,"obtain_stats":[{"Blood Vial":7,"Golden Idol":3,"CultistMask":11,"Cracked Core":0,"Ancient Tea Set":10,"Toy Ornithopter":9},{"Blood Vial":4,"Golden Idol":2,"CultistMask":5,"Cracked Core":0,"Ancient Tea Set":5,"Toy Ornithopter":4},{"Blood Vial":13,"Golden Idol":6,"CultistMask":19,"Cracked Core":0,"Ancient Tea Set":19,"Toy Ornithopter":13}],"Toy Ornithopter":0},"card_choices":[{"not_picked":["Creative AI","Amplify"],"picked":"Echo Form","floor":0.0},{"not_picked":["Redo","Skim"],"picked":"Conserve Battery","floor":1.0},{"not_picked":["Hologram","Force Field"],"picked":"Compile Driver","floor":2.0},{"not_picked":["White Noise","All For One"],"picked":"FTL","floor":4.0},{"not_picked":["Melter","Steam"],"picked":"Coolheaded","floor":7.0},{"not_picked":["Redo","Leap"],"picked":"Self Repair","floor":10}],"player_experience":1429925,"relics_obtained":[{"floor":7.0,"key":"Blood Vial"},{"floor":9.0,"key":"Toy Ornithopter"},{"floor":10,"key":"Ancient Tea Set"}],"event_choices":[{"damage_healed":0.0,"max_hp_gain":0.0,"max_hp_loss":7.0,"gold_gain":0.0,"event_name":"Golden Idol","player_choice":"Lose Max HP","floor":3.0,"gold_loss":0.0,"damage_taken":0.0,"relics_obtained":["Golden Idol"]},{"damage_healed":0.0,"max_hp_gain":0.0,"max_hp_loss":0.0,"gold_gain":0.0,"event_name":"Living Wall","player_choice":"Grow","floor":5.0,"gold_loss":0.0,"damage_taken":0.0,"cards_upgraded":["Compile Driver"]},{"damage_healed":0,"gold_gain":0,"player_choice":"Trade","damage_taken":0,"relics_obtained":["CultistMask"],"max_hp_gain":0,"max_hp_loss":0,"event_name":"FaceTrader","floor":11,"gold_loss":0}],"is_beta":false,"boss_relics":[],"items_purged_floors":[],"is_endless":false,"potions_floor_spawned":[2,4],"killed_by":"3 Sentries","ascension_level":20}}