{"host":"jyuuog6ydc2s7nd8","time":1612093760,"event":{"mods":["BaseMod","Better Vampires","Minty Spire (QoL Compilation)","Shop Mod","StSLib","The Hierophant","The Servant 0.9.4","TheBandit","[IsaacMod]ÒÔÈö¼âËþ"],"gold_per_floor":[110,35,35,47,47,82,82,100,178,17,44,44,77,94,94,94,94],"floor_reached":16,"language":"ZHS","playtime":245,"items_purged":["Strike_G"],"score":336,"play_id":"73bd3854-6367-494f-9480-eb3c38a5ccc8","local_time":"20210131194920","is_ascension_mode":true,"campfire_choices":[{"data":"DoctorFetus","floor":12,"key":"SMITH"},{"data":"Neutralize","floor":15,"key":"SMITH"}],"circlet_count":0,"master_deck":["AscendersBane","Strike_G","Strike_G","Strike_G","Strike_G","Defend_G","Defend_G","Defend_G","Defend_G","Defend_G","Survivor","Neutralize+1","DoctorFetus+1","Backflip","Concentrate","Masterful Stab"],"relics":["Ring of the Snake","HushsDoor","NeowsBlessing","GuppysTail","Bronze Scales","Diplopia","Medical Kit","Snake Skull","Mercury Hourglass"],"acts_visited":["Exordium"],"potions_floor_usage":[14],"damage_taken":[{"damage":0.0,"enemies":"Cultist","floor":1.0,"turns":1.0},{"damage":0.0,"enemies":"2 Louse","floor":4.0,"turns":1.0},{"damage":0.0,"enemies":"Gremlin Nob","floor":6.0,"turns":1.0},{"damage":0.0,"enemies":"Small Slimes","floor":8.0,"turns":6.0},{"damage":0,"enemies":"3 Sentries","floor":11,"turns":1},{"damage":15,"enemies":"Lagavulin","floor":13,"turns":5},{"damage":0,"enemies":"Looter","floor":14,"turns":2},{"damage":0,"enemies":"The Guardian","floor":16,"turns":2}],"seed_played":"-8214541829019644962","potions_obtained":[{"floor":1.0,"key":"Regen Potion"},{"floor":4.0,"key":"Explosive Potion"}],"is_trial":false,"path_per_floor":["M","$","?","M","?","E","?","M","T","$","E","R","E","M","R","B"],"character_chosen":"THE_SILENT","items_purchased":["Medical Kit"],"campfire_rested":0,"item_purchase_floors":[10],"current_hp_per_floor":[59,59,59,59,59,59,33,33,33,33,33,33,18,18,18,18,18],"gold":94,"neow_bonus":"THREE_ENEMY_KILL","is_daily":false,"chose_seed":false,"campfire_upgraded":2,"win_rate":0.0,"timestamp":1612093760,"path_taken":["M","?","?","M","?","E","?","M","T","$","E","R","E","M","R","BOSS"],"items_purchased_type":["Relic"],"build_version":"2020-12-22","purchased_purges":1,"victory":false,"max_hp_per_floor":[66,66,66,66,66,66,66,66,66,66,66,66,66,66,66,66,66],"card_choices":[{"not_picked":[],"picked":"DoctorFetus","floor":0.0},{"not_picked":["Dash","Setup"],"picked":"Backflip","floor":1.0},{"not_picked":["Sucker Punch","Footwork","Blade Dance"],"picked":"SKIP","floor":4.0},{"not_picked":["Bane","Slice"],"picked":"Concentrate","floor":6.0},{"not_picked":["Finisher","Phantasmal Killer"],"picked":"Masterful Stab","floor":8.0},{"not_picked":["Flying Knee","Infinite Blades","PiercingWail"],"picked":"SKIP","floor":11},{"not_picked":["Blade Dance","Slice","Well Laid Plans"],"picked":"SKIP","floor":13},{"not_picked":["Accuracy","Dash","Slice"],"picked":"SKIP","floor":14}],"player_experience":1877847,"relics_obtained":[{"floor":6.0,"key":"Bronze Scales"},{"floor":11,"key":"Snake Skull"},{"floor":13,"key":"Mercury Hourglass"}],"event_choices":[{"damage_healed":0.0,"max_hp_gain":0.0,"max_hp_loss":0.0,"gold_gain":0.0,"event_name":"The Cleric","player_choice":"Leave","floor":3.0,"gold_loss":0.0,"damage_taken":0.0},{"damage_healed":0.0,"max_hp_gain":0.0,"max_hp_loss":0.0,"gold_gain":0.0,"event_name":"Liars Game","player_choice":"Ignored","floor":5.0,"gold_loss":0.0,"damage_taken":0.0},{"damage_healed":0.0,"max_hp_gain":0.0,"max_hp_loss":0.0,"gold_gain":0.0,"event_name":"Scrap Ooze","player_choice":"Success","floor":7.0,"gold_loss":0.0,"damage_taken":26.0,"relics_obtained":["Diplopia"]}],"is_beta":false,"boss_relics":[],"items_purged_floors":[2],"is_endless":false,"potions_floor_spawned":[1,4],"killed_by":"The Guardian","ascension_level":20}}