{"host":"czx9zpdxwwzni6ls","time":1612065733,"event":{"mods":["Bard","BaseMod","BetterRewards","Downfall","GungeonMod","Hermit","Hubris","Infinite Spire","Minty Spire (QoL Compilation)","Quick Restart","Replay The Spire","Shop Mod","StSLib","SuperFastMode","The Administrix","The Animator","The Cursed","The Mystic","The Necromancer","The Sage","The Servant 0.9.4","The Wild Card","UnlockEverythingMod"],"gold_per_floor":[99,99,125,185,5,5,29,150,279,414,414,31,31,31,157,369,369,369,369,369,495,495,17,17,217,217,391,545,545,545,704,888,888,888],"floor_reached":33,"language":"ENG","playtime":1790,"items_purged":["TheCursedMod:Defend_TheCursed"],"score":455,"play_id":"11c0a8ee-a9d8-483d-82ae-9c1b56b9af90","local_time":"20210130230213","is_ascension_mode":false,"campfire_choices":[{"data":"TheCursedMod:CursedWand","floor":1,"key":"SMITH"},{"data":"expansioncontent:StudyTheSpire","floor":6,"key":"SMITH"},{"floor":11,"key":"REST"},{"floor":13,"key":"REST"},{"data":"TheCursedMod:CursedRelics","floor":18,"key":"SMITH"},{"floor":26,"key":"REST"},{"floor":30,"key":"REST"}],"circlet_count":0,"master_deck":["TheCursedMod:Strike_TheCursed","TheCursedMod:Strike_TheCursed","TheCursedMod:Defend_TheCursed","TheCursedMod:Defend_TheCursed","TheCursedMod:CursedWand+1","TheCursedMod:CleanUpWorkshop","TheCursedMod:Dregs","hubris:Greed","hubris:Greed","hubris:Greed","TheCursedMod:SpreadPlague","hubris:Greed","hubris:Greed","hubris:Greed","hubris:Greed","hubris:Greed","hubris:Greed","TheCursedMod:SmokeScreen","hubris:Greed","hubris:Greed","hubris:Greed","hubris:Greed","hubris:Greed","hubris:Greed","hubris:Greed","hubris:Greed","hubris:Greed","hubris:Greed","hubris:Greed","hubris:Greed","TheCursedMod:CursedBlade","expansioncontent:StudyTheSpire+1","hubris:Greed","TheCursedMod:Torture","hubris:Greed","TheCursedMod:SaltUponWound","TheCursedMod:Stigma","TheCursedMod:SmokeScreen","expansioncontent:StudyTheSpire+1","TheCursedMod:LuckyCharm","TheCursedMod:SpitefulStrike","TheCursedMod:CursedRelics+1","TheCursedMod:DoubleShield","TheCursedMod:VitalStrike","Violence","TheCursedMod:SurpriseAttack","hubris:Greed","hubris:Greed","hubris:Greed","hubris:Greed","hubris:Greed","TheCursedMod:Torture+1","hubris:Greed","hubris:Greed","hubris:Greed","hubris:Greed","hubris:Greed","hubris:Greed","TheCursedMod:CursedAmulet"],"relics":["TheCursedMod:BlackMagic101","Lantern","DollysMirror","Akabeko","Busted Crown","Nilry\u0027s Codex","DemoMod:BlueGuonStone","ReplayTheSpireMod:TigerMarble","TheCursedMod:Tack","Matryoshka"],"acts_visited":["Exordium","TheCity"],"potions_floor_usage":[21,27,28,32,32,32],"damage_taken":[{"damage":0,"enemies":"Cultist","floor":3,"turns":4},{"damage":16,"enemies":"infinitespire:Voidling","floor":4,"turns":5},{"damage":0,"enemies":"downfall:FleeingMerchant","floor":5,"turns":4},{"damage":1,"enemies":"2 Louse","floor":8,"turns":6},{"damage":23,"enemies":"Blue Slaver","floor":9,"turns":5},{"damage":37,"enemies":"Exordium Thugs","floor":10,"turns":6},{"damage":0,"enemies":"downfall:FleeingMerchant","floor":12,"turns":4},{"damage":15,"enemies":"3 Louse","floor":15,"turns":6},{"damage":2,"enemies":"WA_ARCHETYPE_RETAIN","floor":16,"turns":8},{"damage":0,"enemies":"Chosen","floor":19,"turns":1},{"damage":26,"enemies":"Shelled Parasite and Fungi","floor":21,"turns":5},{"damage":3,"enemies":"downfall:FleeingMerchant","floor":23,"turns":4},{"damage":55,"enemies":"Slavers","floor":27,"turns":8},{"damage":4,"enemies":"Snake Plant","floor":28,"turns":3},{"damage":16,"enemies":"3 Cultists","floor":31,"turns":9},{"damage":8,"enemies":"Centurion and Healer","floor":32,"turns":6},{"damage":9,"enemies":"IC_MUSHROOM_ARCHETYPE","floor":33,"turns":1}],"seed_played":"-1223031292133595772","potions_obtained":[{"floor":9,"key":"FearPotion"},{"floor":10,"key":"SpeedPotion"},{"floor":15,"key":"Block Potion"},{"floor":21,"key":"Milkshake"},{"floor":27,"key":"Energy Potion"},{"floor":28,"key":"FearPotion"}],"is_trial":false,"path_per_floor":["R","?","M","M","$","R","T","M","M","M","R","$","R","?","M","B",null,"R","M","?","M","T","$","T","?","R","E","M","?","R","M","M","B"],"character_chosen":"THE_CURSED","items_purchased":["expansioncontent:StudyTheSpire","DollysMirror","Akabeko","TheCursedMod:LuckyCharm","ReplayTheSpireMod:TigerMarble","Violence","TheCursedMod:SurpriseAttack"],"campfire_rested":4,"item_purchase_floors":[5,12,12,12,23,23,23],"current_hp_per_floor":[82,82,82,73,73,73,73,72,49,12,36,36,60,60,45,43,82,82,82,66,40,40,37,37,37,61,6,2,2,26,10,2,0,0],"gold":888,"neow_bonus":"TEN_PERCENT_HP_BONUS","is_daily":false,"chose_seed":false,"campfire_upgraded":3,"win_rate":0.0,"timestamp":1612065733,"path_taken":["R","?","M","?","$","R","T","M","?","M","R","?","R","?","M","BOSS","R","M","?","M","?","$","T","?","R","E","?","?","R","M","M","BOSS"],"items_purchased_type":["Card","Relic","Relic","Card","Relic","Card","Card"],"build_version":"2020-12-22","purchased_purges":1,"victory":false,"max_hp_per_floor":[82,82,82,82,82,82,82,82,82,82,82,82,82,82,82,82,82,82,82,82,82,82,82,82,82,82,82,82,82,82,82,82,82,82],"card_choices":[{"not_picked":["TheCursedMod:SpitefulStrike","TheCursedMod:CursedBoomerang"],"picked":"TheCursedMod:SpreadPlague","floor":3},{"not_picked":["TheCursedMod:CursedShiv","TheCursedMod:ReleasedKnowledge"],"picked":"TheCursedMod:SmokeScreen","floor":4},{"not_picked":["TheCursedMod:CursedShiv","TheCursedMod:FleshFromBone"],"picked":"TheCursedMod:CursedBlade","floor":5},{"not_picked":["TheCursedMod:Obscuration","TheCursedMod:SoulReap"],"picked":"TheCursedMod:Torture","floor":8},{"not_picked":["TheCursedMod:PrepareRite","TheCursedMod:SoulCrush"],"picked":"TheCursedMod:SaltUponWound","floor":9},{"not_picked":["TheCursedMod:DarkBarrier","TheCursedMod:HellsGateOpen"],"picked":"TheCursedMod:Stigma","floor":10},{"not_picked":["TheCursedMod:Stretching","TheCursedMod:Wield"],"picked":"TheCursedMod:SmokeScreen","floor":12},{"not_picked":["TheCursedMod:Wield","TheCursedMod:SoulCrush"],"picked":"TheCursedMod:SpitefulStrike","floor":15},{"not_picked":["TheCursedMod:ManaCirculation","TheCursedMod:DemonicPact"],"picked":"TheCursedMod:CursedRelics","floor":16},{"not_picked":[],"picked":"TheCursedMod:DoubleShield","floor":19},{"not_picked":[],"picked":"TheCursedMod:VitalStrike","floor":21},{"not_picked":["TheCursedMod:Stretching"],"picked":"SKIP","floor":23},{"not_picked":["TheCursedMod:ReleasedKnowledge"],"picked":"SKIP","floor":27},{"not_picked":[],"picked":"TheCursedMod:Torture+1","floor":28},{"not_picked":["TheCursedMod:CircleOfCorruption"],"picked":"SKIP","floor":31},{"not_picked":[],"picked":"TheCursedMod:CursedAmulet","floor":32}],"player_experience":18618,"relics_obtained":[{"floor":7,"key":"Lantern"},{"floor":20,"key":"Nilry\u0027s Codex"},{"floor":22,"key":"DemoMod:BlueGuonStone"},{"floor":24,"key":"TheCursedMod:Tack"},{"floor":27,"key":"Matryoshka"}],"event_choices":[{"damage_healed":0,"gold_gain":200,"player_choice":"Gold","damage_taken":0,"max_hp_gain":0,"max_hp_loss":0,"event_name":"Wheel of Change","floor":25,"gold_loss":0}],"is_beta":false,"boss_relics":[{"not_picked":["hubris:CrackedHourglass","hubris:RunicObelisk"],"picked":"Busted Crown"}],"items_purged_floors":[23],"is_endless":false,"potions_floor_spawned":[9,10,15,21,27,28],"killed_by":"IC_MUSHROOM_ARCHETYPE","ascension_level":0}}