{"host":"c3lc60y5x60jlt1y","time":1612125462,"event":{"mods":["AchievementEnabler","BaseMod","Bestiary","Colored Map","Minty Spire (QoL Compilation)","Quick Restart","StSLib","ojb\u0027s Info Mod"],"gold_per_floor":[110,110,120,45,45,45,59,59,59,59,82,96,96,115,115,115,115],"floor_reached":16,"language":"ENG","playtime":362,"items_purged":["Strike_R"],"score":92,"play_id":"bac43ece-1034-4f5f-9a22-3d2172c50963","local_time":"20210131223742","is_ascension_mode":false,"campfire_choices":[{"data":"Rupture","floor":6,"key":"SMITH"},{"data":"Dual Wield","floor":10,"key":"SMITH"},{"floor":15,"key":"REST"}],"circlet_count":0,"master_deck":["Strike_R","Strike_R","Strike_R","Defend_R","Defend_R","Defend_R","Bash","Bloodletting","Rupture+1","Shrug It Off","Flex","Dual Wield+1","Heavy Blade"],"relics":["Burning Blood","Golden Idol","Dead Branch"],"acts_visited":["Exordium"],"potions_floor_usage":[16,16],"damage_taken":[{"damage":13,"enemies":"Small Slimes","floor":1,"turns":4},{"damage":4,"enemies":"Jaw Worm","floor":3,"turns":3},{"damage":4,"enemies":"Cultist","floor":7,"turns":4},{"damage":14,"enemies":"3 Louse","floor":11,"turns":5},{"damage":13,"enemies":"Looter","floor":12,"turns":3},{"damage":40,"enemies":"Large Slime","floor":14,"turns":5},{"damage":35,"enemies":"Hexaghost","floor":16,"turns":4}],"seed_played":"-8802895935291977109","potions_obtained":[{"floor":3,"key":"DistilledChaos"},{"floor":11,"key":"Swift Potion"},{"floor":14,"key":"SmokeBomb"}],"is_trial":false,"path_per_floor":["M","?","M","$","?","R","M","?","T","R","M","M","?","M","R","B"],"character_chosen":"IRONCLAD","items_purchased":[],"campfire_rested":1,"item_purchase_floors":[],"current_hp_per_floor":[49,49,51,51,51,51,53,53,53,53,45,38,43,9,32,0,0],"gold":115,"neow_bonus":"TRANSFORM_TWO_CARDS","is_daily":false,"chose_seed":false,"campfire_upgraded":2,"win_rate":0.0,"timestamp":1612125462,"path_taken":["M","?","M","$","?","R","M","?","T","R","M","?","?","M","R","BOSS"],"items_purchased_type":[],"build_version":"2020-12-22","purchased_purges":1,"victory":false,"max_hp_per_floor":[80,80,80,80,74,74,74,74,74,74,74,74,79,79,79,79,79],"card_choices":[{"not_picked":["Havoc","Anger"],"picked":"Shrug It Off","floor":1},{"not_picked":["Shrug It Off","Fire Breathing"],"picked":"Flex","floor":3},{"not_picked":["Cleave","Iron Wave"],"picked":"Dual Wield","floor":7},{"not_picked":["Iron Wave","Rupture"],"picked":"Heavy Blade","floor":11},{"not_picked":["Havoc","Body Slam","Perfected Strike"],"picked":"SKIP","floor":12},{"not_picked":["Cleave","Rampage","Fiend Fire"],"picked":"SKIP","floor":14}],"player_experience":8881230,"relics_obtained":[{"floor":9,"key":"Dead Branch"}],"event_choices":[{"damage_healed":0,"gold_gain":0,"player_choice":"Ignored","damage_taken":0,"max_hp_gain":0,"max_hp_loss":0,"event_name":"Liars Game","floor":2,"gold_loss":0},{"damage_healed":0,"gold_gain":0,"player_choice":"Lose Max HP","damage_taken":0,"relics_obtained":["Golden Idol"],"max_hp_gain":0,"max_hp_loss":6,"event_name":"Golden Idol","floor":5,"gold_loss":0},{"damage_healed":0,"gold_gain":0,"player_choice":"Ignored","damage_taken":0,"max_hp_gain":0,"max_hp_loss":0,"event_name":"NoteForYourself","floor":8,"gold_loss":0},{"damage_healed":0,"gold_gain":0,"player_choice":"Donut","damage_taken":0,"max_hp_gain":5,"max_hp_loss":0,"event_name":"Big Fish","floor":13,"gold_loss":0}],"is_beta":false,"boss_relics":[],"items_purged_floors":[4],"is_endless":false,"potions_floor_spawned":[3,11,14],"killed_by":"Hexaghost","ascension_level":0}}