{"host":"osfffw6eu3utmcte","time":1612128175,"event":{"mods":["AchievementEnabler","BaseMod","Hermit","Minty Spire (QoL Compilation)","StSLib"],"gold_per_floor":[117,128,142,142,155,155,193,193,239,279,297,297,316,351,351,475,475,475,475,475,430,430,430,430,430,430,430,7,7,7,7,7,7,7,7,7,7,7,7,7,7,7,7,7,7,7,7,7,7,7],"floor_reached":51,"language":"ENG","playtime":4101,"items_purged":["hermit:Strike_Hermit"],"score":1198,"play_id":"0b15cb13-83df-4884-be67-8ce09e80d986","local_time":"20210131222255","is_ascension_mode":true,"campfire_choices":[{"floor":6.0,"key":"RECALL"},{"floor":8.0,"key":"REST"},{"floor":15.0,"key":"REST"},{"floor":32.0,"key":"REST"},{"floor":41,"key":"REST"},{"floor":45,"key":"REST"},{"floor":49,"key":"REST"}],"circlet_count":0,"master_deck":["hermit:Strike_Hermit","hermit:Strike_Hermit","hermit:Strike_Hermit","hermit:Defend_Hermit+1","hermit:Defend_Hermit","hermit:Defend_Hermit","hermit:Defend_Hermit","hermit:Snapshot+1","hermit:Covet","hermit:EyeOfTheStorm+1","hermit:Desperado","hermit:LuckOfTheDraw","Injury","hermit:Vantage+1","hermit:Manifest","hermit:HoleUp","hermit:WideOpen","hermit:Deadeye+1","hermit:NoHoldsBarred","hermit:Magnum","hermit:FlashPowder+1","RitualDagger","Bandage Up","hermit:FlashPowder","hermit:Vantage+1","hermit:Roughhouse","hermit:BigShot+1","Apotheosis+1","hermit:Roulette","hermit:GoldenBullet","hermit:Virtue","hermit:FromBeyond","hermit:TakeAim","hermit:Coalescence","Decay","hermit:Adapt","hermit:Maintenance+1"],"relics":["Fusion Hammer","Golden Idol","Blue Candle","Blood Vial","Bag of Marbles","Gambling Chip","Ectoplasm","White Beast Statue","Du-Vu Doll","War Paint","Whetstone","Bronze Scales","Cursed Key","Juzu Bracelet","Bird Faced Urn","HornCleat","Centennial Puzzle","Calipers"],"acts_visited":["Exordium","TheCity","TheBeyond"],"potions_floor_usage":[39,39,42,44,50,50],"damage_taken":[{"damage":0.0,"enemies":"2 Louse","floor":1.0,"turns":2.0},{"damage":5.0,"enemies":"Jaw Worm","floor":2.0,"turns":4.0},{"damage":0.0,"enemies":"Cultist","floor":3.0,"turns":2.0},{"damage":6.0,"enemies":"2 Fungi Beasts","floor":5.0,"turns":3.0},{"damage":30.0,"enemies":"Gremlin Nob","floor":7.0,"turns":4.0},{"damage":24.0,"enemies":"Lagavulin","floor":10.0,"turns":8.0},{"damage":5.0,"enemies":"Exordium Wildlife","floor":11.0,"turns":3.0},{"damage":0.0,"enemies":"Lots of Slimes","floor":13.0,"turns":4.0},{"damage":0.0,"enemies":"3 Sentries","floor":14.0,"turns":7.0},{"damage":34.0,"enemies":"The Guardian","floor":16.0,"turns":11.0},{"damage":0.0,"enemies":"Chosen","floor":18.0,"turns":2.0},{"damage":3.0,"enemies":"2 Thieves","floor":21.0,"turns":3.0},{"damage":7.0,"enemies":"3 Cultists","floor":22.0,"turns":4.0},{"damage":5.0,"enemies":"Gremlin Leader","floor":23.0,"turns":4.0},{"damage":3.0,"enemies":"Centurion and Healer","floor":24.0,"turns":4.0},{"damage":32.0,"enemies":"Slavers","floor":25.0,"turns":4.0},{"damage":24.0,"enemies":"Gremlin Leader","floor":27.0,"turns":7.0},{"damage":1.0,"enemies":"Slavers","floor":29.0,"turns":4.0},{"damage":0.0,"enemies":"Snake Plant","floor":30.0,"turns":1.0},{"damage":7.0,"enemies":"Shelled Parasite and Fungi","floor":31.0,"turns":7.0},{"damage":42.0,"enemies":"Collector","floor":33.0,"turns":9.0},{"damage":0.0,"enemies":"3 Darklings","floor":35.0,"turns":3.0},{"damage":0.0,"enemies":"Orb Walker","floor":38.0,"turns":1.0},{"damage":0,"enemies":"Jaw Worm Horde","floor":39,"turns":3},{"damage":0,"enemies":"Giant Head","floor":40,"turns":5},{"damage":6,"enemies":"Reptomancer","floor":42,"turns":6},{"damage":0,"enemies":"Nemesis","floor":44,"turns":1},{"damage":8,"enemies":"Giant Head","floor":47,"turns":6},{"damage":0,"enemies":"Sphere and 2 Shapes","floor":48,"turns":3},{"damage":26,"enemies":"Donu and Deca","floor":50,"turns":8}],"seed_played":"-4967820620110532547","potions_obtained":[{"floor":3.0,"key":"DuplicationPotion"},{"floor":7.0,"key":"hermit:BlackBile"},{"floor":13.0,"key":"AttackPotion"},{"floor":14.0,"key":"CultistPotion"},{"floor":22.0,"key":"PowerPotion"},{"floor":23.0,"key":"SmokeBomb"},{"floor":24.0,"key":"Fruit Juice"},{"floor":25.0,"key":"hermit:Tonic"},{"floor":27.0,"key":"Weak Potion"},{"floor":29.0,"key":"hermit:Tonic"},{"floor":31.0,"key":"SkillPotion"},{"floor":33.0,"key":"BlessingOfTheForge"},{"floor":35.0,"key":"DuplicationPotion"},{"floor":38.0,"key":"SteroidPotion"},{"floor":39,"key":"Ancient Potion"},{"floor":40,"key":"Weak Potion"},{"floor":42,"key":"SneckoOil"},{"floor":44,"key":"BlessingOfTheForge"},{"floor":48,"key":"FearPotion"}],"is_trial":false,"path_per_floor":["M","M","M","?","M","R","E","R","T","E","M","?","M","E","R","B",null,"M","?","?","M","M","E","M","E","T","E","$","E","M","M","R","B",null,"M","?","?","M","M","E","R","E","T","E","R","$","E","M","R","B",null],"character_chosen":"HERMIT","items_purchased":["Apotheosis","hermit:Roulette","hermit:GoldenBullet","hermit:Virtue"],"campfire_rested":6,"item_purchase_floors":[28,28,28,28],"current_hp_per_floor":[75,70,70,70,64,64,34,56,56,34,31,31,33,35,57,25,75,75,69,69,68,67,68,71,46,46,28,28,29,31,32,56,22,80,80,80,80,80,80,80,80,80,80,80,80,80,78,80,80,66],"gold":7,"neow_bonus":"BOSS_RELIC","is_daily":false,"chose_seed":false,"campfire_upgraded":0,"win_rate":0.0,"timestamp":1612128175,"path_taken":["M","M","M","?","M","R","E","R","T","E","M","?","M","E","R","BOSS","M","?","?","M","M","E","M","E","T","E","$","E","?","M","R","BOSS","M","?","?","?","M","E","R","E","T","E","R","$","E","M","R","BOSS"],"items_purchased_type":["Card","Card","Card","Card"],"build_version":"2020-12-22","purchased_purges":1,"victory":true,"max_hp_per_floor":[75,75,75,75,75,75,75,75,75,75,75,75,75,75,75,75,75,75,75,75,75,75,75,75,80,80,80,80,80,80,80,80,80,80,80,80,80,80,80,80,80,80,80,80,80,80,80,80,80,80],"card_choices":[{"not_picked":["hermit:Roulette","hermit:Manifest"],"picked":"hermit:EyeOfTheStorm","floor":1.0},{"not_picked":["hermit:HighCaliber","hermit:Feint"],"picked":"hermit:Desperado","floor":2.0},{"not_picked":["hermit:Headshot","hermit:SprayPray"],"picked":"hermit:LuckOfTheDraw","floor":3.0},{"not_picked":["hermit:Deadeye","hermit:Spite"],"picked":"hermit:Vantage","floor":5.0},{"not_picked":["hermit:DeadMansHand","hermit:Misfire"],"picked":"hermit:Manifest","floor":7.0},{"not_picked":["hermit:Cheat","hermit:Spite"],"picked":"hermit:HoleUp","floor":10.0},{"not_picked":["hermit:Misfire","hermit:Cheat"],"picked":"hermit:WideOpen","floor":11.0},{"not_picked":["hermit:Dissolve","hermit:BodyArmor"],"picked":"hermit:Deadeye","floor":13.0},{"not_picked":["hermit:Dive","hermit:CursedWeapon"],"picked":"hermit:NoHoldsBarred","floor":14.0},{"not_picked":["hermit:OverwhelmingPower","hermit:FinalCanter"],"picked":"hermit:Magnum","floor":16.0},{"not_picked":["hermit:Horror","hermit:Roulette"],"picked":"hermit:FlashPowder+1","floor":18.0},{"not_picked":["hermit:LuckOfTheDraw","hermit:Headshot","hermit:Glare"],"picked":"SKIP","floor":21.0},{"not_picked":["hermit:TrackingShot","hermit:Grudge","hermit:Ricochet"],"picked":"SKIP","floor":22.0},{"not_picked":["hermit:TrackingShot","hermit:Grudge","hermit:Ricochet"],"picked":"SKIP","floor":22.0},{"not_picked":["hermit:Misfire","hermit:BodyArmor"],"picked":"hermit:FlashPowder","floor":23.0},{"not_picked":["hermit:HoleUp","hermit:Ricochet"],"picked":"hermit:Vantage+1","floor":24.0},{"not_picked":["hermit:Malice","hermit:ShadowCloak"],"picked":"hermit:Roughhouse","floor":25.0},{"not_picked":["hermit:Manifest","hermit:FullyLoaded"],"picked":"hermit:BigShot+1","floor":27.0},{"not_picked":["hermit:Vantage+1","hermit:Feint","hermit:FullyLoaded"],"picked":"SKIP","floor":29.0},{"not_picked":["hermit:Desperado","hermit:Vantage+1"],"picked":"hermit:Showdown+1","floor":30.0},{"not_picked":["hermit:SprayPray","hermit:PistolWhip","hermit:ItchyTrigger"],"picked":"SKIP","floor":31.0},{"not_picked":["hermit:Dissolve","hermit:EternalForm"],"picked":"hermit:FromBeyond","floor":33.0},{"not_picked":["hermit:TrackingShot","hermit:Quickdraw+1","hermit:Vantage+1"],"picked":"SKIP","floor":35.0},{"not_picked":["hermit:HighCaliber+1","hermit:Vantage+1"],"picked":"hermit:TakeAim","floor":38.0},{"not_picked":["hermit:HoleUp","hermit:Ricochet+1","hermit:HighCaliber"],"picked":"SKIP","floor":39},{"not_picked":["hermit:TrackingShot+1","hermit:Virtue"],"picked":"hermit:Coalescence","floor":40},{"not_picked":["hermit:Coalescence+1","hermit:TakeAim","hermit:TrackingShot"],"picked":"SKIP","floor":42},{"not_picked":["hermit:Gestalt","hermit:CalledShot"],"picked":"hermit:Adapt","floor":44},{"not_picked":["hermit:Headshot+1","hermit:LuckOfTheDraw"],"picked":"hermit:Maintenance+1","floor":47},{"not_picked":["hermit:Coalescence","hermit:WideOpen","hermit:BodyArmor+1"],"picked":"SKIP","floor":48}],"player_experience":598430,"relics_obtained":[{"floor":7.0,"key":"Blue Candle"},{"floor":9.0,"key":"Blood Vial"},{"floor":10.0,"key":"Bag of Marbles"},{"floor":14.0,"key":"Gambling Chip"},{"floor":23.0,"key":"White Beast Statue"},{"floor":25.0,"key":"Du-Vu Doll"},{"floor":26.0,"key":"War Paint"},{"floor":27.0,"key":"Whetstone"},{"floor":29.0,"key":"Bronze Scales"},{"floor":40,"key":"Juzu Bracelet"},{"floor":42,"key":"Bird Faced Urn"},{"floor":43,"key":"HornCleat"},{"floor":44,"key":"Centennial Puzzle"},{"floor":47,"key":"Calipers"}],"event_choices":[{"damage_healed":0.0,"max_hp_gain":0.0,"max_hp_loss":0.0,"gold_gain":0.0,"event_name":"Golden Idol","player_choice":"Take Wound","floor":4.0,"gold_loss":0.0,"damage_taken":0.0,"relics_obtained":["Golden Idol"],"cards_obtained":["Injury"]},{"damage_healed":0.0,"max_hp_gain":0.0,"max_hp_loss":0.0,"gold_gain":0.0,"event_name":"Living Wall","player_choice":"Grow","floor":12.0,"gold_loss":0.0,"damage_taken":0.0,"cards_upgraded":["hermit:Vantage"]},{"damage_healed":0.0,"max_hp_gain":0.0,"max_hp_loss":0.0,"gold_gain":0.0,"event_name":"Nest","player_choice":"Joined the Cult","floor":19.0,"gold_loss":0.0,"damage_taken":6.0,"cards_obtained":["RitualDagger"]},{"damage_healed":0.0,"max_hp_gain":0.0,"max_hp_loss":0.0,"gold_gain":0.0,"event_name":"Match and Keep!","player_choice":"1 cards matched","floor":20.0,"gold_loss":0.0,"damage_taken":0.0,"cards_obtained":["Bandage Up"]},{"cards_removed":["hermit:Showdown"],"damage_healed":0.0,"max_hp_gain":0.0,"max_hp_loss":0.0,"gold_gain":0.0,"event_name":"Falling","player_choice":"Removed Attack","floor":36.0,"gold_loss":0.0,"damage_taken":0.0},{"damage_healed":0.0,"max_hp_gain":0.0,"max_hp_loss":0.0,"gold_gain":0.0,"event_name":"Upgrade Shrine","player_choice":"Upgraded","floor":37.0,"gold_loss":0.0,"damage_taken":0.0,"cards_upgraded":["Apotheosis"]}],"is_beta":false,"boss_relics":[{"not_picked":["Runic Dome","Empty Cage"],"picked":"Ectoplasm"},{"not_picked":["Philosopher\u0027s Stone","Busted Crown"],"picked":"Cursed Key"}],"items_purged_floors":[28],"is_endless":false,"potions_floor_spawned":[3,7,13,14,22,23,24,25,27,29,30,31,33,35,38,39,40,42,44,47,48],"ascension_level":1}}