{"host":"8ps3pfk2b2drr3ex","time":1612051707,"event":{"mods":["2.2 Compatiblity","AchievementEnabler","Act Like it!","BaseMod","Bestiary","Better Match","BetterRewards","Colored Map","Colored Powertips","Conspire","Downfall","Evolution","GifTheSpireLib","Gold Saver","Hallownest","Hubris","Minty Spire (QoL Compilation)","Permanent Neow","Relic Filter","Replay The Spire","Shop Mod","StSLib","Stuff the Spire"],"gold_per_floor":[439,456,456,456,471,497,497,530,440,440,459,470,470,80,99,99,99,99],"floor_reached":16,"language":"ENG","playtime":1431,"items_purged":["Sickly","downfall:Haunted"],"score":143,"play_id":"59ce4359-f926-4d5d-ae39-8fb52b88039d","local_time":"20210130190827","is_ascension_mode":true,"campfire_choices":[{"data":"sneckomod:TailWhip","floor":1.0,"key":"SMITH"}],"circlet_count":0,"master_deck":["sneckomod:DiceCrush","sneckomod:QuickBite","sneckomod:Defend","sneckomod:TailWhip+1","sneckomod:SnekBite","sneckomod:Unknown","sneckomod:Unknown0Cost","sneckomod:Unknown1Cost","sneckomod:QuickBite","sneckomod:UnknownBlock","sneckomod:CheapStock","sneckomod:UnknownClassGREEN","sneckomod:MasterEye","sneckomod:UnknownUncommonPower","Catalyst","sneckomod:MorePower"],"relics":["sneckomod:SneckoSoul","EVO:Axolotl","hubris:CuriousFeather","Blue Candle","StuffTheSpire:EmeraldSignet","Strawberry","hubris:SphereOfDissonance","Pondfish Scales","Cauldron"],"acts_visited":["Exordium"],"potions_floor_usage":[12,14,15,15,16,16,16,16,16],"damage_taken":[{"damage":2.0,"enemies":"Jaw Worm","floor":2.0,"turns":3.0},{"damage":7,"enemies":"2 Louse","floor":5,"turns":2},{"damage":26,"enemies":"Replay:BlueRogue","floor":6,"turns":4},{"damage":28,"enemies":"Lagavulin","floor":8,"turns":4},{"damage":1,"enemies":"downfall:FleeingMerchant","floor":9,"turns":4},{"damage":5,"enemies":"conspire:RoseBush","floor":11,"turns":1},{"damage":0,"enemies":"2 Fungi Beasts","floor":12,"turns":3},{"damage":2,"enemies":"downfall:FleeingMerchant","floor":14,"turns":4},{"damage":14,"enemies":"Lots of Slimes","floor":15,"turns":3},{"damage":15,"enemies":"IC_STATUS_ARCHETYPE","floor":16,"turns":4}],"seed_played":"9177770091919659537","potions_obtained":[{"floor":8,"key":"Block Potion"},{"floor":14,"key":"DuplicationPotion"},{"floor":14,"key":"Fruit Juice"},{"floor":14,"key":"ColorlessPotion"},{"floor":15,"key":"ColorlessPotion"}],"is_trial":false,"path_per_floor":["R","M","?","T","M","E","T","E","$","?","M","M","?","$","M","B"],"character_chosen":"THE_SNECKO","items_purchased":["sneckomod:UnknownUncommonPower","Cauldron","AttackPotion"],"campfire_rested":0,"item_purchase_floors":[14,14,14],"current_hp_per_floor":[81,79,74,74,67,48,48,20,19,19,14,14,14,17,5,0,0,0],"gold":99,"neow_bonus":"ONE_RARE_RELIC","is_daily":false,"chose_seed":false,"campfire_upgraded":1,"win_rate":0.0,"timestamp":1612051707,"path_taken":["R","M","?","?","M","E","T","E","$","?","M","?","?","$","M","BOSS"],"items_purchased_type":["Card","Relic","Potion"],"build_version":"2020-12-22","purchased_purges":2,"victory":false,"max_hp_per_floor":[90,90,90,90,90,97,97,97,97,97,97,97,97,102,102,102,102,102],"card_choices":[{"not_picked":["sneckomod:Memorize","sneckomod:QuickBite"],"picked":"sneckomod:Unknown0Cost","floor":2.0},{"not_picked":["sneckomod:WideSting","sneckomod:UnknownCommonSkill"],"picked":"sneckomod:Unknown1Cost","floor":5},{"not_picked":["sneckomod:DangerNoodle","sneckomod:DiceBlock"],"picked":"sneckomod:QuickBite","floor":6},{"not_picked":["sneckomod:SerpentMind","sneckomod:ImprovisedAttack"],"picked":"sneckomod:UnknownBlock","floor":8},{"not_picked":["sneckomod:DiceCrush","sneckomod:WideSting"],"picked":"sneckomod:CheapStock","floor":9},{"not_picked":["sneckomod:Nope","sneckomod:Unknown1Cost"],"picked":"sneckomod:Memorize","floor":11},{"not_picked":["sneckomod:UnknownClassBLUE","sneckomod:TrashToTreasure"],"picked":"sneckomod:UnknownClassGREEN","floor":12},{"not_picked":["sneckomod:SoulDraw","sneckomod:Nope"],"picked":"sneckomod:MasterEye","floor":14},{"not_picked":["sneckomod:UnknownCommonAttack","sneckomod:UnknownClassBLUE"],"picked":"sneckomod:MorePower","floor":15}],"player_experience":924779,"relics_obtained":[{"floor":4,"key":"StuffTheSpire:EmeraldSignet"},{"floor":6,"key":"Strawberry"},{"floor":7,"key":"hubris:SphereOfDissonance"},{"floor":8,"key":"Pondfish Scales"}],"event_choices":[{"damage_healed":0,"gold_gain":0,"player_choice":"Grow","damage_taken":0,"max_hp_gain":0,"max_hp_loss":0,"event_name":"Living Wall","floor":13,"gold_loss":0,"cards_upgraded":["sneckomod:Memorize"]}],"is_beta":false,"boss_relics":[],"items_purged_floors":[9,14],"is_endless":false,"potions_floor_spawned":[8,15],"killed_by":"IC_STATUS_ARCHETYPE","ascension_level":6}}