{"host":"neeznpvpgo0qgfkd","time":1612079106,"event":{"mods":["AchievementEnabler","BaseMod","BetterRewards","Colored Map","Colored Powertips","Exacting","Minty Spire (QoL Compilation)","Permanent Neow","Quick Restart","Shop Mod"],"gold_per_floor":[128,139,139,214,179,179,205,48,48,77,106,19,58,98,98,183,183,212,212,226,226,271,305,333,333,359,383,436,436,125,151,151,231,231,255,589,608,450,459,502,540,566,618,645,645,680,157,166,166,166,166,166,89,127,127,127],"floor_reached":55,"language":"ENG","playtime":2782,"items_purged":["Defend_G+1"],"score":2067,"play_id":"98e3b7cb-8229-4fe6-969c-12eeeac7e14a","local_time":"20210131024506","is_ascension_mode":true,"campfire_choices":[{"floor":6.0,"key":"RECALL"},{"floor":15.0,"key":"REST"},{"data":"Accuracy","floor":25.0,"key":"SMITH"},{"data":"Envenom","floor":32.0,"key":"SMITH"},{"floor":45.0,"key":"REST"},{"data":"Choke","floor":49.0,"key":"SMITH"},{"data":"Envenom","floor":52.0,"key":"SMITH"}],"circlet_count":0,"master_deck":["AscendersBane","Defend_G+1","Defend_G+1","Survivor","Neutralize","Accuracy+1","Footwork","Noxious Fumes","Secret Technique+1","Blade Dance+1","Flash of Steel","Flying Knee","Slice","Cloak And Dagger+1","Flying Knee","Envenom+1","Accuracy+1","Cloak And Dagger+1","Footwork","Adrenaline+1","Blade Dance+1","Bite","Bite","Bite","Bite","Bite","PiercingWail+1","Crippling Poison+1","Envenom+1","Dagger Spray","Violence+1","Bane","Noxious Fumes","Blade Dance+1","Burst+1","Dagger Spray","Choke+1","Blade Dance+1","Glass Knife","Blade Dance+1","Cloak And Dagger+1","Noxious Fumes+1","Outmaneuver+1","Sadistic Nature+1","Infinite Blades+1","Caltrops+1"],"relics":["Ring of the Snake","Sling","Thread and Needle","Toxic Egg 2","Omamori","TungstenRod","MealTicket","Lantern","Snake Skull","StrikeDummy","Boot","CeramicFish","Empty Cage","Gremlin Horn","Mango","Akabeko","Black Star","Old Coin","Bag of Marbles","Frozen Egg 2","Mummified Hand","Orichalcum","Singing Bowl","White Beast Statue","CaptainsWheel","Regal Pillow","TwistedFunnel","Bronze Scales","Nunchaku","Ninja Scroll"],"acts_visited":["Exordium","TheCity","TheBeyond","TheEnding"],"potions_floor_usage":[55],"damage_taken":[{"damage":0.0,"enemies":"Cultist","floor":1.0,"turns":4.0},{"damage":4.0,"enemies":"Jaw Worm","floor":2.0,"turns":2.0},{"damage":8.0,"enemies":"3 Sentries","floor":7.0,"turns":4.0},{"damage":0.0,"enemies":"Small Slimes","floor":10.0,"turns":1.0},{"damage":0.0,"enemies":"Gremlin Nob","floor":11.0,"turns":3.0},{"damage":24.0,"enemies":"Lagavulin","floor":13.0,"turns":4.0},{"damage":0.0,"enemies":"Blue Slaver","floor":14.0,"turns":2.0},{"damage":3.0,"enemies":"Hexaghost","floor":16.0,"turns":6.0},{"damage":13.0,"enemies":"3 Byrds","floor":18.0,"turns":4.0},{"damage":1.0,"enemies":"2 Thieves","floor":20.0,"turns":3.0},{"damage":5.0,"enemies":"Gremlin Leader","floor":23.0,"turns":3.0},{"damage":0.0,"enemies":"Shelled Parasite and Fungi","floor":24.0,"turns":3.0},{"damage":0.0,"enemies":"Centurion and Healer","floor":27.0,"turns":2.0},{"damage":14.0,"enemies":"Slavers","floor":28.0,"turns":4.0},{"damage":0.0,"enemies":"Cultist and Chosen","floor":31.0,"turns":2.0},{"damage":12.0,"enemies":"Automaton","floor":33.0,"turns":6.0},{"damage":39.0,"enemies":"3 Darklings","floor":35.0,"turns":4.0},{"damage":0.0,"enemies":"Mind Bloom Boss Battle","floor":36.0,"turns":4.0},{"damage":0.0,"enemies":"3 Shapes","floor":37.0,"turns":2.0},{"damage":17.0,"enemies":"Giant Head","floor":40.0,"turns":5.0},{"damage":0.0,"enemies":"Sphere and 2 Shapes","floor":41.0,"turns":1.0},{"damage":2.0,"enemies":"3 Darklings","floor":42.0,"turns":3.0},{"damage":11.0,"enemies":"Reptomancer","floor":44.0,"turns":3.0},{"damage":21.0,"enemies":"Giant Head","floor":46.0,"turns":6.0},{"damage":22.0,"enemies":"Donu and Deca","floor":50.0,"turns":5.0},{"damage":21.0,"enemies":"Shield and Spear","floor":54.0,"turns":3.0},{"damage":81,"enemies":"The Heart","floor":55,"turns":5}],"seed_played":"-5794550809924306306","potions_obtained":[{"floor":1.0,"key":"Ancient Potion"},{"floor":2.0,"key":"Poison Potion"},{"floor":14.0,"key":"Dexterity Potion"},{"floor":24.0,"key":"SpeedPotion"},{"floor":35.0,"key":"BlessingOfTheForge"},{"floor":37.0,"key":"GamblersBrew"},{"floor":40.0,"key":"PowerPotion"},{"floor":46.0,"key":"DuplicationPotion"},{"floor":54.0,"key":"Regen Potion"}],"is_trial":false,"path_per_floor":["M","M","?","?","?","R","E","$","T","M","E","$","E","M","R","B",null,"M","?","M","T","?","E","M","R","T","M","E","?","$","M","R","B",null,"M","?","M","$","?","E","M","M","T","E","R","E","$","?","R","B",null,"R","$","E","B"],"character_chosen":"THE_SILENT","items_purchased":["Sling","Accuracy","Toxic Egg 2","Omamori","Footwork","Noxious Fumes","Secret Technique+1","Blade Dance+1","MealTicket","Flash of Steel","Flying Knee","Snake Skull","Accuracy","Violence+1","Bane","Noxious Fumes","Bag of Marbles","TwistedFunnel","Noxious Fumes+1","Outmaneuver+1","Bronze Scales","Infinite Blades+1"],"campfire_rested":2,"item_purchase_floors":[0,0,0,0,0,0,0,0,0,0,0,8,12,30,30,30,38,47,47,47,47,53],"current_hp_per_floor":[59,55,55,45,61,61,53,66,66,66,66,66,42,42,61,58,64,51,34,33,33,33,46,50,50,50,52,44,44,59,59,59,49,60,21,25,25,40,40,25,27,27,27,35,54,41,56,56,56,36,59,59,67,49,0,0],"gold":127,"neow_bonus":"","is_daily":false,"chose_seed":false,"campfire_upgraded":4,"win_rate":0.0,"timestamp":1612079106,"path_taken":["M","?","?","?","?","R","E","?","T","M","E","$","E","M","R","BOSS","M","?","M","?","?","E","M","R","T","?","E","?","$","M","R","BOSS","M","?","M","$","?","E","?","M","T","E","R","E","$","?","R","BOSS","R","$","E","BOSS"],"items_purchased_type":["Relic","Card","Relic","Relic","Card","Card","Card","Card","Relic","Card","Card","Relic","Card","Card","Card","Card","Relic","Relic","Card","Card","Relic","Card"],"build_version":"2020-12-22","purchased_purges":1,"victory":false,"max_hp_per_floor":[66,66,66,66,66,66,66,66,66,66,66,66,66,66,66,66,66,66,71,71,71,49,63,63,63,63,63,63,63,63,63,63,63,63,63,63,63,63,63,63,63,63,63,65,65,67,67,67,67,67,67,67,67,67,67,67],"card_choices":[{"not_picked":["Expertise+1","PiercingWail+1"],"picked":"Slice","floor":1.0},{"not_picked":["Crippling Poison+1","Sucker Punch"],"picked":"Cloak And Dagger+1","floor":2.0},{"not_picked":["Predator","Masterful Stab","Bane"],"picked":"SKIP","floor":7.0},{"not_picked":["Catalyst+1","Leg Sweep+1"],"picked":"Flying Knee","floor":10.0},{"not_picked":["Quick Slash","Choke"],"picked":"Envenom","floor":11.0},{"not_picked":["Outmaneuver+1","Calculated Gamble+1"],"picked":"Cloak And Dagger+1","floor":13.0},{"not_picked":["Distraction+1","All Out Attack"],"picked":"Footwork","floor":14.0},{"not_picked":["Glass Knife","Unload"],"picked":"Adrenaline+1","floor":16.0},{"not_picked":["Blur+1","Caltrops"],"picked":"Blade Dance+1","floor":18.0},{"not_picked":["Flechettes","Poisoned Stab","Concentrate+1"],"picked":"SKIP","floor":20.0},{"not_picked":["Poisoned Stab","Dagger Throw"],"picked":"PiercingWail+1","floor":23.0},{"not_picked":["Skewer","Flechettes"],"picked":"Crippling Poison+1","floor":24.0},{"not_picked":["Dodge and Roll+1","Backstab"],"picked":"Envenom","floor":27.0},{"not_picked":["Venomology+1","Acrobatics+1"],"picked":"Dagger Spray","floor":28.0},{"not_picked":["Bane","Dodge and Roll+1"],"picked":"Blade Dance+1","floor":31.0},{"not_picked":["Unload","Envenom"],"picked":"Burst+1","floor":33.0},{"not_picked":["Underhanded Strike","Blur+1"],"picked":"Dagger Spray","floor":35.0},{"not_picked":["Flying Knee","Deflect+1"],"picked":"Choke","floor":36.0},{"not_picked":["Slice","Prepared+1"],"picked":"Blade Dance+1","floor":37.0},{"not_picked":["Corpse Explosion+1","Skewer"],"picked":"Blade Dance+1","floor":40.0},{"not_picked":["Dagger Spray","Acrobatics+1"],"picked":"Cloak And Dagger+1","floor":41.0},{"not_picked":["Dagger Spray","Quick Slash","Concentrate+1"],"picked":"SKIP","floor":42.0},{"not_picked":["Blur+1","Tactician+1","Prepared+1"],"picked":"Singing Bowl","floor":44.0},{"not_picked":["Backflip+1","Flying Knee","Glass Knife"],"picked":"Singing Bowl","floor":46.0},{"not_picked":["Dark Shackles+1","Violence+1"],"picked":"Sadistic Nature+1","floor":48.0},{"not_picked":["Dodge and Roll+1","Backflip+1"],"picked":"Caltrops+1","floor":54.0}],"player_experience":1941580,"relics_obtained":[{"floor":7.0,"key":"Lantern"},{"floor":9.0,"key":"StrikeDummy"},{"floor":11.0,"key":"Boot"},{"floor":13.0,"key":"CeramicFish"},{"floor":21.0,"key":"Gremlin Horn"},{"floor":23.0,"key":"Mango"},{"floor":28.0,"key":"Akabeko"},{"floor":36.0,"key":"Old Coin"},{"floor":40.0,"key":"Frozen Egg 2"},{"floor":40.0,"key":"Mummified Hand"},{"floor":43.0,"key":"Orichalcum"},{"floor":44.0,"key":"Singing Bowl"},{"floor":44.0,"key":"White Beast Statue"},{"floor":46.0,"key":"CaptainsWheel"},{"floor":46.0,"key":"Regal Pillow"},{"floor":54.0,"key":"Nunchaku"},{"floor":54.0,"key":"Ninja Scroll"}],"event_choices":[{"damage_healed":0.0,"max_hp_gain":0.0,"max_hp_loss":0.0,"gold_gain":0.0,"event_name":"Living Wall","player_choice":"Grow","floor":3.0,"gold_loss":0.0,"damage_taken":0.0,"cards_upgraded":["Accuracy"]},{"damage_healed":0.0,"max_hp_gain":0.0,"max_hp_loss":0.0,"gold_gain":75.0,"event_name":"World of Goop","player_choice":"Gather Gold","floor":4.0,"gold_loss":0.0,"damage_taken":11.0},{"damage_healed":16.0,"max_hp_gain":0.0,"max_hp_loss":0.0,"gold_gain":0.0,"event_name":"The Cleric","player_choice":"Healed","floor":5.0,"gold_loss":35.0,"damage_taken":0.0},{"damage_healed":0.0,"max_hp_gain":5.0,"max_hp_loss":0.0,"gold_gain":0.0,"event_name":"Forgotten Altar","player_choice":"Shed Blood","floor":19.0,"gold_loss":0.0,"damage_taken":23.0},{"damage_healed":0.0,"max_hp_gain":0.0,"max_hp_loss":22.0,"gold_gain":0.0,"event_name":"Vampires","player_choice":"Became a vampire","floor":22.0,"gold_loss":0.0,"damage_taken":0.0,"cards_obtained":["Bite","Bite","Bite","Bite","Bite"]},{"damage_healed":0.0,"max_hp_gain":0.0,"max_hp_loss":0.0,"gold_gain":0.0,"event_name":"Back to Basics","player_choice":"Simplicity","floor":29.0,"gold_loss":0.0,"damage_taken":0.0,"cards_upgraded":["Defend_G","Defend_G","Defend_G"]},{"damage_healed":0.0,"max_hp_gain":0.0,"max_hp_loss":0.0,"gold_gain":0.0,"event_name":"MindBloom","player_choice":"Fight","floor":36.0,"gold_loss":0.0,"damage_taken":0.0},{"damage_healed":0.0,"max_hp_gain":0.0,"max_hp_loss":0.0,"gold_gain":0.0,"event_name":"Match and Keep!","player_choice":"1 cards matched","floor":39.0,"gold_loss":0.0,"damage_taken":0.0,"cards_obtained":["Glass Knife"]},{"damage_healed":0.0,"max_hp_gain":0.0,"max_hp_loss":0.0,"gold_gain":0.0,"event_name":"SensoryStone","player_choice":"Memory 1","floor":48.0,"gold_loss":0.0,"damage_taken":0.0}],"is_beta":false,"boss_relics":[{"not_picked":["Runic Pyramid","Snecko Eye"],"picked":"Empty Cage"},{"not_picked":["SacredBark","Pandora\u0027s Box"],"picked":"Black Star"}],"items_purged_floors":[47],"is_endless":false,"potions_floor_spawned":[1,2,10,14,18,23,24,35,37,40,44,46,54],"killed_by":"The Heart","ascension_level":17}}