{"host":"dscols65uipasqd2","time":1612061784,"event":{"mods":["2.2 Compatiblity","AchievementEnabler","Aspiration","BaseMod","Colored Powertips","Downfall","Energized Spire","GifTheSpireLib","Hermit","Hubris","Infinite Spire","JesterMod","Jorbs\u0027s Wanderer Trilogy","Magitek Elite","Marisa????????","Minty Spire (QoL Compilation)","Rare Cards Sparkle","Replay The Spire","StSLib","Stuff the Spire","The Cursed","The Disciple","The Hierophant","The Judge","The Jungle","TheFirefly"],"gold_per_floor":[99,119,129,149,149,175,175,175,175,185,198,198,213,16,29,29,29,29],"floor_reached":16,"language":"ENG","playtime":766,"items_purged":[],"score":104,"play_id":"5e829cf6-40f0-4947-b198-409eccf0e4ec","local_time":"20210130215624","is_ascension_mode":false,"campfire_choices":[{"floor":9,"key":"REST"},{"floor":12,"key":"REST"}],"circlet_count":0,"master_deck":["sneckomod:Strike","sneckomod:Strike","sneckomod:Strike","sneckomod:Defend","sneckomod:Defend","sneckomod:Defend","sneckomod:TailWhip","sneckomod:SnekBite","sneckomod:Unknown","sneckomod:Unknown","ReplayTheSpireMod:Trickstab","sneckomod:UnknownCommonAttack","sneckomod:Unknown1Cost","sneckomod:SerpentIdol","Hallucinations","sneckomod:UnknownDexterity","StuffTheSpire:CuriosityCurse","sneckomod:UnknownUncommonPower","sneckomod:SoulRoll","sneckomod:UnknownDraw","sneckomod:Unknown1Cost","expansioncontent:StudyTheSpire","sneckomod:UnknownCommonAttack"],"relics":["sneckomod:SneckoSoul","ReplayTheSpireMod:Ring of Collecting","Lantern","Ring of Hypnosis","Darkstone Periapt","Angel_Ring"],"acts_visited":["Exordium"],"potions_floor_usage":[6,6,11,11,16],"damage_taken":[{"damage":0,"enemies":"Cultist","floor":2,"turns":3},{"damage":9,"enemies":"2 Louse","floor":3,"turns":2},{"damage":1,"enemies":"Jaw Worm","floor":4,"turns":4},{"damage":42,"enemies":"Lagavulin","floor":6,"turns":6},{"damage":0,"enemies":"2 Fungi Beasts","floor":10,"turns":3},{"damage":20,"enemies":"Gremlin Gang","floor":11,"turns":4},{"damage":12,"enemies":"Exordium Wildlife","floor":13,"turns":4},{"damage":10,"enemies":"downfall:FleeingMerchant","floor":14,"turns":4},{"damage":15,"enemies":"2 Fungi Beasts","floor":15,"turns":3},{"damage":43,"enemies":"SI_SHIV_ARCHETYPE","floor":16,"turns":5}],"seed_played":"1271667398625143540","potions_obtained":[{"floor":1,"key":"SteroidPotion"},{"floor":1,"key":"SteroidPotion"},{"floor":4,"key":"DistilledChaos"},{"floor":6,"key":"Energy Potion"},{"floor":10,"key":"Swift Potion"}],"is_trial":false,"path_per_floor":["R","M","M","M","?","E","T","?","R","M","M","R","M","$","M","B"],"character_chosen":"THE_SNECKO","items_purchased":["expansioncontent:StudyTheSpire"],"campfire_rested":2,"item_purchase_floors":[14],"current_hp_per_floor":[90,90,81,80,80,38,38,44,72,72,52,80,68,58,43,0,0,0],"gold":29,"neow_bonus":"RANDOM_COLORLESS","is_daily":false,"chose_seed":false,"campfire_upgraded":0,"win_rate":0.0,"timestamp":1612061784,"path_taken":["R","M","M","?","?","E","T","?","R","M","M","R","M","?","M","BOSS"],"items_purchased_type":["Card"],"build_version":"2020-12-22","purchased_purges":0,"victory":false,"max_hp_per_floor":[90,90,90,90,90,90,90,96,96,96,96,96,96,96,96,96,96,96],"card_choices":[{"not_picked":["Survey Options","Specialist"],"picked":"ReplayTheSpireMod:Trickstab","floor":0},{"not_picked":["sneckomod:SoulRoll","sneckomod:QuickMove"],"picked":"sneckomod:UnknownCommonAttack","floor":2},{"not_picked":["sneckomod:SerpentMind","sneckomod:ImprovisedAttack"],"picked":"sneckomod:Unknown1Cost","floor":3},{"not_picked":["sneckomod:QuickMove","sneckomod:UnknownDraw"],"picked":"sneckomod:SerpentIdol","floor":4},{"not_picked":["sneckomod:Mudshield","sneckomod:TrashToTreasure"],"picked":"sneckomod:UnknownDexterity","floor":6},{"not_picked":["sneckomod:UnknownX","sneckomod:QuickMove"],"picked":"sneckomod:UnknownUncommonPower","floor":10},{"not_picked":["sneckomod:Unknown0Cost","sneckomod:UnknownCommonAttack"],"picked":"sneckomod:SoulRoll","floor":11},{"not_picked":["sneckomod:Unknown2Cost","sneckomod:RainOfDice"],"picked":"sneckomod:UnknownDraw","floor":13},{"not_picked":["sneckomod:DiceCrush","sneckomod:RainOfDice"],"picked":"sneckomod:Unknown1Cost","floor":14},{"not_picked":["sneckomod:WideSting","sneckomod:PureSnecko"],"picked":"sneckomod:UnknownCommonAttack","floor":15}],"player_experience":508617,"relics_obtained":[{"floor":5,"key":"ReplayTheSpireMod:Ring of Collecting"},{"floor":6,"key":"Lantern"},{"floor":7,"key":"Ring of Hypnosis"},{"floor":7,"key":"Darkstone Periapt"}],"event_choices":[],"is_beta":false,"boss_relics":[],"items_purged_floors":[],"is_endless":false,"potions_floor_spawned":[4,6,10],"killed_by":"SI_SHIV_ARCHETYPE","ascension_level":0}}