{"host":"gk336il5jfnqajsw","time":1612063831,"event":{"mods":["2.2 Compatiblity","AchievementEnabler","BaseMod","Colored Powertips","Minty Spire (QoL Compilation)","Relic Stats","StSLib"],"gold_per_floor":[114,114,114,129,229,229,259,274,324,274,289,289,14,29,29,129,129,144,144,144,159,34,34,59,59,109,109,139,154,29,29,29,29,29],"floor_reached":33,"language":"ENG","playtime":1187,"items_purged":["Strike_R","Strike_R","Strike_R","Strike_R"],"score":311,"play_id":"faf8c0a1-9220-4387-aba2-c6998911c4b8","local_time":"20210130203031","daily_mods":["Specialized","Colorless Cards","Terminal"],"is_ascension_mode":false,"campfire_choices":[{"data":"Bash","floor":6.0,"key":"SMITH"},{"data":"Dramatic Entrance","floor":12.0,"key":"SMITH"},{"data":"Enlightenment","floor":15.0,"key":"SMITH"},{"data":"Secret Technique","floor":23.0,"key":"SMITH"},{"data":"Flame Barrier","floor":25.0,"key":"SMITH"},{"data":"Flame Barrier","floor":27.0,"key":"SMITH"},{"data":"Flame Barrier","floor":32,"key":"SMITH"}],"circlet_count":0,"master_deck":["Strike_R","Defend_R","Defend_R","Defend_R","Defend_R","Bash+1","Flame Barrier+1","Flame Barrier","Flame Barrier+1","Flame Barrier+1","Dramatic Entrance+1","Enlightenment+1","Secret Technique+1","Shrug It Off","Sentinel+1"],"relics":["Burning Blood","Potion Belt","Smiling Mask","Juzu Bracelet","Membership Card","Bronze Scales","Coffee Dripper","Lantern","PreservedInsect","Bag of Preparation","HornCleat","ClockworkSouvenir"],"acts_visited":["Exordium","TheCity"],"potions_floor_usage":[33,33],"damage_taken":[{"damage":1.0,"enemies":"Cultist","floor":1.0,"turns":7.0},{"damage":0.0,"enemies":"Jaw Worm","floor":4.0,"turns":5.0},{"damage":1.0,"enemies":"3 Sentries","floor":7.0,"turns":14.0},{"damage":0.0,"enemies":"Small Slimes","floor":8.0,"turns":3.0},{"damage":0.0,"enemies":"Exordium Wildlife","floor":11.0,"turns":4.0},{"damage":0.0,"enemies":"Blue Slaver","floor":14.0,"turns":4.0},{"damage":42.0,"enemies":"Hexaghost","floor":16.0,"turns":12.0},{"damage":0.0,"enemies":"3 Byrds","floor":18.0,"turns":1.0},{"damage":0.0,"enemies":"Shell Parasite","floor":21.0,"turns":6.0},{"damage":0.0,"enemies":"Book of Stabbing","floor":28.0,"turns":4.0},{"damage":12.0,"enemies":"Cultist and Chosen","floor":29.0,"turns":8.0},{"damage":60,"enemies":"Champ","floor":33,"turns":26}],"seed_played":"-828330817948855686","potions_obtained":[{"floor":4.0,"key":"AttackPotion"},{"floor":14.0,"key":"SteroidPotion"},{"floor":28.0,"key":"Energy Potion"},{"floor":29.0,"key":"Dexterity Potion"}],"is_trial":false,"path_per_floor":["M","?","?","M","?","R","E","M","T","$","M","R","$","M","R","B",null,"M","?","?","M","$","R","T","R","T","R","E","M","$","?","R","B"],"character_chosen":"IRONCLAD","items_purchased":["Membership Card","Bronze Scales","Lantern","ClockworkSouvenir"],"campfire_rested":0,"item_purchase_floors":[13,13,22,30],"current_hp_per_floor":[78,82,81,80,79,78,77,76,75,74,73,72,71,70,69,33,67,66,65,56,62,62,61,60,59,58,57,56,50,50,41,41,0,0],"gold":29,"neow_bonus":"","is_daily":true,"chose_seed":false,"campfire_upgraded":7,"win_rate":0.0,"timestamp":1612063831,"path_taken":["M","?","?","?","?","R","E","?","T","?","M","R","$","M","R","BOSS","M","?","?","M","?","R","?","R","T","R","E","M","$","?","R","BOSS"],"items_purchased_type":["Relic","Relic","Relic","Relic"],"build_version":"2020-12-22","purchased_purges":4,"victory":false,"max_hp_per_floor":[78,82,81,80,79,78,77,76,75,74,73,72,71,70,69,68,67,66,65,64,63,62,61,60,59,58,57,56,55,54,58,57,57,57],"relic_stats":{"counters":[12,94],"Bronze Scales":[216],"PreservedInsect":41,"Juzu Bracelet":0,"Bag of Preparation":[6],"Smiling Mask":63,"obtain_stats":[{"Potion Belt":3,"Lantern":22,"HornCleat":28,"Bronze Scales":13,"PreservedInsect":24,"Juzu Bracelet":9,"Coffee Dripper":17,"Bag of Preparation":26,"Membership Card":13,"Smiling Mask":7,"Burning Blood":0,"ClockworkSouvenir":30},{"Potion Belt":1,"Lantern":9,"HornCleat":10,"Bronze Scales":5,"PreservedInsect":9,"Juzu Bracelet":4,"Coffee Dripper":7,"Bag of Preparation":9,"Membership Card":5,"Smiling Mask":3,"Burning Blood":0,"ClockworkSouvenir":11},{"Potion Belt":7,"Lantern":56,"HornCleat":60,"Bronze Scales":33,"PreservedInsect":56,"Juzu Bracelet":29,"Coffee Dripper":49,"Bag of Preparation":56,"Membership Card":33,"Smiling Mask":26,"Burning Blood":0,"ClockworkSouvenir":68}],"Burning Blood":20},"card_choices":[{"not_picked":["Pommel Strike","Uppercut","Flex"],"picked":"SKIP","floor":1.0},{"not_picked":["Clothesline","Pummel","Searing Blow"],"picked":"SKIP","floor":4.0},{"not_picked":["Flame Barrier","Thinking Ahead","Headbutt"],"picked":"SKIP","floor":7.0},{"not_picked":["Bloodletting","Wild Strike"],"picked":"Dramatic Entrance","floor":8.0},{"not_picked":["Armaments","Wild Strike","Intimidate"],"picked":"SKIP","floor":11.0},{"not_picked":["Inflame","Pummel"],"picked":"Enlightenment","floor":14.0},{"not_picked":["Metamorphosis","Double Tap"],"picked":"Secret Technique","floor":16.0},{"not_picked":["Inflame","Warcry","Clothesline"],"picked":"SKIP","floor":18.0},{"not_picked":["Clash","Searing Blow+1","Clothesline"],"picked":"SKIP","floor":21.0},{"not_picked":["Flex+1","Thunderclap"],"picked":"Shrug It Off","floor":28.0},{"not_picked":["Power Through","Shrug It Off+1"],"picked":"Sentinel+1","floor":29.0}],"player_experience":562658,"relics_obtained":[{"floor":7.0,"key":"Smiling Mask"},{"floor":9.0,"key":"Juzu Bracelet"},{"floor":24.0,"key":"PreservedInsect"},{"floor":26.0,"key":"Bag of Preparation"},{"floor":28.0,"key":"HornCleat"}],"event_choices":[{"damage_healed":0.0,"max_hp_gain":5.0,"max_hp_loss":0.0,"gold_gain":0.0,"event_name":"Big Fish","player_choice":"Donut","floor":2.0,"gold_loss":0.0,"damage_taken":0.0},{"cards_removed":["Flame Barrier"],"damage_healed":0.0,"max_hp_gain":0.0,"max_hp_loss":0.0,"gold_gain":0.0,"event_name":"WeMeetAgain","player_choice":"Gave Card","floor":3.0,"gold_loss":0.0,"damage_taken":0.0,"relics_obtained":["Potion Belt"]},{"damage_healed":0.0,"max_hp_gain":0.0,"max_hp_loss":0.0,"gold_gain":100.0,"event_name":"Golden Shrine","player_choice":"Pray","floor":5.0,"gold_loss":0.0,"damage_taken":0.0},{"damage_healed":0.0,"max_hp_gain":0.0,"max_hp_loss":0.0,"gold_gain":0.0,"event_name":"Vampires","player_choice":"Ignored","floor":19.0,"gold_loss":0.0,"damage_taken":0.0},{"damage_healed":0.0,"max_hp_gain":0.0,"max_hp_loss":0.0,"gold_gain":0.0,"event_name":"Cursed Tome","player_choice":"Stopped","floor":20.0,"gold_loss":0.0,"damage_taken":9.0},{"damage_healed":0,"gold_gain":0,"player_choice":"Shed Blood","damage_taken":14,"max_hp_gain":5,"max_hp_loss":0,"event_name":"Forgotten Altar","floor":31,"gold_loss":0}],"is_beta":false,"boss_relics":[{"not_picked":["Calling Bell","Runic Dome"],"picked":"Coffee Dripper"}],"items_purged_floors":[10,13,22,30],"is_endless":false,"potions_floor_spawned":[4,14,28,29],"killed_by":"Champ","ascension_level":0}}