{"host":"utqe55yv0jihe4d6","time":1612065267,"event":{"mods":["2.2 Compatiblity","AchievementEnabler","BaseMod","Block Reminder","Colored Map","Colored Powertips","Minty Spire (QoL Compilation)","Quick Restart","Rare Cards Sparkle","Relic Stats","SuperFastMode"],"gold_per_floor":[110,10,10,10,21,51,51,12,89,89,106,106,140,152,152,223,223,236,246,246,246,9,9,19,51,132,149,149,149],"floor_reached":28,"language":"ENG","playtime":821,"items_purged":["Defend_R"],"score":542,"play_id":"b1d33ec2-31d9-49c8-a938-6a9f9bfbc8da","local_time":"20210130225427","is_ascension_mode":true,"campfire_choices":[{"data":"Blood for Blood","floor":7.0,"key":"SMITH"},{"data":"Disarm","floor":12.0,"key":"SMITH"},{"data":"Whirlwind","floor":15,"key":"SMITH"},{"floor":23,"key":"REST"}],"circlet_count":0,"master_deck":["AscendersBane","Strike_R+1","Strike_R+1","Strike_R+1","Strike_R+1","Defend_R+1","Defend_R+1","Defend_R+1","Bash","Metallicize","Shrug It Off","Blood for Blood+1","Flame Barrier","Whirlwind+1","Pain","Disarm+1","True Grit","Body Slam+1","Offering","True Grit","Headbutt+1","Dual Wield","Reaper+1","Clothesline+1","Dropkick+1"],"relics":["Burning Blood","NeowsBlessing","Blue Candle","Molten Egg 2","WarpedTongs","Boot","Fusion Hammer","Toolbox","Nunchaku","Ornamental Fan"],"acts_visited":["Exordium","TheCity"],"potions_floor_usage":[13,28],"damage_taken":[{"damage":0.0,"enemies":"Cultist","floor":1.0,"turns":1.0},{"damage":0.0,"enemies":"2 Louse","floor":5.0,"turns":1.0},{"damage":0.0,"enemies":"Lagavulin","floor":6.0,"turns":2.0},{"damage":5.0,"enemies":"Small Slimes","floor":11.0,"turns":3.0},{"damage":18,"enemies":"3 Sentries","floor":13,"turns":7},{"damage":12,"enemies":"Exordium Thugs","floor":14,"turns":6},{"damage":42,"enemies":"Slime Boss","floor":16,"turns":11},{"damage":17,"enemies":"2 Thieves","floor":18,"turns":5},{"damage":20,"enemies":"Spheric Guardian","floor":19,"turns":4},{"damage":21,"enemies":"Centurion and Healer","floor":24,"turns":6},{"damage":65,"enemies":"Gremlin Leader","floor":25,"turns":10},{"damage":7,"enemies":"Chosen and Byrds","floor":27,"turns":3},{"damage":35,"enemies":"Book of Stabbing","floor":28,"turns":5}],"seed_played":"-6298828773652969230","potions_obtained":[{"floor":1.0,"key":"DistilledChaos"},{"floor":5.0,"key":"PowerPotion"},{"floor":18,"key":"FairyPotion"}],"is_trial":false,"path_per_floor":["M","$","?","$","M","E","R","$","T","?","M","R","E","M","R","B",null,"M","M","?","?","$","R","M","E","T","M","E"],"character_chosen":"IRONCLAD","items_purchased":["Shrug It Off","Whirlwind","Toolbox","Dual Wield"],"campfire_rested":1,"item_purchase_floors":[2,8,22,22],"current_hp_per_floor":[74,74,74,74,75,75,75,75,75,75,75,75,63,57,57,21,62,51,37,37,37,37,59,44,28,28,27,0,0],"gold":149,"neow_bonus":"THREE_ENEMY_KILL","is_daily":false,"chose_seed":false,"campfire_upgraded":3,"win_rate":0.0,"timestamp":1612065267,"path_taken":["M","?","?","$","?","E","R","$","T","?","M","R","E","M","R","BOSS","M","M","?","?","?","R","M","E","T","M","E"],"items_purchased_type":["Card","Card","Relic","Card"],"build_version":"2020-12-22","purchased_purges":1,"victory":false,"max_hp_per_floor":[75,75,75,75,75,75,75,75,75,75,75,75,75,75,75,75,75,75,75,75,75,75,75,75,75,75,75,75,75],"relic_stats":{"Nunchaku":[1],"counters":[13,64],"Ornamental Fan":[4],"Blue Candle":[9],"Boot":[16],"obtain_stats":[{"Nunchaku":25,"NeowsBlessing":0,"Ornamental Fan":26,"Blue Candle":6,"Toolbox":22,"Molten Egg 2":9,"Fusion Hammer":17,"Boot":13,"Burning Blood":0,"WarpedTongs":10},{"Nunchaku":11,"NeowsBlessing":0,"Ornamental Fan":11,"Blue Candle":3,"Toolbox":9,"Molten Egg 2":3,"Fusion Hammer":7,"Boot":5,"Burning Blood":0,"WarpedTongs":3},{"Nunchaku":56,"NeowsBlessing":0,"Ornamental Fan":56,"Blue Candle":4,"Toolbox":40,"Molten Egg 2":4,"Fusion Hammer":31,"Boot":14,"Burning Blood":0,"WarpedTongs":4}],"Burning Blood":60,"WarpedTongs":[52]},"card_choices":[{"not_picked":["Iron Wave","Dark Embrace"],"picked":"Metallicize","floor":1.0},{"not_picked":["Body Slam","Rupture"],"picked":"Blood for Blood","floor":5.0},{"not_picked":["Anger","Warcry"],"picked":"Flame Barrier","floor":6.0},{"not_picked":["Hemokinesis+1","Warcry"],"picked":"Disarm","floor":11.0},{"not_picked":["Flex","Warcry"],"picked":"True Grit","floor":13},{"not_picked":["Wild Strike+1","Infernal Blade"],"picked":"Body Slam+1","floor":14},{"not_picked":["Juggernaut","Limit Break"],"picked":"Offering","floor":16},{"not_picked":["Flex","Perfected Strike+1"],"picked":"True Grit","floor":18},{"not_picked":["Flex","Body Slam+1"],"picked":"Headbutt+1","floor":19},{"not_picked":["Armaments+1","Sword Boomerang+1"],"picked":"Reaper+1","floor":24},{"not_picked":["Combust","Cleave+1"],"picked":"Clothesline+1","floor":25},{"not_picked":["Seeing Red","Headbutt+1"],"picked":"Dropkick+1","floor":27}],"player_experience":2964414,"relics_obtained":[{"floor":6.0,"key":"Blue Candle"},{"floor":9.0,"key":"Molten Egg 2"},{"floor":13,"key":"Boot"},{"floor":25,"key":"Nunchaku"},{"floor":26,"key":"Ornamental Fan"}],"event_choices":[{"cards_removed":["Strike_R"],"damage_healed":0.0,"max_hp_gain":0.0,"max_hp_loss":0.0,"gold_gain":0.0,"event_name":"Purifier","player_choice":"Purged","floor":3.0,"gold_loss":0.0,"damage_taken":0.0},{"damage_healed":0.0,"max_hp_gain":0.0,"max_hp_loss":0.0,"gold_gain":0.0,"event_name":"Accursed Blacksmith","player_choice":"Rummage","floor":10.0,"gold_loss":0.0,"damage_taken":0.0,"relics_obtained":["WarpedTongs"],"cards_obtained":["Pain"]},{"damage_healed":0,"gold_gain":0,"player_choice":"Simplicity","damage_taken":0,"max_hp_gain":0,"max_hp_loss":0,"event_name":"Back to Basics","floor":20,"gold_loss":0,"cards_upgraded":["Strike_R","Strike_R","Strike_R","Strike_R","Defend_R","Defend_R","Defend_R"]},{"damage_healed":0,"gold_gain":0,"player_choice":"Ignored","damage_taken":0,"max_hp_gain":0,"max_hp_loss":0,"event_name":"The Mausoleum","floor":21,"gold_loss":0}],"is_beta":false,"boss_relics":[{"not_picked":["Mark of Pain","Runic Cube"],"picked":"Fusion Hammer"}],"items_purged_floors":[2],"is_endless":false,"potions_floor_spawned":[1,5,18,19],"killed_by":"Book of Stabbing","ascension_level":20}}