{"host":"h3ybbam5olp21xet","time":1612055408,"event":{"mods":["BaseMod","Downfall","Hermit","Hubris","Infinite Spire","Minty Spire (QoL Compilation)","StSLib","The Bug Knight"],"gold_per_floor":[363,363,373,373,76,76,95,95,122,122,147,177,189,189,189,284,334,352,352,379,394,187,187,187,187,257,270,288,318,334,334,334,334,334],"floor_reached":33,"language":"ENG","playtime":1672,"items_purged":["hubris:Despair","hermit:Defend_Hermit"],"score":263,"play_id":"a0f168b3-e4f3-4c79-8033-d420256a5ab9","local_time":"20210130191008","is_ascension_mode":false,"campfire_choices":[{"data":"hermit:Showdown","floor":6,"key":"SMITH"},{"data":"hermit:Combo","floor":8,"key":"SMITH"},{"data":"infinitespire:DeathsTouch","floor":10,"key":"SMITH"},{"floor":15,"key":"REST"},{"floor":23,"key":"REST"},{"data":"hermit:FullyLoaded","floor":25,"key":"SMITH"},{"floor":32,"key":"REST"}],"circlet_count":0,"master_deck":["hermit:Strike_Hermit","hermit:Strike_Hermit","hermit:Strike_Hermit","hermit:Strike_Hermit","hermit:Defend_Hermit+1","hermit:Snapshot","hermit:Covet+1","infinitespire:DeathsTouch+1","hermit:Headshot","hermit:Showdown+1","hermit:Combo+1","hermit:Desperado","hermit:Horror","hermit:FullyLoaded+1","hermit:Headshot+1","hermit:Gambit","hermit:HighCaliber","hermit:FullyLoaded+1","hermit:Cheat","hermit:HighCaliber","hermit:EyeOfTheStorm","hermit:LuckOfTheDraw","hermit:EyeOfTheStorm+1","hermit:HighCaliber+1","hermit:TrackingShot+1","infinitespire:FutureSight"],"relics":["hermit:Momento","hubris:OldNail","War Paint","Tiny Chest","Odd Mushroom","Tiny House","Smiling Mask","Toy Ornithopter","Eternal Feather","Bottled Lightning","Empty Cage","Membership Card"],"acts_visited":["Exordium","TheCity"],"potions_floor_usage":[13,16,29,29,29,33,33],"damage_taken":[{"damage":10,"enemies":"Jaw Worm","floor":1,"turns":5},{"damage":10,"enemies":"Small Slimes","floor":3,"turns":2},{"damage":6,"enemies":"Cultist","floor":7,"turns":3},{"damage":18,"enemies":"3 Sentries","floor":11,"turns":4},{"damage":18,"enemies":"The Mushroom Lair","floor":12,"turns":3},{"damage":8,"enemies":"Large Slime","floor":13,"turns":4},{"damage":25,"enemies":"Slime Boss","floor":16,"turns":5},{"damage":15,"enemies":"3 Byrds","floor":18,"turns":3},{"damage":10,"enemies":"Spheric Guardian","floor":21,"turns":3},{"damage":8,"enemies":"Snecko","floor":27,"turns":3},{"damage":21,"enemies":"Snake Plant","floor":28,"turns":4},{"damage":45,"enemies":"Book of Stabbing","floor":29,"turns":5},{"damage":2,"enemies":"Cultist and Chosen","floor":30,"turns":3},{"damage":86,"enemies":"Collector","floor":33,"turns":10}],"seed_played":"7885242503483385014","potions_obtained":[{"floor":3,"key":"AttackPotion"},{"floor":11,"key":"ColorlessPotion"},{"floor":12,"key":"Regen Potion"},{"floor":16,"key":"GamblersBrew"},{"floor":17,"key":"Explosive Potion"},{"floor":18,"key":"Fire Potion"},{"floor":21,"key":"Energy Potion"},{"floor":29,"key":"Block Potion"},{"floor":30,"key":"DuplicationPotion"}],"is_trial":false,"path_per_floor":["M","?","M","?","$","R","M","R","T","R","E","?","M","?","R","B",null,"M","?","T","M","$","R","?","R","T","M","M","E","M","AVR","R","B"],"character_chosen":"HERMIT","items_purchased":["hermit:Showdown","hermit:Combo","hubris:OldNail","hermit:HighCaliber","AttackPotion","hermit:EyeOfTheStorm"],"campfire_rested":3,"item_purchase_floors":[5,5,5,22,22,22],"current_hp_per_floor":[65,47,37,75,75,75,69,69,69,69,51,33,25,50,72,47,80,65,65,65,55,55,79,79,79,79,71,50,25,23,23,62,0,0],"gold":334,"neow_bonus":"TWO_FIFTY_GOLD","is_daily":false,"chose_seed":false,"campfire_upgraded":4,"win_rate":0.0,"timestamp":1612055408,"path_taken":["M","?","M","?","$","R","?","R","T","R","E","?","M","?","R","BOSS","M","?","?","M","$","R","?","R","T","M","M","E","M","AVR","R","BOSS"],"items_purchased_type":["Card","Card","Relic","Card","Potion","Card"],"build_version":"2020-12-22","purchased_purges":2,"victory":false,"max_hp_per_floor":[75,75,75,75,75,75,75,75,75,75,75,75,75,75,75,75,80,80,80,80,80,80,80,80,80,80,80,80,80,80,80,80,80,80],"card_choices":[{"not_picked":["hermit:Vantage","hermit:TakeCover"],"picked":"hermit:PistolWhip","floor":1},{"not_picked":["infinitespire:Punishment","infinitespire:FinalStrike"],"picked":"infinitespire:DeathsTouch","floor":2},{"not_picked":["hermit:Desperado","hermit:PistolWhip"],"picked":"hermit:Headshot","floor":3},{"not_picked":["hermit:HoleUp","hermit:Dive"],"picked":"hermit:Desperado","floor":7},{"not_picked":["hermit:FlashPowder","hermit:TakeAim"],"picked":"hermit:Horror","floor":11},{"not_picked":["hermit:Manifest","hermit:Dissolve"],"picked":"hermit:FullyLoaded","floor":12},{"not_picked":["hermit:ShadowCloak","hermit:Feint"],"picked":"hermit:Headshot","floor":13},{"not_picked":["hermit:FinalCanter","hermit:HeroicBravado"],"picked":"hermit:Gambit","floor":16},{"not_picked":["hermit:Shortfuse","hermit:Snipe"],"picked":"hermit:HighCaliber","floor":17},{"not_picked":["hermit:Vantage+1","hermit:HoleUp"],"picked":"hermit:FullyLoaded+1","floor":18},{"not_picked":["hermit:Snipe","hermit:Dive"],"picked":"hermit:Cheat","floor":21},{"not_picked":["hermit:CalledShot+1","hermit:Scavenge"],"picked":"hermit:LuckOfTheDraw","floor":27},{"not_picked":["hermit:Vantage","hermit:Headshot"],"picked":"hermit:EyeOfTheStorm+1","floor":28},{"not_picked":["hermit:DeadOrAlive","hermit:Deadeye"],"picked":"hermit:HighCaliber+1","floor":29},{"not_picked":["hermit:LowProfile","hermit:CalledShot"],"picked":"hermit:TrackingShot+1","floor":30}],"player_experience":614641,"relics_obtained":[{"floor":9,"key":"War Paint"},{"floor":11,"key":"Tiny Chest"},{"floor":12,"key":"Odd Mushroom"},{"floor":20,"key":"Toy Ornithopter"},{"floor":26,"key":"Eternal Feather"},{"floor":29,"key":"Bottled Lightning"}],"event_choices":[{"cards_removed":["hermit:PistolWhip"],"damage_healed":38,"gold_gain":0,"player_choice":"Offered Uncommon","damage_taken":0,"max_hp_gain":0,"max_hp_loss":0,"event_name":"Bonfire Elementals","floor":4,"gold_loss":0},{"damage_healed":0,"gold_gain":0,"player_choice":"Fought Mushrooms","damage_taken":0,"max_hp_gain":0,"max_hp_loss":0,"event_name":"Mushrooms","floor":12,"gold_loss":0},{"damage_healed":25,"gold_gain":0,"player_choice":"Banana","damage_taken":0,"max_hp_gain":0,"max_hp_loss":0,"event_name":"Big Fish","floor":14,"gold_loss":0},{"damage_healed":0,"gold_gain":0,"player_choice":"Gave Potion","damage_taken":0,"relics_obtained":["Smiling Mask"],"max_hp_gain":0,"max_hp_loss":0,"event_name":"WeMeetAgain","floor":19,"gold_loss":0},{"damage_healed":0,"gold_gain":0,"player_choice":"Ignored","damage_taken":0,"max_hp_gain":0,"max_hp_loss":0,"event_name":"Ghosts","floor":24,"gold_loss":0}],"is_beta":false,"boss_relics":[{"not_picked":["Philosopher\u0027s Stone","Velvet Choker"],"picked":"Tiny House"}],"items_purged_floors":[22,31],"is_endless":false,"potions_floor_spawned":[3,11,12,16,18,21,29,30],"killed_by":"Collector","ascension_level":0}}