{"host":"at8674jmuidj9jgx","time":1612091566,"event":{"mods":["AchievementEnabler","BaseMod","Colored Map","Colored Powertips","Minty Spire (QoL Compilation)","SuperFastMode"],"gold_per_floor":[112,128,148,248,267,299,299,330,383,401,421,434,0,20,20,118,118,129,129,129],"floor_reached":19,"language":"ENG","playtime":1618,"items_purged":[],"score":183,"play_id":"3be7868a-93dc-4893-9d2c-529bb8b0bcc8","local_time":"20210131141246","is_ascension_mode":false,"campfire_choices":[{"data":"Dualcast","floor":7,"key":"SMITH"},{"floor":15,"key":"REST"}],"circlet_count":0,"master_deck":["Strike_B","Strike_B","Strike_B","Strike_B","Defend_B","Defend_B","Defend_B","Defend_B","Zap","Dualcast+1","Compile Driver","Streamline","Conserve Battery","Streamline","Fusion","Hologram","Redo","Hello World","Capacitor","Fission","White Noise","Lockon","Echo Form"],"relics":["Cracked Core","Regal Pillow","The Courier","Bag of Preparation","CaptainsWheel","Cursed Key"],"acts_visited":["Exordium","TheCity"],"potions_floor_usage":[6,6,8,18,19],"damage_taken":[{"damage":0,"enemies":"Small Slimes","floor":1,"turns":3},{"damage":1,"enemies":"Cultist","floor":2,"turns":3},{"damage":3,"enemies":"Jaw Worm","floor":3,"turns":3},{"damage":5,"enemies":"Blue Slaver","floor":5,"turns":2},{"damage":15,"enemies":"Lagavulin","floor":6,"turns":5},{"damage":19,"enemies":"Gremlin Nob","floor":8,"turns":4},{"damage":11,"enemies":"Large Slime","floor":10,"turns":6},{"damage":5,"enemies":"Looter","floor":11,"turns":3},{"damage":2,"enemies":"Exordium Thugs","floor":12,"turns":4},{"damage":0,"enemies":"3 Louse","floor":14,"turns":3},{"damage":16,"enemies":"Slime Boss","floor":16,"turns":9},{"damage":30,"enemies":"3 Byrds","floor":18,"turns":5},{"damage":53,"enemies":"Masked Bandits","floor":19,"turns":4}],"seed_played":"-882917916925461022","potions_obtained":[{"floor":3,"key":"BlessingOfTheForge"},{"floor":5,"key":"ColorlessPotion"},{"floor":6,"key":"PowerPotion"},{"floor":8,"key":"Ancient Potion"},{"floor":16,"key":"Explosive Potion"}],"is_trial":false,"path_per_floor":["M","M","M","?","M","E","R","E","T","M","M","M","$","M","R","B",null,"M","?"],"character_chosen":"DEFECT","items_purchased":["Capacitor","Fission","CaptainsWheel","White Noise"],"campfire_rested":1,"item_purchase_floors":[13,13,13,13],"current_hp_per_floor":[82,81,78,78,73,58,58,39,39,28,23,21,21,21,60,44,82,52,0,0],"gold":129,"neow_bonus":"TEN_PERCENT_HP_BONUS","is_daily":false,"chose_seed":false,"campfire_upgraded":1,"win_rate":0.0,"timestamp":1612091566,"path_taken":["M","M","M","?","M","E","R","E","T","M","M","?","$","?","R","BOSS","M","?"],"items_purchased_type":["Card","Card","Relic","Card"],"build_version":"2020-12-22","purchased_purges":0,"victory":false,"max_hp_per_floor":[82,82,82,82,82,82,82,82,82,82,82,82,82,82,82,82,82,82,82,82],"card_choices":[{"not_picked":["Hologram","Sweeping Beam"],"picked":"Compile Driver","floor":1},{"not_picked":["Scrape","Conserve Battery"],"picked":"Streamline","floor":2},{"not_picked":["Streamline","Stack"],"picked":"Conserve Battery","floor":3},{"not_picked":["Compile Driver","Sweeping Beam","Self Repair"],"picked":"SKIP","floor":5},{"not_picked":["Hologram","Steam"],"picked":"Streamline","floor":6},{"not_picked":["Steam","White Noise"],"picked":"Fusion","floor":8},{"not_picked":["Consume","BootSequence"],"picked":"Hologram","floor":10},{"not_picked":["Electrodynamics","Barrage"],"picked":"Redo","floor":11},{"not_picked":["Hologram","Blizzard"],"picked":"Hello World","floor":12},{"not_picked":["White Noise","Stack"],"picked":"Lockon","floor":14},{"not_picked":["Machine Learning","Biased Cognition"],"picked":"Echo Form","floor":16},{"not_picked":["Rebound","Go for the Eyes+1","Scrape"],"picked":"SKIP","floor":18}],"player_experience":116913,"relics_obtained":[{"floor":6,"key":"Regal Pillow"},{"floor":8,"key":"The Courier"},{"floor":9,"key":"Bag of Preparation"}],"event_choices":[{"damage_healed":0,"gold_gain":100,"player_choice":"Gold","damage_taken":0,"max_hp_gain":0,"max_hp_loss":0,"event_name":"Wheel of Change","floor":4,"gold_loss":0},{"damage_healed":0,"gold_gain":0,"player_choice":"Fought Bandits","damage_taken":0,"max_hp_gain":0,"max_hp_loss":0,"event_name":"Masked Bandits","floor":19,"gold_loss":0}],"is_beta":false,"boss_relics":[{"not_picked":["FrozenCore","Empty Cage"],"picked":"Cursed Key"}],"items_purged_floors":[],"is_endless":false,"potions_floor_spawned":[3,5,6,8,16],"killed_by":"Masked Bandits","ascension_level":0}}