{"host":"cijwx898anu8dehj","time":1612114873,"event":{"mods":["AchievementEnabler","AlwaysNeverKeys","BaseMod","Colored Map","Colored Powertips","Highlight Path","Minty Spire (QoL Compilation)","Rare Cards Sparkle","Relic Stats","Slay-I"],"gold_per_floor":[114,114,129,144,144,174,174,204,279,279,294,294,294,324,324,424,424,439,135,150,165,180,180,210,210,210,540,555,570,600,615,615,715,715,730,745,745,760,810,840,840,870,870,170,200,200,200,230,230,230],"floor_reached":51,"language":"ENG","playtime":5267,"items_purged":["Strike_R","Strike_R"],"score":968,"play_id":"eee4916c-29e4-4420-804a-631e8c2d7560","local_time":"20210131154113","daily_mods":["Allstar","Diverse","Elite Swarm"],"is_ascension_mode":false,"campfire_choices":[{"data":"Transmutation","floor":7.0,"key":"SMITH"},{"data":"Bash","floor":10.0,"key":"SMITH"},{"floor":12,"key":"REST"},{"data":"Bludgeon","floor":15,"key":"SMITH"},{"data":"Blind","floor":23,"key":"SMITH"},{"data":"Panacea","floor":25,"key":"SMITH"},{"data":"CutThroughFate","floor":32,"key":"SMITH"},{"data":"Whirlwind","floor":41,"key":"SMITH"},{"data":"Discovery","floor":47,"key":"SMITH"},{"data":"Iron Wave","floor":49,"key":"SMITH"}],"circlet_count":0,"master_deck":["Strike_R","Strike_R","Strike_R+1","Defend_R","Defend_R","Defend_R","Defend_R+1","Bash+1","Discovery+1","Blind+1","Transmutation+1","Impatience","Panacea+1","Conserve Battery","CutThroughFate+1","FollowUp","Fiend Fire+1","Warcry","Bludgeon+1","Double Tap","FTL","Uppercut+1","Shrug It Off","Iron Wave+1","Corpse Explosion+1","WheelKick+1","Steam+1","Scrawl+1","DeusExMachina+1","CurseOfTheBell","Whirlwind+1","Discovery+1","Madness+1","Reprogram+1","Reboot+1"],"relics":["Burning Blood","Incense Burner","Self Forming Clay","Bronze Scales","Paper Frog","Blood Vial","Sozu","Chemical X","Toxic Egg 2","Potion Belt","Old Coin","Ornamental Fan","Calling Bell","Lantern","Question Card","Gambling Chip","WingedGreaves","Shuriken","Bottled Flame","Ginger","Art of War","Pocketwatch","TheAbacus","Blue Candle","Anchor"],"acts_visited":["Exordium","TheCity","TheBeyond"],"potions_floor_usage":[50,50],"damage_taken":[{"damage":0.0,"enemies":"Small Slimes","floor":1.0,"turns":3.0},{"damage":0.0,"enemies":"Jaw Worm","floor":3.0,"turns":2.0},{"damage":1.0,"enemies":"Cultist","floor":4.0,"turns":3.0},{"damage":6.0,"enemies":"Lagavulin","floor":6.0,"turns":9.0},{"damage":20.0,"enemies":"3 Sentries","floor":8.0,"turns":10.0},{"damage":14,"enemies":"Lots of Slimes","floor":11,"turns":4},{"damage":1,"enemies":"Gremlin Nob","floor":14,"turns":3},{"damage":12,"enemies":"Slime Boss","floor":16,"turns":8},{"damage":10,"enemies":"2 Thieves","floor":18,"turns":4},{"damage":8,"enemies":"Shell Parasite","floor":20,"turns":2},{"damage":9,"enemies":"Shelled Parasite and Fungi","floor":21,"turns":4},{"damage":7,"enemies":"Snecko","floor":22,"turns":4},{"damage":3,"enemies":"Gremlin Leader","floor":24,"turns":5},{"damage":24,"enemies":"Slavers","floor":27,"turns":3},{"damage":11,"enemies":"Centurion and Healer","floor":28,"turns":3},{"damage":8,"enemies":"Shelled Parasite and Fungi","floor":29,"turns":3},{"damage":15,"enemies":"Book of Stabbing","floor":30,"turns":4},{"damage":0,"enemies":"Chosen and Byrds","floor":31,"turns":4},{"damage":19,"enemies":"Collector","floor":33,"turns":6},{"damage":11,"enemies":"3 Darklings","floor":35,"turns":4},{"damage":1,"enemies":"3 Shapes","floor":36,"turns":5},{"damage":0,"enemies":"Jaw Worm Horde","floor":38,"turns":2},{"damage":18,"enemies":"Mind Bloom Boss Battle","floor":39,"turns":4},{"damage":2,"enemies":"Giant Head","floor":40,"turns":5},{"damage":0,"enemies":"Nemesis","floor":42,"turns":4},{"damage":0,"enemies":"Reptomancer","floor":45,"turns":3},{"damage":1,"enemies":"Nemesis","floor":48,"turns":5},{"damage":26,"enemies":"Awakened One","floor":50,"turns":7}],"seed_played":"7510361231737359051","potions_obtained":[{"floor":3.0,"key":"BloodPotion"},{"floor":6.0,"key":"Dexterity Potion"},{"floor":16,"key":"SpeedPotion"}],"is_trial":false,"path_per_floor":["M","?","M","M","?","E","R","E","T","R","M","R","?","E","R","B",null,"M","$","M","M","M","R","E","R","T","E","M","M","E","M","R","B",null,"M","M","?","M","?","E","R","E","T","$","E","?","R","E","R","B",null],"character_chosen":"IRONCLAD","items_purchased":["Chemical X","FTL","Art of War","Pocketwatch","TheAbacus"],"campfire_rested":1,"item_purchase_floors":[19,19,44,44,44],"current_hp_per_floor":[80,62,68,73,57,57,57,43,43,43,35,59,59,64,64,60,80,76,76,76,75,76,76,80,80,80,62,59,59,52,60,60,49,80,75,80,75,80,68,74,74,80,80,80,80,80,80,80,80,60],"gold":230,"neow_bonus":"","is_daily":true,"chose_seed":false,"campfire_upgraded":9,"win_rate":0.0,"timestamp":1612114873,"path_taken":["M","?","M","M","?","E","R","E","T","R","M","R","?","E","R","BOSS","M","$","M","M","M","R","E","R","T","E","?","M","E","?","R","BOSS","M","M","?","M","?","E","R","E","T","$","E","?","R","E","R","BOSS"],"items_purchased_type":["Relic","Card","Relic","Relic","Relic"],"build_version":"2020-12-22","purchased_purges":2,"victory":true,"max_hp_per_floor":[80,80,80,80,80,80,80,80,80,80,80,80,80,80,80,80,80,80,80,80,80,80,80,80,80,80,80,80,80,80,80,80,80,80,80,80,80,80,80,80,80,80,80,80,80,80,80,80,80,80],"relic_stats":{"counters":[28,123],"Self Forming Clay":[132],"Blue Candle":[0],"Ginger":[0],"Question Card":10,"Burning Blood":143,"Blood Vial":28,"Sozu":6,"TheAbacus":[12],"Ornamental Fan":[80],"Shuriken":[10],"Bronze Scales":[280],"Gambling Chip":[12],"Art of War":[1],"Chemical X":[23],"obtain_stats":[{"Lantern":34,"Incense Burner":2,"Ginger":43,"Burning Blood":0,"Old Coin":27,"Blood Vial":14,"Sozu":17,"TheAbacus":44,"Gambling Chip":34,"WingedGreaves":39,"Chemical X":19,"Toxic Egg 2":24,"Paper Frog":9,"Potion Belt":26,"Self Forming Clay":6,"Blue Candle":45,"Question Card":34,"Calling Bell":34,"Bottled Flame":42,"Anchor":48,"Ornamental Fan":30,"Shuriken":40,"Bronze Scales":8,"Art of War":44,"Pocketwatch":44},{"Lantern":19,"Incense Burner":1,"Ginger":25,"Burning Blood":0,"Old Coin":14,"Blood Vial":7,"Sozu":8,"TheAbacus":25,"Gambling Chip":19,"WingedGreaves":23,"Chemical X":9,"Toxic Egg 2":13,"Paper Frog":5,"Potion Belt":13,"Self Forming Clay":4,"Blue Candle":26,"Question Card":19,"Calling Bell":19,"Bottled Flame":25,"Anchor":27,"Ornamental Fan":17,"Shuriken":24,"Bronze Scales":5,"Art of War":25,"Pocketwatch":25},{"Lantern":84,"Incense Burner":3,"Ginger":108,"Burning Blood":0,"Old Coin":64,"Blood Vial":34,"Sozu":42,"TheAbacus":108,"Gambling Chip":84,"WingedGreaves":99,"Chemical X":46,"Toxic Egg 2":61,"Paper Frog":27,"Potion Belt":61,"Self Forming Clay":17,"Blue Candle":111,"Question Card":84,"Calling Bell":84,"Bottled Flame":108,"Anchor":116,"Ornamental Fan":74,"Shuriken":104,"Bronze Scales":27,"Art of War":108,"Pocketwatch":108}],"Pocketwatch":[3]},"card_choices":[{"not_picked":["Prostrate","Prepared"],"picked":"Conserve Battery","floor":1.0},{"not_picked":["Skewer","Pummel"],"picked":"CutThroughFate","floor":3.0},{"not_picked":["ReachHeaven","Conserve Battery"],"picked":"FollowUp","floor":4.0},{"not_picked":["Envenom","Grand Finale"],"picked":"Fiend Fire","floor":6.0},{"not_picked":["Establishment","ConjureBlade","Storm of Steel"],"picked":"SKIP","floor":8.0},{"not_picked":["Defragment","Streamline"],"picked":"Warcry","floor":11},{"not_picked":["Bullet Time","Omniscience"],"picked":"Bludgeon","floor":14},{"not_picked":["Bullet Time","Phantasmal Killer"],"picked":"Double Tap","floor":16},{"not_picked":["Outmaneuver","BowlingBash","EmptyFist"],"picked":"SKIP","floor":18},{"not_picked":["Cleave","SandsOfTime"],"picked":"Uppercut+1","floor":20},{"not_picked":["Backstab+1","Halt"],"picked":"Shrug It Off","floor":21},{"not_picked":["ForeignInfluence","Clash"],"picked":"Iron Wave","floor":22},{"not_picked":["Storm of Steel+1","Scrawl+1"],"picked":"Judgement+1","floor":24},{"not_picked":["Establishment","Offering+1"],"picked":"Corpse Explosion+1","floor":27},{"not_picked":["Wireheading","CutThroughFate"],"picked":"WheelKick+1","floor":28},{"not_picked":["Sentinel+1","FollowUp"],"picked":"Steam+1","floor":29},{"not_picked":["Rainbow+1","Juggernaut"],"picked":"Scrawl+1","floor":30},{"not_picked":["Acrobatics+1","Thunderclap","Blood for Blood"],"picked":"SKIP","floor":31},{"not_picked":["After Image","Amplify+1"],"picked":"DeusExMachina+1","floor":33},{"not_picked":["Searing Blow+1","Calculated Gamble+1","Blade Dance+1","Quick Slash+1"],"picked":"SKIP","floor":35},{"not_picked":["Heel Hook","Combust+1","Melter+1"],"picked":"Whirlwind","floor":36},{"not_picked":["Secret Technique+1","Blind+1","PanicButton+1"],"picked":"Discovery+1","floor":37},{"not_picked":["PanicButton+1","Bandage Up+1","Blind+1"],"picked":"Madness+1","floor":37},{"not_picked":["WaveOfTheHand+1","Steam+1","Prepared+1"],"picked":"Reprogram+1","floor":38},{"not_picked":["Barricade","Reaper","Wish+1","Storm of Steel+1"],"picked":"SKIP","floor":40},{"not_picked":["Creative AI","Machine Learning","Judgement+1","Corpse Explosion+1"],"picked":"SKIP","floor":42},{"not_picked":["Wish+1","Demon Form","Limit Break+1"],"picked":"Reboot+1","floor":45},{"not_picked":["Multi-Cast+1","Corruption","Limit Break+1","SpiritShield+1"],"picked":"SKIP","floor":48}],"player_experience":1086703,"relics_obtained":[{"floor":6.0,"key":"Self Forming Clay"},{"floor":8.0,"key":"Bronze Scales"},{"floor":9.0,"key":"Paper Frog"},{"floor":14,"key":"Blood Vial"},{"floor":24,"key":"Toxic Egg 2"},{"floor":26,"key":"Potion Belt"},{"floor":27,"key":"Old Coin"},{"floor":30,"key":"Ornamental Fan"},{"floor":34,"key":"Lantern"},{"floor":34,"key":"Question Card"},{"floor":34,"key":"Gambling Chip"},{"floor":39,"key":"WingedGreaves"},{"floor":40,"key":"Shuriken"},{"floor":42,"key":"Bottled Flame"},{"floor":43,"key":"Ginger"},{"floor":45,"key":"Blue Candle"},{"floor":48,"key":"Anchor"}],"event_choices":[{"damage_healed":0.0,"max_hp_gain":0.0,"max_hp_loss":0.0,"gold_gain":0.0,"event_name":"Scrap Ooze","player_choice":"Success","floor":2.0,"gold_loss":0.0,"damage_taken":18.0,"relics_obtained":["Incense Burner"]},{"damage_healed":0.0,"max_hp_gain":0.0,"max_hp_loss":0.0,"gold_gain":0.0,"event_name":"Shining Light","player_choice":"Entered Light","floor":5.0,"gold_loss":0.0,"damage_taken":16.0,"cards_upgraded":["Defend_R","Strike_R"]},{"damage_healed":0,"gold_gain":0,"player_choice":"Forge","damage_taken":0,"max_hp_gain":0,"max_hp_loss":0,"event_name":"Accursed Blacksmith","floor":13,"gold_loss":0,"cards_upgraded":["Fiend Fire"]},{"damage_healed":0,"gold_gain":0,"player_choice":"Memory 2","damage_taken":5,"max_hp_gain":0,"max_hp_loss":0,"event_name":"SensoryStone","floor":37,"gold_loss":0},{"damage_healed":0,"gold_gain":0,"player_choice":"Fight","damage_taken":0,"max_hp_gain":0,"max_hp_loss":0,"event_name":"MindBloom","floor":39,"gold_loss":0},{"cards_removed":["Judgement"],"damage_healed":0,"gold_gain":0,"player_choice":"Removed Skill","damage_taken":0,"max_hp_gain":0,"max_hp_loss":0,"event_name":"Falling","floor":46,"gold_loss":0}],"is_beta":false,"boss_relics":[{"not_picked":["Mark of Pain","SlaversCollar"],"picked":"Sozu"},{"not_picked":["SacredBark","Velvet Choker"],"picked":"Calling Bell"}],"items_purged_floors":[19,44],"is_endless":false,"potions_floor_spawned":[3,6,16,18,24,28,31,36,40,45,48],"ascension_level":0}}