{"host":"6xsbn6ynqlzwllfm","time":1612124707,"event":{"mods":["2.2 Compatiblity","BaseMod","Bestiary","Colored Map","Colored Powertips","Curses Come First","Highlight Path","Keyboard Shortcuts","Minty Spire (QoL Compilation)","Relic Stats","Slay the Relics Exporter","StSLib","SuperFastMode"],"gold_per_floor":[114,125,144,144,164,164,192,192,192,192,192],"floor_reached":10,"language":"ENG","playtime":196,"items_purged":[],"score":136,"play_id":"9face4f5-21b8-4e7d-be2a-c34f03ee6a5f","local_time":"20210131152507","daily_mods":["Diverse"],"is_ascension_mode":true,"campfire_choices":[{"data":"Melter","floor":6,"key":"SMITH"}],"circlet_count":0,"master_deck":["AscendersBane","Strike_P","Strike_P","Strike_P","Strike_P","Defend_P","Defend_P","Defend_P","Defend_P","Eruption","Vigilance","Melter+1","SashWhip","CutThroughFate","Whirlwind+1"],"relics":["PureWater","Letter Opener","Matryoshka"],"acts_visited":["Exordium"],"potions_floor_usage":[7],"damage_taken":[{"damage":11,"enemies":"Jaw Worm","floor":1,"turns":4},{"damage":0,"enemies":"Cultist","floor":2,"turns":2},{"damage":4,"enemies":"Small Slimes","floor":3,"turns":3},{"damage":7,"enemies":"3 Louse","floor":5,"turns":4},{"damage":20,"enemies":"3 Sentries","floor":7,"turns":3},{"damage":40,"enemies":"Lagavulin","floor":10,"turns":4}],"seed_played":"4327116433150354884","potions_obtained":[{"floor":3,"key":"DistilledChaos"},{"floor":7,"key":"SmokeBomb"}],"is_trial":true,"path_per_floor":["M","M","M","?","M","R","E","?","T","E"],"character_chosen":"WATCHER","items_purchased":[],"campfire_rested":0,"item_purchase_floors":[],"current_hp_per_floor":[50,50,46,51,44,44,24,24,24,0,0],"gold":192,"neow_bonus":"","is_daily":false,"chose_seed":false,"campfire_upgraded":1,"win_rate":0.0,"timestamp":1612124707,"path_taken":["M","M","M","?","M","R","E","?","T","E"],"items_purchased_type":[],"build_version":"2020-12-22","purchased_purges":0,"victory":false,"max_hp_per_floor":[68,68,68,73,73,73,73,73,73,73,73],"relic_stats":{"counters":[6,20],"Letter Opener":[0],"obtain_stats":[{"Matryoshka":9,"Letter Opener":7,"PureWater":0},{"Matryoshka":5,"Letter Opener":5,"PureWater":0},{"Matryoshka":16,"Letter Opener":16,"PureWater":0}]},"card_choices":[{"not_picked":["Stack","Heel Hook"],"picked":"Melter","floor":1},{"not_picked":["Fasting2","Body Slam"],"picked":"SashWhip","floor":2},{"not_picked":["Headbutt","Steam"],"picked":"CutThroughFate","floor":3},{"not_picked":["Shockwave","Nirvana","Hemokinesis"],"picked":"SKIP","floor":5},{"not_picked":["Devotion","Blade Dance"],"picked":"Whirlwind","floor":7}],"player_experience":1368203,"relics_obtained":[{"floor":7,"key":"Letter Opener"},{"floor":9,"key":"Matryoshka"}],"event_choices":[{"damage_healed":0,"gold_gain":0,"player_choice":"Donut","damage_taken":0,"max_hp_gain":5,"max_hp_loss":0,"event_name":"Big Fish","floor":4,"gold_loss":0},{"damage_healed":0,"gold_gain":0,"player_choice":"Upgraded","damage_taken":0,"max_hp_gain":0,"max_hp_loss":0,"event_name":"Upgrade Shrine","floor":8,"gold_loss":0,"cards_upgraded":["Whirlwind"]}],"is_beta":false,"boss_relics":[],"items_purged_floors":[],"is_endless":false,"potions_floor_spawned":[3,7],"killed_by":"Lagavulin","ascension_level":20}}