{"host":"dhlnk6yox2l1s6up","time":1612063987,"event":{"mods":["BaseMod","Bestiary","Colored Map","Highlight Path","Minty Spire (QoL Compilation)","Relic Stats","StSLib"],"gold_per_floor":[115,115,115,126,143,143,173,192,239,239,254,204,204,219,219,321,321,339,339,76,89,100,125,141,141,166,185,212,212,230,256,256,357,357,375,375,420,430,61,61,87,87,87,87,98,111,386,406,406,406,406,406,1,30,30],"floor_reached":56,"language":"ENG","playtime":4575,"items_purged":["Pain","Strike_G"],"score":1857,"play_id":"389e9864-8212-4ed4-b34a-9540f8ec9c96","local_time":"20210130213307","is_ascension_mode":true,"campfire_choices":[{"data":"Dash","floor":6.0,"key":"SMITH"},{"floor":10.0,"key":"REST"},{"data":"Bouncing Flask","floor":13.0,"key":"SMITH"},{"data":"Blade Dance","floor":15.0,"key":"SMITH"},{"data":"Footwork","floor":25.0,"key":"SMITH"},{"data":"Adrenaline","floor":29,"key":"SMITH"},{"data":"Survivor","floor":32,"key":"SMITH"},{"floor":40,"key":"RECALL"},{"data":"Wraith Form v2","floor":42,"key":"SMITH"},{"data":"Malaise","floor":49,"key":"SMITH"},{"data":"Bouncing Flask","floor":52,"key":"SMITH"}],"circlet_count":0,"master_deck":["Strike_G","Strike_G+1","Strike_G+1","Defend_G","Defend_G","Defend_G","Defend_G","Defend_G","Survivor+1","Neutralize","Blade Dance+1","Flying Knee","Dash+1","PiercingWail","Bouncing Flask+1","Blade Dance+1","Adrenaline+1","Dagger Spray","Footwork+1","Bullet Time","PiercingWail","Flying Knee+1","Blade Dance+1","PiercingWail+1","Acrobatics+1","Acrobatics","Acrobatics+1","Wraith Form v2+1","Bouncing Flask+1","Underhanded Strike","Acrobatics+1","Underhanded Strike","Dodge and Roll+1","Catalyst+1","Malaise+1","Accuracy","Accuracy","Footwork","Footwork","Accuracy","Footwork+1"],"relics":["Ring of the Snake","NeowsBlessing","The Courier","Vajra","Snecko Eye","WarpedTongs","Toy Ornithopter","Potion Belt","Art of War","Omamori","HoveringKite","Du-Vu Doll","FossilizedHelix","Bronze Scales","Calipers"],"acts_visited":["Exordium","TheCity","TheBeyond","TheEnding"],"potions_floor_usage":[28,28,33,41,45,50,55,55,55,55,55,55],"damage_taken":[{"damage":0.0,"enemies":"Jaw Worm","floor":1.0,"turns":1.0},{"damage":0.0,"enemies":"Small Slimes","floor":4.0,"turns":1.0},{"damage":0.0,"enemies":"Cultist","floor":5.0,"turns":1.0},{"damage":48.0,"enemies":"Lagavulin","floor":7.0,"turns":9.0},{"damage":0.0,"enemies":"Exordium Wildlife","floor":8.0,"turns":3.0},{"damage":0.0,"enemies":"Looter","floor":11.0,"turns":3.0},{"damage":0.0,"enemies":"Gremlin Gang","floor":14.0,"turns":3.0},{"damage":2.0,"enemies":"Slime Boss","floor":16.0,"turns":9.0},{"damage":0.0,"enemies":"Chosen","floor":18.0,"turns":3.0},{"damage":0.0,"enemies":"2 Thieves","floor":21.0,"turns":3.0},{"damage":0.0,"enemies":"Cultist and Chosen","floor":22.0,"turns":4.0},{"damage":0.0,"enemies":"Book of Stabbing","floor":23.0,"turns":4.0},{"damage":16.0,"enemies":"Snake Plant","floor":24.0,"turns":3.0},{"damage":13,"enemies":"Sentry and Sphere","floor":27,"turns":4},{"damage":0,"enemies":"Slavers","floor":28,"turns":2},{"damage":2,"enemies":"Snecko","floor":30,"turns":3},{"damage":2,"enemies":"Gremlin Leader","floor":31,"turns":4},{"damage":22,"enemies":"Champ","floor":33,"turns":9},{"damage":0,"enemies":"3 Darklings","floor":35,"turns":4},{"damage":6,"enemies":"2 Orb Walkers","floor":37,"turns":6},{"damage":0,"enemies":"3 Shapes","floor":38,"turns":2},{"damage":0,"enemies":"Giant Head","floor":41,"turns":8},{"damage":1,"enemies":"Writhing Mass","floor":45,"turns":5},{"damage":0,"enemies":"3 Darklings","floor":46,"turns":3},{"damage":0,"enemies":"4 Shapes","floor":48,"turns":4},{"damage":52,"enemies":"Donu and Deca","floor":50,"turns":10},{"damage":0,"enemies":"Shield and Spear","floor":54,"turns":5},{"damage":26,"enemies":"The Heart","floor":55,"turns":8}],"seed_played":"-8820419154752090399","potions_obtained":[{"floor":4.0,"key":"Ancient Potion"},{"floor":7.0,"key":"SteroidPotion"},{"floor":8.0,"key":"EntropicBrew"},{"floor":11.0,"key":"Energy Potion"},{"floor":21.0,"key":"AttackPotion"},{"floor":22.0,"key":"GamblersBrew"},{"floor":28,"key":"Regen Potion"},{"floor":30,"key":"Dexterity Potion"},{"floor":31,"key":"DuplicationPotion"},{"floor":33,"key":"AttackPotion"},{"floor":38,"key":"Poison Potion"},{"floor":41,"key":"Explosive Potion"},{"floor":45,"key":"EntropicBrew"},{"floor":46,"key":"Strength Potion"}],"is_trial":false,"path_per_floor":["M","?","?","M","M","R","E","M","T","R","M","?","R","M","R","B",null,"M","?","$","M","M","E","M","R","T","M","E","R","M","E","R","B",null,"M","?","?","M","$","R","E","R","T","?","M","M","?","M","R","B",null,"R","$","E","B",null],"character_chosen":"THE_SILENT","items_purchased":["Footwork","Bullet Time","DuplicationPotion","FossilizedHelix","Underhanded Strike","Accuracy","Accuracy","Footwork","Footwork","Accuracy","Swift Potion","FairyPotion"],"campfire_rested":1,"item_purchase_floors":[20,20,20,39,39,53,53,53,53,53,53,53],"current_hp_per_floor":[63,49,49,49,49,49,1,1,1,22,22,22,22,22,22,20,58,58,58,58,58,58,58,52,52,52,39,49,49,47,45,45,28,60,60,60,54,54,54,54,70,70,70,70,69,69,69,69,69,22,58,58,58,58,44],"gold":30,"neow_bonus":"THREE_ENEMY_KILL","is_daily":false,"chose_seed":false,"campfire_upgraded":9,"win_rate":0.0,"timestamp":1612063987,"path_taken":["M","?","?","?","M","R","E","M","T","R","M","?","R","M","R","BOSS","M","?","$","?","M","E","M","R","T","?","E","R","M","E","R","BOSS","M","?","?","M","$","R","E","R","T","?","M","?","?","M","R","BOSS","R","$","E","BOSS"],"items_purchased_type":["Card","Card","Potion","Relic","Card","Card","Card","Card","Card","Card","Potion","Potion"],"build_version":"2020-12-22","purchased_purges":2,"victory":true,"max_hp_per_floor":[70,70,70,70,70,70,70,70,70,70,70,70,70,70,70,70,70,70,70,70,70,70,70,70,70,70,70,70,70,70,70,70,70,70,70,70,70,70,70,70,70,70,70,70,70,70,70,70,70,70,70,70,70,70,70],"relic_stats":{"counters":[28,124],"Bronze Scales":[165],"Snecko Eye":[233,226,227,219],"HoveringKite":[33],"Art of War":[5],"obtain_stats":[{"Potion Belt":26,"Calipers":54,"NeowsBlessing":0,"Vajra":9,"HoveringKite":34,"The Courier":7,"Omamori":31,"WarpedTongs":19,"Du-Vu Doll":37,"Bronze Scales":41,"Snecko Eye":17,"Art of War":28,"Toy Ornithopter":23,"FossilizedHelix":39,"Ring of the Snake":0},{"Potion Belt":13,"Calipers":27,"NeowsBlessing":0,"Vajra":5,"HoveringKite":18,"The Courier":4,"Omamori":17,"WarpedTongs":9,"Du-Vu Doll":20,"Bronze Scales":22,"Snecko Eye":8,"Art of War":15,"Toy Ornithopter":12,"FossilizedHelix":21,"Ring of the Snake":0},{"Potion Belt":47,"Calipers":116,"NeowsBlessing":0,"Vajra":15,"HoveringKite":69,"The Courier":12,"Omamori":60,"WarpedTongs":33,"Du-Vu Doll":79,"Bronze Scales":89,"Snecko Eye":30,"Art of War":53,"Toy Ornithopter":44,"FossilizedHelix":81,"Ring of the Snake":0}],"Toy Ornithopter":47,"Ring of the Snake":[56],"WarpedTongs":[90]},"card_choices":[{"not_picked":["Flying Knee","Dagger Spray"],"picked":"Blade Dance","floor":1.0},{"not_picked":["Distraction","Slice"],"picked":"Flying Knee","floor":4.0},{"not_picked":["Escape Plan","Slice"],"picked":"Dash","floor":5.0},{"not_picked":["Dagger Throw","Choke"],"picked":"PiercingWail","floor":7.0},{"not_picked":["Outmaneuver","Night Terror"],"picked":"Bouncing Flask","floor":8.0},{"not_picked":["Prepared","Acrobatics"],"picked":"Blade Dance","floor":11.0},{"not_picked":["Deflect","Prepared","Poisoned Stab"],"picked":"SKIP","floor":14.0},{"not_picked":["Corpse Explosion","Storm of Steel"],"picked":"Adrenaline","floor":16.0},{"not_picked":["Infinite Blades+1","PiercingWail"],"picked":"Dagger Spray","floor":18.0},{"not_picked":["Prepared","Deflect+1"],"picked":"PiercingWail","floor":21.0},{"not_picked":["Endless Agony","Dagger Throw"],"picked":"Flying Knee+1","floor":22.0},{"not_picked":["Endless Agony","Sucker Punch"],"picked":"Blade Dance+1","floor":23.0},{"not_picked":["Well Laid Plans","Unload"],"picked":"PiercingWail+1","floor":24.0},{"not_picked":["Slice","Prepared"],"picked":"Acrobatics+1","floor":27},{"not_picked":["Backstab","Cloak And Dagger","Quick Slash"],"picked":"SKIP","floor":28},{"not_picked":["Blade Dance","Poisoned Stab"],"picked":"Acrobatics","floor":30},{"not_picked":["Riddle With Holes","Finisher"],"picked":"Acrobatics+1","floor":31},{"not_picked":["Corpse Explosion","Adrenaline"],"picked":"Wraith Form v2","floor":33},{"not_picked":["Outmaneuver+1","Bane"],"picked":"Bouncing Flask","floor":35},{"not_picked":["Cloak And Dagger","Flying Knee+1"],"picked":"Underhanded Strike","floor":37},{"not_picked":["Dagger Throw+1","Dodge and Roll"],"picked":"Acrobatics+1","floor":38},{"not_picked":["Quick Slash","Infinite Blades+1"],"picked":"Dodge and Roll+1","floor":41},{"not_picked":["Cloak And Dagger","Concentrate","Endless Agony+1"],"picked":"SKIP","floor":45},{"not_picked":["Acrobatics","Dagger Spray"],"picked":"Catalyst+1","floor":46},{"not_picked":["Infinite Blades+1","Outmaneuver+1"],"picked":"Malaise","floor":48},{"not_picked":["Blade Dance","Riddle With Holes"],"picked":"Footwork+1","floor":54}],"player_experience":6040624,"relics_obtained":[{"floor":7.0,"key":"The Courier"},{"floor":9.0,"key":"Vajra"},{"floor":23.0,"key":"Toy Ornithopter"},{"floor":26.0,"key":"Potion Belt"},{"floor":28,"key":"Art of War"},{"floor":31,"key":"Omamori"},{"floor":37,"key":"Du-Vu Doll"},{"floor":41,"key":"Bronze Scales"},{"floor":54,"key":"Calipers"}],"event_choices":[{"damage_healed":0.0,"max_hp_gain":0.0,"max_hp_loss":0.0,"gold_gain":0.0,"event_name":"Shining Light","player_choice":"Entered Light","floor":2.0,"gold_loss":0.0,"damage_taken":14.0,"cards_upgraded":["Strike_G","Strike_G"]},{"damage_healed":0.0,"max_hp_gain":0.0,"max_hp_loss":0.0,"gold_gain":0.0,"event_name":"Upgrade Shrine","player_choice":"Upgraded","floor":3.0,"gold_loss":0.0,"damage_taken":0.0,"cards_upgraded":["Blade Dance"]},{"cards_removed":["Strike_G"],"damage_healed":0.0,"max_hp_gain":0.0,"max_hp_loss":0.0,"gold_gain":0.0,"event_name":"The Cleric","player_choice":"Card Removal","floor":12.0,"gold_loss":50.0,"damage_taken":0.0},{"damage_healed":0.0,"max_hp_gain":0.0,"max_hp_loss":0.0,"gold_gain":0.0,"event_name":"Accursed Blacksmith","player_choice":"Rummage","floor":19.0,"gold_loss":0.0,"damage_taken":0.0,"relics_obtained":["WarpedTongs"],"cards_obtained":["Pain"]},{"damage_healed":0,"gold_gain":0,"player_choice":"Memory 1","damage_taken":0,"max_hp_gain":0,"max_hp_loss":0,"event_name":"SensoryStone","floor":36,"gold_loss":0},{"damage_healed":0,"gold_gain":0,"player_choice":"Fight","damage_taken":0,"max_hp_gain":0,"max_hp_loss":0,"event_name":"Mysterious Sphere","floor":37,"gold_loss":0},{"damage_healed":0,"gold_gain":0,"player_choice":"Ignored","damage_taken":0,"max_hp_gain":0,"max_hp_loss":0,"event_name":"NoteForYourself","floor":44,"gold_loss":0},{"damage_healed":0,"gold_gain":275,"player_choice":"Desecrate","damage_taken":0,"max_hp_gain":0,"max_hp_loss":0,"event_name":"Golden Shrine","floor":47,"gold_loss":0,"cards_obtained":["Regret"]}],"is_beta":false,"boss_relics":[{"not_picked":["SacredBark","Runic Pyramid"],"picked":"Snecko Eye"},{"not_picked":["SlaversCollar","Busted Crown"],"picked":"HoveringKite"}],"items_purged_floors":[20,39],"is_endless":false,"potions_floor_spawned":[4,7,8,11,21,22,28,30,31,33,38,41,45,46],"ascension_level":9}}