{"host":"zzt62b52bnjak13n","time":1612118395,"event":{"mods":["BaseMod","Better Third Choice","Curses Come First","Downfall","Minty Spire (QoL Compilation)","Quick Restart","Relic Stats","Reliquary","Replay The Spire","Spire Arcade","StSLib"],"gold_per_floor":[364,364,13,25,43,74,74,108,108,30,8,18,18,18,31,60,60,159,209,223,223,16,0,0,0,25,25,25,41,41,41,41,41,41,59,59,154,154,168,218,18,118,130,130,159,170,170,198,209,32,78,92,92,92,92,92,40,75,75],"floor_reached":60,"language":"ENG","playtime":10586,"items_purged":["Pain","Strike_G"],"score":1661,"play_id":"8f93ae63-d502-4ba0-a886-38b37ad34594","local_time":"20210131193955","is_ascension_mode":false,"campfire_choices":[{"data":"Infinite Blades","floor":7,"key":"SMITH"},{"floor":17,"key":"REST"},{"floor":25,"key":"RECALL"},{"data":"ReplayTheSpireMod:Shiv Toss","floor":27,"key":"SMITH"},{"data":"After Image","floor":34,"key":"SMITH"},{"floor":36,"key":"REST"},{"data":"Replay:Bag of Tricks","floor":44,"key":"SMITH"},{"data":"Well Laid Plans","floor":53,"key":"SMITH"},{"data":"Infinite Blades","floor":56,"key":"SMITH"}],"circlet_count":0,"master_deck":["Strike_G+1","Strike_G","Strike_G+1","Strike_G","Defend_G","Defend_G","Defend_G+2","Defend_G","Defend_G","Strike_P","Strike_R+1","Infinite Blades+1","Accuracy","ReplayTheSpireMod:Shiv Toss+1","Expertise","Replay:Bag of Tricks+1","Dodge and Roll","After Image+1","Blade Dance","Backflip","Shame","Accuracy","Infinite Blades+1","Envenom","Cloak And Dagger+1","Blade Dance","Blade Dance+1","downfall:Haunted","downfall:Haunted","Sickly","Hallucinations","Tools of the Trade","Writhe","Endless Agony","ReplayTheSpireMod:Scrap Shanks+1","Cloak And Dagger+1","Well Laid Plans+1","Blade Dance","Cloak And Dagger","Pot Of Greed","Pot Of Greed","Pot Of Greed","Pot Of Greed","ReplayTheSpireMod:Scrap Shanks"],"relics":["Ring of the Snake","WarpedTongs","HandDrill","Whetstone","reliquary:Firecrackers","reliquary:FeatherDuster","Tiny House","Tiny Chest","Happy Flower","Simple Rune","Ornamental Fan","Replay:Mystery Machine","ChewingGum","Bird Faced Urn","reliquary:ExpiredCoupon","Du-Vu Doll","Lizard Tail","Pear","War Paint","reliquary:Aerogel","Grinning Jar"],"acts_visited":["Exordium","TheCity","TheBeyond","TheEnding"],"potions_floor_usage":[6,16,18,20,29,30,40,45,46,48,54,54,59],"damage_taken":[{"damage":9,"enemies":"Cultist","floor":1,"turns":4},{"damage":0,"enemies":"Small Slimes","floor":4,"turns":3},{"damage":6,"enemies":"Jaw Worm","floor":5,"turns":3},{"damage":6,"enemies":"Gremlin Nob","floor":6,"turns":3},{"damage":18,"enemies":"3 Sentries","floor":8,"turns":4},{"damage":10,"enemies":"Looter","floor":12,"turns":2},{"damage":5,"enemies":"Gremlin Gang","floor":15,"turns":2},{"damage":13,"enemies":"Gremlin Nob","floor":16,"turns":4},{"damage":9,"enemies":"Fading Forest","floor":18,"turns":11},{"damage":14,"enemies":"2 Thieves","floor":20,"turns":4},{"damage":0,"enemies":"3 Byrds","floor":29,"turns":6},{"damage":40,"enemies":"Book of Stabbing","floor":30,"turns":8},{"damage":11,"enemies":"Snake Plant","floor":35,"turns":4},{"damage":23,"enemies":"Pondfish","floor":37,"turns":14},{"damage":9,"enemies":"Orb Walker","floor":39,"turns":5},{"damage":22,"enemies":"Mind Bloom Boss Battle","floor":40,"turns":6},{"damage":0,"enemies":"3 Shapes","floor":43,"turns":2},{"damage":6,"enemies":"R_Hoarder","floor":45,"turns":4},{"damage":0,"enemies":"Maw","floor":46,"turns":5},{"damage":14,"enemies":"Giant Head","floor":48,"turns":5},{"damage":1,"enemies":"Jaw Worm Horde","floor":49,"turns":3},{"damage":5,"enemies":"4 Shapes","floor":52,"turns":2},{"damage":9,"enemies":"Donu and Deca","floor":54,"turns":6},{"damage":32,"enemies":"Shield and Spear","floor":58,"turns":5},{"damage":128,"enemies":"The Heart","floor":59,"turns":8}],"seed_played":"-1123659590275775093","potions_obtained":[{"floor":1,"key":"SmokeBomb"},{"floor":4,"key":"Fire Potion"},{"floor":8,"key":"Slimebound:ThreeZeroPotion"},{"floor":16,"key":"DuplicationPotion"},{"floor":19,"key":"Fire Potion"},{"floor":37,"key":"SteroidPotion"},{"floor":40,"key":"BlessingOfTheForge"},{"floor":46,"key":"SkillPotion"},{"floor":49,"key":"ColorlessPotion"},{"floor":52,"key":"PowerPotion"},{"floor":58,"key":"Reflective Coating"}],"is_trial":false,"path_per_floor":["M","?","$","M","M","E","R","E","T","$","?","M","PTL","PTL","M","E","R","B",null,"M","?","$","?","?","R","T","R","T","M","E","PTL","PTL","T","R","M","R","B",null,"M","?","$","?","M","R","E","M","T","E","M","$","T","M","R","B",null,"R","$","E","B",null],"character_chosen":"THE_SILENT","items_purchased":["Infinite Blades","HandDrill","All Out Attack","Replay:Bag of Tricks","Tiny Chest","Adrenaline Potion","Blade Dance","reliquary:ExpiredCoupon","Well Laid Plans","Cloak And Dagger"],"campfire_rested":2,"item_purchase_floors":[3,3,3,10,22,22,41,41,50,57],"current_hp_per_floor":[61,61,61,61,55,49,49,31,31,31,31,21,21,21,16,3,24,33,75,61,61,61,61,61,61,61,61,61,61,21,21,21,21,21,10,32,9,75,66,44,44,49,55,55,61,77,87,83,89,89,89,85,85,90,90,90,90,65,29],"gold":75,"neow_bonus":"TWO_FIFTY_GOLD","is_daily":false,"chose_seed":false,"campfire_upgraded":6,"win_rate":0.0,"timestamp":1612118395,"path_taken":["M","?","$","M","?","E","R","E","T","$","?","M","PTL","PTL","M","E","R","BOSS","M","?","$","?","?","R","?","R","T","M","E","PTL","PTL","?","R","?","R","BOSS","M","?","$","?","M","R","E","M","T","E","M","$","?","M","R","BOSS","R","$","E","BOSS"],"items_purchased_type":["Card","Relic","Card","Card","Relic","Potion","Card","Relic","Card","Card"],"build_version":"2020-12-22","purchased_purges":2,"victory":true,"max_hp_per_floor":[70,70,70,70,70,70,70,70,70,70,70,70,70,70,70,70,70,70,75,75,75,75,75,75,75,75,75,75,75,75,75,75,75,75,75,75,75,75,75,75,75,80,80,80,80,80,90,90,90,90,90,90,90,90,90,90,90,90,90],"relic_stats":{"Lizard Tail":45,"Happy Flower":[27],"counters":[25,123],"Ornamental Fan":[312],"Bird Faced Urn":[91],"Tiny Chest":2,"HandDrill":[50],"Whetstone":["Strike_R","Neutralize"],"War Paint":["Defend_G","Blade Dance"],"obtain_stats":[{"reliquary:FeatherDuster":16,"Tiny House":19,"Pear":47,"Happy Flower":24,"reliquary:Aerogel":51,"reliquary:Firecrackers":8,"Whetstone":6,"Replay:Mystery Machine":33,"War Paint":48,"WarpedTongs":2,"Du-Vu Doll":42,"reliquary:ExpiredCoupon":41,"Lizard Tail":45,"Ornamental Fan":28,"Bird Faced Urn":40,"Tiny Chest":22,"Simple Rune":26,"ChewingGum":38,"HandDrill":3,"Grinning Jar":58,"Ring of the Snake":0},{"reliquary:FeatherDuster":8,"Tiny House":9,"Pear":19,"Happy Flower":10,"reliquary:Aerogel":21,"reliquary:Firecrackers":5,"Whetstone":4,"Replay:Mystery Machine":12,"War Paint":20,"WarpedTongs":1,"Du-Vu Doll":16,"reliquary:ExpiredCoupon":16,"Lizard Tail":18,"Ornamental Fan":10,"Bird Faced Urn":16,"Tiny Chest":10,"Simple Rune":10,"ChewingGum":14,"HandDrill":1,"Grinning Jar":24,"Ring of the Snake":0},{"reliquary:FeatherDuster":25,"Tiny House":36,"Pear":94,"Happy Flower":40,"reliquary:Aerogel":102,"reliquary:Firecrackers":17,"Whetstone":13,"Replay:Mystery Machine":54,"War Paint":99,"WarpedTongs":4,"Du-Vu Doll":83,"reliquary:ExpiredCoupon":83,"Lizard Tail":89,"Ornamental Fan":40,"Bird Faced Urn":83,"Tiny Chest":40,"Simple Rune":40,"ChewingGum":72,"HandDrill":4,"Grinning Jar":115,"Ring of the Snake":0}],"Ring of the Snake":[50],"WarpedTongs":[119]},"card_choices":[{"not_picked":["Escape Plan","Flying Knee"],"picked":"Deadly Poison","floor":1},{"not_picked":["Prepared","Cloak And Dagger"],"picked":"Accuracy","floor":4},{"not_picked":["Endless Agony","Masterful Stab"],"picked":"ReplayTheSpireMod:Shiv Toss","floor":5},{"not_picked":["Outmaneuver","Terror"],"picked":"Prepared","floor":6},{"not_picked":["Poisoned Stab","Distraction"],"picked":"Expertise","floor":8},{"not_picked":["Dagger Spray","Bane"],"picked":"Expertise","floor":12},{"not_picked":["Outmaneuver","Endless Agony"],"picked":"Dodge and Roll","floor":15},{"not_picked":["ReplayTheSpireMod:Exploit Weakness","Caltrops"],"picked":"Dodge and Roll","floor":16},{"not_picked":["A Thousand Cuts","Bullet Time"],"picked":"After Image","floor":18},{"not_picked":["Deflect","Dodge and Roll"],"picked":"Blade Dance","floor":19},{"not_picked":["Endless Agony","Riddle With Holes"],"picked":"Backflip","floor":20},{"not_picked":["Slice","Deadly Poison+1"],"picked":"Accuracy","floor":29},{"not_picked":["Dagger Spray","Acrobatics"],"picked":"Infinite Blades","floor":35},{"not_picked":["Glass Knife","Malaise"],"picked":"Envenom","floor":37},{"not_picked":["Blade Dance","ReplayTheSpireMod:Scrap Shanks+1"],"picked":"Cloak And Dagger+1","floor":39},{"not_picked":["Deflect","Expertise"],"picked":"Blade Dance","floor":40},{"not_picked":["Deflect","Toxin Wave+1"],"picked":"Endless Agony","floor":43},{"not_picked":["Cloak And Dagger+1","Venomology"],"picked":"ReplayTheSpireMod:Scrap Shanks+1","floor":45},{"not_picked":["Blade Dance","Predator"],"picked":"Cloak And Dagger+1","floor":46},{"not_picked":["Underhanded Strike+1","Sucker Punch","Replay:Poison Smokescreen"],"picked":"SKIP","floor":48},{"not_picked":["Eviscerate+1","Deflect","Bane"],"picked":"SKIP","floor":49},{"not_picked":["Flying Knee","PiercingWail"],"picked":"Blade Dance","floor":52},{"not_picked":["Bane+1","Poison Darts"],"picked":"ReplayTheSpireMod:Scrap Shanks","floor":58}],"player_experience":164857,"relics_obtained":[{"floor":6,"key":"Whetstone"},{"floor":8,"key":"reliquary:Firecrackers"},{"floor":16,"key":"reliquary:FeatherDuster"},{"floor":26,"key":"Simple Rune"},{"floor":28,"key":"Ornamental Fan"},{"floor":33,"key":"Replay:Mystery Machine"},{"floor":40,"key":"Bird Faced Urn"},{"floor":45,"key":"Lizard Tail"},{"floor":47,"key":"Pear"},{"floor":48,"key":"War Paint"},{"floor":51,"key":"reliquary:Aerogel"},{"floor":58,"key":"Grinning Jar"}],"event_choices":[{"damage_healed":0,"gold_gain":0,"player_choice":"Rummage","damage_taken":0,"relics_obtained":["WarpedTongs"],"max_hp_gain":0,"max_hp_loss":0,"event_name":"Accursed Blacksmith","floor":2,"gold_loss":0,"cards_obtained":["Pain"]},{"damage_healed":0,"gold_gain":0,"player_choice":"Left","damage_taken":0,"max_hp_gain":0,"max_hp_loss":0,"event_name":"betterThird:BetterGoop","floor":11,"gold_loss":22},{"damage_healed":0,"gold_gain":0,"player_choice":"Paid Fearfully","damage_taken":0,"max_hp_gain":0,"max_hp_loss":0,"event_name":"Masked Bandits","floor":23,"gold_loss":16},{"damage_healed":0,"gold_gain":0,"player_choice":"Stole Relic","damage_taken":0,"relics_obtained":["Happy Flower"],"max_hp_gain":0,"max_hp_loss":0,"event_name":"Addict","floor":24,"gold_loss":0,"cards_obtained":["Shame"]},{"damage_healed":0,"gold_gain":0,"player_choice":"Fight","damage_taken":0,"max_hp_gain":0,"max_hp_loss":0,"event_name":"MindBloom","floor":40,"gold_loss":0}],"is_beta":false,"boss_relics":[{"not_picked":["Ring of the Serpent","reliquary:KinkedSpring"],"picked":"Tiny House"},{"not_picked":["HoveringKite","Calling Bell"],"picked":"ChewingGum"}],"items_purged_floors":[3,50],"is_endless":false,"potions_floor_spawned":[1,4,8,16,30,37,40,46,49,52,58],"ascension_level":0}}