{"host":"2l3i55whvwk76mom","time":1612134766,"event":{"mods":["BaseMod","Googly Eyes","Hermit","Hubris","Minty Spire (QoL Compilation)","Replay The Spire","StSLib","The Cursed","The Disciple","The Hierophant","The Jungle","The Necromancer"],"gold_per_floor":[118,118,118,132,207,251,251,286,333,333,364,364,364,364,364,488,588,604,694,463,479,495,495,533,553,553,553,553,553,553,566,566,695,695,809,636,700,700,719,719,754,754,754,754,779,795,819,834,834,834,834,834,352,386,400,400],"floor_reached":55,"language":"ENG","playtime":2648,"items_purged":["Parasite"],"score":1308,"play_id":"cda63780-28ba-4d02-91ff-c62cf5825125","local_time":"20210131151246","is_ascension_mode":true,"campfire_choices":[{"floor":7,"key":"REST"},{"floor":10,"key":"REST"},{"floor":12,"key":"REST"},{"data":"Feed","floor":23,"key":"SMITH"},{"data":"Life Link","floor":27,"key":"SMITH"},{"data":"hubris:DuctTapeCard","floor":30,"key":"SMITH"},{"floor":32,"key":"RECALL"},{"floor":40,"key":"REST"},{"floor":44,"key":"REST"},{"data":"Hemogenesis","floor":49,"key":"SMITH"},{"data":"Shockwave","floor":52,"key":"SMITH"}],"circlet_count":0,"master_deck":["Bash","Feed+1","Iron Wave","Uppercut","Twin Strike","Cleave","Reckless Charge","Feed+1","Thunderclap+1","Flex+1","Shrug It Off","Iron Wave","hubris:DuctTapeCard+2","Thunderclap","Headbutt","Searing Blow","Rampage","Sword Boomerang","ReplayTheSpireMod:Stacked","Cleave","Shrug It Off","Shockwave+1","Shrug It Off","Shockwave+1","Hemogenesis+1","Feed+1","Fire Breathing","Rage+1"],"relics":["Burning Blood","Golden Idol","hubris:Icosahedron","Tiny Chest","hubris:ToyBattleship","War Paint","Replay:Wax Seal","hubris:Metronome","Replay:Wanted Poster","Replay:Baseball","King of Hearts","Singing Bowl","hubris:DuctTape","Pandora\u0027s Box","hubris:BundleOfHerbs","Pantograph","ReplayTheSpireMod:Ninjato","Mirror","ReplayTheSpireMod:TigerMarble","Replay:Bandana"],"acts_visited":["Exordium","TheCity","TheBeyond","TheEnding"],"potions_floor_usage":[6,11,16,22,31,33,33,33,41,46,50,55],"damage_taken":[{"damage":4,"enemies":"2 Louse","floor":1,"turns":3},{"damage":2,"enemies":"Small Slimes","floor":4,"turns":3},{"damage":52,"enemies":"3 Sentries","floor":6,"turns":13},{"damage":36,"enemies":"Gremlin Nob","floor":8,"turns":5},{"damage":41,"enemies":"Lagavulin","floor":11,"turns":9},{"damage":68,"enemies":"Hexaghost","floor":16,"turns":12},{"damage":9,"enemies":"Shell Parasite","floor":18,"turns":2},{"damage":7,"enemies":"Chosen","floor":21,"turns":4},{"damage":13,"enemies":"Snecko","floor":22,"turns":3},{"damage":30,"enemies":"Slavers","floor":24,"turns":4},{"damage":18,"enemies":"Cultist and Chosen","floor":25,"turns":6},{"damage":0,"enemies":"Centurion and Healer","floor":31,"turns":7},{"damage":59,"enemies":"Pondfish","floor":33,"turns":15},{"damage":52,"enemies":"3 Darklings","floor":35,"turns":7},{"damage":38,"enemies":"2 Orb Walkers","floor":37,"turns":4},{"damage":29,"enemies":"3 Shapes","floor":39,"turns":7},{"damage":54,"enemies":"Nemesis","floor":41,"turns":11},{"damage":7,"enemies":"Transient","floor":45,"turns":5},{"damage":5,"enemies":"Maw","floor":46,"turns":6},{"damage":21,"enemies":"4 Shapes","floor":47,"turns":4},{"damage":20,"enemies":"Sphere and 2 Shapes","floor":48,"turns":4},{"damage":93,"enemies":"Donu and Deca","floor":50,"turns":9},{"damage":109,"enemies":"Shield and Spear","floor":54,"turns":7},{"damage":78,"enemies":"The Heart","floor":55,"turns":3}],"seed_played":"1952297450810217416","potions_obtained":[{"floor":8,"key":"DuplicationPotion"},{"floor":11,"key":"Weak Potion"},{"floor":16,"key":"LiquidBronze"},{"floor":18,"key":"Adrenaline Potion"},{"floor":24,"key":"EssenceOfSteel"},{"floor":25,"key":"Adrenaline Potion"},{"floor":31,"key":"FearPotion"},{"floor":39,"key":"LifebloodPotion"},{"floor":45,"key":"AttackPotion"},{"floor":46,"key":"Weak Potion"},{"floor":54,"key":"Adrenaline Potion"}],"is_trial":false,"path_per_floor":["M","?","?","M","?","E","R","E","T","R","E","R","?","T","R","B",null,"M","?","$","M","M","R","E","M","T","R","T","?","R","M","R","B",null,"M","$","?","T","M","R","E","?","T","R","M","M","M","M","R","B",null,"R","$","E","B"],"character_chosen":"IRONCLAD","items_purchased":["Life Link","Replay:Baseball","Shockwave","Shrug It Off","Fire Breathing","Mirror","ReplayTheSpireMod:TigerMarble"],"campfire_rested":5,"item_purchase_floors":[20,20,36,36,53,53,53],"current_hp_per_floor":[77,77,77,80,69,26,50,23,23,48,13,38,59,59,84,28,75,76,64,64,67,64,64,48,114,114,114,114,114,114,124,124,77,117,73,73,45,45,32,74,32,32,32,74,75,87,82,79,79,29,136,136,136,41,0,0],"gold":400,"neow_bonus":"ONE_RANDOM_RARE_CARD","is_daily":false,"chose_seed":false,"campfire_upgraded":5,"win_rate":0.0,"timestamp":1612134766,"path_taken":["M","?","?","M","?","E","R","E","T","R","E","R","?","?","R","BOSS","M","?","$","M","M","R","E","M","T","R","?","?","R","?","R","BOSS","M","$","?","?","M","R","E","?","T","R","M","M","?","M","R","BOSS","R","$","E","BOSS"],"items_purchased_type":["Card","Relic","Card","Card","Card","Relic","Relic"],"build_version":"2020-12-22","purchased_purges":1,"victory":false,"max_hp_per_floor":[83,77,77,80,80,83,83,86,86,86,86,86,86,86,86,90,90,94,94,94,98,102,102,110,114,114,114,114,114,114,124,124,130,130,132,129,133,133,143,143,143,143,143,143,145,151,161,167,167,171,171,171,171,171,171,171],"card_choices":[{"not_picked":["ReplayTheSpireMod:LeadingStrike","Shrug It Off"],"picked":"Iron Wave","floor":1},{"not_picked":["Sever Soul","ReplayTheSpireMod:Corrosion Curse"],"picked":"Uppercut","floor":4},{"not_picked":["Heavy Blade","Perfected Strike"],"picked":"Twin Strike","floor":6},{"not_picked":["Warcry","Heavy Blade"],"picked":"Cleave","floor":8},{"not_picked":["Perfected Strike","Rupture"],"picked":"Reckless Charge","floor":11},{"not_picked":["Replay:Many Hands","Exhume"],"picked":"Feed","floor":16},{"not_picked":["hubris:CleavingFinish","Perfected Strike"],"picked":"Metallicize","floor":18},{"not_picked":["ReplayTheSpireMod:Muscle Training","Body Slam"],"picked":"Thunderclap+1","floor":21},{"not_picked":["Pommel Strike","ReplayTheSpireMod:Strike From Hell"],"picked":"Flex+1","floor":22},{"not_picked":["Thunderclap","Body Slam"],"picked":"Shrug It Off","floor":24},{"not_picked":["ReplayTheSpireMod:Corrosion Curse","Replay:Undeath\u0027s Touch+1"],"picked":"Iron Wave","floor":25},{"not_picked":["Havoc","Massacre","Replay:Many Hands"],"picked":"Singing Bowl","floor":31},{"not_picked":["Exhume","Berserk","Double Tap"],"picked":"Singing Bowl","floor":33},{"not_picked":["Sentinel+1","True Grit+1","Thunderclap+1"],"picked":"Singing Bowl","floor":35},{"not_picked":["Headbutt","Pommel Strike+1"],"picked":"Shockwave+1","floor":37},{"not_picked":["ReplayTheSpireMod:Strike From Hell+1","Rupture","Clash+1"],"picked":"Singing Bowl","floor":39},{"not_picked":["Body Slam+1","Run Through"],"picked":"Hemogenesis","floor":41},{"not_picked":["Run Through+1","Anger","Cleave"],"picked":"Singing Bowl","floor":45},{"not_picked":["Massacre+1","Infernal Blade","Clothesline+1"],"picked":"Singing Bowl","floor":46},{"not_picked":["Uppercut","Carnage+1","hubris:CleavingFinish+1"],"picked":"Singing Bowl","floor":47},{"not_picked":["Blood for Blood","Headbutt+1","Heavy Blade+1"],"picked":"Singing Bowl","floor":48},{"not_picked":["Heavy Blade+1","Combust+1"],"picked":"Rage+1","floor":54}],"player_experience":344509,"relics_obtained":[{"floor":6,"key":"Tiny Chest"},{"floor":8,"key":"hubris:ToyBattleship"},{"floor":9,"key":"War Paint"},{"floor":11,"key":"Replay:Wax Seal"},{"floor":14,"key":"hubris:Metronome"},{"floor":24,"key":"King of Hearts"},{"floor":26,"key":"Singing Bowl"},{"floor":28,"key":"hubris:DuctTape"},{"floor":37,"key":"hubris:BundleOfHerbs"},{"floor":41,"key":"Pantograph"},{"floor":43,"key":"ReplayTheSpireMod:Ninjato"},{"floor":54,"key":"Replay:Bandana"}],"event_choices":[{"damage_healed":0,"gold_gain":0,"player_choice":"Lose Max HP","damage_taken":0,"relics_obtained":["Golden Idol"],"max_hp_gain":0,"max_hp_loss":6,"event_name":"Golden Idol","floor":2,"gold_loss":0},{"damage_healed":0,"gold_gain":75,"player_choice":"Gather Gold","damage_taken":11,"max_hp_gain":0,"max_hp_loss":0,"event_name":"World of Goop","floor":5,"gold_loss":0},{"damage_healed":21,"gold_gain":0,"player_choice":"Healed and dodged fight","damage_taken":0,"max_hp_gain":0,"max_hp_loss":0,"event_name":"Mushrooms","floor":13,"gold_loss":0,"cards_obtained":["Parasite"]},{"damage_healed":0,"gold_gain":90,"player_choice":"GOLD ","damage_taken":12,"max_hp_gain":0,"max_hp_loss":0,"event_name":"Knowing Skull","floor":19,"potions_obtained":[],"gold_loss":0,"cards_obtained":[]},{"cards_removed":["Strike_R"],"damage_healed":0,"gold_gain":0,"player_choice":"Offered Basic","damage_taken":0,"max_hp_gain":0,"max_hp_loss":0,"event_name":"Bonfire Elementals","floor":29,"gold_loss":0},{"damage_healed":0,"gold_gain":0,"player_choice":"Fight","damage_taken":0,"max_hp_gain":0,"max_hp_loss":0,"event_name":"Mysterious Sphere","floor":37,"gold_loss":0},{"damage_healed":0,"gold_gain":0,"player_choice":"Copied","damage_taken":0,"max_hp_gain":0,"max_hp_loss":0,"event_name":"Duplicator","floor":42,"gold_loss":0,"cards_obtained":["Feed"]}],"is_beta":false,"boss_relics":[{"not_picked":["Cursed Key","Velvet Choker"],"picked":"Replay:Wanted Poster"},{"not_picked":["hubris:GrandSneckoEye","Snecko Eye"],"picked":"Pandora\u0027s Box"}],"items_purged_floors":[36],"is_endless":false,"potions_floor_spawned":[8,11,16,18,24,25,31,39,45,46,54],"killed_by":"The Heart","ascension_level":8}}