{"host":"7sni158j623xchr2","time":1612127921,"event":{"mods":["BaseMod","Colored Map","Highlight Path","Minty Spire (QoL Compilation)","Permanent Neow","Potion Indicator Mod","Rare Cards Sparkle","Relic Sorter","Relic Stats","StSLib","everything is the same but u backflip on backflip"],"gold_per_floor":[111,121,137,87,101,131,131,163,213,213,223,250,250,283,283,382,382,400,171,171,16,34,63,162,162,188,214,484,504,539,553,553,655,655,668,678,678,697,710,710,660,660,660],"floor_reached":42,"language":"ENG","playtime":1414,"items_purged":["Strike_G","Strike_G"],"score":588,"play_id":"206b635b-386b-4623-a87e-d7854c172e7c","local_time":"20210131151841","is_ascension_mode":true,"campfire_choices":[{"data":"Crippling Poison","floor":7,"key":"SMITH"},{"data":"Poisoned Stab","floor":13,"key":"SMITH"},{"data":"Dash","floor":15,"key":"SMITH"},{"data":"Dagger Spray","floor":25,"key":"SMITH"},{"floor":32,"key":"REST"},{"data":"Malaise","floor":40,"key":"SMITH"}],"circlet_count":0,"master_deck":["Strike_G","Strike_G","Defend_G","Defend_G","Defend_G","Defend_G","Neutralize","Dash+1","Deadly Poison","Poisoned Stab+1","Footwork","Crippling Poison+1","PiercingWail","All Out Attack","Well Laid Plans","Quick Slash","Malaise+1","Dagger Spray+1","PiercingWail","Catalyst+1","Crippling Poison+1","Acrobatics","Deadly Poison+1"],"relics":["Ring of the Snake","Ancient Tea Set","White Beast Statue","Ornamental Fan","Snake Skull","Strawberry","Vajra","SlaversCollar","Centennial Puzzle","Membership Card","Gambling Chip","Oddly Smooth Stone","TungstenRod","Paper Crane","Black Star"],"acts_visited":["Exordium","TheCity","TheBeyond"],"potions_floor_usage":[6,6,12,18,22,23,29,29,33],"damage_taken":[{"damage":0,"enemies":"2 Louse","floor":1,"turns":3},{"damage":2,"enemies":"Small Slimes","floor":2,"turns":3},{"damage":1,"enemies":"Jaw Worm","floor":3,"turns":3},{"damage":1,"enemies":"Red Slaver","floor":5,"turns":4},{"damage":12,"enemies":"3 Sentries","floor":6,"turns":12},{"damage":17,"enemies":"Lagavulin","floor":8,"turns":6},{"damage":0,"enemies":"Exordium Wildlife","floor":11,"turns":4},{"damage":0,"enemies":"Gremlin Nob","floor":12,"turns":4},{"damage":10,"enemies":"Lagavulin","floor":14,"turns":6},{"damage":10,"enemies":"The Guardian","floor":16,"turns":9},{"damage":3,"enemies":"Spheric Guardian","floor":18,"turns":3},{"damage":9,"enemies":"3 Byrds","floor":22,"turns":4},{"damage":15,"enemies":"Slavers","floor":23,"turns":4},{"damage":0,"enemies":"Gremlin Leader","floor":27,"turns":5},{"damage":7,"enemies":"Shelled Parasite and Fungi","floor":29,"turns":4},{"damage":7,"enemies":"Slavers","floor":30,"turns":3},{"damage":0,"enemies":"Snake Plant","floor":31,"turns":3},{"damage":20,"enemies":"Automaton","floor":33,"turns":9},{"damage":0,"enemies":"3 Shapes","floor":35,"turns":6},{"damage":11,"enemies":"3 Darklings","floor":36,"turns":3},{"damage":47,"enemies":"Spire Growth","floor":38,"turns":4},{"damage":3,"enemies":"4 Shapes","floor":39,"turns":7},{"damage":40,"enemies":"Reptomancer","floor":42,"turns":5}],"seed_played":"6858954050172004696","potions_obtained":[{"floor":1,"key":"Regen Potion"},{"floor":5,"key":"ColorlessPotion"},{"floor":8,"key":"Weak Potion"},{"floor":11,"key":"Block Potion"},{"floor":12,"key":"Dexterity Potion"},{"floor":14,"key":"Dexterity Potion"},{"floor":16,"key":"Energy Potion"},{"floor":18,"key":"Poison Potion"},{"floor":22,"key":"Block Potion"},{"floor":23,"key":"Strength Potion"},{"floor":29,"key":"CultistPotion"},{"floor":30,"key":"LiquidMemories"},{"floor":33,"key":"Ancient Potion"}],"is_trial":false,"path_per_floor":["M","M","M","?","M","E","R","E","T","?","M","E","R","E","R","B",null,"M","$","?","$","M","E","?","R","T","E","?","M","E","M","R","B",null,"M","M","?","M","M","R","$","E"],"character_chosen":"THE_SILENT","items_purchased":["Centennial Puzzle","Membership Card"],"campfire_rested":1,"item_purchase_floors":[19,21],"current_hp_per_floor":[70,68,67,67,66,64,64,47,47,52,52,59,59,49,49,39,82,79,79,79,79,70,55,55,55,55,55,32,25,18,18,42,22,82,82,71,71,24,21,21,21,0,0],"gold":660,"neow_bonus":"RANDOM_COMMON_RELIC","is_daily":false,"chose_seed":false,"campfire_upgraded":5,"win_rate":0.0,"timestamp":1612127921,"path_taken":["M","M","M","?","M","E","R","E","T","?","M","E","R","E","R","BOSS","M","$","?","$","?","E","?","R","T","E","?","?","E","M","R","BOSS","M","M","?","M","M","R","$","E"],"items_purchased_type":["Relic","Relic"],"build_version":"2020-12-22","purchased_purges":2,"victory":false,"max_hp_per_floor":[70,70,70,70,70,70,70,70,70,75,75,82,82,82,82,82,82,82,82,82,82,82,82,82,82,82,82,82,82,82,82,82,82,82,82,82,82,82,82,82,82,82,82],"relic_stats":{"Centennial Puzzle":[27],"counters":[23,114],"Ornamental Fan":[64],"Gambling Chip":[8],"Snake Skull":[95],"Black Star":0,"obtain_stats":[{"Vajra":14,"Oddly Smooth Stone":26,"Snake Skull":9,"Paper Crane":30,"Ancient Tea Set":0,"White Beast Statue":6,"SlaversCollar":17,"Centennial Puzzle":19,"Ornamental Fan":8,"Strawberry":12,"Gambling Chip":23,"Black Star":34,"Membership Card":21,"TungstenRod":27,"Ring of the Snake":0},{"Vajra":9,"Oddly Smooth Stone":13,"Snake Skull":6,"Paper Crane":16,"Ancient Tea Set":0,"White Beast Statue":5,"SlaversCollar":10,"Centennial Puzzle":11,"Ornamental Fan":6,"Strawberry":8,"Gambling Chip":13,"Black Star":18,"Membership Card":11,"TungstenRod":14,"Ring of the Snake":0},{"Vajra":45,"Oddly Smooth Stone":65,"Snake Skull":31,"Paper Crane":77,"Ancient Tea Set":0,"White Beast Statue":25,"SlaversCollar":54,"Centennial Puzzle":57,"Ornamental Fan":31,"Strawberry":39,"Gambling Chip":65,"Black Star":89,"Membership Card":57,"TungstenRod":70,"Ring of the Snake":0}],"TungstenRod":20,"Ring of the Snake":[46]},"card_choices":[{"not_picked":["Well Laid Plans","Backflip"],"picked":"Dash","floor":1},{"not_picked":["Flying Knee","Sucker Punch"],"picked":"Deadly Poison","floor":2},{"not_picked":["Well Laid Plans","Dash"],"picked":"Poisoned Stab","floor":3},{"not_picked":["Flying Knee","Dagger Throw"],"picked":"Footwork","floor":5},{"not_picked":["Footwork","Dodge and Roll"],"picked":"Crippling Poison","floor":6},{"not_picked":["Deadly Poison","Slice"],"picked":"PiercingWail","floor":8},{"not_picked":["Skewer","Deflect"],"picked":"All Out Attack","floor":11},{"not_picked":["Riddle With Holes","Flechettes"],"picked":"Well Laid Plans","floor":12},{"not_picked":["Tactician","Outmaneuver"],"picked":"Quick Slash","floor":14},{"not_picked":["Bullet Time","Unload"],"picked":"Malaise","floor":16},{"not_picked":["Choke","Reflex+1","Blade Dance+1"],"picked":"SKIP","floor":18},{"not_picked":["Predator","Footwork"],"picked":"Dagger Spray","floor":22},{"not_picked":["Concentrate+1","Poisoned Stab+1"],"picked":"PiercingWail","floor":23},{"not_picked":["Venomology","Deflect"],"picked":"Catalyst+1","floor":27},{"not_picked":["Sucker Punch","Tactician"],"picked":"Crippling Poison+1","floor":29},{"not_picked":["Dagger Spray","A Thousand Cuts","Flechettes"],"picked":"SKIP","floor":30},{"not_picked":["Noxious Fumes","Caltrops","Predator+1"],"picked":"SKIP","floor":31},{"not_picked":["Dagger Spray+1","Underhanded Strike+1","Prepared"],"picked":"SKIP","floor":35},{"not_picked":["Backstab","Poisoned Stab+1","Dagger Throw"],"picked":"SKIP","floor":36},{"not_picked":["Underhanded Strike+1","Outmaneuver+1"],"picked":"Acrobatics","floor":38},{"not_picked":["Flechettes","Quick Slash"],"picked":"Deadly Poison+1","floor":39}],"player_experience":1732746,"relics_obtained":[{"floor":6,"key":"White Beast Statue"},{"floor":8,"key":"Ornamental Fan"},{"floor":9,"key":"Snake Skull"},{"floor":12,"key":"Strawberry"},{"floor":14,"key":"Vajra"},{"floor":23,"key":"Gambling Chip"},{"floor":26,"key":"Oddly Smooth Stone"},{"floor":27,"key":"TungstenRod"},{"floor":30,"key":"Paper Crane"}],"event_choices":[{"cards_removed":["Defend_G"],"damage_healed":0,"gold_gain":0,"player_choice":"Card Removal","damage_taken":0,"max_hp_gain":0,"max_hp_loss":0,"event_name":"The Cleric","floor":4,"gold_loss":50},{"damage_healed":0,"gold_gain":0,"player_choice":"Donut","damage_taken":0,"max_hp_gain":5,"max_hp_loss":0,"event_name":"Big Fish","floor":10,"gold_loss":0},{"cards_removed":["Strike_G"],"damage_healed":0,"gold_gain":0,"player_choice":"Card Removal","damage_taken":0,"max_hp_gain":0,"max_hp_loss":0,"event_name":"Wheel of Change","floor":20,"gold_loss":0},{"damage_healed":0,"gold_gain":99,"player_choice":"Stole From Cult","damage_taken":0,"max_hp_gain":0,"max_hp_loss":0,"event_name":"Nest","floor":24,"gold_loss":0},{"damage_healed":0,"gold_gain":270,"player_choice":"GOLD GOLD GOLD ","damage_taken":27,"max_hp_gain":0,"max_hp_loss":0,"event_name":"Knowing Skull","floor":28,"potions_obtained":[],"gold_loss":0,"cards_obtained":[]},{"cards_removed":["Survivor"],"damage_healed":0,"gold_gain":0,"player_choice":"Removed Skill","damage_taken":0,"max_hp_gain":0,"max_hp_loss":0,"event_name":"Falling","floor":37,"gold_loss":0}],"is_beta":false,"boss_relics":[{"not_picked":["Runic Dome","Runic Pyramid"],"picked":"SlaversCollar"},{"not_picked":["HoveringKite","Calling Bell"],"picked":"Black Star"}],"items_purged_floors":[19,41],"is_endless":false,"potions_floor_spawned":[1,5,8,11,12,14,16,18,22,23,27,29,30,31,33,35,36,38,39],"killed_by":"Reptomancer","ascension_level":1}}