{"host":"sygfylmorsvdndbx","time":1612070355,"event":{"mods":["AchievementEnabler","BaseMod","Highlight Path","Minty Spire (QoL Compilation)","Permanent Neow","Quick Restart","Relic Stats"],"gold_per_floor":[116,132,143,159,8,8,36,54,79,79,96,128,140,208,220,232,232],"floor_reached":16,"language":"ENG","playtime":1581,"items_purged":[],"score":199,"play_id":"888a0e6a-9d2f-4568-9308-44d5499f95e5","local_time":"20210131001915","is_ascension_mode":true,"campfire_choices":[{"data":"Bludgeon","floor":6,"key":"SMITH"},{"floor":10,"key":"REST"},{"data":"Bash","floor":15,"key":"SMITH"}],"circlet_count":0,"master_deck":["Bash+1","Reaper","Feel No Pain","Entrench","Sword Boomerang","Cleave","Whirlwind","Bloodletting","Bludgeon+1","Warcry","Headbutt","Bloodletting","Fiend Fire","Thunderclap","Power Through","Double Tap","Spot Weakness"],"relics":["Pandora\u0027s Box","Membership Card","Ancient Tea Set","Vajra","MawBank","Regal Pillow"],"acts_visited":["Exordium"],"potions_floor_usage":[16],"damage_taken":[{"damage":3,"enemies":"Cultist","floor":1,"turns":2},{"damage":10,"enemies":"2 Louse","floor":2,"turns":2},{"damage":3,"enemies":"Jaw Worm","floor":3,"turns":1},{"damage":9,"enemies":"Large Slime","floor":4,"turns":2},{"damage":3,"enemies":"Gremlin Nob","floor":7,"turns":2},{"damage":11,"enemies":"Looter","floor":8,"turns":2},{"damage":0,"enemies":"2 Fungi Beasts","floor":11,"turns":2},{"damage":20,"enemies":"3 Sentries","floor":12,"turns":5},{"damage":3,"enemies":"Gremlin Nob","floor":14,"turns":2},{"damage":76,"enemies":"Hexaghost","floor":16,"turns":7}],"seed_played":"-5156292753316200575","potions_obtained":[{"floor":1,"key":"EssenceOfSteel"},{"floor":4,"key":"BlessingOfTheForge"},{"floor":8,"key":"GamblersBrew"}],"is_trial":false,"path_per_floor":["M","M","M","M","$","R","E","M","T","R","M","E","?","?","R","B"],"character_chosen":"IRONCLAD","items_purchased":["Membership Card"],"campfire_rested":1,"item_purchase_floors":[5],"current_hp_per_floor":[69,59,56,51,51,51,48,41,41,65,65,60,60,64,64,0,0],"gold":232,"neow_bonus":"BOSS_RELIC","is_daily":false,"chose_seed":false,"campfire_upgraded":2,"win_rate":0.0,"timestamp":1612070355,"path_taken":["M","?","M","M","$","R","E","M","T","R","M","E","?","?","R","BOSS"],"items_purchased_type":["Relic"],"build_version":"2020-12-22","purchased_purges":0,"victory":false,"max_hp_per_floor":[80,80,80,80,80,80,80,80,80,80,80,80,80,80,80,80,80],"relic_stats":{"Regal Pillow":0,"counters":[10,27],"Pandora\u0027s Box":["Reaper","Feel No Pain","Entrench","Sword Boomerang","Cleave","Whirlwind","Bloodletting","Bludgeon","Warcry"],"MawBank":48,"obtain_stats":[{"Regal Pillow":14,"Vajra":9,"Pandora\u0027s Box":0,"Membership Card":5,"Ancient Tea Set":7,"MawBank":12,"Burning Blood":0},{"Regal Pillow":9,"Vajra":6,"Pandora\u0027s Box":0,"Membership Card":4,"Ancient Tea Set":5,"MawBank":8,"Burning Blood":0},{"Regal Pillow":20,"Vajra":11,"Pandora\u0027s Box":0,"Membership Card":7,"Ancient Tea Set":9,"MawBank":18,"Burning Blood":0}]},"card_choices":[{"not_picked":["Rage","Clash"],"picked":"Headbutt","floor":1},{"not_picked":["Clothesline","Perfected Strike","Wild Strike"],"picked":"SKIP","floor":2},{"not_picked":["Rage","Twin Strike"],"picked":"Bloodletting","floor":3},{"not_picked":["Warcry","Pommel Strike","Clash"],"picked":"SKIP","floor":4},{"not_picked":["Dual Wield","Sword Boomerang"],"picked":"Fiend Fire","floor":7},{"not_picked":["Uppercut","Heavy Blade"],"picked":"Thunderclap","floor":8},{"not_picked":["Anger","Sentinel"],"picked":"Power Through","floor":11},{"not_picked":["Shrug It Off","Entrench"],"picked":"Double Tap","floor":12},{"not_picked":["Warcry","Twin Strike"],"picked":"Spot Weakness","floor":14}],"player_experience":373040,"relics_obtained":[{"floor":7,"key":"Ancient Tea Set"},{"floor":9,"key":"Vajra"},{"floor":12,"key":"MawBank"},{"floor":14,"key":"Regal Pillow"}],"event_choices":[{"damage_healed":0,"gold_gain":0,"player_choice":"Ignored","damage_taken":0,"max_hp_gain":0,"max_hp_loss":0,"event_name":"Liars Game","floor":13,"gold_loss":0},{"damage_healed":0,"gold_gain":0,"player_choice":"Searched \u00272\u0027 times","damage_taken":0,"max_hp_gain":0,"max_hp_loss":0,"event_name":"Dead Adventurer","floor":14,"gold_loss":0}],"is_beta":false,"boss_relics":[],"items_purged_floors":[],"is_endless":false,"potions_floor_spawned":[1,4,8],"killed_by":"Hexaghost","ascension_level":9}}