{"host":"ewn058xs2vaj5uc6","time":1612099779,"event":{"mods":["ATMod(??Mod)","Act Like it!","Aspiration","BaseMod","BetterRewards","Colored Map","Colored Powertips","Conspire","Gensokyo","Highlight Path","Lobotomy","Minty Spire (QoL Compilation)","Quick Restart","Reliquary","Replay The Spire","RumiaBox-????????","Shop Mod","StSLib","SuperFastMode","UnlockEverythingMod","??????REMEMod","????"],"gold_per_floor":[111,126,88888,88888,87852,86833,86833,85580,85580,84402,84432,84432],"floor_reached":11,"language":"ZHS","playtime":818,"items_purged":["Defend_P","Defend_P","Defend_P","REME_BattleFury"],"score":142,"play_id":"edf83489-e7f7-4ebf-9bed-f58edd4e5a44","local_time":"20210131212939","is_ascension_mode":true,"campfire_choices":[],"circlet_count":0,"master_deck":["AscendersBane","Strike_P","Strike_P","Strike_P","Strike_P","Defend_P","Eruption","Vigilance+1","Gensokyo:RainbowDanmaku","AT_RealFormLess+1","BattleHymn","Dramatic Entrance","LikeWater","Protect","LikeWater+1","Metamorphosis","ReplayTheSpireMod:Trickstab","LessonLearned","ReplayTheSpireMod:Necrogeddon","SashWhip"],"relics":["PureWater","AT_ATBox","REME_ComplimentaryCards","AddBug","SecretRecord","SecretRecord"],"acts_visited":["Exordium"],"potions_floor_usage":[11,11],"damage_taken":[{"damage":14.0,"enemies":"conspire:RoseBush","floor":1.0,"turns":6.0},{"damage":0.0,"enemies":"Jaw Worm","floor":2.0,"turns":1.0},{"damage":0,"enemies":"2 Louse","floor":3,"turns":2},{"damage":14,"enemies":"3 Sentries","floor":11,"turns":7}],"seed_played":"5440119197934122156","potions_obtained":[{"floor":11,"key":"Strength Potion"}],"is_trial":false,"path_per_floor":["M","M","M","?","$","R","?","$","T","R","E"],"character_chosen":"WATCHER","items_purchased":["MerchantsRug","REME_ArchaeologicalTools","Happy Flower","Cauldron","StancePotion","Elixir","BattleHymn","Unceasing Top","TeardropLocket","Membership Card","REME_BattleFury","Dramatic Entrance","LikeWater","Protect","LikeWater+1","Art of War","REME_HourglassOfDeath","Chemical X","Metamorphosis","ReplayTheSpireMod:Trickstab","LessonLearned","aspiration:AnachronicSnailShell","Bird Faced Urn","PrismaticShard","ReplayTheSpireMod:Necrogeddon"],"campfire_rested":0,"item_purchase_floors":[5,5,5,5,5,5,5,6,6,6,6,6,6,6,8,8,8,8,8,8,8,10,10,10,10],"current_hp_per_floor":[53,53,53,53,53,53,31,31,31,31,17,17],"gold":84432,"neow_bonus":"TEN_PERCENT_HP_BONUS","is_daily":false,"chose_seed":false,"campfire_upgraded":0,"win_rate":0.0,"timestamp":1612099779,"path_taken":["M","?","M","?","$","R","?","$","T","R","E"],"items_purchased_type":["Relic","Relic","Relic","Relic","Potion","Potion","Card","Relic","Relic","Relic","Card","Card","Card","Card","Card","Relic","Relic","Relic","Card","Card","Card","Relic","Relic","Relic","Card"],"build_version":"2020-12-22","purchased_purges":4,"victory":false,"max_hp_per_floor":[74,74,74,74,74,74,74,74,74,74,74,74],"card_choices":[{"not_picked":["Wireheading","Perseverance","Worship"],"picked":"SKIP","floor":1.0},{"not_picked":["Replay:ManipulateFuture","ClearTheMind"],"picked":"AT_RealFormLess","floor":2.0},{"not_picked":["FollowUp","Replay:AtTheReady","FlyingSleeves"],"picked":"SKIP","floor":3},{"not_picked":["Replay:ManipulateFuture","AT_ChampionStep"],"picked":"SashWhip","floor":11}],"player_experience":98234,"relics_obtained":[{"floor":1.0,"key":"AddBug"},{"floor":9,"key":"AT_ImmortalShieldbow"},{"floor":11,"key":"SecretRecord"},{"floor":11,"key":"AT_TimeSand"}],"event_choices":[{"damage_healed":0,"gold_gain":0,"player_choice":"Disagree","damage_taken":0,"max_hp_gain":0,"max_hp_loss":0,"event_name":"conspire:LoneGhost","floor":4,"gold_loss":0},{"damage_healed":0,"gold_gain":0,"player_choice":"Entered Light","damage_taken":22,"max_hp_gain":0,"max_hp_loss":0,"event_name":"Shining Light","floor":7,"gold_loss":0,"cards_upgraded":["AT_RealFormLess","Vigilance"]}],"is_beta":false,"boss_relics":[],"items_purged_floors":[5,6,8,10],"is_endless":false,"potions_floor_spawned":[11],"killed_by":"3 Sentries","ascension_level":20}}