{"host":"czyddnh1ekzxzhp2","time":1612131623,"event":{"mods":["BaseMod","Better Third Choice","BetterRewards","Hermit","Minty Spire (QoL Compilation)","StSLib"],"gold_per_floor":[114,126,146,156,106,106,134,134,134,151,183,183,183,215,215,222,222],"floor_reached":16,"language":"ENG","playtime":2190,"items_purged":["hermit:Strike_Hermit","hermit:Strike_Hermit"],"score":233,"play_id":"16259bde-2adf-4321-b554-78dca9bde979","local_time":"20210131172023","is_ascension_mode":true,"campfire_choices":[{"floor":6,"key":"REST"},{"floor":8,"key":"REST"},{"data":"hermit:Scavenge","floor":13,"key":"SMITH"},{"data":"hermit:Virtue","floor":15,"key":"SMITH"}],"circlet_count":0,"master_deck":["hermit:Strike_Hermit","hermit:Strike_Hermit","hermit:Defend_Hermit","hermit:Defend_Hermit","hermit:Defend_Hermit","hermit:Snapshot","hermit:Covet","hermit:HighCaliber","hermit:CursedWeapon+1","Finesse","hermit:Scavenge+1","hermit:Virtue+1","hermit:Ricochet"],"relics":["hermit:Momento","hermit:RedScarf","Strange Spoon","Mercury Hourglass","Mummified Hand","Ornamental Fan"],"acts_visited":["Exordium"],"potions_floor_usage":[11,11,16],"damage_taken":[{"damage":5,"enemies":"Cultist","floor":1,"turns":3},{"damage":2,"enemies":"Small Slimes","floor":2,"turns":2},{"damage":4,"enemies":"Jaw Worm","floor":3,"turns":3},{"damage":6,"enemies":"Exordium Thugs","floor":4,"turns":3},{"damage":14,"enemies":"Gremlin Gang","floor":7,"turns":4},{"damage":2,"enemies":"2 Fungi Beasts","floor":10,"turns":2},{"damage":4,"enemies":"Lagavulin","floor":11,"turns":3},{"damage":2,"enemies":"Gremlin Nob","floor":14,"turns":2},{"damage":55,"enemies":"Hexaghost","floor":16,"turns":9}],"seed_played":"4522669384278947016","potions_obtained":[{"floor":1,"key":"SkillPotion"},{"floor":2,"key":"BlessingOfTheForge"},{"floor":7,"key":"Regen Potion"},{"floor":11,"key":"Explosive Potion"}],"is_trial":false,"path_per_floor":["M","M","M","M","?","R","M","R","T","M","E","?","R","E","R","B"],"character_chosen":"HERMIT","items_purchased":["hermit:RedScarf","hermit:CursedWeapon","Strange Spoon"],"campfire_rested":2,"item_purchase_floors":[0,0,0],"current_hp_per_floor":[36,34,30,24,24,46,32,54,54,52,57,57,57,55,55,0,0],"gold":222,"neow_bonus":"","is_daily":false,"chose_seed":false,"campfire_upgraded":2,"win_rate":0.0,"timestamp":1612131623,"path_taken":["M","M","M","?","?","R","M","R","T","M","E","?","R","E","R","BOSS"],"items_purchased_type":["Relic","Card","Relic"],"build_version":"2020-12-22","purchased_purges":2,"victory":false,"max_hp_per_floor":[75,75,75,75,75,75,75,75,75,75,75,75,75,75,75,75,75],"card_choices":[{"not_picked":["hermit:TrackingShot","hermit:Scavenge","hermit:Spite"],"picked":"SKIP","floor":1},{"not_picked":["hermit:Combo","hermit:TakeCover"],"picked":"hermit:Scavenge","floor":2},{"not_picked":["hermit:BodyArmor","hermit:HighCaliber","hermit:Headshot"],"picked":"SKIP","floor":3},{"not_picked":["hermit:ItchyTrigger","hermit:CalledShot","hermit:TrackingShot"],"picked":"SKIP","floor":4},{"not_picked":["hermit:Snipe","hermit:FinalCanter"],"picked":"hermit:Virtue","floor":7},{"not_picked":["hermit:Desperado","hermit:Ricochet","hermit:Gestalt"],"picked":"SKIP","floor":10},{"not_picked":["hermit:CalledShot","hermit:TrackingShot","hermit:Headshot"],"picked":"SKIP","floor":11},{"not_picked":["hermit:HoleUp","hermit:ItchyTrigger"],"picked":"hermit:Ricochet","floor":14}],"player_experience":869261,"relics_obtained":[{"floor":9,"key":"Mercury Hourglass"},{"floor":11,"key":"Mummified Hand"},{"floor":14,"key":"Ornamental Fan"}],"event_choices":[{"cards_removed":["hermit:Defend_Hermit"],"damage_healed":0,"gold_gain":0,"player_choice":"Card Removal","damage_taken":0,"max_hp_gain":0,"max_hp_loss":0,"event_name":"The Cleric","floor":5,"gold_loss":50},{"damage_healed":0,"gold_gain":0,"player_choice":"Upgraded","damage_taken":0,"max_hp_gain":0,"max_hp_loss":0,"event_name":"Upgrade Shrine","floor":12,"gold_loss":0,"cards_upgraded":["hermit:CursedWeapon"]}],"is_beta":false,"boss_relics":[],"items_purged_floors":[0,0],"is_endless":false,"potions_floor_spawned":[1,2,7,10,11],"killed_by":"Hexaghost","ascension_level":2}}