{"host":"17xjy7b7ubl548g2","time":1612074050,"event":{"mods":["2.2 Compatiblity","Act Like it!","Aspiration","Astrologer","Bard","BaseMod","Challenge The Spire","ChefMod","Colored Map","Colored Powertips","Conspire","Elementarium","Energized Spire","Gensokyo","GifTheSpireLib","Halation","Hallownest","Hermit","Hubris","Infinite Spire","Jedi Mod","Jorbs\u0027s Wanderer Trilogy","Marisa（霧雨　魔理沙）","Marked Mod","Menagerie","Minty Spire (QoL Compilation)","Permanent Neow","Reliquary","Replay The Spire","Robot Space Explorer","Spicy Shops","Spire Arcade","StSLib","Stuff the Spire","The Blue Laboratory","The Bug Knight","The Construct","The Disciple","The Hayseed","The Hierophant","The Marked","The Runesmith","The Sage","TheFirefly"],"gold_per_floor":[112,123,123,134,145,145,158,158,158,158,188,205,205,238,238,334,334,348,348,358,382,382,382,382,382,406,433,450,463,489,501,501,603,603,617,617,632,632,632,632,664,664,664,240,240,255,274,308,308,308,308,308,17,52,52],"floor_reached":56,"language":"ENG","playtime":6971,"items_purged":["Strike_Br","Strike_Br"],"score":1910,"play_id":"1f4df46e-d0b0-4c45-81b5-b4621812da58","local_time":"20210131012050","is_ascension_mode":true,"campfire_choices":[{"data":"LockedWhetstone","floor":6.0,"key":"SMITH"},{"data":"SecondHand","floor":8.0,"key":"SMITH"},{"data":"Neutralize","floor":13.0,"key":"SMITH"},{"data":"BiteCommand","floor":15.0,"key":"SMITH"},{"data":"HandsUpB","floor":23.0,"key":"SMITH"},{"data":"ResonantCall","floor":25.0,"key":"SMITH"},{"data":"LockedTurtyl","floor":32.0,"key":"SMITH"},{"floor":40.0,"key":"REST"},{"floor":49,"key":"RECALL"},{"data":"OracleForm","floor":52,"key":"SMITH"}],"circlet_count":0,"master_deck":["AscendersBane","Defend_Br","Defend_Br","SecondHand+1","PatternShift","LockedWhetstone+1","BiteCommand+1","Gensokyo:CrescentMoonSlash","VestedLegacy","HandsUpC","Grand Finale","Neutralize+1","Survivor","LockedAnchor","HandsUpB+1","Pendulum","Parity+1","infinitespire:Fortify","TickedOff+1","ResonantCall+1","hubris:Fate","WindUp","LockedMercury+1","ReapSow+5","Break+1","LockedTurtyl+1","RageCommand","Parity+1","infinitespire:Starlight","Rallentando","HandsUpB+1","Keepsakes+1","OracleForm+1","ExoVibe+3","LockedThread","jedi:LeechingStrike","LockedScales+1"],"relics":["Chronometer","Runesmith:Nanobots","StuffTheSpire:OldFever","reliquary:OuijaBoard","Painkiller Herb","reliquary:QuartzCube","jedi:shrinkray","reliquary:SilkGlove","Replay:Baseball","halation:SelfBoilingWater","aspiration:RunicSpoon","hubris:Icosahedron","StuffTheSpire:Experiment12","conspire:Flyswatter","Lantern","StuffTheSpire:Gunfinga","reliquary:PorcupineQuills","StuffTheSpire:Barrel","hubris:Reverence"],"acts_visited":["Exordium","Gensokyo:Gensokyo","Gensokyo:Gensokyoer","TheEnding"],"potions_floor_usage":[41,41,41,47,50,54,55,55],"damage_taken":[{"damage":3.0,"enemies":"Gensokyo:2_Kodama","floor":1.0,"turns":8.0},{"damage":8.0,"enemies":"Gensokyo:3_Fairies","floor":2.0,"turns":5.0},{"damage":2.0,"enemies":"Gensokyo:Python","floor":4.0,"turns":5.0},{"damage":5.0,"enemies":"Gensokyo:Gryphon_and_Rabbit","floor":5.0,"turns":6.0},{"damage":14.0,"enemies":"Gensokyo:3_Kodama","floor":7.0,"turns":4.0},{"damage":1.0,"enemies":"Gensokyo:Aya","floor":11.0,"turns":5.0},{"damage":0.0,"enemies":"Gensokyo:LivingMonolith","floor":12.0,"turns":5.0},{"damage":0.0,"enemies":"Gensokyo:Cirno","floor":14.0,"turns":6.0},{"damage":12.0,"enemies":"Gensokyo:Yukari","floor":16.0,"turns":8.0},{"damage":1.0,"enemies":"Gensokyo:AngelMirror","floor":18.0,"turns":3.0},{"damage":3.0,"enemies":"Gensokyo:Chomper","floor":20.0,"turns":4.0},{"damage":0.0,"enemies":"Nightmare","floor":27.0,"turns":7.0},{"damage":0.0,"enemies":"Gensokyo:Slime_Group","floor":28.0,"turns":4.0},{"damage":0.0,"enemies":"Gensokyo:Monolith_and_Dog","floor":29.0,"turns":4.0},{"damage":4.0,"enemies":"Gensokyo:Koishi","floor":30.0,"turns":6.0},{"damage":1.0,"enemies":"Gensokyo:Chomper_and_Gloop","floor":31.0,"turns":6.0},{"damage":0.0,"enemies":"Gensokyo:Eternal_Rivals","floor":33.0,"turns":12.0},{"damage":22.0,"enemies":"Gensokyo:3_Boulders","floor":35.0,"turns":5.0},{"damage":1.0,"enemies":"Gensokyo:AncientGuardian","floor":37.0,"turns":4.0},{"damage":21,"enemies":"Gensokyo:Doremy","floor":41,"turns":6},{"damage":0,"enemies":"Gensokyo:4_Bats","floor":46,"turns":4},{"damage":24,"enemies":"Gensokyo:Rafflesia","floor":47,"turns":6},{"damage":49,"enemies":"Gensokyo:Marisa","floor":48,"turns":5},{"damage":0,"enemies":"Gensokyo:Yuyuko","floor":50,"turns":6},{"damage":6,"enemies":"Shield and Spear","floor":54,"turns":6},{"damage":13,"enemies":"The Heart","floor":55,"turns":8}],"seed_played":"-7472466706156721487","potions_obtained":[{"floor":1.0,"key":"Block Potion"},{"floor":7.0,"key":"Fire Potion"},{"floor":11.0,"key":"DuplicationPotion"},{"floor":20.0,"key":"blueLaboratory:ImpenetrablePotion"},{"floor":27.0,"key":"SkillPotion"},{"floor":29.0,"key":"EntropicBrew"},{"floor":30.0,"key":"blueLaboratory:BottleOfRum"},{"floor":47,"key":"Languid Potion"},{"floor":48,"key":"Death Potion"}],"is_trial":false,"path_per_floor":["M","M","?","M","M","R","M","R","T","?","E","M","R","E","R","B",null,"?","AVR","?","T","?","T","?","T","T","NM","?","?","E","?","T","B",null,"?","?","?","?","?","T","E","T","T","T","T","?","?","E","T","B",null,"T","T","E","B",null],"character_chosen":"CHRONO_CLASS","items_purchased":["Lantern","StuffTheSpire:Gunfinga","Block Potion","LockedThread","Dexterity Potion","jedi:LeechingStrike"],"campfire_rested":1,"item_purchase_floors":[44,44,44,53,53,53],"current_hp_per_floor":[62,54,44,42,37,37,23,23,23,23,22,22,22,22,22,10,56,55,55,52,52,52,52,52,52,52,52,52,52,48,47,47,47,65,43,43,42,24,24,45,50,50,50,50,50,50,46,32,32,32,61,61,61,68,70],"gold":52,"neow_bonus":"TEN_PERCENT_HP_BONUS","is_daily":false,"chose_seed":false,"campfire_upgraded":8,"win_rate":0.0,"timestamp":1612074050,"path_taken":["M","M","?","M","M","R","M","R","T","?","E","M","R","E","R","BOSS","?","AVR","?","?","?","T","?","T","T","NM","?","?","E","?","T","BOSS","?","?","?","?","?","T","E","?","T","T","?","?","?","E","T","BOSS","T","T","E","BOSS"],"items_purchased_type":["Relic","Relic","Potion","Card","Potion","Card"],"build_version":"2020-12-22","purchased_purges":2,"victory":true,"max_hp_per_floor":[71,71,71,71,71,71,71,71,71,71,71,71,71,71,71,71,71,71,71,71,71,71,71,71,71,71,71,71,71,71,71,71,71,71,71,71,71,71,71,71,71,71,71,71,71,71,71,71,71,71,71,71,71,71,71],"card_choices":[{"not_picked":["DaylightSavings","ExoVibe"],"picked":"LockedWhetstone","floor":1.0},{"not_picked":["Accruing","ExoVibe"],"picked":"BiteCommand","floor":2.0},{"not_picked":["Engulf","LockedTurtyl"],"picked":"VestedLegacy","floor":4.0},{"not_picked":["HandsUpB","WindUp"],"picked":"HandsUpC","floor":5.0},{"not_picked":["Stagnate","LockedMawBank","LockedMedicine"],"picked":"SKIP","floor":7.0},{"not_picked":["BiteCommand","AlternateTimeline"],"picked":"LockedAnchor","floor":11.0},{"not_picked":["LockedAnchor","CrunchTime","Backlash"],"picked":"SKIP","floor":12.0},{"not_picked":["LockedOrichalcum","SlimeSpray"],"picked":"HandsUpB","floor":14.0},{"not_picked":["LockedLightning","LockedFlame"],"picked":"Pendulum","floor":16.0},{"not_picked":["LockedWhetstone","AlternateTimeline"],"picked":"Parity+1","floor":18.0},{"not_picked":["Echoward","BiteCommand"],"picked":"TickedOff","floor":20.0},{"not_picked":["infinitespire:FinalStrike","Replay:Fractal Strike"],"picked":"hubris:Fate","floor":27.0},{"not_picked":["Backlash","Break"],"picked":"WindUp","floor":27.0},{"not_picked":["Stagnate","AlternateTimeline+1"],"picked":"LockedMercury+1","floor":28.0},{"not_picked":["LockedAnchor+1","Recurrance"],"picked":"ReapSow+1","floor":29.0},{"not_picked":["FormalWear","BlueShift"],"picked":"Break+1","floor":30.0},{"not_picked":["LockedWarPaint","BlueShift+1"],"picked":"LockedTurtyl","floor":31.0},{"not_picked":["OracleForm","Echonomics"],"picked":"RageCommand","floor":33.0},{"not_picked":["LockedAnchor","LockedScales+1"],"picked":"Tempo","floor":35.0},{"not_picked":["WindUp+1","AlternateTimeline+1"],"picked":"Parity+1","floor":37.0},{"not_picked":["ReplayTheSpireMod:Haul","infinitespire:DeathsTouch"],"picked":"infinitespire:Starlight","floor":38.0},{"not_picked":["PrimeTime+1","Break+1"],"picked":"HandsUpB+1","floor":41},{"not_picked":["ExoVibe","ReapSow"],"picked":"Keepsakes+1","floor":46},{"not_picked":["LockedTornado","LockedMedicine"],"picked":"OracleForm","floor":47},{"not_picked":["BeatsPerMinute+1","AlternateTimeline+1"],"picked":"ExoVibe+1","floor":48},{"not_picked":["BlueShift+1","WatchCommand"],"picked":"LockedScales+1","floor":54}],"player_experience":2020416,"relics_obtained":[{"floor":9.0,"key":"Runesmith:Nanobots"},{"floor":11.0,"key":"StuffTheSpire:OldFever"},{"floor":14.0,"key":"reliquary:OuijaBoard"},{"floor":21.0,"key":"jedi:shrinkray"},{"floor":26.0,"key":"reliquary:SilkGlove"},{"floor":27.0,"key":"Replay:Baseball"},{"floor":30.0,"key":"halation:SelfBoilingWater"},{"floor":41,"key":"StuffTheSpire:Experiment12"},{"floor":43,"key":"conspire:Flyswatter"},{"floor":45,"key":"reliquary:PorcupineQuills"},{"floor":48,"key":"StuffTheSpire:Barrel"},{"floor":54,"key":"hubris:Reverence"}],"event_choices":[],"is_beta":false,"boss_relics":[{"not_picked":["conspire:RunicOctahedron","StuffTheSpire:RunicConfusion"],"picked":"Painkiller Herb"},{"not_picked":["StuffTheSpire:RunicHypercube","energizedSpire:SpiderWeb"],"picked":"aspiration:RunicSpoon"}],"items_purged_floors":[19,44],"is_endless":false,"potions_floor_spawned":[1,7,11,20,27,29,30,47,48],"ascension_level":10}}