{"host":"6eo4thp7fob519hm","time":1612104267,"event":{"mods":["BaseMod","Block Reminder","Colored Map","Colored Powertips","DeckTracker","Googly Eyes","Highlight Path","Minty Spire (QoL Compilation)","Quick Restart"],"gold_per_floor":[112,131,131,142,40,69,69,69,69,69,44,54,84,97,97,97,97],"floor_reached":16,"language":"ENG","playtime":498,"items_purged":["Strike_R"],"score":110,"play_id":"a132e695-8b77-45e3-a2e4-841455a8f5f0","local_time":"20210131201427","is_ascension_mode":false,"campfire_choices":[{"data":"Juggernaut","floor":7,"key":"SMITH"},{"data":"Body Slam","floor":15,"key":"SMITH"}],"circlet_count":0,"master_deck":["Strike_R","Strike_R","Strike_R","Strike_R","Defend_R","Defend_R","Defend_R","Defend_R","Bash","Entrench","Combust","Juggernaut+1","Pommel Strike","Shrug It Off","Headbutt","Body Slam+1","Burning Pact","Disarm"],"relics":["Burning Blood","NeowsBlessing","Charon\u0027s Ashes","Mercury Hourglass","White Beast Statue","Molten Egg 2"],"acts_visited":["Exordium"],"potions_floor_usage":[6,14,16],"damage_taken":[{"damage":0,"enemies":"Jaw Worm","floor":1,"turns":1},{"damage":0,"enemies":"Cultist","floor":2,"turns":1},{"damage":0,"enemies":"Small Slimes","floor":4,"turns":1},{"damage":28,"enemies":"Lagavulin","floor":6,"turns":7},{"damage":9,"enemies":"Exordium Thugs","floor":12,"turns":3},{"damage":23,"enemies":"Gremlin Nob","floor":13,"turns":5},{"damage":1,"enemies":"2 Fungi Beasts","floor":14,"turns":2},{"damage":7,"enemies":"Hexaghost","floor":16,"turns":7}],"seed_played":"-6561126145968069669","potions_obtained":[{"floor":4,"key":"Energy Potion"},{"floor":6,"key":"Explosive Potion"},{"floor":12,"key":"FearPotion"},{"floor":13,"key":"LiquidMemories"},{"floor":14,"key":"ElixirPotion"}],"is_trial":false,"path_per_floor":["M","M","?","M","$","E","R","T","T","?","$","M","E","M","R","B"],"character_chosen":"IRONCLAD","items_purchased":["Shrug It Off","Body Slam"],"campfire_rested":0,"item_purchase_floors":[5,11],"current_hp_per_floor":[80,80,80,80,80,58,58,58,58,58,58,55,38,43,43,36,36],"gold":97,"neow_bonus":"THREE_ENEMY_KILL","is_daily":false,"chose_seed":false,"campfire_upgraded":2,"win_rate":0.0,"timestamp":1612104267,"path_taken":["M","M","?","M","?","E","R","?","T","?","$","M","E","?","R","BOSS"],"items_purchased_type":["Card","Card"],"build_version":"2020-12-22","purchased_purges":1,"victory":false,"max_hp_per_floor":[80,80,80,80,80,80,80,80,80,80,80,80,80,80,80,80,80],"card_choices":[{"not_picked":["Perfected Strike","Anger"],"picked":"Entrench","floor":1},{"not_picked":["Heavy Blade","Inflame"],"picked":"Combust","floor":2},{"not_picked":["Bloodletting","Dropkick"],"picked":"Pommel Strike","floor":4},{"not_picked":["Thunderclap","Anger"],"picked":"Headbutt","floor":6},{"not_picked":["Cleave","Wild Strike"],"picked":"Burning Pact","floor":12},{"not_picked":["Clash+1","Shockwave"],"picked":"Disarm","floor":13},{"not_picked":["Disarm","Reckless Charge+1","Wild Strike+1"],"picked":"SKIP","floor":14}],"player_experience":596188,"relics_obtained":[{"floor":6,"key":"Charon\u0027s Ashes"},{"floor":8,"key":"Mercury Hourglass"},{"floor":9,"key":"White Beast Statue"},{"floor":13,"key":"Molten Egg 2"}],"event_choices":[{"damage_healed":0,"gold_gain":0,"player_choice":"1 cards matched","damage_taken":0,"max_hp_gain":0,"max_hp_loss":0,"event_name":"Match and Keep!","floor":3,"gold_loss":0,"cards_obtained":["Juggernaut"]},{"damage_healed":0,"gold_gain":0,"player_choice":"Bought 0 Potions","damage_taken":0,"max_hp_gain":0,"max_hp_loss":0,"event_name":"The Woman in Blue","floor":10,"gold_loss":0}],"is_beta":false,"boss_relics":[],"items_purged_floors":[5],"is_endless":false,"potions_floor_spawned":[4,6,12,13,14],"killed_by":"Hexaghost","ascension_level":0}}