{"host":"7qqg3hyzrz6apiso","time":1612085731,"event":{"mods":["AchievementEnabler","BaseMod","Better Debug","Colored Map","Keyboard Shortcuts","Minty Spire (QoL Compilation)","Permanent Neow","Quick Restart","StSLib","SuperFastMode"],"gold_per_floor":[109,128,128,16,16,16,28,28,52,52,66,77,42,55,55,151,151,91,91,108,108,121,121,148,148,200,215,215,226,325,73,73,178,178,192,41,91,91,101,101,118,118,141,141,141,141],"floor_reached":45,"language":"KOR","playtime":3170,"items_purged":["Strike_G","Bite"],"score":484,"play_id":"6e4a64ae-642a-412b-a959-b80601cbd92c","local_time":"20210131183531","is_ascension_mode":true,"campfire_choices":[{"data":"After Image","floor":6.0,"key":"SMITH"},{"data":"Footwork","floor":10.0,"key":"SMITH"},{"data":"Noxious Fumes","floor":15.0,"key":"SMITH"},{"data":"A Thousand Cuts","floor":23.0,"key":"SMITH"},{"floor":25.0,"key":"REST"},{"data":"Backflip","floor":28.0,"key":"SMITH"},{"data":"Neutralize","floor":32.0,"key":"SMITH"},{"data":"PiercingWail","floor":40.0,"key":"SMITH"},{"data":"PiercingWail","floor":42.0,"key":"SMITH"},{"data":"PiercingWail","floor":44.0,"key":"SMITH"}],"circlet_count":0,"master_deck":["Defend_G","Defend_G","Defend_G","Defend_G","Defend_G","Survivor","Neutralize+1","After Image+1","Backflip+1","PiercingWail+1","Footwork+1","Crippling Poison","Noxious Fumes+1","Flechettes","A Thousand Cuts+1","CurseOfTheBell","Bite","Bite","PiercingWail+1","After Image+1","PiercingWail+1","Backflip+1"],"relics":["Ring of the Snake","TungstenRod","MealTicket","Calling Bell","Anchor","InkBottle","Mango","Centennial Puzzle","Art of War","Bag of Marbles","DollysMirror","Empty Cage","Lee\u0027s Waffle","Prayer Wheel","Lantern"],"acts_visited":["Exordium","TheCity","TheBeyond"],"potions_floor_usage":[45],"damage_taken":[{"damage":0.0,"enemies":"Cultist","floor":1.0,"turns":4.0},{"damage":0.0,"enemies":"Small Slimes","floor":2.0,"turns":4.0},{"damage":7.0,"enemies":"2 Louse","floor":7.0,"turns":6.0},{"damage":3.0,"enemies":"2 Fungi Beasts","floor":11.0,"turns":7.0},{"damage":0.0,"enemies":"Blue Slaver","floor":12.0,"turns":6.0},{"damage":5.0,"enemies":"Exordium Wildlife","floor":14.0,"turns":5.0},{"damage":27.0,"enemies":"Slime Boss","floor":16.0,"turns":14.0},{"damage":11.0,"enemies":"2 Thieves","floor":18.0,"turns":4.0},{"damage":17.0,"enemies":"Spheric Guardian","floor":20.0,"turns":7.0},{"damage":8.0,"enemies":"Centurion and Healer","floor":22.0,"turns":9.0},{"damage":59.0,"enemies":"Book of Stabbing","floor":24.0,"turns":11.0},{"damage":3.0,"enemies":"Cultist and Chosen","floor":27.0,"turns":7.0},{"damage":2.0,"enemies":"Shelled Parasite and Fungi","floor":29.0,"turns":7.0},{"damage":45.0,"enemies":"Collector","floor":33.0,"turns":14.0},{"damage":2.0,"enemies":"3 Darklings","floor":35.0,"turns":7.0},{"damage":2.0,"enemies":"Mind Bloom Boss Battle","floor":37.0,"turns":10.0},{"damage":9.0,"enemies":"Orb Walker","floor":39.0,"turns":8.0},{"damage":9.0,"enemies":"Sphere and 2 Shapes","floor":41.0,"turns":7.0},{"damage":60,"enemies":"Maw","floor":45,"turns":12}],"seed_played":"6298289490476199783","potions_obtained":[{"floor":2.0,"key":"AttackPotion"},{"floor":7.0,"key":"PowerPotion"},{"floor":20.0,"key":"FearPotion"},{"floor":22.0,"key":"AttackPotion"},{"floor":27.0,"key":"Strength Potion"},{"floor":33.0,"key":"Swift Potion"},{"floor":37.0,"key":"ColorlessPotion"},{"floor":39.0,"key":"Strength Potion"}],"is_trial":false,"path_per_floor":["M","M","?","$","?","R","M","?","T","R","M","M","$","M","R","B",null,"M","?","M","T","M","R","E","R","T","M","R","M","?","$","R","B",null,"M","$","?","?","M","R","M","R","T","R","M"],"character_chosen":"THE_SILENT","items_purchased":["Footwork","Flechettes","DollysMirror","Lee\u0027s Waffle"],"campfire_rested":1,"item_purchase_floors":[4,13,31,36],"current_hp_per_floor":[63,63,56,56,56,56,49,49,49,49,46,46,61,56,56,29,77,66,53,48,48,53,53,1,16,16,25,25,35,35,50,50,34,53,53,60,60,55,53,53,48,48,48,48,0,0],"gold":141,"neow_bonus":"THREE_RARE_CARDS","is_daily":false,"chose_seed":false,"campfire_upgraded":9,"win_rate":0.0,"timestamp":1612085731,"path_taken":["M","?","?","$","?","R","M","?","T","R","M","M","$","M","R","BOSS","M","?","M","?","?","R","E","R","T","M","R","M","?","$","R","BOSS","M","$","?","?","?","R","M","R","T","R","M"],"items_purchased_type":["Card","Card","Relic","Relic"],"build_version":"2020-12-22","purchased_purges":2,"victory":false,"max_hp_per_floor":[63,63,63,63,63,63,63,63,63,63,63,63,63,63,63,63,77,77,53,53,53,53,53,53,53,53,53,53,53,53,53,53,53,53,53,60,60,60,60,60,60,60,60,60,60,60],"card_choices":[{"not_picked":["Burst","Adrenaline"],"picked":"After Image","floor":0.0},{"not_picked":["Cloak And Dagger","Underhanded Strike"],"picked":"Backflip","floor":1.0},{"not_picked":["Blade Dance","Slice"],"picked":"PiercingWail","floor":2.0},{"not_picked":["Distraction","Calculated Gamble"],"picked":"Crippling Poison","floor":7.0},{"not_picked":["Finisher","Eviscerate"],"picked":"Noxious Fumes","floor":11.0},{"not_picked":["Cloak And Dagger","Predator","Outmaneuver"],"picked":"SKIP","floor":12.0},{"not_picked":["Setup","Accuracy","Cloak And Dagger"],"picked":"SKIP","floor":14.0},{"not_picked":["Corpse Explosion","Die Die Die"],"picked":"A Thousand Cuts","floor":16.0},{"not_picked":["Catalyst","Accuracy","Infinite Blades+1"],"picked":"SKIP","floor":18.0},{"not_picked":["Blade Dance","Distraction","Dagger Throw"],"picked":"SKIP","floor":20.0},{"not_picked":["Infinite Blades","Endless Agony"],"picked":"PiercingWail","floor":22.0},{"not_picked":["Backstab+1","Endless Agony","Dagger Spray"],"picked":"SKIP","floor":24.0},{"not_picked":["Blade Dance","All Out Attack","Burst"],"picked":"SKIP","floor":27.0},{"not_picked":["Catalyst","Prepared+1","Acrobatics"],"picked":"SKIP","floor":29.0},{"not_picked":["Cloak And Dagger","Leg Sweep+1","Flying Knee"],"picked":"SKIP","floor":35.0},{"not_picked":["Eviscerate","Sucker Punch+1"],"picked":"PiercingWail","floor":37.0},{"not_picked":["All Out Attack+1","Dagger Spray","Flying Knee"],"picked":"SKIP","floor":39.0},{"not_picked":["Flying Knee+1","Predator+1","Cloak And Dagger"],"picked":"SKIP","floor":39.0},{"not_picked":["Slice","Endless Agony"],"picked":"Backflip+1","floor":41.0},{"not_picked":["Bane","Flying Knee+1","Terror+1"],"picked":"SKIP","floor":41.0}],"player_experience":183601,"relics_obtained":[{"floor":9.0,"key":"MealTicket"},{"floor":17.0,"key":"Anchor"},{"floor":17.0,"key":"InkBottle"},{"floor":17.0,"key":"Mango"},{"floor":21.0,"key":"Centennial Puzzle"},{"floor":24.0,"key":"Art of War"},{"floor":26.0,"key":"Bag of Marbles"},{"floor":37.0,"key":"Prayer Wheel"},{"floor":43.0,"key":"Lantern"}],"event_choices":[{"cards_removed":["Strike_G"],"damage_healed":0.0,"max_hp_gain":0.0,"max_hp_loss":0.0,"gold_gain":0.0,"event_name":"Golden Wing","player_choice":"Card Removal","floor":3.0,"gold_loss":0.0,"damage_taken":7.0},{"damage_healed":0.0,"max_hp_gain":0.0,"max_hp_loss":0.0,"gold_gain":0.0,"event_name":"Big Fish","player_choice":"Box","floor":5.0,"gold_loss":0.0,"damage_taken":0.0,"relics_obtained":["TungstenRod"],"cards_obtained":["Regret"]},{"cards_removed":["Regret"],"damage_healed":0.0,"max_hp_gain":0.0,"max_hp_loss":0.0,"gold_gain":0.0,"event_name":"Living Wall","player_choice":"Forget","floor":8.0,"gold_loss":0.0,"damage_taken":0.0},{"damage_healed":0.0,"max_hp_gain":0.0,"max_hp_loss":24.0,"gold_gain":0.0,"event_name":"Vampires","player_choice":"Became a vampire","floor":19.0,"gold_loss":0.0,"damage_taken":0.0,"cards_obtained":["Bite","Bite","Bite","Bite","Bite"]},{"damage_healed":0.0,"max_hp_gain":0.0,"max_hp_loss":0.0,"gold_gain":99.0,"event_name":"Nest","player_choice":"Stole From Cult","floor":30.0,"gold_loss":0.0,"damage_taken":0.0},{"damage_healed":0.0,"max_hp_gain":0.0,"max_hp_loss":0.0,"gold_gain":0.0,"event_name":"MindBloom","player_choice":"Fight","floor":37.0,"gold_loss":0.0,"damage_taken":0.0},{"damage_healed":0.0,"max_hp_gain":0.0,"max_hp_loss":0.0,"gold_gain":0.0,"event_name":"Wheel of Change","player_choice":"Damaged","floor":38.0,"gold_loss":0.0,"damage_taken":6.0}],"is_beta":false,"boss_relics":[{"not_picked":["Ring of the Serpent","Tiny House"],"picked":"Calling Bell"},{"not_picked":["SlaversCollar","Coffee Dripper"],"picked":"Empty Cage"}],"items_purged_floors":[4,31],"is_endless":false,"potions_floor_spawned":[2,7,20,22,27,33,37,39],"killed_by":"Maw","ascension_level":3}}