{"host":"nwd160me4iqdtr8u","time":1612092202,"event":{"mods":["AchievementEnabler","Act Like it!","BaseMod","Colored Map","DeckTracker","Keyboard Shortcuts","Minty Spire (QoL Compilation)","Quick Restart","Rare Cards Sparkle","StSLib","SuperFastMode","everything is the same but u backflip on backflip"],"gold_per_floor":[109,109,109,124,199,199,199,227,227,227,63,63,81,94,94,172,172,183,183,24,24,41,41,75,75,75,91,109,138,138,138,138,217,217,235,235,252,88,7,7,7,7,7,7,21,37,51,0,0,0],"floor_reached":51,"language":"KOR","playtime":2010,"items_purged":[],"score":1310,"play_id":"0589c5d4-a5c0-4ff0-8604-33acd5b3493b","local_time":"20210131202322","is_ascension_mode":true,"campfire_choices":[{"data":"Blade Dance","floor":6.0,"key":"SMITH"},{"data":"Burst","floor":12.0,"key":"SMITH"},{"data":"Poisoned Stab","floor":15.0,"key":"SMITH"},{"data":"Wraith Form v2","floor":23.0,"key":"SMITH"},{"floor":25.0,"key":"REST"},{"data":"Panacea","floor":30.0,"key":"SMITH"},{"data":"Calculated Gamble","floor":32.0,"key":"SMITH"},{"data":"Footwork","floor":40.0,"key":"SMITH"},{"data":"Bouncing Flask","floor":42.0,"key":"SMITH"},{"data":"Night Terror","floor":44.0,"key":"SMITH"},{"data":"After Image","floor":49,"key":"SMITH"}],"circlet_count":0,"master_deck":["AscendersBane","Strike_G","Defend_G","Defend_G","Defend_G","Defend_G","Defend_G","Survivor","Neutralize","Poisoned Stab+1","Burst+1","Blade Dance+1","Deadly Poison","Calculated Gamble+1","After Image+1","PiercingWail","Panacea+1","Acrobatics","Wraith Form v2+1","Caltrops","Dash","Dagger Spray","Malaise","Footwork+1","Night Terror+1","Bouncing Flask+1","Noxious Fumes","Wraith Form v2+1","Crippling Poison","Catalyst"],"relics":["Ring of the Snake","Mummified Hand","Mercury Hourglass","Question Card","TwistedFunnel","Cursed Key","Ornamental Fan","Runic Pyramid","DollysMirror","Red Mask"],"acts_visited":["Exordium","TheCity","TheBeyond"],"potions_floor_usage":[50],"damage_taken":[{"damage":2.0,"enemies":"2 Louse","floor":1.0,"turns":3.0},{"damage":3.0,"enemies":"Small Slimes","floor":4.0,"turns":3.0},{"damage":7.0,"enemies":"3 Sentries","floor":8.0,"turns":9.0},{"damage":1.0,"enemies":"Cultist","floor":13.0,"turns":3.0},{"damage":5.0,"enemies":"Gremlin Gang","floor":14.0,"turns":2.0},{"damage":11.0,"enemies":"The Guardian","floor":16.0,"turns":8.0},{"damage":0.0,"enemies":"3 Byrds","floor":18.0,"turns":3.0},{"damage":0.0,"enemies":"Spheric Guardian","floor":22.0,"turns":3.0},{"damage":20.0,"enemies":"Slavers","floor":24.0,"turns":6.0},{"damage":2.0,"enemies":"Centurion and Healer","floor":27.0,"turns":8.0},{"damage":5.0,"enemies":"Shelled Parasite and Fungi","floor":28.0,"turns":5.0},{"damage":0.0,"enemies":"Gremlin Leader","floor":29.0,"turns":6.0},{"damage":22.0,"enemies":"Collector","floor":33.0,"turns":11.0},{"damage":0.0,"enemies":"3 Shapes","floor":35.0,"turns":6.0},{"damage":0.0,"enemies":"Orb Walker","floor":37.0,"turns":4.0},{"damage":0.0,"enemies":"3 Darklings","floor":45.0,"turns":6.0},{"damage":2.0,"enemies":"Transient","floor":46.0,"turns":6.0},{"damage":16,"enemies":"4 Shapes","floor":47,"turns":4},{"damage":20,"enemies":"Awakened One","floor":50,"turns":19}],"seed_played":"-9063052456811541888","potions_obtained":[{"floor":4.0,"key":"Strength Potion"},{"floor":13.0,"key":"Dexterity Potion"},{"floor":14.0,"key":"SteroidPotion"},{"floor":16.0,"key":"Explosive Potion"},{"floor":24.0,"key":"Ancient Potion"},{"floor":28.0,"key":"EssenceOfSteel"},{"floor":29.0,"key":"Strength Potion"},{"floor":33.0,"key":"Fire Potion"},{"floor":35.0,"key":"FearPotion"},{"floor":45.0,"key":"SteroidPotion"}],"is_trial":false,"path_per_floor":["M","?","?","M","?","R","?","E","T","T","$","R","M","M","R","B",null,"M","?","$","?","M","R","E","R","T","M","M","E","R","?","R","B",null,"M","?","M","$","$","R","$","R","T","R","M","M","M","?","R","B",null],"character_chosen":"THE_SILENT","items_purchased":["TwistedFunnel","Panacea","Acrobatics","DollysMirror","Crippling Poison"],"campfire_rested":1,"item_purchase_floors":[11,20,20,38,39],"current_hp_per_floor":[57,57,57,54,43,43,48,41,41,41,41,41,40,35,35,24,59,59,39,39,39,39,39,19,41,41,39,34,34,34,34,34,12,60,60,60,60,60,60,60,60,60,60,60,60,58,42,42,42,22],"gold":0,"neow_bonus":"REMOVE_CARD","is_daily":false,"chose_seed":false,"campfire_upgraded":10,"win_rate":0.0,"timestamp":1612092202,"path_taken":["M","?","?","M","?","R","?","E","T","?","$","R","M","M","R","BOSS","M","?","$","?","M","R","E","R","T","M","M","E","R","?","R","BOSS","M","?","M","?","$","R","$","R","T","R","M","M","?","?","R","BOSS"],"items_purchased_type":["Relic","Card","Card","Relic","Card"],"build_version":"2020-12-22","purchased_purges":0,"victory":true,"max_hp_per_floor":[66,66,66,66,66,66,71,71,71,71,71,71,71,71,71,71,71,71,76,76,76,76,76,76,76,76,76,76,76,76,76,76,76,76,76,76,76,76,76,76,76,76,76,76,76,76,76,76,76,76],"card_choices":[{"not_picked":["Setup","Dagger Throw"],"picked":"Poisoned Stab","floor":1.0},{"not_picked":["Flying Knee","Dash"],"picked":"Blade Dance","floor":4.0},{"not_picked":["Dagger Spray","Doppelganger"],"picked":"Well Laid Plans","floor":8.0},{"not_picked":["Blade Dance","Dagger Throw","PiercingWail"],"picked":"Deadly Poison","floor":13.0},{"not_picked":["Dagger Throw","Quick Slash","Leg Sweep"],"picked":"Calculated Gamble","floor":14.0},{"not_picked":["Bullet Time","A Thousand Cuts","Grand Finale"],"picked":"After Image","floor":16.0},{"not_picked":["Deadly Poison","Outmaneuver","Dagger Throw+1"],"picked":"PiercingWail","floor":18.0},{"not_picked":["Dagger Throw","PiercingWail","Cloak And Dagger"],"picked":"Caltrops","floor":22.0},{"not_picked":["Envenom","Choke","Doppelganger"],"picked":"Dash","floor":24.0},{"not_picked":["Dagger Throw","Outmaneuver","Poisoned Stab"],"picked":"Dagger Spray","floor":27.0},{"not_picked":["Acrobatics","Distraction","Dash"],"picked":"Malaise","floor":28.0},{"not_picked":["Acrobatics","Masterful Stab","Expertise"],"picked":"Footwork","floor":29.0},{"not_picked":["Envenom","Venomology","Die Die Die"],"picked":"Night Terror","floor":33.0},{"not_picked":["Noxious Fumes+1","Caltrops","Dagger Throw"],"picked":"Bouncing Flask","floor":35.0},{"not_picked":["Deflect","Setup","Choke+1"],"picked":"Noxious Fumes","floor":37.0},{"not_picked":["Prepared","Quick Slash","Sucker Punch"],"picked":"Catalyst","floor":45.0},{"not_picked":["Accuracy+1","Crippling Poison","Poisoned Stab","Heel Hook"],"picked":"SKIP","floor":46.0},{"not_picked":["Outmaneuver","Venomology","Quick Slash+1","Slice"],"picked":"SKIP","floor":47}],"player_experience":344282,"relics_obtained":[{"floor":8.0,"key":"Mummified Hand"},{"floor":9.0,"key":"Mercury Hourglass"},{"floor":10.0,"key":"Question Card"},{"floor":24.0,"key":"Ornamental Fan"}],"event_choices":[{"damage_healed":0.0,"max_hp_gain":0.0,"max_hp_loss":0.0,"gold_gain":0.0,"event_name":"Liars Game","player_choice":"Ignored","floor":2.0,"gold_loss":0.0,"damage_taken":0.0},{"damage_healed":0.0,"max_hp_gain":0.0,"max_hp_loss":0.0,"gold_gain":0.0,"cards_transformed":["Strike_G"],"event_name":"Living Wall","player_choice":"Change","floor":3.0,"gold_loss":0.0,"damage_taken":0.0,"cards_obtained":["Burst"]},{"damage_healed":0.0,"max_hp_gain":0.0,"max_hp_loss":0.0,"gold_gain":75.0,"event_name":"World of Goop","player_choice":"Gather Gold","floor":5.0,"gold_loss":0.0,"damage_taken":11.0},{"damage_healed":0.0,"max_hp_gain":5.0,"max_hp_loss":0.0,"gold_gain":0.0,"event_name":"Big Fish","player_choice":"Donut","floor":7.0,"gold_loss":0.0,"damage_taken":0.0},{"damage_healed":0.0,"max_hp_gain":5.0,"max_hp_loss":0.0,"gold_gain":0.0,"event_name":"Forgotten Altar","player_choice":"Shed Blood","floor":19.0,"gold_loss":0.0,"damage_taken":25.0},{"damage_healed":0.0,"max_hp_gain":0.0,"max_hp_loss":0.0,"gold_gain":0.0,"cards_transformed":["Strike_G","Strike_G"],"event_name":"Drug Dealer","player_choice":"Became Test Subject","floor":21.0,"gold_loss":0.0,"damage_taken":0.0,"cards_obtained":["Wraith Form v2","Doppelganger"]},{"cards_removed":["Doppelganger"],"damage_healed":0.0,"max_hp_gain":0.0,"max_hp_loss":0.0,"gold_gain":0.0,"event_name":"Back to Basics","player_choice":"Elegance","floor":31.0,"gold_loss":0.0,"damage_taken":0.0},{"cards_removed":["Well Laid Plans"],"damage_healed":0.0,"max_hp_gain":0.0,"max_hp_loss":0.0,"gold_gain":0.0,"event_name":"Purifier","player_choice":"Purged","floor":36.0,"gold_loss":0.0,"damage_taken":0.0},{"damage_healed":0,"gold_gain":0,"player_choice":"Paid","damage_taken":0,"relics_obtained":["Red Mask"],"max_hp_gain":0,"max_hp_loss":0,"event_name":"Tomb of Lord Red Mask","floor":48,"gold_loss":51}],"is_beta":false,"boss_relics":[{"not_picked":["Snecko Eye","Ring of the Serpent"],"picked":"Cursed Key"},{"not_picked":["Philosopher\u0027s Stone","Empty Cage"],"picked":"Runic Pyramid"}],"items_purged_floors":[],"is_endless":false,"potions_floor_spawned":[4,13,14,16,24,28,29,33,35,45,47],"ascension_level":17}}