{"host":"toh0bbw446wnuexf","time":1612132950,"event":{"mods":["BaseMod","Downfall","Hermit","Minty Spire (QoL Compilation)","Random Character Button","StSLib"],"gold_per_floor":[99,116,128,128,128,128,128,128,128,140,140,155,173,38,55,55,55,55],"floor_reached":16,"language":"ENG","playtime":880,"items_purged":["sneckomod:IronFang"],"score":97,"play_id":"a98e8249-11e3-4100-bfc1-4211c2355be4","local_time":"20210201114230","is_ascension_mode":true,"campfire_choices":[{"data":"sneckomod:SnekBite","floor":1,"key":"SMITH"},{"data":"sneckomod:TailWhip","floor":6,"key":"SMITH"},{"data":"sneckomod:IronFang","floor":8,"key":"SMITH"}],"circlet_count":0,"master_deck":["sneckomod:Strike","sneckomod:Strike","sneckomod:Strike","sneckomod:Defend","sneckomod:Defend","sneckomod:Defend","sneckomod:TailWhip+1","sneckomod:SnekBite+1","sneckomod:IronFang+1","sneckomod:SerpentIdol","sneckomod:RainOfDice"],"relics":["sneckomod:SneckoSoul","Turnip","Meat on the Bone"],"acts_visited":["Exordium"],"potions_floor_usage":[16],"damage_taken":[{"damage":0,"enemies":"Jaw Worm","floor":2,"turns":2},{"damage":0,"enemies":"Small Slimes","floor":3,"turns":3},{"damage":0,"enemies":"Cultist","floor":9,"turns":1},{"damage":0,"enemies":"Large Slime","floor":10,"turns":4},{"damage":1,"enemies":"Exordium Wildlife","floor":12,"turns":4},{"damage":2,"enemies":"Exordium Thugs","floor":13,"turns":3},{"damage":0,"enemies":"downfall:FleeingMerchant","floor":14,"turns":4},{"damage":2,"enemies":"2 Fungi Beasts","floor":15,"turns":4},{"damage":83,"enemies":"IC_STATUS_ARCHETYPE","floor":16,"turns":13}],"seed_played":"3489545216132970851","potions_obtained":[{"floor":2,"key":"Weak Potion"},{"floor":15,"key":"Energy Potion"}],"is_trial":false,"path_per_floor":["R","M","M","?","?","R","T","R","M","M","?","M","M","$","M","B"],"character_chosen":"THE_SNECKO","items_purchased":["sneckomod:RainOfDice"],"campfire_rested":0,"item_purchase_floors":[14],"current_hp_per_floor":[63,63,63,63,90,90,90,90,90,90,78,77,75,75,73,0,0,0],"gold":55,"neow_bonus":"REMOVE_TWO","is_daily":false,"chose_seed":false,"campfire_upgraded":3,"win_rate":0.0,"timestamp":1612132950,"path_taken":["R","M","M","?","?","R","T","R","M","M","?","M","M","$","M","BOSS"],"items_purchased_type":["Card"],"build_version":"2020-12-22","purchased_purges":1,"victory":false,"max_hp_per_floor":[90,90,90,90,90,90,90,90,90,90,90,90,90,90,90,90,90,90],"card_choices":[{"not_picked":["sneckomod:PureSnecko","sneckomod:DefensiveFlair"],"picked":"sneckomod:IronFang","floor":2},{"not_picked":["sneckomod:ImprovisedGuard","sneckomod:DiceCrush","sneckomod:PureSnecko"],"picked":"SKIP","floor":3},{"not_picked":["sneckomod:DiceBlock","sneckomod:Memorize"],"picked":"sneckomod:IronFang","floor":9},{"not_picked":["sneckomod:QuickBite","sneckomod:RainOfDice"],"picked":"sneckomod:SerpentIdol","floor":10},{"not_picked":["sneckomod:WideSting","sneckomod:IronFang","sneckomod:SlitherStrike"],"picked":"SKIP","floor":12},{"not_picked":["sneckomod:IronFang","sneckomod:Nope","sneckomod:UnknownDraw"],"picked":"SKIP","floor":13},{"not_picked":["sneckomod:DiceCrush","sneckomod:Nope","sneckomod:UnknownCommonAttack"],"picked":"SKIP","floor":14},{"not_picked":["sneckomod:DangerNoodle","sneckomod:UnknownCommonSkill","sneckomod:Unknown2Cost"],"picked":"SKIP","floor":15}],"player_experience":646598,"relics_obtained":[{"floor":7,"key":"Turnip"}],"event_choices":[{"damage_healed":30,"gold_gain":0,"player_choice":"Banana","damage_taken":0,"max_hp_gain":0,"max_hp_loss":0,"event_name":"Big Fish","floor":5,"gold_loss":0},{"damage_healed":0,"gold_gain":0,"player_choice":"Success","damage_taken":12,"relics_obtained":["Meat on the Bone"],"max_hp_gain":0,"max_hp_loss":0,"event_name":"Scrap Ooze","floor":11,"gold_loss":0}],"is_beta":false,"boss_relics":[],"items_purged_floors":[14],"is_endless":false,"potions_floor_spawned":[2,15],"killed_by":"IC_STATUS_ARCHETYPE","ascension_level":1}}