{"host":"f0gpob8hq9vgebej","time":1612078027,"event":{"mods":["AchievementEnabler","BaseMod","Minty Spire (QoL Compilation)","Quick Restart","SuperFastMode"],"gold_per_floor":[117,128,140,140,157,157,190,190,190,216,226,226,110,185,185,259,259,273,291,291,291,291],"floor_reached":21,"language":"KOR","playtime":352,"items_purged":["Strike_R"],"score":331,"play_id":"9d893435-14a5-4fa4-b403-c7fb6a757342","local_time":"20210131162707","is_ascension_mode":true,"campfire_choices":[{"data":"Spot Weakness","floor":6.0,"key":"SMITH"},{"data":"Bash","floor":8.0,"key":"SMITH"},{"data":"Inflame","floor":12.0,"key":"SMITH"},{"floor":15.0,"key":"REST"}],"circlet_count":0,"master_deck":["AscendersBane","Strike_R","Strike_R","Strike_R","Strike_R","Defend_R","Defend_R","Defend_R","Defend_R","Bash+1","Spot Weakness+1","Wild Strike","Power Through","Cleave","Inflame+1","Whirlwind","Double Tap","Sword Boomerang","Twin Strike"],"relics":["Black Blood","Bag of Preparation","Happy Flower","Blue Candle"],"acts_visited":["Exordium","TheCity"],"potions_floor_usage":[],"damage_taken":[{"damage":0.0,"enemies":"Small Slimes","floor":1.0,"turns":3.0},{"damage":2.0,"enemies":"2 Louse","floor":2.0,"turns":3.0},{"damage":1.0,"enemies":"Cultist","floor":3.0,"turns":4.0},{"damage":11.0,"enemies":"Looter","floor":5.0,"turns":5.0},{"damage":45.0,"enemies":"3 Sentries","floor":7.0,"turns":6.0},{"damage":34.0,"enemies":"Gremlin Nob","floor":10.0,"turns":4.0},{"damage":0.0,"enemies":"Exordium Wildlife","floor":11.0,"turns":3.0},{"damage":30.0,"enemies":"Hexaghost","floor":16.0,"turns":8.0},{"damage":13.0,"enemies":"Shell Parasite","floor":18.0,"turns":6.0},{"damage":27,"enemies":"Chosen","floor":19,"turns":5},{"damage":40,"enemies":"Shelled Parasite and Fungi","floor":21,"turns":4}],"seed_played":"2461482788737318902","potions_obtained":[{"floor":1.0,"key":"FearPotion"},{"floor":5.0,"key":"Explosive Potion"},{"floor":10.0,"key":"AttackPotion"},{"floor":11.0,"key":"Energy Potion"}],"is_trial":false,"path_per_floor":["M","M","M","?","M","R","E","R","T","E","M","R","$","?","R","B",null,"M","M","?","M"],"character_chosen":"IRONCLAD","items_purchased":["Whirlwind"],"campfire_rested":1,"item_purchase_floors":[13],"current_hp_per_floor":[81,82,82,87,82,82,43,43,43,15,21,21,21,10,36,12,68,67,52,43,3,3],"gold":291,"neow_bonus":"TEN_PERCENT_HP_BONUS","is_daily":false,"chose_seed":false,"campfire_upgraded":3,"win_rate":0.0,"timestamp":1612078027,"path_taken":["M","M","M","?","M","R","E","R","T","E","M","R","$","?","R","BOSS","M","M","?","M"],"items_purchased_type":["Card"],"build_version":"2020-12-22","purchased_purges":1,"victory":false,"max_hp_per_floor":[82,82,82,87,87,87,87,87,87,87,87,87,87,87,87,87,87,87,87,87,87,87],"card_choices":[{"not_picked":["Rampage","Iron Wave"],"picked":"Spot Weakness","floor":1.0},{"not_picked":["Flex","Infernal Blade","Flame Barrier"],"picked":"SKIP","floor":2.0},{"not_picked":["Body Slam","Iron Wave","Evolve"],"picked":"SKIP","floor":3.0},{"not_picked":["Thunderclap","Havoc"],"picked":"Wild Strike","floor":5.0},{"not_picked":["Bludgeon","Iron Wave"],"picked":"Power Through","floor":7.0},{"not_picked":["True Grit","Disarm"],"picked":"Cleave","floor":10.0},{"not_picked":["Carnage","Seeing Red"],"picked":"Inflame","floor":11.0},{"not_picked":["Fiend Fire","Berserk"],"picked":"Double Tap","floor":16.0},{"not_picked":["Heavy Blade","Ghostly Armor"],"picked":"Sword Boomerang","floor":18.0},{"not_picked":["Bloodletting","Iron Wave"],"picked":"Twin Strike","floor":19}],"player_experience":309685,"relics_obtained":[{"floor":7.0,"key":"Bag of Preparation"},{"floor":9.0,"key":"Happy Flower"},{"floor":10.0,"key":"Blue Candle"}],"event_choices":[{"damage_healed":0.0,"max_hp_gain":5.0,"max_hp_loss":0.0,"gold_gain":0.0,"event_name":"Big Fish","player_choice":"Donut","floor":4.0,"gold_loss":0.0,"damage_taken":0.0},{"damage_healed":0.0,"max_hp_gain":0.0,"max_hp_loss":0.0,"gold_gain":75.0,"event_name":"World of Goop","player_choice":"Gather Gold","floor":14.0,"gold_loss":0.0,"damage_taken":11.0},{"damage_healed":0,"gold_gain":0,"player_choice":"Stopped","damage_taken":9,"max_hp_gain":0,"max_hp_loss":0,"event_name":"Cursed Tome","floor":20,"gold_loss":0}],"is_beta":false,"boss_relics":[{"not_picked":["Ectoplasm","Busted Crown"],"picked":"Black Blood"}],"items_purged_floors":[13],"is_endless":false,"potions_floor_spawned":[1,5,10,11],"killed_by":"Shelled Parasite and Fungi","ascension_level":15}}