{"host":"gzk4gkgy3zij1c51","time":1612124733,"event":{"mods":["BaseMod","Colored Map","Downfall","Highlight Path","Marked Mod","Minty Spire (QoL Compilation)","Relic Stats","StSLib","everything is the same but u backflip on backflip"],"gold_per_floor":[99,99,99,99,99,99,126,151,251,263,263,263,263],"floor_reached":11,"language":"ENG","playtime":370,"items_purged":[],"score":107,"play_id":"81f9706b-6f88-4ab5-ad73-09f44fdb1666","local_time":"20210131202533","is_ascension_mode":true,"campfire_choices":[{"floor":1.0,"key":"RECALL"},{"data":"Guardian:FloatingOrbs","floor":6.0,"key":"SMITH"}],"circlet_count":0,"master_deck":["AscendersBane","Guardian:Strike_Guardian","Guardian:Strike_Guardian","Guardian:Strike_Guardian","Guardian:Strike_Guardian","Guardian:Defend_Guardian","Guardian:Defend_Guardian","Guardian:Defend_Guardian","Guardian:Defend_Guardian","Guardian:CurlUp","Guardian:TwinSlam+1","Guardian:PolyBeam+1","Regret","Guardian:FloatingOrbs+1","Guardian:PrismaticBeam","Guardian:ShieldCharger","Guardian:Gem_Purple"],"relics":["Guardian:ModeShifter","downfall:HeartsMalice","sneckomod:BlankCard","Guardian:DefensiveModeMoreBlock"],"acts_visited":["Exordium"],"potions_floor_usage":[],"damage_taken":[{"damage":0.0,"enemies":"Cultist","floor":2.0,"turns":1.0},{"damage":0.0,"enemies":"Small Slimes","floor":4.0,"turns":1.0},{"damage":0.0,"enemies":"Jaw Worm","floor":5.0,"turns":1.0},{"damage":40.0,"enemies":"Lagavulin","floor":8.0,"turns":7.0},{"damage":5.0,"enemies":"3 Louse","floor":10.0,"turns":3.0},{"damage":28,"enemies":"Gremlin Nob","floor":11,"turns":5}],"seed_played":"5659772662623676666","potions_obtained":[{"floor":10.0,"key":"Guardian:AcceleratePotion"}],"is_trial":false,"path_per_floor":["R","M","?","M","M","R","T","E","?","M","E"],"character_chosen":"GUARDIAN","items_purchased":[],"campfire_rested":0,"item_purchase_floors":[],"current_hp_per_floor":[72,72,72,72,72,72,72,32,32,27,0,0,0],"gold":263,"neow_bonus":"THREE_ENEMY_KILL","is_daily":false,"chose_seed":false,"campfire_upgraded":1,"win_rate":0.0,"timestamp":1612124733,"path_taken":["R","M","?","M","?","R","T","E","?","M","E"],"items_purchased_type":[],"build_version":"2020-12-22","purchased_purges":0,"victory":false,"max_hp_per_floor":[80,80,80,80,80,80,80,80,80,80,80,80,80],"relic_stats":{"counters":[6,15],"obtain_stats":[{"Guardian:DefensiveModeMoreBlock":8,"sneckomod:BlankCard":7,"Guardian:ModeShifter":0,"downfall:HeartsMalice":0},{"Guardian:DefensiveModeMoreBlock":4,"sneckomod:BlankCard":3,"Guardian:ModeShifter":0,"downfall:HeartsMalice":0},{"Guardian:DefensiveModeMoreBlock":7,"sneckomod:BlankCard":0,"Guardian:ModeShifter":0,"downfall:HeartsMalice":0}]},"card_choices":[{"not_picked":["Guardian:ChargeUp","Guardian:TemporalStrike"],"picked":"Guardian:PolyBeam","floor":2.0},{"not_picked":["Guardian:RollAttack","Guardian:CrystalBeam"],"picked":"Guardian:FloatingOrbs","floor":4.0},{"not_picked":["Guardian:Gem_Yellow","Guardian:Gem_Purple"],"picked":"Guardian:PrismaticBeam","floor":5.0},{"not_picked":["Guardian:Planning","Guardian:Incinerate"],"picked":"Guardian:ShieldCharger","floor":8.0},{"not_picked":["Guardian:ChargeCore","Guardian:Gem_Crimson"],"picked":"Guardian:Gem_Purple","floor":10.0}],"player_experience":1106545,"relics_obtained":[{"floor":7.0,"key":"sneckomod:BlankCard"},{"floor":8.0,"key":"Guardian:DefensiveModeMoreBlock"}],"event_choices":[],"is_beta":false,"boss_relics":[],"items_purged_floors":[],"is_endless":false,"potions_floor_spawned":[10],"killed_by":"Gremlin Nob","ascension_level":12}}