{"host":"0q8h3wvt5d15753h","time":1612053747,"event":{"mods":["AchievementEnabler","Aspiration","BaseMod","Colored Powertips","Conspire","GifTheSpireLib","Hubris","Minty Spire (QoL Compilation)","Replay The Spire","Shop Mod","Spikes Relics","StSLib","Stuff the Spire","The Cursed"],"gold_per_floor":[113,140,140,23,23,23,23,57,108,108,121,121,135,6,6,99,99,113,137,137,150,170,214,214,214,214],"floor_reached":25,"language":"RUS","playtime":965,"items_purged":[],"score":588,"play_id":"cde333d9-7cf2-433f-8a1d-67db0953a815","local_time":"20210131054227","is_ascension_mode":true,"campfire_choices":[{"floor":6,"key":"REST"},{"data":"Double Tap","floor":10,"key":"SMITH"},{"data":"Bash","floor":12,"key":"SMITH"},{"data":"Injury","floor":15,"key":"PURGE"},{"floor":24,"key":"REST"}],"circlet_count":0,"master_deck":["AscendersBane","Strike_R","Strike_R","Strike_R","Strike_R","Strike_R","Defend_R","Defend_R","Defend_R","Defend_R","Bash+1","Anger","Clothesline","Uppercut+1","hubris:ReadiedAction+1","Double Tap+1","ReplayTheSpireMod:Limb From Limb","Flex","Bludgeon","Hemogenesis","Dual Wield","Rupture","Shockwave","Fiend Fire"],"relics":["Burning Blood","NeowsBlessing","Blue Doll","Bag of Preparation","Golden Idol","Blue Candle","conspire:TopHat","Philosopher\u0027s Stone","BrokenLever"],"acts_visited":["Exordium","TheCity"],"potions_floor_usage":[11,16,16,21,22,22,25],"damage_taken":[{"damage":0,"enemies":"2 Louse","floor":1,"turns":1},{"damage":0,"enemies":"conspire:MimicChest","floor":2,"turns":1},{"damage":0,"enemies":"Gremlin Nob","floor":8,"turns":1},{"damage":1,"enemies":"Small Slimes","floor":11,"turns":3},{"damage":2,"enemies":"Jaw Worm","floor":13,"turns":3},{"damage":0,"enemies":"Slime Boss","floor":16,"turns":4},{"damage":24,"enemies":"2 Thieves","floor":18,"turns":2},{"damage":0,"enemies":"Chosen","floor":19,"turns":2},{"damage":12,"enemies":"Snake Plant","floor":21,"turns":1},{"damage":47,"enemies":"Centurion and Healer","floor":22,"turns":5},{"damage":28,"enemies":"Replay:Snechameleon","floor":23,"turns":5},{"damage":53,"enemies":"Gremlin Leader","floor":25,"turns":4}],"seed_played":"5872488608015451995","potions_obtained":[{"floor":2,"key":"Energy Potion"},{"floor":16,"key":"Doom Potion"},{"floor":19,"key":"PowerPotion"},{"floor":20,"key":"Death Potion"},{"floor":21,"key":"BlessingOfTheForge"},{"floor":23,"key":"DuplicationPotion"}],"is_trial":false,"path_per_floor":["M","?","?","$","?","R","?","E","T","R","M","R","M","$","R","B",null,"M","M","?","M","M","E","R","E"],"character_chosen":"IRONCLAD","items_purchased":["Uppercut","hubris:ReadiedAction+1","PowerPotion","Bludgeon","Strength Potion"],"campfire_rested":2,"item_purchase_floors":[4,4,4,14,14],"current_hp_per_floor":[74,75,40,40,40,62,62,68,68,68,73,73,75,75,75,75,75,57,63,63,57,26,17,39,8,8],"gold":214,"neow_bonus":"THREE_ENEMY_KILL","is_daily":false,"chose_seed":false,"campfire_upgraded":2,"win_rate":0.0,"timestamp":1612053747,"path_taken":["M","?","?","$","?","R","?","E","T","R","?","R","?","$","R","BOSS","M","M","?","?","M","E","R","E"],"items_purchased_type":["Card","Card","Potion","Card","Potion"],"build_version":"2020-12-22","purchased_purges":0,"victory":false,"max_hp_per_floor":[75,75,75,75,75,75,75,75,75,75,75,75,75,75,75,75,75,75,75,75,75,75,75,75,75,75],"card_choices":[{"not_picked":["True Grit","Evolve"],"picked":"Anger","floor":1},{"not_picked":["Replay:Undeath\u0027s Touch","Anger"],"picked":"Clothesline","floor":2},{"not_picked":["Massacre","Sentinel"],"picked":"Double Tap","floor":8},{"not_picked":["Body Slam","Dark Embrace"],"picked":"ReplayTheSpireMod:Limb From Limb","floor":11},{"not_picked":["hubris:ReadiedAction","Second Wind"],"picked":"Flex","floor":13},{"not_picked":["Offering","hubris:StunningStrike"],"picked":"Hemogenesis","floor":16},{"not_picked":["Absolvement","Dark Embrace"],"picked":"Dual Wield","floor":18},{"not_picked":["Body Slam","Run Through","Feel No Pain"],"picked":"SKIP","floor":19},{"not_picked":["Rage","Flex"],"picked":"Rupture","floor":21},{"not_picked":["hubris:ReadiedAction","Sentinel"],"picked":"Shockwave","floor":22},{"not_picked":["True Grit","Iron Wave"],"picked":"Fiend Fire","floor":23}],"player_experience":595008,"relics_obtained":[{"floor":2,"key":"Blue Doll"},{"floor":8,"key":"Blue Candle"},{"floor":9,"key":"conspire:TopHat"},{"floor":23,"key":"BrokenLever"}],"event_choices":[{"damage_healed":0,"gold_gain":0,"player_choice":"Success","damage_taken":35,"relics_obtained":["Bag of Preparation"],"max_hp_gain":0,"max_hp_loss":0,"event_name":"Scrap Ooze","floor":3,"gold_loss":0},{"damage_healed":0,"gold_gain":0,"player_choice":"Grow","damage_taken":0,"max_hp_gain":0,"max_hp_loss":0,"event_name":"Living Wall","floor":5,"gold_loss":0,"cards_upgraded":["Uppercut"]},{"damage_healed":0,"gold_gain":0,"player_choice":"Take Wound","damage_taken":0,"relics_obtained":["Golden Idol"],"max_hp_gain":0,"max_hp_loss":0,"event_name":"Golden Idol","floor":7,"gold_loss":0,"cards_obtained":["Injury"]},{"damage_healed":0,"gold_gain":0,"player_choice":"Got Potions","damage_taken":0,"max_hp_gain":0,"max_hp_loss":0,"event_name":"Lab","floor":20,"gold_loss":0}],"is_beta":false,"boss_relics":[{"not_picked":["StuffTheSpire:Kangaroo","Sandwich"],"picked":"Philosopher\u0027s Stone"}],"items_purged_floors":[],"is_endless":false,"potions_floor_spawned":[2,8,16,19,21,23],"killed_by":"Gremlin Leader","ascension_level":20}}