{"host":"9slw7l0ws16384qq","time":1612119210,"event":{"mods":["A Penny For Your Troubles","BaseMod","Colored Map","Downfall","Evolution","Hubris","Minty Spire (QoL Compilation)","Replay The Spire","StS++","StSLib"],"gold_per_floor":[99,119,139,151,61,61,61,61,61,61,80,80,109,129,145,249,249,149,163,163,163,48,82,82,182,182,197,57,57,75,103,120,221,221,121,121,121,121],"floor_reached":36,"language":"FRA","playtime":2780,"items_purged":["bronze:Defend","Parasite","downfall:Aged"],"score":470,"play_id":"f70217d2-d384-491f-8446-aa5c03448a7f","local_time":"20210131195330","is_ascension_mode":true,"campfire_choices":[{"floor":1.0,"key":"RECALL"},{"data":"bronze:Constructor","floor":10.0,"key":"SMITH"},{"data":"bronze:Separator","floor":10.0,"key":"SMITH"},{"data":"bronze:Defend","floor":12.0,"key":"SMITH"},{"data":"bronze:Defend","floor":12.0,"key":"SMITH"},{"data":"bronze:Goto","floor":18.0,"key":"SMITH"},{"data":"bronze:Hardcode","floor":18.0,"key":"SMITH"},{"floor":26.0,"key":"REST"},{"data":"bronze:Branch","floor":29.0,"key":"SMITH"},{"data":"bronze:Mutator","floor":29.0,"key":"SMITH"},{"data":"bronze:Hardcode","floor":35.0,"key":"SMITH"},{"data":"bronze:Strike","floor":35.0,"key":"SMITH"}],"circlet_count":0,"master_deck":["bronze:Strike+1","bronze:Defend+1","bronze:Defend+1","bronze:FunctionCard","bronze:Mutator+1","bronze:Branch+1","bronze:Hardcode+1"],"relics":["bronze:BronzeCore","EVO:Axolotl","Replay:Arrowhead","ReplayTheSpireMod:Ring of Challenge","Ring of Hypnosis","StSpp:TwinEgg","Gambling Chip","Kintsugi","downfall:HeartBlessingRed","Nilry\u0027s Codex","Pen Nib","Snack Pack","Replay:Rubber Ducky","hubris:Backtick","hubris:Zylophone","downfall:HeartBlessingGreen"],"acts_visited":["Exordium","TheCity","TheBeyond"],"potions_floor_usage":[],"damage_taken":[{"damage":0.0,"enemies":"2 Louse","floor":2.0,"turns":2.0},{"damage":7.0,"enemies":"Jaw Worm","floor":3.0,"turns":3.0},{"damage":0.0,"enemies":"Cultist","floor":4.0,"turns":3.0},{"damage":0.0,"enemies":"downfall:FleeingMerchant","floor":5.0,"turns":4.0},{"damage":0.0,"enemies":"2 Fungi Beasts","floor":11.0,"turns":2.0},{"damage":6.0,"enemies":"3 Sentries","floor":13.0,"turns":7.0},{"damage":11.0,"enemies":"Gremlin Gang","floor":14.0,"turns":5.0},{"damage":0.0,"enemies":"Blue Slaver","floor":15.0,"turns":3.0},{"damage":45.0,"enemies":"SI_SHIV_ARCHETYPE","floor":16.0,"turns":9.0},{"damage":33.0,"enemies":"3 Byrds","floor":19.0,"turns":8.0},{"damage":0.0,"enemies":"Shelled Parasite and Fungi","floor":20.0,"turns":1.0},{"damage":0.0,"enemies":"downfall:FleeingMerchant","floor":22.0,"turns":4.0},{"damage":11.0,"enemies":"Slavers","floor":23.0,"turns":8.0},{"damage":8.0,"enemies":"Snecko","floor":27.0,"turns":4.0},{"damage":3.0,"enemies":"downfall:FleeingMerchant","floor":28.0,"turns":4.0},{"damage":0.0,"enemies":"Cultist and Chosen","floor":30.0,"turns":5.0},{"damage":0.0,"enemies":"Book of Stabbing","floor":31.0,"turns":5.0},{"damage":2.0,"enemies":"Snake Plant","floor":32.0,"turns":4.0},{"damage":40.0,"enemies":"DF_ARCHETYPE_CLAW","floor":33.0,"turns":11.0},{"damage":0,"enemies":"3 Darklings","floor":36,"turns":2}],"seed_played":"-229789039731022791","potions_obtained":[{"floor":4.0,"key":"Venom Potion"},{"floor":11.0,"key":"Dexterity Potion"},{"floor":14.0,"key":"StSpp:InhibitionPotion"},{"floor":16.0,"key":"DistilledChaos"},{"floor":19.0,"key":"SmokeBomb"},{"floor":27.0,"key":"Block Potion"}],"is_trial":false,"path_per_floor":["R","M","M","M","$","?","T","?","?","R","M","R","E","M","M","B",null,"R","M","M","?","$","E","T","?","R","M","$","R","M","E","M","B",null,"R","M"],"character_chosen":"THE_AUTOMATON","items_purchased":[],"campfire_rested":1,"item_purchase_floors":[],"current_hp_per_floor":[77,77,70,70,70,70,70,70,70,70,70,70,64,53,53,8,77,77,44,44,28,28,17,17,17,39,35,38,38,44,54,56,28,74,74,74,74,74],"gold":121,"neow_bonus":"TEN_PERCENT_HP_BONUS","is_daily":false,"chose_seed":false,"campfire_upgraded":10,"win_rate":0.0,"timestamp":1612119210,"path_taken":["R","M","M","M","$","?","T","?","?","R","M","R","E","?","M","BOSS","R","M","M","?","$","E","T","?","R","M","$","R","M","E","M","BOSS","R","?"],"items_purchased_type":[],"build_version":"2020-12-22","purchased_purges":3,"victory":false,"max_hp_per_floor":[77,77,77,77,77,77,77,77,77,77,77,77,77,77,77,77,77,77,77,77,77,74,74,74,74,74,74,74,74,74,74,74,74,74,74,74,74,74],"card_choices":[{"not_picked":["bronze:Frontload","bronze:Shell","bronze:BitShift"],"picked":"SKIP","floor":2.0},{"not_picked":["bronze:Branch","bronze:CutThrough"],"picked":"bronze:Constructor","floor":3.0},{"not_picked":["bronze:Invalidate","bronze:CutThrough"],"picked":"bronze:Separator","floor":4.0},{"not_picked":["bronze:Optimize","bronze:Repulsor","bronze:CutThrough"],"picked":"SKIP","floor":5.0},{"not_picked":["bronze:WhirlingStrike","bronze:Turbo","bronze:Invalidate"],"picked":"SKIP","floor":11.0},{"not_picked":["bronze:Shell","bronze:Separator","bronze:Turbo"],"picked":"SKIP","floor":13.0},{"not_picked":["bronze:CutThrough","bronze:ChildClass","bronze:FollowUp"],"picked":"SKIP","floor":14.0},{"not_picked":["bronze:ClassDefault","bronze:GetLatest","bronze:WildBeam"],"picked":"SKIP","floor":15.0},{"not_picked":["bronze:Verify","bronze:Library"],"picked":"bronze:Hardcode","floor":16.0},{"not_picked":["bronze:Shield","bronze:Return","bronze:BitShift"],"picked":"SKIP","floor":19.0},{"not_picked":["bronze:Invalidate","bronze:BitShift","bronze:OilSpill+1"],"picked":"SKIP","floor":22.0},{"not_picked":["bronze:Backtrace","bronze:Branch"],"picked":"bronze:Mutator","floor":23.0},{"not_picked":["bronze:DelayedSlice+1","bronze:Separator","bronze:ClassDefault+1"],"picked":"SKIP","floor":27.0},{"not_picked":["bronze:Fortify+1","bronze:Constructor"],"picked":"bronze:Branch","floor":28.0},{"not_picked":["bronze:CutThrough","bronze:Iterate","bronze:DelayedSlice"],"picked":"SKIP","floor":30.0},{"not_picked":["bronze:Repair","bronze:Shell+1","bronze:BronzeOrb"],"picked":"SKIP","floor":31.0},{"not_picked":["bronze:Invalidate","bronze:FollowUp"],"picked":"bronze:Hardcode","floor":32.0}],"player_experience":1561651,"relics_obtained":[{"floor":7.0,"key":"Replay:Arrowhead"},{"floor":8.0,"key":"ReplayTheSpireMod:Ring of Challenge"},{"floor":8.0,"key":"Ring of Hypnosis"},{"floor":9.0,"key":"StSpp:TwinEgg"},{"floor":13.0,"key":"Gambling Chip"},{"floor":21.0,"key":"Nilry\u0027s Codex"},{"floor":23.0,"key":"Pen Nib"},{"floor":24.0,"key":"Snack Pack"},{"floor":31.0,"key":"Replay:Rubber Ducky"}],"event_choices":[{"damage_healed":0.0,"max_hp_gain":0.0,"max_hp_loss":0.0,"gold_gain":0.0,"event_name":"Wheel of Change","player_choice":"Relic","floor":9.0,"gold_loss":0.0,"damage_taken":0.0}],"is_beta":false,"boss_relics":[{"not_picked":["hubris:VirtuousBlindfold","Painkiller Herb"],"picked":"Kintsugi"},{"not_picked":["Runic Pyramid","Fusion Hammer"],"picked":"hubris:Backtick"}],"items_purged_floors":[5,22,28],"is_endless":false,"potions_floor_spawned":[4,11,14,16,19,27,30,31],"killed_by":"3 Darklings","ascension_level":2}}