{"host":"n7gg140mhoutldtp","time":1612108662,"event":{"mods":["BaseMod","Card Filter","Colored Map","Downfall","Duelist Mod","Marisa????????","Minty Spire (QoL Compilation)","READ ME - Guardian Mod","StSLib","The Jungle","The Senshi"],"gold_per_floor":[110,260,260,280,291,291,325,325,325,21,38,38,54,54,54,129,129,140,140,140,154,174,202,202,86,112,128,28,28,42,67,67,142,142,156,156,172,225,239,274,274,308,308,343,343,371,90,109,109,109],"floor_reached":51,"language":"ENG","playtime":2465,"items_purged":["Strike_MRS","Strike_MRS","Strike_MRS"],"score":1530,"play_id":"8f0d2877-d1e2-4836-831e-e5ca2572378f","local_time":"20210131165742","is_ascension_mode":true,"campfire_choices":[{"data":"PowerUp","floor":6,"key":"SMITH"},{"data":"EarthLightRay","floor":8,"key":"SMITH"},{"floor":15,"key":"REST"},{"data":"OrrerysSun","floor":32,"key":"SMITH"},{"data":"FinalSpark","floor":41,"key":"SMITH"},{"data":"GalacticHalo","floor":49,"key":"SMITH"}],"circlet_count":0,"master_deck":["AscendersBane","Strike_MRS+1","Defend_MRS","Defend_MRS","Defend_MRS","MasterSpark","UpSweep","PowerUp+1","OrrerysSun+1","EarthLightRay+1","StarlightTyphoon","BlazeAway","MilkyWay","FinalSpark+1","GalacticHalo+1","GalacticHalo","OrrerysSun","MillisecondPulsars","GalacticHalo","GalacticHalo","TreasureHunter+1"],"relics":["MiniHakkero","NeowsBlessing","MealTicket","Ornamental Fan","SimpleLauncher","Happy Flower","Snecko Eye","CaptainsWheel","Toy Ornithopter","Enchiridion","Mango","Velvet Choker","Gambling Chip","Akabeko","Gremlin Horn","theSenshi:FeatherClipsRelic","Bag of Marbles","Regal Pillow","Whetstone","Lee\u0027s Waffle"],"acts_visited":["Exordium","TheCity","TheBeyond"],"potions_floor_usage":[22,23,33,40],"damage_taken":[{"damage":0,"enemies":"Small Slimes","floor":1,"turns":1},{"damage":0,"enemies":"Jaw Worm","floor":4,"turns":1},{"damage":0,"enemies":"2 Louse","floor":5,"turns":1},{"damage":30,"enemies":"Gremlin Nob","floor":7,"turns":4},{"damage":6,"enemies":"Large Slime","floor":11,"turns":5},{"damage":8,"enemies":"3 Louse","floor":13,"turns":2},{"damage":20,"enemies":"The Guardian","floor":16,"turns":11},{"damage":0,"enemies":"Spheric Guardian","floor":18,"turns":3},{"damage":0,"enemies":"Shell Parasite","floor":21,"turns":1},{"damage":8,"enemies":"Centurion and Healer","floor":22,"turns":4},{"damage":25,"enemies":"Slavers","floor":23,"turns":2},{"damage":12,"enemies":"Snake Plant","floor":27,"turns":3},{"damage":0,"enemies":"Snecko","floor":30,"turns":3},{"damage":1,"enemies":"theDuelist:KaibaA2","floor":31,"turns":3},{"damage":29,"enemies":"Collector","floor":33,"turns":7},{"damage":7,"enemies":"Orb Walker","floor":35,"turns":3},{"damage":0,"enemies":"3 Shapes","floor":37,"turns":2},{"damage":14,"enemies":"2 Orb Walkers","floor":38,"turns":3},{"damage":0,"enemies":"Spire Growth","floor":39,"turns":2},{"damage":0,"enemies":"Nemesis","floor":40,"turns":9},{"damage":1,"enemies":"Giant Head","floor":42,"turns":6},{"damage":4,"enemies":"Reptomancer","floor":44,"turns":5},{"damage":3,"enemies":"Nemesis","floor":46,"turns":5},{"damage":0,"enemies":"4 Shapes","floor":48,"turns":3},{"damage":2,"enemies":"Time Eater","floor":50,"turns":5}],"seed_played":"9120490433161482464","potions_obtained":[{"floor":4,"key":"PowerPotion"},{"floor":13,"key":"DistilledChaos"},{"floor":18,"key":"hexamod:SoulburnPotion"},{"floor":23,"key":"Fire Potion"},{"floor":27,"key":"champ:CounterPotion"},{"floor":33,"key":"BlessingOfTheForge"},{"floor":38,"key":"DistilledChaos"},{"floor":40,"key":"GamblersBrew"},{"floor":42,"key":"Weak Potion"},{"floor":44,"key":"Energy Potion"}],"is_trial":false,"path_per_floor":["M","?","?","M","M","R","E","R","T","$","M","?","M","?","R","B",null,"M","?","?","M","M","E","?","$","T","M","$","?","M","E","R","B",null,"M","?","M","?","M","E","R","E","T","E","?","E","$","M","R","B",null],"character_chosen":"MARISA","items_purchased":["SimpleLauncher","OrrerysSun","Lee\u0027s Waffle"],"campfire_rested":1,"item_purchase_floors":[10,25,47],"current_hp_per_floor":[63,63,56,56,56,56,30,30,30,45,45,50,48,22,44,30,64,70,70,70,70,68,49,85,85,85,73,85,64,64,83,83,65,91,84,84,84,76,76,87,87,92,92,94,94,99,106,106,106,106],"gold":109,"neow_bonus":"THREE_ENEMY_KILL","is_daily":false,"chose_seed":false,"campfire_upgraded":5,"win_rate":0.0,"timestamp":1612108662,"path_taken":["M","?","?","M","M","R","E","R","T","$","M","?","M","?","R","BOSS","M","?","?","M","M","E","?","$","T","?","$","?","M","E","R","BOSS","M","?","M","?","M","E","R","E","T","E","?","E","$","M","R","BOSS"],"items_purchased_type":["Relic","Card","Relic"],"build_version":"2020-12-22","purchased_purges":3,"victory":true,"max_hp_per_floor":[70,70,70,70,70,70,70,70,70,70,70,75,75,75,75,75,75,75,75,75,75,75,75,85,85,85,85,85,85,85,99,99,99,99,99,99,99,99,99,99,99,99,99,99,99,99,106,106,106,106],"card_choices":[{"not_picked":["SprinkleStarSeal","GalacticHalo"],"picked":"PowerUp","floor":1},{"not_picked":["LuminesStrike","StarlightTyphoon"],"picked":"OrrerysSun","floor":4},{"not_picked":["GravityBeat","StarlightTyphoon"],"picked":"EarthLightRay","floor":5},{"not_picked":["NonDirectionalLaser","StarBarrage"],"picked":"StarlightTyphoon","floor":7},{"not_picked":["NonDirectionalLaser","SporeBomb"],"picked":"BlazeAway","floor":11},{"not_picked":["6A","MachineGunSpark"],"picked":"MilkyWay","floor":13},{"not_picked":["CasketOfStar","BinaryStars"],"picked":"FinalSpark","floor":16},{"not_picked":["NonDirectionalLaser","PropBag"],"picked":"GalacticHalo","floor":18},{"not_picked":["MilkyWay","GravityBeat+1","NonDirectionalLaser"],"picked":"SKIP","floor":21},{"not_picked":["GrandCross+1","Acceleration","MysteriousBeam"],"picked":"SKIP","floor":22},{"not_picked":["GrandCross+1","Acceleration","MysteriousBeam"],"picked":"SKIP","floor":22},{"not_picked":["OneTimeOff","DC"],"picked":"JA","floor":23},{"not_picked":["MysteriousBeam","GrandCross","WitchOfGreed"],"picked":"SKIP","floor":27},{"not_picked":["UnstableBomb","FairyDestructionRay","WitchLeyline"],"picked":"SKIP","floor":30},{"not_picked":["AsteroidBelt+1","GravityBeat+1","StarBarrage"],"picked":"SKIP","floor":31},{"not_picked":["ManaRampage","BlazingStar"],"picked":"MillisecondPulsars","floor":33},{"not_picked":["DarkMatter","GrandCross+1","NonDirectionalLaser"],"picked":"SKIP","floor":35},{"not_picked":["GravityBeat","GasGiant"],"picked":"GalacticHalo","floor":37},{"not_picked":["ChargingUp+1","Singularity"],"picked":"GalacticHalo","floor":38},{"not_picked":["MilkyWay","DragonMeteor","SporeBomb+1"],"picked":"SKIP","floor":39},{"not_picked":["RefractionSpark","IllusionStar+1","BlazeAway"],"picked":"SKIP","floor":40},{"not_picked":["DarkMatter","SporeBomb"],"picked":"TreasureHunter","floor":42},{"not_picked":["OortCloud+1","MilkyWay","PulseMagic"],"picked":"SKIP","floor":44},{"not_picked":["MysteriousBeam","LuminesStrike","MagicChant"],"picked":"SKIP","floor":46},{"not_picked":["6A+1","WitchLeyline","WitchOfGreed"],"picked":"SKIP","floor":48}],"player_experience":1031219,"relics_obtained":[{"floor":7,"key":"MealTicket"},{"floor":9,"key":"Ornamental Fan"},{"floor":23,"key":"CaptainsWheel"},{"floor":26,"key":"Toy Ornithopter"},{"floor":29,"key":"Enchiridion"},{"floor":31,"key":"Mango"},{"floor":38,"key":"Gambling Chip"},{"floor":40,"key":"Akabeko"},{"floor":42,"key":"Gremlin Horn"},{"floor":43,"key":"theSenshi:FeatherClipsRelic"},{"floor":44,"key":"Bag of Marbles"},{"floor":44,"key":"Regal Pillow"},{"floor":46,"key":"Whetstone"}],"event_choices":[{"damage_healed":0,"gold_gain":150,"player_choice":"AGREE","damage_taken":0,"max_hp_gain":0,"max_hp_loss":0,"event_name":"Liars Game","floor":2,"gold_loss":0,"cards_obtained":["Doubt"]},{"cards_removed":["Doubt"],"damage_healed":0,"gold_gain":0,"player_choice":"Card Removal","damage_taken":7,"max_hp_gain":0,"max_hp_loss":0,"event_name":"Golden Wing","floor":3,"gold_loss":0},{"damage_healed":0,"gold_gain":0,"player_choice":"Donut","damage_taken":0,"max_hp_gain":5,"max_hp_loss":0,"event_name":"Big Fish","floor":12,"gold_loss":0},{"damage_healed":0,"gold_gain":0,"player_choice":"Success","damage_taken":26,"relics_obtained":["Happy Flower"],"max_hp_gain":0,"max_hp_loss":0,"event_name":"Scrap Ooze","floor":14,"gold_loss":0},{"damage_healed":0,"gold_gain":0,"player_choice":"Read","damage_taken":0,"max_hp_gain":0,"max_hp_loss":0,"event_name":"The Library","floor":20,"gold_loss":0,"cards_obtained":["GalacticHalo"]},{"cards_removed":["JA"],"damage_healed":26,"gold_gain":0,"player_choice":"Offered Rare","damage_taken":0,"max_hp_gain":10,"max_hp_loss":0,"event_name":"Bonfire Elementals","floor":24,"gold_loss":0},{"damage_healed":0,"gold_gain":0,"player_choice":"Obtained Book","damage_taken":21,"max_hp_gain":0,"max_hp_loss":0,"event_name":"Cursed Tome","floor":29,"gold_loss":0},{"cards_removed":["Defend_MRS"],"damage_healed":0,"gold_gain":0,"player_choice":"Removed Skill","damage_taken":0,"max_hp_gain":0,"max_hp_loss":0,"event_name":"Falling","floor":36,"gold_loss":0},{"damage_healed":0,"gold_gain":0,"player_choice":"Fight","damage_taken":0,"max_hp_gain":0,"max_hp_loss":0,"event_name":"Mysterious Sphere","floor":38,"gold_loss":0},{"damage_healed":0,"gold_gain":0,"player_choice":"Ignored","damage_taken":0,"max_hp_gain":0,"max_hp_loss":0,"event_name":"Tomb of Lord Red Mask","floor":45,"gold_loss":0}],"is_beta":false,"boss_relics":[{"not_picked":["Ectoplasm","SacredBark"],"picked":"Snecko Eye"},{"not_picked":["Fusion Hammer","Tiny House"],"picked":"Velvet Choker"}],"items_purged_floors":[25,28,47],"is_endless":false,"potions_floor_spawned":[4,13,18,23,27,33,38,40,42,44,46,48],"ascension_level":15}}