{"host":"vld99k9l4elccfy8","time":1612065313,"event":{"mods":["AchievementEnabler","BaseMod","Bestiary","Block Reminder","Colored Map","Colored Powertips","Custom Start","Highlight Path","Minty Spire (QoL Compilation)","Permanent Neow","Rare Cards Sparkle"],"gold_per_floor":[217,217,227,245,262,315,331,351,351,351,19,19,19,19,19,121,171,182,156,156,168,182,182,193,193,216,216,216,176,196,10,10,115,115,130,1129,1129,1129,1167,1167,1167],"floor_reached":40,"language":"ENG","playtime":7831,"items_purged":[],"score":428,"play_id":"ff5e9c5f-0cd9-4bf9-86aa-d8630c2650bb","local_time":"20210130205513","is_ascension_mode":false,"campfire_choices":[{"data":"Heavy Blade","floor":10.0,"key":"SMITH"},{"data":"Magnetism","floor":13.0,"key":"SMITH"},{"data":"Inflame","floor":15.0,"key":"SMITH"},{"floor":23.0,"key":"REST"},{"data":"Infernal Blade","floor":27.0,"key":"SMITH"},{"floor":32.0,"key":"REST"}],"circlet_count":0,"master_deck":["Strike_R","Strike_R","Strike_R","Strike_R+1","Strike_R","Defend_R","Defend_R","Defend_R","Defend_R","Bash+1","Anger","Heavy Blade+1","Flex","Inflame+1","Cleave","Perfected Strike","Magnetism+1","Impervious","Disarm","Intimidate+1","Clash","RitualDagger","Flex+1","Pommel Strike","Infernal Blade+1","Disarm","Berserk","Seeing Red","Seeing Red","Immolate","Armaments+1","Normality","Normality","Heavy Blade+1","Body Slam+1"],"relics":["Burning Blood","Boot","Eternal Feather","Dream Catcher","Tiny House","Nunchaku","HandDrill","Black Star"],"acts_visited":["TheCity","TheBeyond"],"potions_floor_usage":[33,40],"damage_taken":[{"damage":1.0,"enemies":"Cultist","floor":1.0,"turns":3.0},{"damage":6.0,"enemies":"2 Louse","floor":3.0,"turns":4.0},{"damage":0.0,"enemies":"Small Slimes","floor":4.0,"turns":2.0},{"damage":15.0,"enemies":"3 Louse","floor":5.0,"turns":4.0},{"damage":11.0,"enemies":"Lots of Slimes","floor":7.0,"turns":4.0},{"damage":11.0,"enemies":"2 Fungi Beasts","floor":8.0,"turns":3.0},{"damage":72.0,"enemies":"Hexaghost","floor":16.0,"turns":8.0},{"damage":8.0,"enemies":"Chosen","floor":18.0,"turns":6.0},{"damage":31.0,"enemies":"2 Thieves","floor":19.0,"turns":5.0},{"damage":24.0,"enemies":"Snake Plant","floor":21.0,"turns":5.0},{"damage":24.0,"enemies":"Centurion and Healer","floor":22.0,"turns":5.0},{"damage":26.0,"enemies":"Snecko","floor":24.0,"turns":5.0},{"damage":11.0,"enemies":"Cultist and Chosen","floor":30.0,"turns":5.0},{"damage":72,"enemies":"Automaton","floor":33,"turns":8},{"damage":29,"enemies":"3 Shapes","floor":35,"turns":6},{"damage":20,"enemies":"Orb Walker","floor":39,"turns":5},{"damage":67,"enemies":"Nemesis","floor":40,"turns":5}],"seed_played":"-5528605990008847217","potions_obtained":[{"floor":4.0,"key":"ElixirPotion"},{"floor":5.0,"key":"BloodPotion"},{"floor":7.0,"key":"PowerPotion"},{"floor":12.0,"key":"PowerPotion"},{"floor":17.0,"key":"Ancient Potion"},{"floor":22.0,"key":"Regen Potion"},{"floor":24.0,"key":"PowerPotion"},{"floor":39,"key":"FearPotion"}],"is_trial":false,"path_per_floor":["M","$","M","M","M","T","M","M","T","R","$","?","R","$","R","B",null,"M","M","?","M","M","R","M","$","T","R","?","?","M","$","R","B",null,"M","?","?","?","M","E"],"character_chosen":"IRONCLAD","items_purchased":["Dream Catcher","Magnetism","HandDrill","Seeing Red"],"campfire_rested":2,"item_purchase_floors":[11,11,31,31],"current_hp_per_floor":[80,80,80,80,71,71,66,61,61,70,70,70,79,79,80,14,85,83,58,52,34,16,53,50,50,50,65,65,65,60,60,85,19,85,62,62,62,62,48,0,0],"gold":1167,"neow_bonus":"HUNDRED_GOLD","is_daily":false,"chose_seed":false,"campfire_upgraded":4,"win_rate":0.0,"timestamp":1612065313,"path_taken":["M","$","M","M","M","?","M","?","T","R","$","?","R","?","R","BOSS","M","M","?","M","M","R","M","$","T","R","?","?","?","$","R","BOSS","M","?","?","?","?","E"],"items_purchased_type":["Relic","Card","Relic","Card"],"build_version":"2020-12-22","purchased_purges":0,"victory":false,"max_hp_per_floor":[80,80,80,80,80,80,80,80,80,80,80,80,80,80,80,80,85,85,85,85,85,85,85,85,85,85,85,85,85,85,85,85,85,85,85,85,85,85,85,85,85],"card_choices":[{"not_picked":["Thunderclap","Wild Strike"],"picked":"Anger","floor":1.0},{"not_picked":["Sword Boomerang","Shrug It Off"],"picked":"Heavy Blade","floor":3.0},{"not_picked":["Armaments","Iron Wave"],"picked":"Flex","floor":4.0},{"not_picked":["Body Slam","Sentinel"],"picked":"Inflame","floor":5.0},{"not_picked":["Headbutt","Sword Boomerang"],"picked":"Cleave","floor":7.0},{"not_picked":["Searing Blow","Evolve"],"picked":"Perfected Strike","floor":8.0},{"not_picked":["Feed","Brutality"],"picked":"Impervious","floor":16.0},{"not_picked":["Rupture","Pommel Strike"],"picked":"Disarm","floor":17.0},{"not_picked":["Warcry+1","Iron Wave"],"picked":"Intimidate+1","floor":18.0},{"not_picked":["Armaments","Flame Barrier"],"picked":"Clash","floor":19.0},{"not_picked":["Iron Wave","Clothesline"],"picked":"Flex+1","floor":21.0},{"not_picked":["True Grit","Sword Boomerang"],"picked":"Pommel Strike","floor":22.0},{"not_picked":["Shockwave","Headbutt"],"picked":"Infernal Blade","floor":23.0},{"not_picked":["True Grit","Whirlwind"],"picked":"Disarm","floor":24.0},{"not_picked":["Iron Wave","Havoc+1"],"picked":"Berserk","floor":30.0},{"not_picked":["Reckless Charge","Dropkick"],"picked":"Seeing Red","floor":32.0},{"not_picked":["Fiend Fire","Brutality"],"picked":"Immolate","floor":33},{"not_picked":["Perfected Strike+1","Ghostly Armor+1"],"picked":"Armaments+1","floor":35},{"not_picked":["Wild Strike+1","Shockwave"],"picked":"Body Slam+1","floor":39}],"player_experience":343391,"relics_obtained":[{"floor":6.0,"key":"Boot"},{"floor":9.0,"key":"Eternal Feather"},{"floor":26.0,"key":"Nunchaku"}],"event_choices":[{"damage_healed":0.0,"max_hp_gain":0.0,"max_hp_loss":0.0,"gold_gain":0.0,"event_name":"Lab","player_choice":"Got Potions","floor":12.0,"gold_loss":0.0,"damage_taken":0.0},{"damage_healed":0.0,"max_hp_gain":0.0,"max_hp_loss":0.0,"gold_gain":0.0,"event_name":"Nest","player_choice":"Joined the Cult","floor":20.0,"gold_loss":0.0,"damage_taken":6.0,"cards_obtained":["RitualDagger"]},{"damage_healed":0.0,"max_hp_gain":0.0,"max_hp_loss":0.0,"gold_gain":0.0,"event_name":"Ghosts","player_choice":"Ignored","floor":28.0,"gold_loss":0.0,"damage_taken":0.0},{"damage_healed":0.0,"max_hp_gain":0.0,"max_hp_loss":0.0,"gold_gain":0.0,"event_name":"Designer","player_choice":"Upgrade","floor":29.0,"gold_loss":40.0,"damage_taken":0.0,"cards_upgraded":["Bash"]},{"damage_healed":0,"gold_gain":999,"player_choice":"Gold","damage_taken":0,"max_hp_gain":0,"max_hp_loss":0,"event_name":"MindBloom","floor":36,"gold_loss":0,"cards_obtained":["Normality","Normality"]},{"damage_healed":0,"gold_gain":0,"player_choice":"Ignored","damage_taken":0,"max_hp_gain":0,"max_hp_loss":0,"event_name":"Mysterious Sphere","floor":37,"gold_loss":0},{"damage_healed":0,"gold_gain":0,"player_choice":"Copied","damage_taken":0,"max_hp_gain":0,"max_hp_loss":0,"event_name":"Duplicator","floor":38,"gold_loss":0,"cards_obtained":["Heavy Blade"]}],"is_beta":false,"boss_relics":[{"not_picked":["Runic Cube","Mark of Pain"],"picked":"Tiny House"},{"not_picked":["Sozu","Snecko Eye"],"picked":"Black Star"}],"items_purged_floors":[],"is_endless":false,"potions_floor_spawned":[4,5,7,22,24,30,39],"killed_by":"Nemesis","ascension_level":0}}