{"host":"c52z9ixzgdjttcmx","time":1612059262,"event":{"mods":["BaseMod","Colored Powertips","Downfall","Filter the Spire","Minty Spire (QoL Compilation)","Rare Cards Sparkle","Relic Stats","StSLib"],"gold_per_floor":[119,19,19,31,43,68,68,68,68],"floor_reached":8,"language":"ENG","playtime":334,"items_purged":[],"score":98,"play_id":"45f23ec3-5e84-41f9-bfeb-8160608f2cf2","local_time":"20210130201422","is_ascension_mode":true,"campfire_choices":[{"data":"Neutralize","floor":7,"key":"SMITH"}],"circlet_count":0,"master_deck":["AscendersBane","Strike_G","Strike_G","Strike_G","Strike_G","Defend_G","Defend_G","Defend_G","Defend_G","Defend_G","Survivor","Neutralize+1","Blade Dance","Dagger Throw","Backflip","Dagger Spray","PiercingWail","Quick Slash","Slice"],"relics":["Ring of the Snake","Paper Crane"],"acts_visited":["Exordium"],"potions_floor_usage":[6],"damage_taken":[{"damage":0,"enemies":"Small Slimes","floor":1,"turns":4},{"damage":0,"enemies":"Jaw Worm","floor":4,"turns":3},{"damage":1,"enemies":"Cultist","floor":5,"turns":3},{"damage":24,"enemies":"Lagavulin","floor":6,"turns":6},{"damage":16,"enemies":"3 Sentries","floor":8,"turns":5}],"seed_played":"-8207944528625590741","potions_obtained":[{"floor":4,"key":"hexamod:SoulburnPotion"},{"floor":5,"key":"BlessingOfTheForge"}],"is_trial":false,"path_per_floor":["M","$","?","M","M","E","R","E"],"character_chosen":"THE_SILENT","items_purchased":["Backflip","Dagger Spray"],"campfire_rested":0,"item_purchase_floors":[2,2],"current_hp_per_floor":[59,59,59,59,58,34,34,18,18],"gold":68,"neow_bonus":"TRANSFORM_CARD","is_daily":false,"chose_seed":false,"campfire_upgraded":1,"win_rate":0.0,"timestamp":1612059262,"path_taken":["M","$","?","M","M","E","R","E"],"items_purchased_type":["Card","Card"],"build_version":"2020-12-22","purchased_purges":0,"victory":false,"max_hp_per_floor":[66,66,66,66,66,66,66,66,66],"relic_stats":{"counters":[5,21],"obtain_stats":[{"Paper Crane":6,"Ring of the Snake":0},{"Paper Crane":4,"Ring of the Snake":0},{"Paper Crane":16,"Ring of the Snake":0}],"Ring of the Snake":[10]},"card_choices":[{"not_picked":["Outmaneuver","Catalyst"],"picked":"Dagger Throw","floor":1},{"not_picked":["Deadly Poison","Dagger Throw"],"picked":"PiercingWail","floor":4},{"not_picked":["Dodge and Roll","Outmaneuver"],"picked":"Quick Slash","floor":5},{"not_picked":["Concentrate","Endless Agony"],"picked":"Slice","floor":6}],"player_experience":3404771,"relics_obtained":[{"floor":6,"key":"Paper Crane"}],"event_choices":[{"damage_healed":0,"gold_gain":0,"player_choice":"Ignored","damage_taken":0,"max_hp_gain":0,"max_hp_loss":0,"event_name":"Golden Wing","floor":3,"gold_loss":0}],"is_beta":false,"boss_relics":[],"items_purged_floors":[],"is_endless":false,"potions_floor_spawned":[4,5],"killed_by":"3 Sentries","ascension_level":15}}