{"host":"344lv32hnei0mdhu","time":1612070607,"event":{"mods":["Act Like it!","BaseMod","Better Match","Better Sensory Stone","Better Skull","Better Third Choice","Better Vampires","Colored Powertips","Highlight Path","Minty Spire (QoL Compilation)","Quick Restart","Random Character Button","Rare Cards Sparkle","StSLib"],"gold_per_floor":[115,131,431,24,24,57,57,57,57,83,100,115,141,141,141,141,141],"floor_reached":16,"language":"ENG","playtime":615,"items_purged":[],"score":222,"play_id":"b228d5da-1824-462a-900f-b84921ba894a","local_time":"20210130232327","is_ascension_mode":true,"campfire_choices":[{"floor":7,"key":"REST"},{"floor":15,"key":"REST"}],"circlet_count":0,"master_deck":["AscendersBane","Strike_G","Strike_G","Strike_G","Strike_G+1","Strike_G","Defend_G","Defend_G+1","Defend_G","Defend_G","Defend_G","Survivor","Neutralize","Cloak And Dagger","Cloak And Dagger+1","Entrench","Finisher","Leg Sweep","Backflip","PiercingWail","Masterful Stab"],"relics":["Ring of the Snake","NeowsBlessing","Old Coin","Kunai","HandDrill","Happy Flower","TungstenRod","Vajra","Paper Crane","NlothsMask"],"acts_visited":["Exordium"],"potions_floor_usage":[10],"damage_taken":[{"damage":0,"enemies":"Jaw Worm","floor":1,"turns":1},{"damage":0,"enemies":"2 Louse","floor":2,"turns":1},{"damage":0,"enemies":"3 Sentries","floor":6,"turns":1},{"damage":19,"enemies":"Gremlin Nob","floor":10,"turns":4},{"damage":0,"enemies":"Cultist","floor":11,"turns":2},{"damage":0,"enemies":"2 Fungi Beasts","floor":12,"turns":3},{"damage":18,"enemies":"3 Sentries","floor":13,"turns":17},{"damage":53,"enemies":"Hexaghost","floor":16,"turns":16}],"seed_played":"1756128342883138797","potions_obtained":[{"floor":2,"key":"AttackPotion"},{"floor":6,"key":"BlessingOfTheForge"}],"is_trial":false,"path_per_floor":["M","M","?","$","?","E","R","?","T","E","M","M","E","?","R","B"],"character_chosen":"THE_SILENT","items_purchased":["Kunai","HandDrill"],"campfire_rested":2,"item_purchase_floors":[4,4],"current_hp_per_floor":[63,63,58,58,44,44,65,65,65,46,46,46,28,28,49,0,0],"gold":141,"neow_bonus":"THREE_ENEMY_KILL","is_daily":false,"chose_seed":false,"campfire_upgraded":0,"win_rate":0.0,"timestamp":1612070607,"path_taken":["M","M","?","$","?","E","R","?","T","E","?","M","E","?","R","BOSS"],"items_purchased_type":["Relic","Relic"],"build_version":"2020-12-22","purchased_purges":0,"victory":false,"max_hp_per_floor":[70,70,70,70,70,70,70,70,70,70,70,70,70,70,70,70,70],"card_choices":[{"not_picked":["Poisoned Stab","Acrobatics"],"picked":"Cloak And Dagger","floor":1},{"not_picked":["Bane","Tactician"],"picked":"Cloak And Dagger","floor":2},{"not_picked":["Die Die Die","Blur"],"picked":"Finisher","floor":6},{"not_picked":["Dagger Spray","Prepared"],"picked":"Leg Sweep","floor":10},{"not_picked":["Poisoned Stab","Acrobatics"],"picked":"Backflip","floor":11},{"not_picked":["Deflect","Dagger Spray"],"picked":"PiercingWail","floor":12},{"not_picked":["Skewer","Eviscerate"],"picked":"Masterful Stab","floor":13}],"player_experience":391382,"relics_obtained":[{"floor":6,"key":"Happy Flower"},{"floor":9,"key":"TungstenRod"},{"floor":10,"key":"Vajra"},{"floor":13,"key":"Paper Crane"}],"event_choices":[{"damage_healed":58,"gold_gain":0,"player_choice":"Upgrade","damage_taken":14,"max_hp_gain":0,"max_hp_loss":70,"event_name":"betterThird:BetterShining","floor":5,"gold_loss":0,"cards_upgraded":["Strike_G","Defend_G"]},{"damage_healed":0,"gold_gain":0,"player_choice":"Forge","damage_taken":0,"max_hp_gain":0,"max_hp_loss":0,"event_name":"Accursed Blacksmith","floor":8,"gold_loss":0,"cards_upgraded":["Cloak And Dagger"]},{"damage_healed":0,"gold_gain":0,"player_choice":"Trade","damage_taken":0,"relics_obtained":["NlothsMask"],"max_hp_gain":0,"max_hp_loss":0,"event_name":"FaceTrader","floor":14,"gold_loss":0}],"is_beta":false,"boss_relics":[],"items_purged_floors":[],"is_endless":false,"potions_floor_spawned":[2,6],"killed_by":"Hexaghost","ascension_level":11}}