{"host":"f0gpob8hq9vgebej","time":1612083861,"event":{"mods":["AchievementEnabler","BaseMod","Minty Spire (QoL Compilation)","Quick Restart","SuperFastMode"],"gold_per_floor":[217,142,142,159,176,201,201,212,212,212,222,8,24,50,50,129,129,141,41,55,55,55,55,55],"floor_reached":23,"language":"KOR","playtime":652,"items_purged":["Strike_R","Strike_R"],"score":352,"play_id":"2e44d5fa-fafc-4640-a676-fcf0c45f4c06","local_time":"20210131180421","is_ascension_mode":true,"campfire_choices":[{"data":"Bash","floor":7,"key":"SMITH"},{"data":"Dropkick","floor":10,"key":"SMITH"},{"data":"Shrug It Off","floor":15,"key":"SMITH"}],"circlet_count":0,"master_deck":["AscendersBane","Strike_R","Strike_R","Defend_R","Defend_R","Defend_R","Defend_R","Bash+1","Cleave","Dropkick+1","Hemokinesis","Pummel","Dropkick","Shrug It Off+1","Thunderclap","Feed","Dropkick","Fire Breathing"],"relics":["Burning Blood","Omamori","Boot","Lee\u0027s Waffle","HornCleat","SacredBark"],"acts_visited":["Exordium","TheCity"],"potions_floor_usage":[16,20],"damage_taken":[{"damage":1,"enemies":"Cultist","floor":1,"turns":3},{"damage":0,"enemies":"Small Slimes","floor":4,"turns":3},{"damage":0,"enemies":"2 Louse","floor":5,"turns":3},{"damage":56,"enemies":"3 Sentries","floor":6,"turns":10},{"damage":15,"enemies":"Large Slime","floor":8,"turns":5},{"damage":9,"enemies":"Red Slaver","floor":11,"turns":2},{"damage":7,"enemies":"Looter","floor":13,"turns":3},{"damage":18,"enemies":"Gremlin Nob","floor":14,"turns":3},{"damage":44,"enemies":"Hexaghost","floor":16,"turns":10},{"damage":8,"enemies":"3 Byrds","floor":18,"turns":5},{"damage":54,"enemies":"Spheric Guardian","floor":20,"turns":8},{"damage":66,"enemies":"Book of Stabbing","floor":23,"turns":6}],"seed_played":"-5364210254601394990","potions_obtained":[{"floor":6,"key":"ElixirPotion"},{"floor":8,"key":"Dexterity Potion"},{"floor":11,"key":"BloodPotion"},{"floor":13,"key":"Strength Potion"}],"is_trial":false,"path_per_floor":["M","$","?","M","M","E","R","M","T","R","M","$","M","E","R","B",null,"M","$","M","?","?","E"],"character_chosen":"IRONCLAD","items_purchased":["Dropkick","Lee\u0027s Waffle"],"campfire_rested":0,"item_purchase_floors":[12,12],"current_hp_per_floor":[73,73,78,80,80,30,30,21,21,21,18,87,86,74,74,36,74,75,75,66,66,66,0,0],"gold":55,"neow_bonus":"HUNDRED_GOLD","is_daily":false,"chose_seed":false,"campfire_upgraded":3,"win_rate":0.0,"timestamp":1612083861,"path_taken":["M","$","?","M","M","E","R","M","T","R","M","$","M","E","R","BOSS","M","$","M","?","?","E"],"items_purchased_type":["Card","Relic"],"build_version":"2020-12-22","purchased_purges":2,"victory":false,"max_hp_per_floor":[75,75,80,80,80,80,80,80,80,80,80,87,87,87,87,87,87,90,90,93,93,93,93,93],"card_choices":[{"not_picked":["Thunderclap","Havoc"],"picked":"Cleave","floor":1},{"not_picked":["Flex","Clothesline"],"picked":"Dropkick","floor":4},{"not_picked":["Sever Soul","Wild Strike"],"picked":"Hemokinesis","floor":5},{"not_picked":["Dark Embrace","Intimidate"],"picked":"Pummel","floor":6},{"not_picked":["Havoc","Clothesline","Brutality"],"picked":"SKIP","floor":8},{"not_picked":["Flex","Twin Strike","True Grit"],"picked":"SKIP","floor":11},{"not_picked":["Headbutt","Twin Strike"],"picked":"Shrug It Off","floor":13},{"not_picked":["Sentinel","Armaments"],"picked":"Thunderclap","floor":14},{"not_picked":["Immolate","Demon Form"],"picked":"Feed","floor":16},{"not_picked":["Armaments","Reckless Charge"],"picked":"Dropkick","floor":18},{"not_picked":["Pummel","True Grit"],"picked":"Fire Breathing","floor":20}],"player_experience":309685,"relics_obtained":[{"floor":6,"key":"Omamori"},{"floor":9,"key":"Boot"},{"floor":14,"key":"HornCleat"}],"event_choices":[{"damage_healed":0,"gold_gain":0,"player_choice":"Donut","damage_taken":0,"max_hp_gain":5,"max_hp_loss":0,"event_name":"Big Fish","floor":3,"gold_loss":0},{"cards_removed":["Strike_R"],"damage_healed":0,"gold_gain":0,"player_choice":"Elegance","damage_taken":0,"max_hp_gain":0,"max_hp_loss":0,"event_name":"Back to Basics","floor":22,"gold_loss":0}],"is_beta":false,"boss_relics":[{"not_picked":["Cursed Key","Coffee Dripper"],"picked":"SacredBark"}],"items_purged_floors":[2,19],"is_endless":false,"potions_floor_spawned":[6,8,11,13],"killed_by":"Book of Stabbing","ascension_level":15}}