{"host":"yecadp3kwkksam5a","time":1612079650,"event":{"mods":["100% Spire Juice","Arknights","BaseMod","Minty Spire (QoL Compilation)","StSLib","SuperFastMode","The Cursed","WarShipGirlsR/??á´Ò³R mod"],"gold_per_floor":[117,117,42,42,60,60,60],"floor_reached":6,"language":"KOR","playtime":109,"items_purged":["Quick Slash"],"score":68,"play_id":"0029c5bc-4f30-400f-aa3e-601e58bd67f0","local_time":"20210131165410","daily_mods":["Draft","Flight"],"is_ascension_mode":true,"campfire_choices":[],"circlet_count":0,"master_deck":["AscendersBane","Endless Agony","Blade Dance","Accuracy","Blade Dance","Catalyst","Escape Plan","Acrobatics","Well Laid Plans","PiercingWail","Cloak And Dagger","PiercingWail","PiercingWail","Accuracy","Backflip","Calculated Gamble+1","Prepared"],"relics":["Ring of the Snake"],"acts_visited":["Exordium"],"potions_floor_usage":[],"damage_taken":[{"damage":0,"enemies":"Jaw Worm","floor":1,"turns":2},{"damage":2,"enemies":"2 Louse","floor":5,"turns":2},{"damage":0,"enemies":"Gremlin Nob","floor":6,"turns":1}],"seed_played":"9103361482190574507","potions_obtained":[{"floor":5,"key":"Energy Potion"}],"is_trial":true,"path_per_floor":["M","?","$","?","M","E"],"character_chosen":"THE_SILENT","items_purchased":[],"campfire_rested":0,"item_purchase_floors":[],"current_hp_per_floor":[59,59,59,59,57,57,57],"gold":60,"neow_bonus":"","is_daily":false,"chose_seed":false,"campfire_upgraded":0,"win_rate":0.0,"timestamp":1612079650,"path_taken":["M","?","$","?","?","E"],"items_purchased_type":[],"build_version":"2020-12-22","purchased_purges":1,"victory":false,"max_hp_per_floor":[66,66,66,66,66,66,66],"card_choices":[{"not_picked":["Quick Slash","Bane"],"picked":"Endless Agony","floor":0},{"not_picked":["Quick Slash","Underhanded Strike"],"picked":"Blade Dance","floor":0},{"not_picked":["Heel Hook","PiercingWail"],"picked":"Accuracy","floor":0},{"not_picked":["Flying Knee","Escape Plan"],"picked":"Blade Dance","floor":0},{"not_picked":["Underhanded Strike","Eviscerate"],"picked":"Catalyst","floor":0},{"not_picked":["Bouncing Flask","Endless Agony"],"picked":"Escape Plan","floor":0},{"not_picked":["Slice","Sucker Punch"],"picked":"Acrobatics","floor":0},{"not_picked":["Dagger Spray","Skewer"],"picked":"Well Laid Plans","floor":0},{"not_picked":["Bouncing Flask","Deadly Poison"],"picked":"PiercingWail","floor":0},{"not_picked":["Blade Dance","Bane"],"picked":"Cloak And Dagger","floor":0},{"not_picked":["Deadly Poison","Cloak And Dagger"],"picked":"PiercingWail","floor":0},{"not_picked":["Catalyst","Cloak And Dagger"],"picked":"PiercingWail","floor":0},{"not_picked":["Outmaneuver","Poisoned Stab"],"picked":"Quick Slash","floor":0},{"not_picked":["Deadly Poison","Well Laid Plans"],"picked":"Accuracy","floor":0},{"not_picked":["Deadly Poison","Poisoned Stab"],"picked":"Backflip","floor":0},{"not_picked":["Masterful Stab","Eviscerate"],"picked":"Calculated Gamble","floor":1},{"not_picked":["Poisoned Stab","Backflip"],"picked":"Prepared","floor":5}],"player_experience":575097,"relics_obtained":[],"event_choices":[{"damage_healed":0,"gold_gain":0,"player_choice":"Ignored","damage_taken":0,"max_hp_gain":0,"max_hp_loss":0,"event_name":"Liars Game","floor":2,"gold_loss":0},{"damage_healed":0,"gold_gain":0,"player_choice":"Forge","damage_taken":0,"max_hp_gain":0,"max_hp_loss":0,"event_name":"Accursed Blacksmith","floor":4,"gold_loss":0,"cards_upgraded":["Calculated Gamble"]}],"is_beta":false,"boss_relics":[],"items_purged_floors":[3],"is_endless":false,"potions_floor_spawned":[5],"killed_by":"Gremlin Nob","ascension_level":20}}