{"host":"d2y4rmbezebiv8aj","time":1612060014,"event":{"mods":["AchievementEnabler","BaseMod","Bestiary","BetterRewards","Colored Map","Colored Powertips","Custom Start","Highlight Path","Minty Spire (QoL Compilation)","Quick Restart","Rare Cards Sparkle","Relic Sorter","Relic Stats","Shop Mod","Slay-I","StSLib","SuperFastMode"],"gold_per_floor":[119,194,194,194,194,220,220,255,255,255,255],"floor_reached":10,"language":"DEU","playtime":221,"items_purged":[],"score":108,"play_id":"45869ff5-0fe8-44f7-935e-273dbb308b7c","local_time":"20210131032654","is_ascension_mode":true,"campfire_choices":[{"floor":7,"key":"REST"}],"circlet_count":0,"master_deck":["AscendersBane","Strike_G","Strike_G","Strike_G","Strike_G","Strike_G","Defend_G","Defend_G","Defend_G","Defend_G","Defend_G","Survivor","Neutralize","Infinite Blades","Blade Dance","Poisoned Stab","Sucker Punch","Regret","Sucker Punch","PiercingWail"],"relics":["Ring of the Snake","Juzu Bracelet","Pear","PreservedInsect","StoneCalendar","Bronze Scales"],"acts_visited":["Exordium"],"potions_floor_usage":[6],"damage_taken":[{"damage":0,"enemies":"Jaw Worm","floor":1,"turns":4},{"damage":41,"enemies":"3 Sentries","floor":6,"turns":11},{"damage":20,"enemies":"Lagavulin","floor":8,"turns":7},{"damage":20,"enemies":"3 Sentries","floor":10,"turns":2}],"seed_played":"4338415273184745405","potions_obtained":[{"floor":1,"key":"EssenceOfSteel"}],"is_trial":false,"path_per_floor":["M","?","?","?","?","E","R","E","T","E"],"character_chosen":"THE_SILENT","items_purchased":["Infinite Blades","Blade Dance","Poisoned Stab"],"campfire_rested":1,"item_purchase_floors":[0,0,0],"current_hp_per_floor":[55,44,44,44,51,10,34,14,14,0,0],"gold":255,"neow_bonus":"","is_daily":false,"chose_seed":false,"campfire_upgraded":0,"win_rate":0.0,"timestamp":1612060014,"path_taken":["M","?","?","?","?","E","R","E","T","E"],"items_purchased_type":["Card","Card","Card"],"build_version":"2020-12-22","purchased_purges":0,"victory":false,"max_hp_per_floor":[70,70,70,70,80,80,80,80,80,80,80],"relic_stats":{"counters":[32,156],"Bronze Scales":[6],"StoneCalendar":[0],"PreservedInsect":60,"Juzu Bracelet":1,"obtain_stats":[{"Potion Belt":6,"Regal Pillow":9,"Pear":5,"NeowsBlessing":0,"Happy Flower":9,"Torii":9,"Golden Idol":12,"Blue Candle":7,"StoneCalendar":8,"PreservedInsect":6,"Juzu Bracelet":19,"War Paint":8,"SlaversCollar":17,"Sundial":13,"Pantograph":3,"Bronze Scales":9,"CultistMask":8,"Ring of the Snake":0,"Pocketwatch":11},{"Potion Belt":5,"Regal Pillow":13,"Pear":29,"NeowsBlessing":0,"Happy Flower":6,"Torii":22,"Golden Idol":8,"Blue Candle":13,"StoneCalendar":31,"PreservedInsect":30,"Juzu Bracelet":27,"War Paint":6,"SlaversCollar":26,"Sundial":8,"Pantograph":10,"Bronze Scales":31,"CultistMask":13,"Ring of the Snake":0,"Pocketwatch":24},{"Potion Belt":9,"Regal Pillow":50,"Pear":136,"NeowsBlessing":0,"Happy Flower":14,"Torii":94,"Golden Idol":21,"Blue Candle":50,"StoneCalendar":154,"PreservedInsect":147,"Juzu Bracelet":127,"War Paint":14,"SlaversCollar":121,"Sundial":21,"Pantograph":34,"Bronze Scales":154,"CultistMask":50,"Ring of the Snake":0,"Pocketwatch":105}],"Ring of the Snake":[64]},"card_choices":[{"not_picked":["Bane","Calculated Gamble"],"picked":"Sucker Punch","floor":1},{"not_picked":["Outmaneuver","Slice"],"picked":"Sucker Punch","floor":6},{"not_picked":["Backflip","Bouncing Flask"],"picked":"PiercingWail","floor":8}],"player_experience":391205,"relics_obtained":[{"floor":6,"key":"PreservedInsect"},{"floor":8,"key":"StoneCalendar"},{"floor":9,"key":"Bronze Scales"}],"event_choices":[{"damage_healed":0,"gold_gain":75,"player_choice":"Gather Gold","damage_taken":11,"max_hp_gain":0,"max_hp_loss":0,"event_name":"World of Goop","floor":2,"gold_loss":0},{"damage_healed":0,"gold_gain":0,"player_choice":"Box","damage_taken":0,"relics_obtained":["Juzu Bracelet"],"max_hp_gain":0,"max_hp_loss":0,"event_name":"Big Fish","floor":3,"gold_loss":0,"cards_obtained":["Regret"]},{"damage_healed":0,"gold_gain":0,"player_choice":"Bought 0 Potions","damage_taken":0,"max_hp_gain":0,"max_hp_loss":0,"event_name":"The Woman in Blue","floor":4,"gold_loss":0},{"damage_healed":0,"gold_gain":0,"player_choice":"Success","damage_taken":3,"relics_obtained":["Pear"],"max_hp_gain":0,"max_hp_loss":0,"event_name":"Scrap Ooze","floor":5,"gold_loss":0}],"is_beta":false,"boss_relics":[],"items_purged_floors":[],"is_endless":false,"potions_floor_spawned":[1],"killed_by":"3 Sentries","ascension_level":10}}