{"host":"q6r63elxu27obe7v","time":1612080826,"event":{"mods":["2.2 Compatiblity","AchievementEnabler","BaseMod","CapriCore","DeckTracker","Keyboard Shortcuts","Minty Spire (QoL Compilation)","Permanent Neow","Quick Restart","StSLib","SuperFastMode","¡¼?Úª?ø«¡½REMEMod"],"gold_per_floor":[117,134,148,148,168,168,168],"floor_reached":6,"language":"KOR","playtime":416,"items_purged":[],"score":38,"play_id":"0b57a7da-7ab2-44b3-b905-4ae75fe5357d","local_time":"20210131171346","is_ascension_mode":false,"campfire_choices":[],"circlet_count":0,"master_deck":["Strike_P","Strike_P","Strike_P","Strike_P","Defend_P","Defend_P","Defend_P+1","Defend_P+1","Eruption","Vigilance","BootSequence","Worship","JustLucky","Swivel"],"relics":["PureWater","REME_ComplimentaryCards","Ice Cream"],"acts_visited":["Exordium"],"potions_floor_usage":[5],"damage_taken":[{"damage":0,"enemies":"2 Louse","floor":1,"turns":2},{"damage":0,"enemies":"Jaw Worm","floor":2,"turns":3},{"damage":0,"enemies":"Cultist","floor":3,"turns":5},{"damage":6,"enemies":"Gremlin Gang","floor":5,"turns":5},{"damage":57,"enemies":"Lagavulin","floor":6,"turns":16}],"seed_played":"8448232705194337332","potions_obtained":[{"floor":2,"key":"Explosive Potion"},{"floor":5,"key":"CultistPotion"}],"is_trial":false,"path_per_floor":["M","M","M","?","M","E"],"character_chosen":"WATCHER","items_purchased":[],"campfire_rested":0,"item_purchase_floors":[],"current_hp_per_floor":[65,65,65,52,46,0,0],"gold":168,"neow_bonus":"ONE_RARE_RELIC","is_daily":false,"chose_seed":false,"campfire_upgraded":0,"win_rate":0.0,"timestamp":1612080826,"path_taken":["M","M","M","?","M","E"],"items_purchased_type":[],"build_version":"2020-12-22","purchased_purges":0,"victory":false,"max_hp_per_floor":[65,65,65,65,65,65,65],"card_choices":[{"not_picked":["CrushJoints","Crescendo"],"picked":"Worship","floor":1},{"not_picked":["LikeWater","EmptyFist"],"picked":"JustLucky","floor":2},{"not_picked":["Wallop","CutThroughFate","Perseverance"],"picked":"SKIP","floor":3},{"not_picked":["Protect","Crescendo"],"picked":"Swivel","floor":5}],"player_experience":69113,"relics_obtained":[],"event_choices":[{"damage_healed":0,"gold_gain":0,"player_choice":"Entered Light","damage_taken":13,"max_hp_gain":0,"max_hp_loss":0,"event_name":"Shining Light","floor":4,"gold_loss":0,"cards_upgraded":["Defend_P","Defend_P"]}],"is_beta":false,"boss_relics":[],"items_purged_floors":[],"is_endless":false,"potions_floor_spawned":[2,5],"killed_by":"Lagavulin","ascension_level":0}}