{"host":"g907ck67u7c3hrs6","time":1612051981,"event":{"mods":["BaseMod","Colored Map","DeckTracker","Highlight Path","Keyboard Shortcuts","Minty Spire (QoL Compilation)","Permanent Neow","Say the Spire","SuperFastMode"],"gold_per_floor":[114,114,114,129,129,144,174,174,249,279,279,294,309,98,98,98,98],"floor_reached":16,"language":"KOR","playtime":533,"items_purged":["Strike_R"],"score":110,"play_id":"331c54b1-0dda-49a8-b4a4-ca24c7d98be8","local_time":"20210131091301","daily_mods":["Allstar","Diverse","Elite Swarm"],"is_ascension_mode":false,"campfire_choices":[{"data":"Fiend Fire","floor":8,"key":"SMITH"},{"data":"ConjureBlade","floor":11,"key":"SMITH"},{"data":"Bash","floor":15,"key":"SMITH"}],"circlet_count":0,"master_deck":["Strike_R","Strike_R+1","Strike_R","Strike_R","Defend_R","Defend_R","Defend_R","Defend_R","Bash+1","Discovery+1","Blind","Transmutation+1","Impatience","Panacea","Conserve Battery","Pummel","ReachHeaven","Fiend Fire+1","ConjureBlade+1","Echo Form"],"relics":["Burning Blood","Incense Burner","Self Forming Clay","Paper Frog","Bronze Scales"],"acts_visited":["Exordium"],"potions_floor_usage":[16],"damage_taken":[{"damage":0.0,"enemies":"Small Slimes","floor":1.0,"turns":3.0},{"damage":6.0,"enemies":"Jaw Worm","floor":4.0,"turns":3.0},{"damage":0.0,"enemies":"Cultist","floor":6.0,"turns":4.0},{"damage":6,"enemies":"Lagavulin","floor":7,"turns":6},{"damage":35,"enemies":"3 Sentries","floor":10,"turns":9},{"damage":5,"enemies":"Lots of Slimes","floor":12,"turns":4},{"damage":16,"enemies":"3 Louse","floor":13,"turns":3},{"damage":12,"enemies":"Slime Boss","floor":16,"turns":9}],"seed_played":"7510361231737359051","potions_obtained":[{"floor":4.0,"key":"BloodPotion"},{"floor":7,"key":"Dexterity Potion"}],"is_trial":false,"path_per_floor":["M","?","?","M","?","M","E","R","T","E","R","M","M","$","R","B"],"character_chosen":"IRONCLAD","items_purchased":["Echo Form"],"campfire_rested":0,"item_purchase_floors":[14],"current_hp_per_floor":[80,62,46,46,46,52,52,52,52,23,23,24,14,14,14,18,18],"gold":98,"neow_bonus":"","is_daily":true,"chose_seed":false,"campfire_upgraded":3,"win_rate":0.0,"timestamp":1612051981,"path_taken":["M","?","?","M","?","?","E","R","T","E","R","M","?","$","R","BOSS"],"items_purchased_type":["Card"],"build_version":"2020-12-22","purchased_purges":1,"victory":false,"max_hp_per_floor":[80,80,80,80,80,80,80,80,80,80,80,80,80,80,80,80,80],"card_choices":[{"not_picked":["Prostrate","Prepared"],"picked":"Conserve Battery","floor":1.0},{"not_picked":["Skewer","CutThroughFate"],"picked":"Pummel","floor":4.0},{"not_picked":["Conserve Battery","FollowUp"],"picked":"ReachHeaven","floor":6.0},{"not_picked":["Envenom","Grand Finale"],"picked":"Fiend Fire","floor":7},{"not_picked":["Establishment","Storm of Steel"],"picked":"ConjureBlade","floor":10},{"not_picked":["Defragment","Warcry","Streamline"],"picked":"SKIP","floor":12},{"not_picked":["ClearTheMind","Flex","Cloak And Dagger"],"picked":"SKIP","floor":13}],"player_experience":249193,"relics_obtained":[{"floor":7,"key":"Self Forming Clay"},{"floor":9,"key":"Paper Frog"},{"floor":10,"key":"Bronze Scales"}],"event_choices":[{"damage_healed":0.0,"max_hp_gain":0.0,"max_hp_loss":0.0,"gold_gain":0.0,"event_name":"Scrap Ooze","player_choice":"Success","floor":2.0,"gold_loss":0.0,"damage_taken":18.0,"relics_obtained":["Incense Burner"]},{"damage_healed":0.0,"max_hp_gain":0.0,"max_hp_loss":0.0,"gold_gain":0.0,"event_name":"Shining Light","player_choice":"Entered Light","floor":3.0,"gold_loss":0.0,"damage_taken":16.0,"cards_upgraded":["Transmutation","Strike_R"]},{"damage_healed":0.0,"max_hp_gain":0.0,"max_hp_loss":0.0,"gold_gain":0.0,"event_name":"Accursed Blacksmith","player_choice":"Forge","floor":5.0,"gold_loss":0.0,"damage_taken":0.0,"cards_upgraded":["Discovery"]}],"is_beta":false,"boss_relics":[],"items_purged_floors":[14],"is_endless":false,"potions_floor_spawned":[4,7],"killed_by":"Slime Boss","ascension_level":0}}