{"host":"6r3ioyv75hs1gp74","time":1612108495,"event":{"mods":["AchievementEnabler","Act Like it!","BaseMod","Better Sensory Stone","Better Third Choice","Block Reminder","Colored Map","Colored Powertips","Curses Come First","Minty Spire (QoL Compilation)","StSLib"],"gold_per_floor":[368,388,403,0,13,13,28,28,28,53,72,72,72,105,105,206,206,219,231,231,231,249,283,283,302,348,380,431,446,480,195,195,295,295,312,132,144,144,19,19,47,47,47,62,97,197,197,210,210,210,210,210,60,92,92],"floor_reached":56,"language":"ENG","playtime":5060,"items_purged":["Reckless Charge","Anger","Strike_R","Strike_R"],"score":1425,"play_id":"c1e5b8a1-d54a-49ac-a700-0f8152e03877","local_time":"20210131155455","is_ascension_mode":true,"campfire_choices":[{"data":"Whirlwind","floor":6,"key":"SMITH"},{"data":"True Grit","floor":12,"key":"SMITH"},{"data":"Bash","floor":15,"key":"SMITH"},{"data":"Demon Form","floor":24,"key":"SMITH"},{"data":"Clothesline","floor":32,"key":"SMITH"},{"data":"Power Through","floor":40,"key":"SMITH"},{"floor":42,"key":"RECALL"},{"data":"Fiend Fire","floor":47,"key":"SMITH"},{"data":"Hemokinesis","floor":49,"key":"SMITH"},{"data":"Blood for Blood","floor":52,"key":"SMITH"}],"circlet_count":0,"master_deck":["Strike_R","Strike_R","Defend_R","Defend_R","Defend_R","Defend_R","Bash+1","Clothesline+1","Whirlwind+1","True Grit+1","Hemokinesis+1","Power Through+1","Demon Form+1","Corruption","Blood for Blood+1","Sentinel+1","Mayhem","Shrug It Off+1","Havoc+1","Fiend Fire+1","Shrug It Off+1","Sentinel+1","Shrug It Off+1","Barricade","Dark Embrace","Burning Pact+1","Uppercut+1","Burning Pact+1","Armaments+1","Entrench+1","Flex+1","Flex+1"],"relics":["Burning Blood","Chemical X","Centennial Puzzle","Orichalcum","Omamori","Toxic Egg 2","Snecko Eye","Bag of Marbles","Lantern","Art of War","Gremlin Horn","Bag of Preparation","SlaversCollar","Red Skull","Nunchaku","Darkstone Periapt","White Beast Statue","Pen Nib"],"acts_visited":["Exordium","TheCity","TheBeyond","TheEnding"],"potions_floor_usage":[23,54,55,55,55],"damage_taken":[{"damage":1,"enemies":"Cultist","floor":1,"turns":4},{"damage":4,"enemies":"2 Louse","floor":2,"turns":3},{"damage":2,"enemies":"Jaw Worm","floor":3,"turns":3},{"damage":9,"enemies":"Blue Slaver","floor":5,"turns":2},{"damage":0,"enemies":"2 Fungi Beasts","floor":7,"turns":1},{"damage":14,"enemies":"3 Sentries","floor":10,"turns":4},{"damage":2,"enemies":"Exordium Thugs","floor":11,"turns":1},{"damage":14,"enemies":"Lagavulin","floor":14,"turns":4},{"damage":10,"enemies":"Slime Boss","floor":16,"turns":7},{"damage":4,"enemies":"Chosen","floor":18,"turns":2},{"damage":17,"enemies":"2 Thieves","floor":19,"turns":2},{"damage":6,"enemies":"Chosen and Byrds","floor":22,"turns":4},{"damage":15,"enemies":"Slavers","floor":23,"turns":4},{"damage":8,"enemies":"Shelled Parasite and Fungi","floor":25,"turns":3},{"damage":18,"enemies":"Gremlin Leader","floor":27,"turns":4},{"damage":8,"enemies":"Centurion and Healer","floor":29,"turns":3},{"damage":11,"enemies":"Book of Stabbing","floor":30,"turns":5},{"damage":32,"enemies":"Champ","floor":33,"turns":10},{"damage":2,"enemies":"3 Shapes","floor":35,"turns":3},{"damage":0,"enemies":"Orb Walker","floor":37,"turns":1},{"damage":7,"enemies":"Nemesis","floor":41,"turns":3},{"damage":2,"enemies":"Spire Growth","floor":44,"turns":3},{"damage":3,"enemies":"Giant Head","floor":45,"turns":2},{"damage":0,"enemies":"Maw","floor":48,"turns":5},{"damage":14,"enemies":"Donu and Deca","floor":50,"turns":3},{"damage":0,"enemies":"Shield and Spear","floor":54,"turns":1},{"damage":33,"enemies":"The Heart","floor":55,"turns":6}],"seed_played":"670594021264138749","potions_obtained":[{"floor":1,"key":"SneckoOil"},{"floor":3,"key":"Block Potion"},{"floor":10,"key":"DistilledChaos"},{"floor":16,"key":"PowerPotion"},{"floor":23,"key":"DuplicationPotion"},{"floor":25,"key":"EntropicBrew"},{"floor":54,"key":"BloodPotion"}],"is_trial":false,"path_per_floor":["M","M","M","$","M","R","M","?","T","E","M","R","?","E","R","B",null,"M","M","?","?","M","E","R","M","T","E","T","M","E","$","R","B",null,"M","$","M","?","$","R","E","R","T","M","E","?","R","M","R","B",null,"R","$","E","B",null],"character_chosen":"IRONCLAD","items_purchased":["Chemical X","Whirlwind","Centennial Puzzle","True Grit","Bag of Preparation","Shrug It Off+1","Burning Pact+1"],"campfire_rested":0,"item_purchase_floors":[4,4,4,4,31,31,36],"current_hp_per_floor":[61,63,67,67,64,64,70,63,63,55,59,59,59,51,51,47,80,80,69,69,69,69,60,60,58,58,46,46,44,39,39,39,13,80,80,80,80,80,80,80,79,79,79,80,80,80,80,80,80,72,80,80,80,80,69],"gold":92,"neow_bonus":"TWO_FIFTY_GOLD","is_daily":false,"chose_seed":false,"campfire_upgraded":9,"win_rate":0.0,"timestamp":1612108495,"path_taken":["M","M","M","$","?","R","M","?","T","E","M","R","?","E","R","BOSS","M","M","?","?","M","E","R","M","T","E","?","M","E","$","R","BOSS","M","$","M","?","?","R","E","R","T","M","E","?","R","M","R","BOSS","R","$","E","BOSS"],"items_purchased_type":["Relic","Card","Relic","Card","Relic","Card","Card"],"build_version":"2020-12-22","purchased_purges":4,"victory":true,"max_hp_per_floor":[80,80,80,80,80,80,80,80,80,80,80,80,80,80,80,80,80,80,80,80,80,80,80,80,80,80,80,80,80,80,80,80,80,80,80,80,80,80,80,80,80,80,80,80,80,80,80,80,80,80,80,80,80,80,80],"card_choices":[{"not_picked":["Burning Pact","Entrench"],"picked":"Reckless Charge","floor":1},{"not_picked":["Intimidate","Rage"],"picked":"Anger","floor":2},{"not_picked":["Clash","Rupture"],"picked":"Clothesline","floor":3},{"not_picked":["Iron Wave","Pummel","Dual Wield"],"picked":"SKIP","floor":5},{"not_picked":["Clothesline","Twin Strike"],"picked":"Hemokinesis","floor":7},{"not_picked":["Wild Strike","Brutality"],"picked":"Power Through","floor":10},{"not_picked":["Cleave","Sever Soul","Body Slam"],"picked":"SKIP","floor":11},{"not_picked":["True Grit+1","Perfected Strike"],"picked":"Demon Form","floor":14},{"not_picked":["Double Tap+1","Exhume+1"],"picked":"Corruption","floor":16},{"not_picked":["Flex+1","Warcry+1"],"picked":"Blood for Blood","floor":18},{"not_picked":["Flex+1","Perfected Strike"],"picked":"Sentinel+1","floor":19},{"not_picked":["Swift Strike","Bandage Up+1"],"picked":"Mayhem","floor":21},{"not_picked":["Cleave","Iron Wave"],"picked":"Shrug It Off+1","floor":22},{"not_picked":["Anger","Twin Strike"],"picked":"Havoc+1","floor":23},{"not_picked":["Twin Strike","Iron Wave","Ghostly Armor+1"],"picked":"SKIP","floor":25},{"not_picked":["Metallicize","Battle Trance+1"],"picked":"Fiend Fire","floor":27},{"not_picked":["Pommel Strike+1","Body Slam+1"],"picked":"Shrug It Off+1","floor":29},{"not_picked":["Battle Trance+1","Inflame"],"picked":"Sentinel+1","floor":30},{"not_picked":["Impervious+1","Offering+1"],"picked":"Barricade","floor":33},{"not_picked":["Disarm+1","Rupture"],"picked":"Dark Embrace","floor":35},{"not_picked":["Heavy Blade+1","Bloodletting+1"],"picked":"Uppercut+1","floor":37},{"not_picked":["Clothesline","Brutality"],"picked":"Burning Pact+1","floor":41},{"not_picked":["Cleave","Anger+1"],"picked":"Armaments+1","floor":44},{"not_picked":["Pommel Strike+1","Fire Breathing+1"],"picked":"Entrench+1","floor":45},{"not_picked":["Whirlwind+1","Searing Blow"],"picked":"Flex+1","floor":48},{"not_picked":["Feed","Havoc+1"],"picked":"Flex+1","floor":54}],"player_experience":127993,"relics_obtained":[{"floor":9,"key":"Orichalcum"},{"floor":10,"key":"Omamori"},{"floor":14,"key":"Toxic Egg 2"},{"floor":23,"key":"Bag of Marbles"},{"floor":26,"key":"Lantern"},{"floor":27,"key":"Art of War"},{"floor":30,"key":"Gremlin Horn"},{"floor":38,"key":"Red Skull"},{"floor":41,"key":"Nunchaku"},{"floor":43,"key":"Darkstone Periapt"},{"floor":45,"key":"White Beast Statue"},{"floor":54,"key":"Pen Nib"}],"event_choices":[{"cards_removed":["Strike_R"],"damage_healed":0,"gold_gain":0,"player_choice":"Card Removal","damage_taken":7,"max_hp_gain":0,"max_hp_loss":0,"event_name":"Golden Wing","floor":8,"gold_loss":0},{"damage_healed":0,"gold_gain":0,"player_choice":"Ignored","damage_taken":72,"max_hp_gain":0,"max_hp_loss":0,"event_name":"betterThird:BetterSerpent","floor":13,"gold_loss":0},{"damage_healed":0,"gold_gain":0,"player_choice":"Ignored","damage_taken":0,"max_hp_gain":0,"max_hp_loss":0,"event_name":"Vampires","floor":20,"gold_loss":0},{"damage_healed":0,"gold_gain":2,"player_choice":"1","damage_taken":0,"max_hp_gain":0,"max_hp_loss":0,"event_name":"betterStone:BetterStone","floor":21,"gold_loss":0},{"damage_healed":0,"gold_gain":0,"player_choice":"Relic","damage_taken":0,"max_hp_gain":0,"max_hp_loss":0,"event_name":"Wheel of Change","floor":38,"gold_loss":0},{"damage_healed":0,"gold_gain":100,"player_choice":"Pray","damage_taken":0,"max_hp_gain":0,"max_hp_loss":0,"event_name":"Golden Shrine","floor":46,"gold_loss":0}],"is_beta":false,"boss_relics":[{"not_picked":["Tiny House","Busted Crown"],"picked":"Snecko Eye"},{"not_picked":["Philosopher\u0027s Stone","Calling Bell"],"picked":"SlaversCollar"}],"items_purged_floors":[31,36,39,53],"is_endless":false,"potions_floor_spawned":[1,3,10,16,22,23,25,27,35,41,45,48,54],"ascension_level":3}}