{"host":"ew66i0vuc7r9fnl7","time":1612116396,"event":{"mods":["Arknights","BaseMod","DeckTracker","Koishi","Minty Spire (QoL Compilation)","StSLib"],"gold_per_floor":[217,217,229,78,94,94,94,94,117,117,117],"floor_reached":10,"language":"KOR","playtime":381,"items_purged":["Koishi:BasicStrike"],"score":56,"play_id":"66d176a2-dee9-4cd3-a35e-c644eedb5ef2","local_time":"20210201030636","is_ascension_mode":false,"campfire_choices":[{"data":"Koishi:HauntingSlash","floor":7,"key":"SMITH"}],"circlet_count":0,"master_deck":["Koishi:BasicStrike","Koishi:BasicStrike","Koishi:BasicDefend","Koishi:BasicDefend","Koishi:BasicDefend","Koishi:BasicDefend","Koishi:Provoke","Koishi:HauntingSlash+1","Koishi:TremblingHands"],"relics":["Koishi:ImaginaryFriend","Toy Ornithopter"],"acts_visited":["Exordium"],"potions_floor_usage":[10,10],"damage_taken":[{"damage":0,"enemies":"Jaw Worm","floor":1,"turns":6},{"damage":0,"enemies":"2 Louse","floor":3,"turns":4},{"damage":9,"enemies":"Cultist","floor":5,"turns":4},{"damage":69,"enemies":"Lagavulin","floor":10,"turns":14}],"seed_played":"3961658440668847207","potions_obtained":[{"floor":1,"key":"LiquidMemories"},{"floor":3,"key":"Block Potion"}],"is_trial":false,"path_per_floor":["M","$","M","$","M","?","R","?","T","E"],"character_chosen":"KOISHI","items_purchased":["Koishi:TremblingHands"],"campfire_rested":0,"item_purchase_floors":[4],"current_hp_per_floor":[60,60,60,60,52,45,45,50,50,0,0],"gold":117,"neow_bonus":"HUNDRED_GOLD","is_daily":false,"chose_seed":false,"campfire_upgraded":1,"win_rate":0.0,"timestamp":1612116396,"path_taken":["M","$","M","$","M","?","R","?","T","E"],"items_purchased_type":["Card"],"build_version":"2020-12-22","purchased_purges":1,"victory":false,"max_hp_per_floor":[60,60,60,60,60,60,60,65,65,65,65],"card_choices":[{"not_picked":["Koishi:HeartAttack","Koishi:BloodcurdlingScream","Koishi:SprinkleStarAndHeart"],"picked":"SKIP","floor":1},{"not_picked":["Koishi:SpiritedAway","Koishi:Bloodlust","Koishi:EmbryosDream"],"picked":"SKIP","floor":3},{"not_picked":["Koishi:UnansweredLove","Koishi:SprinkleStarAndHeart","Koishi:Possession"],"picked":"SKIP","floor":5}],"player_experience":636982,"relics_obtained":[{"floor":9,"key":"Toy Ornithopter"}],"event_choices":[{"cards_removed":["Koishi:BasicStrike"],"damage_healed":0,"gold_gain":0,"player_choice":"Card Removal","damage_taken":7,"max_hp_gain":0,"max_hp_loss":0,"event_name":"Golden Wing","floor":6,"gold_loss":0},{"damage_healed":0,"gold_gain":0,"player_choice":"Donut","damage_taken":0,"max_hp_gain":5,"max_hp_loss":0,"event_name":"Big Fish","floor":8,"gold_loss":0}],"is_beta":false,"boss_relics":[],"items_purged_floors":[4],"is_endless":false,"potions_floor_spawned":[1,3],"killed_by":"Lagavulin","ascension_level":0}}