{"host":"dbb4fkd1j4jczim2","time":1612065246,"event":{"mods":["BaseMod","Downfall","Marisa????????","Minty Spire (QoL Compilation)","Permanent Neow","StSLib"],"gold_per_floor":[349,363,538,263,263,283,283,301,576,70,80,80,80,80],"floor_reached":12,"language":"ENG","playtime":588,"items_purged":[],"score":68,"play_id":"11130918-b782-4247-a776-be29adca319c","local_time":"20210130215406","is_ascension_mode":false,"campfire_choices":[{"data":"bronze:Goto","floor":1,"key":"SMITH"}],"circlet_count":0,"master_deck":["bronze:Strike","bronze:Strike","bronze:Strike","bronze:Defend","bronze:Defend","bronze:Defend","bronze:Defend","bronze:Replicate","bronze:Goto+1","Shame","bronze:Shell","Doubt","bronze:Boost","bronze:Assembly","bronze:ItsAFeature","bronze:Iterate","bronze:WildBeam","bronze:BugBarrage","bronze:ItsAFeature","Regret","bronze:Repair","bronze:WildBeam","bronze:ItsAFeature","bronze:Separator"],"relics":["bronze:BronzeCore","Juzu Bracelet","Cauldron","Pen Nib"],"acts_visited":["Exordium"],"potions_floor_usage":[8,10,11,12,12,12],"damage_taken":[{"damage":6,"enemies":"Small Slimes","floor":2,"turns":4},{"damage":4,"enemies":"downfall:FleeingMerchant","floor":4,"turns":4},{"damage":11,"enemies":"2 Louse","floor":6,"turns":4},{"damage":10,"enemies":"Jaw Worm","floor":8,"turns":4},{"damage":16,"enemies":"downfall:FleeingMerchant","floor":10,"turns":4},{"damage":19,"enemies":"Exordium Thugs","floor":11,"turns":4},{"damage":28,"enemies":"Lagavulin","floor":12,"turns":6}],"seed_played":"4590533650986976136","potions_obtained":[{"floor":2,"key":"Explosive Potion"},{"floor":8,"key":"DistilledChaos"},{"floor":10,"key":"LiquidMemories"},{"floor":10,"key":"CultistPotion"},{"floor":10,"key":"SkillPotion"},{"floor":11,"key":"sneckomod:MuddlingPotion"}],"is_trial":false,"path_per_floor":["R","M","?","$","?","M","T","M","?","$","M","E"],"character_chosen":"THE_AUTOMATON","items_purchased":["bronze:Assembly","bronze:ItsAFeature","bronze:Iterate","bronze:WildBeam","bronze:Repair","bronze:WildBeam","bronze:ItsAFeature","Cauldron","Pen Nib"],"campfire_rested":0,"item_purchase_floors":[4,4,4,4,10,10,10,10,10],"current_hp_per_floor":[70,64,64,60,60,49,49,39,39,23,4,0,0,0],"gold":80,"neow_bonus":"TWO_FIFTY_GOLD","is_daily":false,"chose_seed":false,"campfire_upgraded":1,"win_rate":0.0,"timestamp":1612065246,"path_taken":["R","M","?","$","?","M","T","M","?","?","M","E"],"items_purchased_type":["Card","Card","Card","Card","Card","Card","Card","Relic","Relic"],"build_version":"2020-12-22","purchased_purges":0,"victory":false,"max_hp_per_floor":[70,70,70,70,70,70,70,70,70,70,70,70,70,70],"card_choices":[{"not_picked":["bronze:Turbo","bronze:Invalidate"],"picked":"bronze:Shell","floor":2},{"not_picked":["bronze:Branch","bronze:BitShift"],"picked":"bronze:Boost","floor":4},{"not_picked":["bronze:BitShift","bronze:Branch"],"picked":"bronze:BugBarrage","floor":6},{"not_picked":["bronze:ForLoop","bronze:GetLatest"],"picked":"bronze:ItsAFeature","floor":8},{"not_picked":["bronze:ChildClass","bronze:WhirlingStrike","bronze:FineTuning"],"picked":"SKIP","floor":10},{"not_picked":["bronze:ForceShield","bronze:WhirlingStrike"],"picked":"bronze:Separator","floor":11}],"player_experience":325157,"relics_obtained":[],"event_choices":[],"is_beta":false,"boss_relics":[],"items_purged_floors":[],"is_endless":false,"potions_floor_spawned":[2,8,11],"killed_by":"Lagavulin","ascension_level":0}}