{"host":"cnq91ghfhf6lz0gv","time":1612135710,"event":{"mods":["BaseMod","Clockwork Mod","Colored Map","Colored Powertips","Conspire","Downfall","Googly Eyes","Highlight Path","Minty Spire (QoL Compilation)","Replay The Spire","StSLib","SuperFastMode","The IronCluck","The Showman","slay the spire mod where everything is the same but ironclad has a cowboy hat"],"gold_per_floor":[119,169,119,136,150,150,177,177,177,211,161,161,161,173,173,123,123,224,224,243,2,37,52,149,149,149,183,183,195,210,221,27,27,27,127,127,142,155,255,255,255,283,299,329,329,329,354,370,192,227,227,227,227,227,129,160,160],"floor_reached":58,"language":"ENG","playtime":3915,"items_purged":["Clockwork:Strike","Clockwork:Strike","Clockwork:Shield","Regret","ReplayTheSpireMod:Restless Dread","Voices","Pain"],"score":1714,"play_id":"3afe4a6e-b3fd-420d-ac7b-a02aea308246","local_time":"20210131182830","is_ascension_mode":true,"campfire_choices":[{"data":"Clockwork:Tinker","floor":6.0,"key":"SMITH"},{"data":"Clockwork:CogShield","floor":8.0,"key":"SMITH"},{"data":"Clockwork:CogToss","floor":17.0,"key":"SMITH"},{"data":"Clockwork:SnapKeep","floor":25.0,"key":"SMITH"},{"data":"Clockwork:CogToss","floor":34.0,"key":"SMITH"},{"floor":46.0,"key":"RECALL"},{"floor":51.0,"key":"REST"},{"floor":54.0,"key":"REST"}],"circlet_count":0,"master_deck":["Clockwork:Tinker+1","Clockwork:SnapKeep+1","Clockwork:CogShield+1","Clockwork:CogToss+1","Clumsy","Clockwork:CogToss+1","downfall:Malfunctioning","Doubt"],"relics":["Clockwork:MomentumEngine","Ring of Greed","Tiny Chest","Ring of Misfortune","Smiling Mask","Clockwork:SomewhatSmoothStone","Omamori","Darkstone Periapt","Guardian:PocketSentry","Clockwork:BloodPhial","Kintsugi","Sundial","Red Mask","ReplayTheSpireMod:Lightbulb","Oddly Smooth Stone","Quantum Egg","ClockworkSouvenir","Boot","ReplayTheSpireMod:CursedCoin","Potion Belt","Clockwork:CopperScales","Gremlin Food","Bird Faced Urn","Replay:Mystery Machine","Replay:Baseball","ReplayTheSpireMod:ShopPack","Clockwork:Varja","Clockwork:QuicksilverHourglass","Blue Doll","ReplayTheSpireMod:TigerMarble"],"acts_visited":["Exordium","TheCity","TheBeyond","TheEnding"],"potions_floor_usage":[57,57,57],"damage_taken":[{"damage":0.0,"enemies":"conspire:RoseBush","floor":1.0,"turns":7.0},{"damage":0.0,"enemies":"Small Slimes","floor":4.0,"turns":8.0},{"damage":2.0,"enemies":"2 Louse","floor":5.0,"turns":4.0},{"damage":43.0,"enemies":"Gremlin Nob","floor":7.0,"turns":7.0},{"damage":0.0,"enemies":"Replay:BlueRogue","floor":10.0,"turns":11.0},{"damage":5.0,"enemies":"2 Fungi Beasts","floor":14.0,"turns":5.0},{"damage":9.0,"enemies":"Hexaghost","floor":18.0,"turns":17.0},{"damage":7.0,"enemies":"Spheric Guardian","floor":20.0,"turns":5.0},{"damage":15.0,"enemies":"Masked Bandits","floor":22.0,"turns":4.0},{"damage":0.0,"enemies":"Chosen","floor":23.0,"turns":6.0},{"damage":0.0,"enemies":"Book of Stabbing","floor":27.0,"turns":3.0},{"damage":3.0,"enemies":"Centurion and Healer","floor":29.0,"turns":2.0},{"damage":0.0,"enemies":"3 Cultists","floor":30.0,"turns":2.0},{"damage":0.0,"enemies":"Snake Plant","floor":31.0,"turns":2.0},{"damage":0.0,"enemies":"Automaton","floor":35.0,"turns":3.0},{"damage":0.0,"enemies":"3 Shapes","floor":37.0,"turns":2.0},{"damage":1.0,"enemies":"3 Darklings","floor":38.0,"turns":2.0},{"damage":1.0,"enemies":"R_Hoarder","floor":42.0,"turns":9.0},{"damage":0.0,"enemies":"Sphere and 2 Shapes","floor":43.0,"turns":2.0},{"damage":0.0,"enemies":"Reptomancer","floor":44.0,"turns":2.0},{"damage":0.0,"enemies":"Nemesis","floor":47.0,"turns":3.0},{"damage":0.0,"enemies":"Transient","floor":48.0,"turns":5.0},{"damage":0.0,"enemies":"R_Hoarder","floor":50.0,"turns":7.0},{"damage":28.0,"enemies":"Donu and Deca","floor":52.0,"turns":6.0},{"damage":0.0,"enemies":"Shield and Spear","floor":56.0,"turns":2.0},{"damage":0,"enemies":"The Heart","floor":57,"turns":4}],"seed_played":"-7088278361074728068","potions_obtained":[{"floor":5.0,"key":"SteroidPotion"},{"floor":7.0,"key":"Regen Potion"},{"floor":10.0,"key":"Swift Potion"},{"floor":14.0,"key":"Adrenaline Potion"},{"floor":23.0,"key":"Languid Potion"},{"floor":30.0,"key":"Languid Potion"},{"floor":43.0,"key":"Reflective Coating"},{"floor":44.0,"key":"Block Potion"},{"floor":50.0,"key":"Cursed Concoction"}],"is_trial":false,"path_per_floor":["M","?","$","M","M","R","E","R","T","E","$","PTL","PTL","M","?","$","R","B",null,"M","$","?","M","?","R","T","E","T","M","M","M","$","?","R","B",null,"M","M","$","?","T","E","M","E","T","R","E","M","$","E","R","B",null,"R","$","E","B",null],"character_chosen":"CLOCKWORK","items_purchased":["Sundial","ClockworkSouvenir","ReplayTheSpireMod:CursedCoin","ReplayTheSpireMod:ShopPack","Swift Potion"],"campfire_rested":2,"item_purchase_floors":[21,32,39,49,55],"current_hp_per_floor":[85,85,85,85,83,83,40,40,40,40,40,40,40,35,35,35,35,32,91,84,84,77,79,55,55,55,63,63,62,64,66,66,66,66,68,103,109,108,120,120,120,120,121,121,121,121,121,121,121,127,127,99,127,127,127,127,127],"gold":160,"neow_bonus":"THREE_CARDS","is_daily":false,"chose_seed":false,"campfire_upgraded":5,"win_rate":0.0,"timestamp":1612135710,"path_taken":["M","?","$","M","M","R","E","R","T","E","$","PTL","PTL","M","?","$","R","BOSS","M","$","?","M","?","R","?","E","T","M","?","M","$","?","R","BOSS","M","M","$","?","?","E","?","E","T","R","E","M","$","E","R","BOSS","R","$","E","BOSS"],"items_purchased_type":["Relic","Relic","Relic","Relic","Potion"],"build_version":"2020-12-22","purchased_purges":7,"victory":true,"max_hp_per_floor":[85,85,85,85,85,85,85,85,85,85,85,85,85,85,85,85,85,85,91,91,91,97,97,97,97,97,103,103,103,103,103,103,103,103,103,103,109,109,121,121,121,121,121,121,121,121,121,121,121,127,127,127,127,127,127,127,127],"card_choices":[{"not_picked":["Clockwork:HoardingStrike","Clockwork:InertialShield"],"picked":"Clockwork:SnapKeep","floor":0.0},{"not_picked":["Clockwork:Pluck","Clockwork:SystemHardening"],"picked":"Clockwork:CraftSomewhatSmoothStone","floor":1.0},{"not_picked":["Clockwork:TimeOut","Clockwork:StasisBreak","Clockwork:ForgeStrike"],"picked":"SKIP","floor":4.0},{"not_picked":["Clockwork:Improve","Clockwork:LogisticRegression"],"picked":"Clockwork:CogShield","floor":5.0},{"not_picked":["Clockwork:ElasticNanites","Clockwork:SystemScan","Clockwork:SpringShield"],"picked":"SKIP","floor":7.0},{"not_picked":["Clockwork:ReserveSystems","Clockwork:CraftVarja"],"picked":"Clockwork:CogToss","floor":10.0},{"not_picked":["Clockwork:CraftQuicksilverHourglass","Clockwork:ForgeStrike"],"picked":"Clockwork:CraftBloodPhial","floor":14.0},{"not_picked":["Clockwork:TimeWalk","Clockwork:WindupStrike"],"picked":"Clockwork:CraftMomentumEngine","floor":18.0},{"not_picked":["Clockwork:SnapKeep","Clockwork:CogBarrier","Clockwork:Roundhouse"],"picked":"SKIP","floor":20.0},{"not_picked":["Clockwork:Inspiration","Clockwork:SystemScan+1"],"picked":"Clockwork:CogToss","floor":23.0},{"not_picked":["Clockwork:TestingEnvironment","Clockwork:Efficiency+1"],"picked":"Clockwork:Improve+1","floor":27.0},{"not_picked":["Clockwork:InertialShield","Clockwork:AdaptiveShield","Clockwork:TiltAWhirl+1"],"picked":"SKIP","floor":29.0},{"not_picked":["Clockwork:Improve","Clockwork:ChargingShield","Clockwork:Enhance+1"],"picked":"SKIP","floor":30.0},{"not_picked":["Clockwork:RampUp","Clockwork:CogToss+1","Clockwork:MechanicalMass"],"picked":"SKIP","floor":31.0},{"not_picked":["Clockwork:LogisticRegression","Clockwork:AdaptiveShield+1","Clockwork:Friction+1"],"picked":"SKIP","floor":37.0},{"not_picked":["Clockwork:Downsize","Clockwork:ReserveSystems"],"picked":"Clockwork:CraftCopperScales+1","floor":38.0},{"not_picked":["Clockwork:Minimalism+1","Clockwork:Redundancy"],"picked":"Clockwork:CraftCopperScales+1","floor":42.0},{"not_picked":["Clockwork:Roundhouse+1","Clockwork:QuantumStrike","Clockwork:CraftQuicksilverHourglass"],"picked":"SKIP","floor":43.0},{"not_picked":["Clockwork:UnlimitedCogworks","Clockwork:LogisticRegression"],"picked":"Clockwork:CraftSomewhatSmoothStone+1","floor":44.0},{"not_picked":["Clockwork:ChargingShield+1","Clockwork:ElasticNanites+1","Clockwork:Efficiency+1"],"picked":"SKIP","floor":47.0},{"not_picked":["Clockwork:Improve+1","Clockwork:ReserveSystems+1","Clockwork:TimeOut"],"picked":"SKIP","floor":48.0},{"not_picked":["Clockwork:CogShield+1","Clockwork:ForgeStrike","Clockwork:Roundhouse+1"],"picked":"SKIP","floor":50.0},{"not_picked":["Clockwork:LogisticRegression+1","Clockwork:ZeroPointEnergy"],"picked":"Clockwork:CraftCopperScales+1","floor":56.0}],"player_experience":205315,"relics_obtained":[{"floor":2.0,"key":"Ring of Greed"},{"floor":2.0,"key":"Tiny Chest"},{"floor":2.0,"key":"Ring of Misfortune"},{"floor":2.0,"key":"Smiling Mask"},{"floor":7.0,"key":"Omamori"},{"floor":9.0,"key":"Darkstone Periapt"},{"floor":10.0,"key":"Guardian:PocketSentry"},{"floor":22.0,"key":"Red Mask"},{"floor":24.0,"key":"ReplayTheSpireMod:Lightbulb"},{"floor":27.0,"key":"Oddly Smooth Stone"},{"floor":28.0,"key":"Quantum Egg"},{"floor":41.0,"key":"Potion Belt"},{"floor":42.0,"key":"Gremlin Food"},{"floor":44.0,"key":"Bird Faced Urn"},{"floor":45.0,"key":"Replay:Mystery Machine"},{"floor":47.0,"key":"Replay:Baseball"},{"floor":50.0,"key":"Blue Doll"},{"floor":56.0,"key":"ReplayTheSpireMod:TigerMarble"}],"event_choices":[{"damage_healed":0.0,"max_hp_gain":0.0,"max_hp_loss":0.0,"gold_gain":0.0,"event_name":"Masked Bandits","player_choice":"Fought Bandits","floor":22.0,"gold_loss":0.0,"damage_taken":0.0},{"damage_healed":0.0,"max_hp_gain":0.0,"max_hp_loss":0.0,"gold_gain":0.0,"event_name":"The Mausoleum","player_choice":"Opened","floor":33.0,"gold_loss":0.0,"damage_taken":0.0,"relics_obtained":["Boot"]},{"cards_removed":["Clockwork:Improve"],"damage_healed":0.0,"max_hp_gain":0.0,"max_hp_loss":0.0,"gold_gain":0.0,"event_name":"Falling","player_choice":"Removed Skill","floor":40.0,"gold_loss":0.0,"damage_taken":0.0}],"is_beta":false,"boss_relics":[{"not_picked":["Snecko Eye","conspire:SpecialSausage"],"picked":"Kintsugi"},{"not_picked":["Fusion Hammer","Astrolabe","Velvet Choker"]}],"items_purged_floors":[3,11,16,32,39,49,55],"is_endless":false,"potions_floor_spawned":[5,7,10,14,23,30,31,43,44,50],"ascension_level":1}}