{"host":"Jinnai","time":1612111423,"event":{"mods":["BaseMod","Bestiary","Block Reminder","Colored Map","Colored Powertips","Highlight Path","Minty Spire (QoL Compilation)","Quick Restart","Relic Stats","StSLib"],"gold_per_floor":[115,115,390,400,427,427,456,456,456],"floor_reached":8,"language":"ENG","playtime":227,"items_purged":[],"score":88,"play_id":"4dc88aad-e26c-45d8-904f-1ac6f0bc961f","local_time":"20210131114343","is_ascension_mode":true,"campfire_choices":[{"data":"Eruption","floor":6,"key":"SMITH"}],"circlet_count":0,"master_deck":["AscendersBane","Strike_P","Strike_P","Strike_P","Strike_P","Defend_P","Defend_P","Defend_P","Defend_P","Eruption+1","Vigilance","FollowUp","Regret","Prostrate","Fasting2"],"relics":["PureWater","NeowsBlessing","MealTicket","Pen Nib","Odd Mushroom"],"acts_visited":["Exordium"],"potions_floor_usage":[8],"damage_taken":[{"damage":0,"enemies":"Small Slimes","floor":1,"turns":1},{"damage":0,"enemies":"Cultist","floor":4,"turns":1},{"damage":2,"enemies":"The Mushroom Lair","floor":7,"turns":2},{"damage":57,"enemies":"3 Sentries","floor":8,"turns":6}],"seed_played":"-1569239610534737832","potions_obtained":[{"floor":1,"key":"Regen Potion"},{"floor":4,"key":"Energy Potion"}],"is_trial":false,"path_per_floor":["M","?","?","M","T","R","?","E"],"character_chosen":"WATCHER","items_purchased":[],"campfire_rested":0,"item_purchase_floors":[],"current_hp_per_floor":[61,43,43,43,43,43,41,0,0],"gold":456,"neow_bonus":"THREE_ENEMY_KILL","is_daily":false,"chose_seed":false,"campfire_upgraded":1,"win_rate":0.0,"timestamp":1612111423,"path_taken":["M","?","?","?","?","R","?","E"],"items_purchased_type":[],"build_version":"2020-12-18","purchased_purges":0,"victory":false,"max_hp_per_floor":[68,68,68,68,68,68,68,68,68],"relic_stats":{"counters":[4,10],"MealTicket":0,"Pen Nib":[0],"obtain_stats":[{"NeowsBlessing":0,"MealTicket":2,"Pen Nib":5,"PureWater":0,"Odd Mushroom":7},{"NeowsBlessing":0,"MealTicket":1,"Pen Nib":2,"PureWater":0,"Odd Mushroom":3},{"NeowsBlessing":0,"MealTicket":1,"Pen Nib":2,"PureWater":0,"Odd Mushroom":4}]},"card_choices":[{"not_picked":["ForeignInfluence","Perseverance"],"picked":"FollowUp","floor":1},{"not_picked":["Crescendo","EmptyBody"],"picked":"Prostrate","floor":4},{"not_picked":["Pray","Collect"],"picked":"Fasting2","floor":7}],"player_experience":1617817,"relics_obtained":[{"floor":5,"key":"Pen Nib"},{"floor":7,"key":"Odd Mushroom"}],"event_choices":[{"damage_healed":0,"gold_gain":0,"player_choice":"Success","damage_taken":18,"relics_obtained":["MealTicket"],"max_hp_gain":0,"max_hp_loss":0,"event_name":"Scrap Ooze","floor":2,"gold_loss":0},{"damage_healed":0,"gold_gain":275,"player_choice":"Desecrate","damage_taken":0,"max_hp_gain":0,"max_hp_loss":0,"event_name":"Golden Shrine","floor":3,"gold_loss":0,"cards_obtained":["Regret"]},{"damage_healed":0,"gold_gain":0,"player_choice":"Fought Mushrooms","damage_taken":0,"max_hp_gain":0,"max_hp_loss":0,"event_name":"Mushrooms","floor":7,"gold_loss":0}],"is_beta":true,"boss_relics":[],"items_purged_floors":[],"is_endless":false,"potions_floor_spawned":[1,4],"killed_by":"3 Sentries","ascension_level":20}}