{"host":"hn99riirbf0lv0ml","time":1612052776,"event":{"mods":["AchievementEnabler","Act Like it!","Bard","BaseMod","Beaked The Cultist","Colored Map","Colored Powertips","Conspire","Curses Come First","Downfall","Duelist Mod","Friendly Minions","Gensokyo","GifTheSpireLib","Glutton Mod","Halation","Jorbs\u0027s Wanderer Trilogy","Mad Scientist","Marisa????????","Minty Spire (QoL Compilation)","Rare Cards Sparkle","Replay The Spire","StSLib","The Blackbeard","The Bug Knight","The Construct","The Cursed","The Disciple","The Mystic","The Runesmith","The Servant 0.9.4","The Witch"],"gold_per_floor":[112,10,10,24,37,37,248,248,248,248,275,111,123,438,438,535,535,545,0,0,0,0,0,19,19,19,19,19],"floor_reached":27,"language":"ENG","playtime":7032,"items_purged":["stsjorbsmod:Defend_Wanderer"],"score":226,"play_id":"3a8c9fd4-ecaa-4fc3-a72c-1f454a8555cc","local_time":"20210130192616","is_ascension_mode":false,"campfire_choices":[{"data":"stsjorbsmod:Feast","floor":6,"key":"SMITH"},{"floor":8,"key":"REST"},{"floor":15,"key":"REST"},{"floor":23,"key":"REST"}],"circlet_count":0,"master_deck":["stsjorbsmod:ForbiddenGrimoire+1","stsjorbsmod:Strike_Wanderer+1","stsjorbsmod:Strike_Wanderer","stsjorbsmod:Strike_Wanderer","stsjorbsmod:Strike_Wanderer","stsjorbsmod:Defend_Wanderer","stsjorbsmod:Defend_Wanderer+1","stsjorbsmod:Defend_Wanderer","stsjorbsmod:FreshAdventure","stsjorbsmod:EyeOfTheStorm+1","stsjorbsmod:Feast+1","stsjorbsmod:RefuseToForget","stsjorbsmod:GatherPower","stsjorbsmod:Channel+1","stsjorbsmod:Materialize","conspire:Banana","stsjorbsmod:Firebolt+1","stsjorbsmod:SmithingStrike","stsjorbsmod:GatherPower","stsjorbsmod:WeightOfMemory+1","stsjorbsmod:SchoolsOfMagic"],"relics":["stsjorbsmod:GrimoireRelic","Iron Hammer","Bag of Marbles","conspire:RunicOctahedron","Gensokyo:ConquerorOfFear","Gensokyo:SongOfSouls","conspire:BottledYoYo"],"acts_visited":["Gensokyo:Gensokyo","Gensokyo:Gensokyoer"],"potions_floor_usage":[14,16],"damage_taken":[{"damage":1,"enemies":"Gensokyo:3_Fairies","floor":1,"turns":5},{"damage":18,"enemies":"Gensokyo:Gryphon","floor":4,"turns":6},{"damage":9,"enemies":"Gensokyo:2_Kodama","floor":5,"turns":6},{"damage":18,"enemies":"Gensokyo:CorruptedTreant","floor":7,"turns":5},{"damage":0,"enemies":"Gensokyo:Kitsune","floor":13,"turns":2},{"damage":14,"enemies":"Gensokyo:5_Fairies","floor":14,"turns":7},{"damage":12,"enemies":"Gensokyo:Yukari","floor":16,"turns":8},{"damage":58,"enemies":"Gensokyo:2_Gloops","floor":18,"turns":6},{"damage":32,"enemies":"Gensokyo:3_Dogs","floor":24,"turns":7},{"damage":40,"enemies":"Gensokyo:3_Gloops","floor":27,"turns":4}],"seed_played":"-1752411248197711997","potions_obtained":[{"floor":1,"key":"stsjorbsmod:LiquidClarity"},{"floor":4,"key":"EssenceOfSteel"},{"floor":5,"key":"ColorlessPotion"}],"is_trial":false,"path_per_floor":["M","COS","?","M","M","R","M","R","T","?","T","$","M","M","R","B",null,"M","?","?","?","COS","R","M","?","T","M"],"character_chosen":"WANDERER","items_purchased":["conspire:Banana"],"campfire_rested":3,"item_purchase_floors":[12],"current_hp_per_floor":[74,74,74,57,54,54,37,60,60,60,60,60,60,47,70,59,80,27,27,27,27,27,52,29,29,29,0,0],"gold":19,"neow_bonus":"TEN_PERCENT_HP_BONUS","is_daily":false,"chose_seed":false,"campfire_upgraded":1,"win_rate":0.0,"timestamp":1612052776,"path_taken":["M","COS","?","M","M","R","M","R","T","?","?","$","M","M","R","BOSS","M","?","?","?","COS","R","?","?","T","M"],"items_purchased_type":["Card"],"build_version":"2020-12-22","purchased_purges":1,"victory":false,"max_hp_per_floor":[74,74,74,74,78,78,78,78,78,78,78,78,78,79,79,80,80,85,85,85,85,85,85,93,93,93,95,95],"card_choices":[{"not_picked":["stsjorbsmod:ChainLightning","stsjorbsmod:MistyStep"],"picked":"stsjorbsmod:Feast","floor":1},{"not_picked":["stsjorbsmod:Hurt","stsjorbsmod:Stalwart"],"picked":"stsjorbsmod:RefuseToForget","floor":4},{"not_picked":["stsjorbsmod:Determination","stsjorbsmod:ThirstingSword"],"picked":"stsjorbsmod:GatherPower","floor":5},{"not_picked":["stsjorbsmod:Hurt","stsjorbsmod:Aid"],"picked":"stsjorbsmod:Channel","floor":5},{"not_picked":["stsjorbsmod:Mindworm","stsjorbsmod:Prepare"],"picked":"stsjorbsmod:Materialize","floor":7},{"not_picked":["stsjorbsmod:TrueStrike","stsjorbsmod:DoubleCheck"],"picked":"stsjorbsmod:Firebolt","floor":13},{"not_picked":["stsjorbsmod:ParryingBlow","stsjorbsmod:FracturedMind"],"picked":"stsjorbsmod:SmithingStrike","floor":14},{"not_picked":["stsjorbsmod:Pyromancy","stsjorbsmod:Withdraw"],"picked":"stsjorbsmod:GatherPower","floor":16},{"not_picked":["stsjorbsmod:ArcaneWeapon","stsjorbsmod:ColorSpray"],"picked":"stsjorbsmod:WeightOfMemory","floor":18},{"not_picked":["stsjorbsmod:ParryingBlow","stsjorbsmod:Counterspell"],"picked":"stsjorbsmod:SchoolsOfMagic","floor":24}],"player_experience":342541,"relics_obtained":[{"floor":9,"key":"Iron Hammer"},{"floor":11,"key":"Bag of Marbles"},{"floor":24,"key":"Gensokyo:ConquerorOfFear"},{"floor":26,"key":"conspire:BottledYoYo"}],"event_choices":[],"is_beta":false,"boss_relics":[{"not_picked":["Ectoplasm","ChewingGum"],"picked":"conspire:RunicOctahedron"}],"items_purged_floors":[12],"is_endless":false,"potions_floor_spawned":[1,4,5,13],"killed_by":"Gensokyo:3_Gloops","ascension_level":0}}