{"host":"5kirneupyg4uzd3w","time":1612106275,"event":{"mods":["BaseMod","Colored Map","Custom Start","Minty Spire (QoL Compilation)","StSLib","SuperFastMode"],"gold_per_floor":[119,129,129,148,148,148,175,185,185,204,129,141,141,175,175,175,175],"floor_reached":16,"language":"KOR","playtime":483,"items_purged":["Strike_R"],"score":224,"play_id":"82fa86a4-2f3a-4628-a8c7-5d1d46b3076c","local_time":"20210201001755","is_ascension_mode":true,"campfire_choices":[{"data":"Shrug It Off","floor":6.0,"key":"SMITH"},{"data":"Inflame","floor":15.0,"key":"SMITH"}],"circlet_count":0,"master_deck":["AscendersBane","Strike_R","Strike_R","Defend_R","Defend_R","Bash","Shrug It Off+1","Clothesline","Inflame+1","Battle Trance","Fire Breathing","Decay","Shrug It Off"],"relics":["Burning Blood","Art of War","Shuriken","Bottled Tornado"],"acts_visited":["Exordium"],"potions_floor_usage":[16],"damage_taken":[{"damage":13.0,"enemies":"Small Slimes","floor":1.0,"turns":4.0},{"damage":11.0,"enemies":"2 Louse","floor":2.0,"turns":3.0},{"damage":0.0,"enemies":"Cultist","floor":4.0,"turns":4.0},{"damage":30.0,"enemies":"Lagavulin","floor":7.0,"turns":8.0},{"damage":0.0,"enemies":"Looter","floor":8.0,"turns":4.0},{"damage":2.0,"enemies":"Exordium Wildlife","floor":10.0,"turns":5.0},{"damage":0.0,"enemies":"2 Fungi Beasts","floor":12.0,"turns":5.0},{"damage":8.0,"enemies":"Gremlin Nob","floor":14.0,"turns":3.0},{"damage":19,"enemies":"Hexaghost","floor":16,"turns":7}],"seed_played":"7765734714053477608","potions_obtained":[{"floor":7.0,"key":"DuplicationPotion"},{"floor":12.0,"key":"Energy Potion"},{"floor":14.0,"key":"Strength Potion"}],"is_trial":false,"path_per_floor":["M","M","?","M","?","R","E","M","T","M","$","M","?","E","R","B"],"character_chosen":"IRONCLAD","items_purchased":[],"campfire_rested":0,"item_purchase_floors":[],"current_hp_per_floor":[43,38,31,37,37,37,13,19,19,23,23,29,29,27,27,8,8],"gold":175,"neow_bonus":"REMOVE_TWO","is_daily":false,"chose_seed":false,"campfire_upgraded":2,"win_rate":0.0,"timestamp":1612106275,"path_taken":["M","M","?","M","?","R","E","M","T","M","$","M","?","E","R","BOSS"],"items_purchased_type":[],"build_version":"2020-12-22","purchased_purges":1,"victory":false,"max_hp_per_floor":[75,75,75,75,75,75,75,75,75,75,75,75,75,75,75,75,75],"card_choices":[{"not_picked":["Wild Strike","Armaments"],"picked":"Shrug It Off","floor":1.0},{"not_picked":["True Grit","Cleave"],"picked":"Clothesline","floor":2.0},{"not_picked":["Feel No Pain","Clothesline"],"picked":"Inflame","floor":4.0},{"not_picked":["Headbutt","Seeing Red"],"picked":"Battle Trance","floor":7.0},{"not_picked":["Pummel","Combust","Wild Strike"],"picked":"SKIP","floor":8.0},{"not_picked":["Clothesline","Fire Breathing","Warcry"],"picked":"SKIP","floor":10.0},{"not_picked":["True Grit","Sever Soul"],"picked":"Fire Breathing","floor":12.0},{"not_picked":["Ghostly Armor","True Grit"],"picked":"Shrug It Off","floor":14.0}],"player_experience":297803,"relics_obtained":[{"floor":7.0,"key":"Art of War"},{"floor":9.0,"key":"Shuriken"},{"floor":14.0,"key":"Bottled Tornado"}],"event_choices":[{"cards_removed":["Strike_R"],"damage_healed":0.0,"max_hp_gain":0.0,"max_hp_loss":0.0,"gold_gain":0.0,"event_name":"Golden Wing","player_choice":"Card Removal","floor":3.0,"gold_loss":0.0,"damage_taken":7.0},{"cards_removed":["Defend_R"],"damage_healed":0.0,"max_hp_gain":0.0,"max_hp_loss":0.0,"gold_gain":0.0,"event_name":"Living Wall","player_choice":"Forget","floor":5.0,"gold_loss":0.0,"damage_taken":0.0},{"damage_healed":0.0,"max_hp_gain":0.0,"max_hp_loss":0.0,"gold_gain":0.0,"event_name":"Wheel of Change","player_choice":"Cursed","floor":13.0,"gold_loss":0.0,"damage_taken":0.0,"cards_obtained":["Decay"]}],"is_beta":false,"boss_relics":[],"items_purged_floors":[11],"is_endless":false,"potions_floor_spawned":[7,12,14],"killed_by":"Hexaghost","ascension_level":20}}