{"host":"xvjtz0l6trtfk8cl","time":1612103618,"event":{"mods":["BaseMod","Better Altar","Better Note","Better Third Choice","Downfall","Fox Events","Hermit","Magitek Elite","Minty Spire (QoL Compilation)","Morshu Shopkeeper","Morshu Shopkeeper - ENHANCED","Reliquary","StSLib","The Bladedancer","The Death Knight","The Dragonkin","The Hierophant","The Necromancer","Waifu the Spire"],"gold_per_floor":[213,213,223,7,25,57,57,92,92,92,92,92],"floor_reached":11,"language":"ENG","playtime":619,"items_purged":[],"score":81,"play_id":"14e6b25e-3c8d-47c9-95e9-05651b08fc7d","local_time":"20210131083338","is_ascension_mode":false,"campfire_choices":[{"data":"Mayhem","floor":7,"key":"SMITH"}],"circlet_count":0,"master_deck":["Strike_R","Strike_R","Strike_R","Strike_R","Strike_R","Defend_R","Defend_R","Defend_R","Defend_R","Bash","Heavy Blade+1","Mayhem+1","Flex"],"relics":["Burning Blood","Question Card","Pantograph","reliquary:JackalopeAntler"],"acts_visited":["Exordium"],"potions_floor_usage":[5,11],"damage_taken":[{"damage":11,"enemies":"Small Slimes","floor":1,"turns":6},{"damage":6,"enemies":"Cultist","floor":3,"turns":4},{"damage":6,"enemies":"Jaw Worm","floor":5,"turns":3},{"damage":36,"enemies":"Gremlin Nob","floor":6,"turns":5},{"damage":39,"enemies":"Lagavulin","floor":8,"turns":6},{"damage":17,"enemies":"3 Sentries","floor":11,"turns":3}],"seed_played":"4277076555939578168","potions_obtained":[{"floor":1,"key":"Explosive Potion"},{"floor":5,"key":"Ancient Potion"}],"is_trial":false,"path_per_floor":["M","$","M","$","M","E","R","E","T","?","E"],"character_chosen":"IRONCLAD","items_purchased":["Mayhem","Flex"],"campfire_rested":0,"item_purchase_floors":[4,4],"current_hp_per_floor":[75,75,75,75,75,45,45,12,12,12,0,0],"gold":92,"neow_bonus":"HUNDRED_GOLD","is_daily":false,"chose_seed":false,"campfire_upgraded":1,"win_rate":0.0,"timestamp":1612103618,"path_taken":["M","$","M","$","M","E","R","E","T","?","E"],"items_purchased_type":["Card","Card"],"build_version":"2020-12-22","purchased_purges":0,"victory":false,"max_hp_per_floor":[80,80,80,80,80,80,80,80,80,80,80,80],"card_choices":[{"not_picked":["Combust","Anger"],"picked":"Heavy Blade","floor":1},{"not_picked":["Dark Embrace","Pummel","Sword Boomerang"],"picked":"SKIP","floor":3},{"not_picked":["Heavy Blade","Anger","Perfected Strike"],"picked":"SKIP","floor":5},{"not_picked":["Anger","Dropkick","Clothesline"],"picked":"SKIP","floor":6},{"not_picked":["Cleave","Pummel","Thunderclap","Iron Wave"],"picked":"SKIP","floor":8}],"player_experience":48380,"relics_obtained":[{"floor":6,"key":"Question Card"},{"floor":8,"key":"Pantograph"},{"floor":9,"key":"reliquary:JackalopeAntler"}],"event_choices":[{"damage_healed":0,"gold_gain":0,"player_choice":"Forge","damage_taken":0,"max_hp_gain":0,"max_hp_loss":0,"event_name":"Accursed Blacksmith","floor":10,"gold_loss":0,"cards_upgraded":["Heavy Blade"]}],"is_beta":false,"boss_relics":[],"items_purged_floors":[],"is_endless":false,"potions_floor_spawned":[1,5],"killed_by":"3 Sentries","ascension_level":0}}