{"host":"r53pw7z744tg3fxg","time":1612105742,"event":{"mods":["AchievementEnabler","BaseMod","Colored Map","Colored Powertips","Highlight Path","Minty Spire (QoL Compilation)","Quick Restart","Transform Curses"],"gold_per_floor":[110,122,46,46,62,62,93,104,104,104,122,122,87,113,113,191,191,202,202,222,222,236,236,64,64,64,84,84,84,84,84],"floor_reached":30,"language":"ENG","playtime":695,"items_purged":[],"score":500,"play_id":"669d6d5b-4656-4fde-a94a-6a25a2986f34","local_time":"20210131080902","is_ascension_mode":true,"campfire_choices":[{"data":"Wallop","floor":6.0,"key":"SMITH"},{"data":"ConjureBlade","floor":10.0,"key":"SMITH"},{"data":"BowlingBash","floor":12.0,"key":"SMITH"},{"floor":15.0,"key":"REST"},{"floor":23.0,"key":"REST"},{"floor":25.0,"key":"REST"}],"circlet_count":0,"master_deck":["AscendersBane","Strike_P+1","Strike_P+1","Strike_P","Strike_P","Defend_P","Defend_P","Defend_P","Defend_P","Eruption+1","Vigilance","FollowUp","Wallop+1","ReachHeaven","EmptyBody","ConjureBlade+1","BowlingBash+1","CutThroughFate","Halt","MasterReality+1","FlurryOfBlows","Prostrate+1","TalkToTheHand"],"relics":["PureWater","Whetstone","TeardropLocket","Pantograph","MutagenicStrength","HandDrill","Shuriken"],"acts_visited":["Exordium","TheCity"],"potions_floor_usage":[30,30],"damage_taken":[{"damage":0.0,"enemies":"Jaw Worm","floor":1.0,"turns":5.0},{"damage":7.0,"enemies":"Cultist","floor":2.0,"turns":3.0},{"damage":7.0,"enemies":"Small Slimes","floor":5.0,"turns":2.0},{"damage":0.0,"enemies":"Gremlin Nob","floor":7.0,"turns":3.0},{"damage":0.0,"enemies":"Looter","floor":8.0,"turns":3.0},{"damage":3.0,"enemies":"Red Slaver","floor":11.0,"turns":3.0},{"damage":35.0,"enemies":"Lagavulin","floor":14.0,"turns":4.0},{"damage":66.0,"enemies":"Slime Boss","floor":16.0,"turns":4.0},{"damage":19.0,"enemies":"2 Thieves","floor":18.0,"turns":3.0},{"damage":34.0,"enemies":"Shell Parasite","floor":20.0,"turns":6.0},{"damage":0.0,"enemies":"Chosen and Byrds","floor":22.0,"turns":3.0},{"damage":15,"enemies":"Cultist and Chosen","floor":27,"turns":4},{"damage":39,"enemies":"Slavers","floor":30,"turns":4}],"seed_played":"-2683429574645172039","potions_obtained":[{"floor":1.0,"key":"EssenceOfSteel"},{"floor":2.0,"key":"EssenceOfSteel"},{"floor":8.0,"key":"StancePotion"},{"floor":22.0,"key":"Dexterity Potion"},{"floor":27,"key":"LiquidMemories"}],"is_trial":false,"path_per_floor":["M","M","$","?","M","R","E","M","T","R","M","R","?","E","R","B",null,"M","?","M","?","M","R","$","R","T","M","$","?","E"],"character_chosen":"WATCHER","items_purchased":["ReachHeaven","HandDrill"],"campfire_rested":3,"item_purchase_floors":[3,24],"current_hp_per_floor":[67,60,60,60,53,53,53,53,53,53,50,50,68,33,55,8,58,39,39,5,5,5,27,27,49,49,34,34,34,0,0],"gold":84,"neow_bonus":"TEN_PERCENT_HP_BONUS","is_daily":false,"chose_seed":false,"campfire_upgraded":3,"win_rate":0.0,"timestamp":1612105742,"path_taken":["M","M","$","?","?","R","E","M","T","R","M","R","?","E","R","BOSS","M","?","M","?","M","R","$","R","T","M","$","?","E"],"items_purchased_type":["Card","Relic"],"build_version":"2020-12-22","purchased_purges":0,"victory":false,"max_hp_per_floor":[74,74,74,74,74,74,74,74,74,74,74,74,74,74,74,74,74,74,74,74,74,74,74,74,74,74,74,74,74,74,74],"card_choices":[{"not_picked":["Adaptation","SashWhip"],"picked":"FollowUp","floor":1.0},{"not_picked":["WaveOfTheHand","PathToVictory"],"picked":"Wallop","floor":2.0},{"not_picked":["Protect","JustLucky"],"picked":"EmptyBody","floor":5.0},{"not_picked":["Tantrum","Study"],"picked":"ConjureBlade","floor":7.0},{"not_picked":["FlyingSleeves","EmptyMind"],"picked":"BowlingBash","floor":8.0},{"not_picked":["Fasting2","JustLucky"],"picked":"CutThroughFate","floor":11.0},{"not_picked":["CutThroughFate","FollowUp"],"picked":"Halt","floor":14.0},{"not_picked":["Wish","Scrawl"],"picked":"MasterReality","floor":16.0},{"not_picked":["Vengeance+1","Swivel"],"picked":"FlurryOfBlows","floor":18.0},{"not_picked":["Halt","WreathOfFlame","Protect"],"picked":"SKIP","floor":20.0},{"not_picked":["CrushJoints","FollowUp"],"picked":"Prostrate+1","floor":22.0},{"not_picked":["ThirdEye","Wallop"],"picked":"TalkToTheHand","floor":27}],"player_experience":1401176,"relics_obtained":[{"floor":7.0,"key":"Whetstone"},{"floor":9.0,"key":"TeardropLocket"},{"floor":14.0,"key":"Pantograph"},{"floor":26.0,"key":"Shuriken"}],"event_choices":[{"damage_healed":0.0,"max_hp_gain":0.0,"max_hp_loss":0.0,"gold_gain":0.0,"event_name":"Accursed Blacksmith","player_choice":"Forge","floor":4.0,"gold_loss":0.0,"damage_taken":0.0,"cards_upgraded":["Eruption"]},{"damage_healed":18.0,"max_hp_gain":0.0,"max_hp_loss":0.0,"gold_gain":0.0,"event_name":"The Cleric","player_choice":"Healed","floor":13.0,"gold_loss":35.0,"damage_taken":0.0},{"damage_healed":0.0,"max_hp_gain":0.0,"max_hp_loss":0.0,"gold_gain":0.0,"event_name":"Drug Dealer","player_choice":"Inject Mutagens","floor":19.0,"gold_loss":0.0,"damage_taken":0.0,"relics_obtained":["MutagenicStrength"]},{"damage_healed":0.0,"max_hp_gain":0.0,"max_hp_loss":0.0,"gold_gain":0.0,"event_name":"Ghosts","player_choice":"Ignored","floor":21.0,"gold_loss":0.0,"damage_taken":0.0},{"damage_healed":0,"gold_gain":0,"player_choice":"Upgraded","damage_taken":0,"max_hp_gain":0,"max_hp_loss":0,"event_name":"Upgrade Shrine","floor":29,"gold_loss":0,"cards_upgraded":["MasterReality"]}],"is_beta":false,"boss_relics":[{"not_picked":["Coffee Dripper","Cursed Key","Runic Dome"]}],"items_purged_floors":[],"is_endless":false,"potions_floor_spawned":[1,2,8,22,27],"killed_by":"Slavers","ascension_level":18}}