{"host":"ez9lh5a3k31ytd04","time":1612075114,"event":{"mods":["Act Like it!","BaseMod","Gensokyo","KomeijiMod","Marisa£®ÏF”Í°°ƒß¿Ì…≥£©","Minty Spire (QoL Compilation)","Reimu£®≤©¿ˆ¡È√Œ£©","Remilia£®¿Ÿ√◊¿Ú—«£©","Replay The Spire","StSLib","Waifu the Spire","Youmu£®ªÍ∆«—˝√Œ£©","Yuyuko","noobMod"],"gold_per_floor":[115,188,188,199,219,252,252,279,279,279,289,16,43,143,143,246,246,262,110,125,125,65,65,65,83,83,93,110,135,135,169,169,306,406,452,452,329,62,62,118,118],"floor_reached":40,"language":"ZHS","playtime":3364,"items_purged":["Strike_YM","Strike_YM"],"score":772,"play_id":"13683e69-2798-4b2a-9be7-9d3b2ce83a14","local_time":"20210131143834","is_ascension_mode":false,"campfire_choices":[{"data":"HellFireSword","floor":7,"key":"SMITH"},{"floor":10,"key":"REST"},{"floor":15,"key":"REST"},{"data":"SwordExtraction","floor":23,"key":"SMITH"},{"data":"FastingOfTheYoungPreta","floor":30,"key":"SMITH"},{"data":"HesitationCuttingSword","floor":32,"key":"SMITH"}],"circlet_count":0,"master_deck":["Defend_YM","Defend_YM","Defend_YM","Defend_YM","SlashOfPresentWorld","WheelOfPainOfLivingAndDead","TwoHundredYojanaInOneSlash","SwordOfBindingDesires","AsTheSilentNirvana","HellFireSword+1","DispleasureOfTheSevenHakus","KarmicPunishmentOfTheIdleAndUnfocused","FlashingScatteredFlowers","SlashOfTheEternalFuture","ThreeKonsSevenHakus","FiveSignsOfTheDyingDeva","SlashOfTheEternalFuture","SwordExtraction","SwordExtraction+1","SlashClearingTheSixSenses+1","TransmigrationSlash","SlashClearingTheSixSenses","FastingOfTheYoungPreta+1","RapidSlash","HesitationCuttingSword+1","SpiderLilyBurial+1","FastingOfTheYoungPreta","TwoHundredYojanaInOneSlash","SlashOfDepartureFromHesitation+1","LifeCuttingSword+1","HiganSword","Looming Evil"],"relics":["HalfPhantom","ice","NeowsBlessing","Replay:Wax Seal","Darkstone Periapt","Prayer Wheel","Counterbalance","Orichalcum","Garlic","ReplayTheSpireMod:DimensionalGlitch","Iron Hammer","Replay:Bandana","Replay:Wanted Poster","GoodDreamPillow","Replay:Baseball","ReplayTheSpireMod:Ring of Collecting"],"acts_visited":["Exordium","TheCity","TheBeyond"],"potions_floor_usage":[6,6,11,16,18,27,28,33,33,35],"damage_taken":[{"damage":0,"enemies":"Jaw Worm","floor":1,"turns":1},{"damage":0,"enemies":"Small Slimes","floor":4,"turns":1},{"damage":0,"enemies":"2 Louse","floor":5,"turns":1},{"damage":8,"enemies":"Gremlin Nob","floor":6,"turns":5},{"damage":34,"enemies":"3 Sentries","floor":8,"turns":14},{"damage":19,"enemies":"2 Fungi Beasts","floor":11,"turns":4},{"damage":14,"enemies":"Gremlin Nob","floor":13,"turns":5},{"damage":12,"enemies":"Slime Boss","floor":16,"turns":5},{"damage":0,"enemies":"2 Thieves","floor":18,"turns":2},{"damage":0,"enemies":"Shell Parasite","floor":20,"turns":2},{"damage":4,"enemies":"Centurion and Healer","floor":25,"turns":4},{"damage":0,"enemies":"Snecko","floor":27,"turns":2},{"damage":0,"enemies":"Snake Plant","floor":28,"turns":4},{"damage":3,"enemies":"Slavers","floor":29,"turns":3},{"damage":0,"enemies":"Shelled Parasite and Fungi","floor":31,"turns":2},{"damage":0,"enemies":"Pondfish","floor":33,"turns":7},{"damage":2,"enemies":"3 Darklings","floor":35,"turns":6},{"damage":115,"enemies":"Giant Head","floor":40,"turns":6}],"seed_played":"1494803868771773864","potions_obtained":[{"floor":1,"key":"Block Potion"},{"floor":2,"key":"Languid Potion"},{"floor":2,"key":"DistilledChaos"},{"floor":8,"key":"AttackPotion"},{"floor":11,"key":"Death Potion"},{"floor":13,"key":"LifebloodPotion"},{"floor":25,"key":"AttackPotion"},{"floor":27,"key":"Cursed Concoction"},{"floor":28,"key":"Energy Potion"},{"floor":31,"key":"Energy Potion"},{"floor":33,"key":"LiquidMemories"}],"is_trial":false,"path_per_floor":["M","?","?","M","M","E","R","E","T","R","M","$","E","?","R","B",null,"M","$","M","?","?","R","$","M","T","M","M","E","R","M","R","B",null,"M","?","?","$","?","E"],"character_chosen":"YOUMU","items_purchased":["ThreeKonsSevenHakus","Orichalcum","SwordExtraction","LifeCuttingSword+1","Replay:Baseball","HiganSword"],"campfire_rested":2,"item_purchase_floors":[12,12,19,38,38,38],"current_hp_per_floor":[75,57,57,57,57,49,49,15,15,37,18,18,4,4,26,14,75,75,75,75,75,75,75,75,71,71,71,71,68,68,68,68,75,75,73,71,71,71,77,15,15],"gold":118,"neow_bonus":"THREE_ENEMY_KILL","is_daily":false,"chose_seed":false,"campfire_upgraded":4,"win_rate":0.0,"timestamp":1612075114,"path_taken":["M","?","?","M","M","E","R","E","T","R","M","$","E","?","R","BOSS","M","$","M","?","?","R","?","M","T","M","?","E","R","M","R","BOSS","M","?","?","$","?","E"],"items_purchased_type":["Card","Relic","Card","Card","Relic","Card"],"build_version":"2020-12-22","purchased_purges":2,"victory":false,"max_hp_per_floor":[75,75,75,75,75,75,75,75,75,75,75,75,75,75,75,75,75,75,75,75,75,75,75,75,75,75,75,75,75,75,75,75,75,75,75,71,71,71,77,87,87],"card_choices":[{"not_picked":["LotusPostureSlash","ConstancyOfTheConventionalTruth"],"picked":"TwoHundredYojanaInOneSlash","floor":1},{"not_picked":["ThoughtCuttingSword","TurningAngelCut"],"picked":"SwordOfBindingDesires","floor":2},{"not_picked":["ThoughtCuttingSword","CrescentMoonSlash"],"picked":"AsTheSilentNirvana","floor":4},{"not_picked":["PhosphoricSlash","FourBirthsSword"],"picked":"HellFireSword","floor":5},{"not_picked":["ConstancyOfTheConventionalTruth","BloodOfAsura"],"picked":"DispleasureOfTheSevenHakus","floor":6},{"not_picked":["PhosphoricSlash","SlashOfAscensionToBuddhahood"],"picked":"KarmicPunishmentOfTheIdleAndUnfocused","floor":8},{"not_picked":["EchoesOfTheInclemencyOfAllBeings","KarmicPunishmentOfTheIdleAndUnfocused"],"picked":"FlashingScatteredFlowers","floor":11},{"not_picked":["CrescentMoonSlash","PhosphoricSlash"],"picked":"SlashOfTheEternalFuture","floor":11},{"not_picked":["ObsessionWithThePresentWorld","LotusPostureSlash"],"picked":"FiveSignsOfTheDyingDeva","floor":13},{"not_picked":["CherryBlossomSword","WickedSoul"],"picked":"SlashOfTheEternalFuture","floor":16},{"not_picked":["AsTheSilentNirvana","PhosphoricSlash"],"picked":"SwordExtraction","floor":18},{"not_picked":["SpiritCuttingSword+1","CrescentMoonSlash","ConstancyOfTheConventionalTruth"],"picked":"SKIP","floor":18},{"not_picked":["ThreeKonsSevenHakus","KarmicPunishmentOfTheIdleAndUnfocused"],"picked":"SlashClearingTheSixSenses+1","floor":20},{"not_picked":["ConstancyOfTheConventionalTruth","SpiritCuttingSword","LightFlashOfTheNetherworld"],"picked":"SKIP","floor":20},{"not_picked":["FlashingScatteredFlowers","SlashOfMeditation"],"picked":"FastingOfTheYoungPreta","floor":25},{"not_picked":["BloodOfAsura","TransmigrationSlash+1","ThoughtCuttingSword"],"picked":"SKIP","floor":25},{"not_picked":["GhostSword","CherryBlossomFlashing"],"picked":"RapidSlash","floor":27},{"not_picked":["ConstancyOfTheConventionalTruth","RapidSlash+1","HiganSword"],"picked":"SKIP","floor":27},{"not_picked":["FourBirthsSword","ThreeKonsSevenHakus+1","PretaSword+1"],"picked":"SKIP","floor":28},{"not_picked":["CrescentMoonSlash+1","DispleasureOfTheSevenHakus","TwoHundredYojanaInOneSlash"],"picked":"SKIP","floor":28},{"not_picked":["AsTheSilentNirvana","TurningAngelCut"],"picked":"HesitationCuttingSword","floor":29},{"not_picked":["HumanGodSword","SwordOfBindingDesires"],"picked":"SpiderLilyBurial+1","floor":31},{"not_picked":["CrescentMoonSlash+1","TurningAngelCut","RapidSlash"],"picked":"SKIP","floor":31},{"not_picked":["ReincarnationSword","GreatEnlightenmentAppearingAndDisappearing"],"picked":"FastingOfTheYoungPreta","floor":33},{"not_picked":["AsTheSilentNirvana+1","HellGodSword"],"picked":"TwoHundredYojanaInOneSlash","floor":35},{"not_picked":["SlashOfMeditation","LowerRealmReflectionSlash"],"picked":"SlashOfDepartureFromHesitation+1","floor":35}],"player_experience":41826,"relics_obtained":[{"floor":2,"key":"Replay:Wax Seal"},{"floor":6,"key":"Darkstone Periapt"},{"floor":8,"key":"Prayer Wheel"},{"floor":9,"key":"Counterbalance"},{"floor":13,"key":"Garlic"},{"floor":26,"key":"Iron Hammer"},{"floor":29,"key":"Replay:Bandana"},{"floor":39,"key":"ReplayTheSpireMod:Ring of Collecting"}],"event_choices":[{"damage_healed":0,"gold_gain":0,"player_choice":"Ignored","damage_taken":0,"max_hp_gain":0,"max_hp_loss":0,"event_name":"Liars Game","floor":3,"gold_loss":0},{"damage_healed":0,"gold_gain":100,"player_choice":"Pray","damage_taken":0,"max_hp_gain":0,"max_hp_loss":0,"event_name":"Golden Shrine","floor":14,"gold_loss":0},{"damage_healed":0,"gold_gain":0,"cards_transformed":["Strike_YM","Strike_YM"],"player_choice":"Became Test Subject","damage_taken":0,"max_hp_gain":0,"max_hp_loss":0,"event_name":"Drug Dealer","floor":21,"gold_loss":0,"cards_obtained":["TransmigrationSlash","SlashClearingTheSixSenses"]},{"damage_healed":0,"gold_gain":0,"player_choice":"Max HP","damage_taken":0,"max_hp_gain":0,"max_hp_loss":4,"event_name":"Winding Halls","floor":36,"gold_loss":0}],"is_beta":false,"boss_relics":[{"not_picked":["Snecko Eye","Ring of Chaos"],"picked":"ReplayTheSpireMod:DimensionalGlitch"},{"not_picked":["RedLine:ReiMu","MiniYoumu"],"picked":"Replay:Wanted Poster"}],"items_purged_floors":[12,19],"is_endless":false,"potions_floor_spawned":[1,8,11,13,25,27,28,31,33],"killed_by":"Giant Head","ascension_level":0}}