{"host":"c1ih99nde5rm1bm8","time":1612068156,"event":{"mods":["ATMod(∞¢Ë™Mod)","Act Like it!","BaseMod","Colored Powertips","FoggyMod","Gensokyo","Highlight Path","Marisa£®ÏF”Í°°ƒß¿Ì…≥£©","Minty Spire (QoL Compilation)","MostiFishMod","Quick Restart","Reimu£®≤©¿ˆ¡È√Œ£©","Remilia£®¿Ÿ√◊¿Ú—«£©","Replay The Spire","StSLib","UnlockEverythingMod","Waifu the Spire","Youmu£®ªÍ∆«—˝√Œ£©","Yuri Mod","noobMod","°æ“≈ŒÔø®≈∆°øREMEMod"],"gold_per_floor":[112,112,378,378,453,628,463,463,490,490,502,574,71,71,71,170,170,184,184,208,208,208,240,240,240,267,267,267,302,361,361,361,462,462,80,5939,5834,5834,5834,4970,5194,4770,5024,4860,4860,5087,5053,4157,4157,4091,4091,4091,3128,3077,2817],"floor_reached":56,"language":"ZHS","playtime":1637,"items_purged":["Strike_R","Defend_R","Strike_R","Strike_R","Defend_R"],"score":1752,"play_id":"12e66875-7fc4-4f0a-9f34-8d1fd1dd3af0","local_time":"20210131124236","is_ascension_mode":false,"campfire_choices":[{"floor":8.0,"key":"RECALL"},{"floor":15.0,"key":"REST"},{"data":"MostiFishMod:OneDayCity","floor":24.0,"key":"SMITH"},{"floor":32,"key":"REST"},{"data":"Offering","floor":52,"key":"SMITH"}],"circlet_count":0,"master_deck":["Strike_R","Defend_R","REME_PuzzleBox+1","AT_DrawKnifeCut","Thunderclap","Sever Soul","Eclipse+1","Eruption","Doubt","Anger","MostiFishMod:#F4004","MostiFishMod:OneDayCity+1","Tantrum","Offering+1","Wild Strike+1","Pummel","Pride","Corruption","Pommel Strike","AT_DrawKnifeCut+1","Flex","Replay:Many Hands","ReplayTheSpireMod:IOU","ReplayTheSpireMod:IOU","ReplayTheSpireMod:IOU","ReplayTheSpireMod:IOU","Life Link","Cleave","Anger","Crow Ritual","AT_PowerWithin+1","Entrench","Madness","Madness","Flame Barrier","Demon Form","Doubt","Bloodletting+1","Sickly","yuri:RhapsodyCurse","Blood for Blood+1","Discovery","AT_GerminateFire","MostiFishMod:CullingBlade","AT_BreakingExtremeWeapon","Flex+1","Sever Soul","Looming Evil","Demon Form","Massacre"],"relics":["DaveBox","ice","REME_ComplimentaryCards","AT_ATBox","NightmareShop","NeowsBlessing","SynthV:TestCard","Replay:Wax Seal","Toolbox","Replay:Kaleidoscope","Replay:M_SmolderingBlood","MostiFishMod:Haymaker","Tiny Chest","Lantern","Replay:Accelerometer","ExusiaiGun","GreatHeart","Happy Flower","Divine Protection","ReplayTheSpireMod:TigerMarble","Nilry\u0027s Codex","Durian","REME_HourglassOfDeath","AT_BellDemon","Bronze Scales","Replay:Grab Bag","Ooze Armor","Cursed Key","REME_DemonsWealth","Bird Faced Urn","Anchor","Replay:Bandana","Brimstone","DianDianMeat","AT_GoldPhoenixTree","Regal Pillow","King of Hearts","REME_HandOfSuture","CatCart","Onion Ring","Red Skull","HornCleat","MealTicket","Replay:Baseball","Boot","MostiFishMod:AdaptiveDefenses","AT_TimeSand","Orichalcum","War Paint","Eternal Feather","Orrery","Sundial","RuthlessExorcism:ReiMu"],"acts_visited":["Exordium","TheCity","TheBeyond","TheEnding"],"potions_floor_usage":[33,33,40,50,50,55,55,55],"damage_taken":[{"damage":0.0,"enemies":"Jaw Worm","floor":1.0,"turns":1.0},{"damage":0.0,"enemies":"Lagavulin","floor":7.0,"turns":1.0},{"damage":0.0,"enemies":"Cultist","floor":11.0,"turns":1.0},{"damage":65.0,"enemies":"Hexaghost","floor":16.0,"turns":4.0},{"damage":0.0,"enemies":"Chosen","floor":18.0,"turns":2.0},{"damage":0.0,"enemies":"3 Byrds","floor":20.0,"turns":1.0},{"damage":0.0,"enemies":"Replay:Snechameleon","floor":23.0,"turns":1.0},{"damage":0,"enemies":"REME_1_Revenger","floor":29,"turns":1},{"damage":36,"enemies":"Champ","floor":33,"turns":4},{"damage":0,"enemies":"Orb Walker","floor":35,"turns":1},{"damage":0,"enemies":"2 Orb Walkers","floor":37,"turns":1},{"damage":114,"enemies":"Nemesis","floor":40,"turns":5},{"damage":0,"enemies":"Orin","floor":42,"turns":3},{"damage":0,"enemies":"3 Darklings","floor":44,"turns":2},{"damage":0,"enemies":"R_Hoarder","floor":47,"turns":2},{"damage":131,"enemies":"Time Eater","floor":50,"turns":3},{"damage":0,"enemies":"Shield and Spear","floor":54,"turns":1},{"damage":251,"enemies":"The Heart","floor":55,"turns":4}],"seed_played":"4928494177989098778","potions_obtained":[{"floor":7.0,"key":"Explosive Potion"},{"floor":11.0,"key":"Swift Potion"},{"floor":16.0,"key":"Block Potion"},{"floor":18.0,"key":"LiquidMemories"},{"floor":29,"key":"Death Potion"},{"floor":37,"key":"BlessingOfTheForge"},{"floor":40,"key":"SpeedPotion"},{"floor":44,"key":"BlessingOfTheForge"},{"floor":54,"key":"AttackPotion"}],"is_trial":false,"path_per_floor":["M","?","$","?","?","?","E","R","T","T","M","?","$","T","R","B",null,"M","?","M","?","T","E","R","M","T","?","?","E","?","T","R","B",null,"M","$","?","?","?","E","T","?","T","M","?","T","E","$","R","B",null,"R","$","E","B",null],"character_chosen":"IRONCLAD","items_purchased":["Replay:Wax Seal","Toolbox","Replay:Kaleidoscope","Sever Soul","Eclipse","MostiFishMod:OneDayCity","Lantern","Tantrum","Anchor","Replay:Bandana","Brimstone","Life Link","Cleave","Anger","Crow Ritual","AT_PowerWithin","Discovery","AT_GerminateFire","MostiFishMod:AdaptiveDefenses","AT_TimeSand","Orichalcum","Elixir","War Paint","Eternal Feather","MostiFishMod:CullingBlade","AT_BreakingExtremeWeapon","Fire Potion","ZuzhouPotion:ReiMu","Orrery"],"campfire_rested":2,"item_purchase_floors":[3,3,3,3,3,13,13,13,36,36,36,36,36,36,36,36,48,48,48,48,48,48,53,53,53,53,53,53,53],"current_hp_per_floor":[80,80,80,80,69,69,69,69,69,69,69,69,69,69,80,15,80,80,80,80,80,80,80,80,65,65,49,77,82,46,46,73,37,90,90,90,91,83,87,63,69,76,84,88,88,97,107,145,171,47,177,177,289,289,64],"gold":2817,"neow_bonus":"THREE_ENEMY_KILL","is_daily":false,"chose_seed":false,"campfire_upgraded":2,"win_rate":0.0,"timestamp":1612068156,"path_taken":["M","?","?","?","?","?","E","R","T","?","?","?","$","?","R","BOSS","M","?","?","?","?","E","R","?","T","?","?","E","?","?","R","BOSS","M","$","?","?","?","E","?","?","T","?","?","?","E","?","R","BOSS","R","$","E","BOSS"],"items_purchased_type":["Relic","Relic","Relic","Card","Card","Card","Relic","Card","Relic","Relic","Relic","Card","Card","Card","Card","Card","Card","Card","Relic","Relic","Relic","Potion","Relic","Relic","Card","Card","Potion","Potion","Relic"],"build_version":"2020-12-22","purchased_purges":5,"victory":true,"max_hp_per_floor":[80,80,80,80,80,80,80,80,80,80,80,80,80,80,80,80,80,80,80,80,80,80,80,80,85,85,85,85,90,90,90,90,90,90,90,90,91,96,100,106,112,121,129,129,129,138,148,171,171,177,177,177,289,289,333],"card_choices":[{"not_picked":["Clothesline","Havoc"],"picked":"Thunderclap","floor":1.0},{"not_picked":["Rampage","Evolve","Inflame","Spot Weakness"],"picked":"Anger","floor":7.0},{"not_picked":["Second Wind","Wild Strike","Sever Soul","Body Slam"],"picked":"MostiFishMod:#F4004","floor":11.0},{"not_picked":["Brutality","Double Tap","Immolate","REME_TheLastStrike"],"picked":"Offering","floor":16.0},{"not_picked":["Body Slam","ReplayReversal","Flame Barrier","Run Through"],"picked":"Wild Strike+1","floor":18.0},{"not_picked":["Clash","Body Slam","ReplayReversal","ReplayTheSpireMod:Muscle Training+1"],"picked":"Pummel","floor":20.0},{"not_picked":["Twin Strike","AT_CaressingTears+1","Shrug It Off","Wild Strike"],"picked":"Corruption","floor":23.0},{"not_picked":["Havoc","Rampage","Burning Pact","Juggernaut"],"picked":"Pommel Strike","floor":29},{"not_picked":["Dark Embrace","ReplayTheSpireMod:Strike From Hell","REME_FearOfPain","Pommel Strike"],"picked":"AT_DrawKnifeCut+1","floor":30},{"not_picked":["Twin Strike","Replay:Undeath\u0027s Touch","Pommel Strike","AT_DrawKnifeCut"],"picked":"Flex","floor":30},{"not_picked":["MostiFishMod:FlyOverUtopia","Double Tap","MostiFishMod:OrdinaryWorld","MostiFishMod:Mania"],"picked":"Replay:Many Hands","floor":33},{"not_picked":["Sword Boomerang","True Grit","Wild Strike+1","REME_FearOfPain+1","Metallicize","Replay:Hysterical Blindness"],"picked":"SKIP","floor":35},{"not_picked":["Burning Pact","Wild Strike","Abandon+1","True Grit+1","Gensokyo:AllTheWorldsEvil"],"picked":"Entrench","floor":37},{"not_picked":["Anger","Clothesline","AT_GerminateFire+1","Warcry","ReplayTheSpireMod:IOU"],"picked":"Demon Form","floor":40},{"not_picked":["Metallicize","Anger+1","True Grit+1","Body Slam+1","Delirium"],"picked":"Bloodletting+1","floor":42},{"not_picked":["Thunderclap+1","Clothesline+1","ReplayTheSpireMod:Corrosion Curse+1","Shrug It Off+1","Twin Strike+1","Pain"],"picked":"SKIP","floor":44},{"not_picked":["ReplayTheSpireMod:Limb From Limb","Massacre","Iron Wave+1","Run Through+1","Replay:Sluggish"],"picked":"Blood for Blood+1","floor":47},{"not_picked":["Life Link","True Grit+1","Havoc+1","Body Slam+1","Writhe"],"picked":"Flex+1","floor":53},{"not_picked":["Carnage+1","MostiFishMod:#F4004+1","Flame Barrier","Immolate","Gensokyo:AllTheWorldsEvil"],"picked":"Sever Soul","floor":53},{"not_picked":["Body Slam","Power Through+1","Sword Boomerang+1","Wild Strike","Inflame+1"],"picked":"Looming Evil","floor":53},{"not_picked":["Run Through","Anger","Clash+1","Burning Pact","Delirium"],"picked":"Demon Form","floor":53},{"not_picked":["Perfected Strike","Heavy Blade","ReplayTheSpireMod:Limb From Limb+1","ReplayTheSpireMod:Strike From Hell","Parasite"],"picked":"Massacre","floor":53},{"not_picked":["Run Through+1","Sword Boomerang+1","Anger","Cleave","AT_BodySlamDance+1","Writhe"],"picked":"SKIP","floor":54}],"player_experience":54701,"relics_obtained":[{"floor":1.0,"key":"SynthV:TestCard"},{"floor":7.0,"key":"MostiFishMod:Haymaker"},{"floor":9.0,"key":"Tiny Chest"},{"floor":14.0,"key":"Replay:Accelerometer"},{"floor":22.0,"key":"Happy Flower"},{"floor":23.0,"key":"Divine Protection"},{"floor":26,"key":"ReplayTheSpireMod:TigerMarble"},{"floor":27,"key":"Nilry\u0027s Codex"},{"floor":29,"key":"Durian"},{"floor":30,"key":"REME_HourglassOfDeath"},{"floor":31,"key":"AT_BellDemon"},{"floor":33,"key":"Bronze Scales"},{"floor":35,"key":"Bird Faced Urn"},{"floor":37,"key":"DianDianMeat"},{"floor":37,"key":"AT_GoldPhoenixTree"},{"floor":40,"key":"Regal Pillow"},{"floor":40,"key":"King of Hearts"},{"floor":41,"key":"REME_HandOfSuture"},{"floor":42,"key":"CatCart"},{"floor":42,"key":"Onion Ring"},{"floor":43,"key":"Red Skull"},{"floor":44,"key":"HornCleat"},{"floor":46,"key":"MealTicket"},{"floor":47,"key":"Replay:Baseball"},{"floor":47,"key":"Boot"},{"floor":54,"key":"Sundial"},{"floor":54,"key":"RuthlessExorcism:ReiMu"}],"event_choices":[{"damage_healed":0.0,"max_hp_gain":0.0,"max_hp_loss":0.0,"gold_gain":0.0,"event_name":"The Woman in Blue","player_choice":"Bought 0 Potions","floor":2.0,"gold_loss":0.0,"damage_taken":0.0},{"damage_healed":0.0,"max_hp_gain":0.0,"max_hp_loss":0.0,"gold_gain":75.0,"event_name":"World of Goop","player_choice":"Gather Gold","floor":5.0,"gold_loss":0.0,"damage_taken":11.0},{"damage_healed":0.0,"max_hp_gain":0.0,"max_hp_loss":0.0,"gold_gain":175.0,"event_name":"Liars Game","player_choice":"AGREE","floor":6.0,"gold_loss":0.0,"damage_taken":0.0,"cards_obtained":["Doubt"]},{"damage_healed":0.0,"max_hp_gain":0.0,"max_hp_loss":0.0,"gold_gain":72.0,"event_name":"Golden Wing","player_choice":"Gained Gold","floor":12.0,"gold_loss":0.0,"damage_taken":0.0},{"cards_removed":["Strike_R"],"damage_healed":0.0,"max_hp_gain":0.0,"max_hp_loss":0.0,"gold_gain":0.0,"event_name":"Bonfire Elementals","player_choice":"Offered Basic","floor":19.0,"gold_loss":0.0,"damage_taken":0.0},{"damage_healed":0,"gold_gain":0,"player_choice":"Shed Blood","damage_taken":20,"max_hp_gain":5,"max_hp_loss":0,"event_name":"Forgotten Altar","floor":25,"gold_loss":0},{"damage_healed":0,"gold_gain":0,"player_choice":"Obtained Book","damage_taken":16,"max_hp_gain":0,"max_hp_loss":0,"event_name":"Cursed Tome","floor":27,"gold_loss":0},{"damage_healed":28,"gold_gain":0,"player_choice":"Heal","damage_taken":0,"max_hp_gain":0,"max_hp_loss":0,"event_name":"The Library","floor":28,"gold_loss":0},{"damage_healed":0,"gold_gain":0,"player_choice":"Fight","damage_taken":0,"max_hp_gain":0,"max_hp_loss":0,"event_name":"Mysterious Sphere","floor":37,"gold_loss":0},{"damage_healed":0,"gold_gain":0,"player_choice":"Embrace Madness","damage_taken":11,"max_hp_gain":0,"max_hp_loss":0,"event_name":"Winding Halls","floor":38,"gold_loss":0,"cards_obtained":["Madness","Madness"]},{"damage_healed":0,"gold_gain":0,"cards_transformed":["Defend_R"],"player_choice":"Transformed","damage_taken":0,"max_hp_gain":0,"max_hp_loss":0,"event_name":"Transmorgrifier","floor":39,"gold_loss":0,"cards_obtained":["Flame Barrier"]},{"damage_healed":0,"gold_gain":0,"player_choice":"Fight","damage_taken":0,"max_hp_gain":0,"max_hp_loss":0,"event_name":"OrinTheCat","floor":42,"gold_loss":0},{"damage_healed":0,"gold_gain":0,"player_choice":"Ignored","damage_taken":0,"max_hp_gain":0,"max_hp_loss":0,"event_name":"Tomb of Lord Red Mask","floor":45,"gold_loss":0}],"is_beta":false,"boss_relics":[{"not_picked":["Replay:Wanted Poster","RhineFirstAidKit"],"picked":"ExusiaiGun"},{"not_picked":["Calling Bell","Replay:Bronze Core"],"picked":"Replay:Grab Bag"},{"not_picked":["Runic Dome","Coffee Dripper"],"picked":"Ooze Armor"},{"not_picked":["Fusion Hammer","Velvet Choker"],"picked":"Cursed Key"},{"not_picked":["FixedStarFall","Honey Jar"],"picked":"REME_DemonsWealth"}],"items_purged_floors":[3,13,36,48,53],"is_endless":false,"potions_floor_spawned":[7,11,16,18,29,37,40,44,54],"ascension_level":0}}