{"host":"6xsbn6ynqlzwllfm","time":1612057874,"event":{"mods":["2.2 Compatiblity","BaseMod","Bestiary","Colored Map","Colored Powertips","Curses Come First","Highlight Path","Keyboard Shortcuts","Minty Spire (QoL Compilation)","Relic Stats","Slay the Relics Exporter","StSLib","SuperFastMode"],"gold_per_floor":[119,119,138,157,175,175,209,209,209,244,244,262,262,21,21,99,99,111,129,129,148,168,195,245,245,245,255,283,295,325,342,342,342,342],"floor_reached":33,"language":"ENG","playtime":1187,"items_purged":["Pain"],"score":738,"play_id":"86676097-a621-4eaf-b792-08062cebe43e","local_time":"20210130205114","is_ascension_mode":true,"campfire_choices":[{"data":"CrushJoints","floor":6.0,"key":"SMITH"},{"floor":8.0,"key":"REST"},{"floor":13,"key":"REST"},{"data":"WaveOfTheHand","floor":15,"key":"SMITH"},{"floor":25,"key":"REST"},{"floor":32,"key":"REST"}],"circlet_count":0,"master_deck":["AscendersBane","Strike_P","Strike_P","Strike_P","Strike_P","Defend_P","Defend_P","Defend_P","Defend_P","Eruption","Vigilance","WaveOfTheHand+1","CrushJoints+1","Study","EmptyBody","FlyingSleeves","FlurryOfBlows","ReachHeaven","Omniscience","Protect+1","FlyingSleeves","Protect","Sanctity","LikeWater","Scrawl","Pray+1","Adaptation+1","Evaluate+1"],"relics":["Runic Dome","Mummified Hand","Mango","FossilizedHelix","WarpedTongs","Sling","Fusion Hammer","White Beast Statue","Matryoshka","Gambling Chip","Darkstone Periapt"],"acts_visited":["Exordium","TheCity"],"potions_floor_usage":[21,27,29,30,30,33],"damage_taken":[{"damage":3.0,"enemies":"2 Louse","floor":1.0,"turns":2.0},{"damage":10.0,"enemies":"Small Slimes","floor":3.0,"turns":5.0},{"damage":0.0,"enemies":"Cultist","floor":4.0,"turns":3.0},{"damage":25.0,"enemies":"2 Fungi Beasts","floor":5.0,"turns":5.0},{"damage":0.0,"enemies":"Lagavulin","floor":7.0,"turns":3.0},{"damage":32.0,"enemies":"Gremlin Nob","floor":10.0,"turns":4.0},{"damage":11,"enemies":"Lots of Slimes","floor":12,"turns":3},{"damage":19,"enemies":"The Guardian","floor":16,"turns":9},{"damage":0,"enemies":"Chosen","floor":18,"turns":4},{"damage":6,"enemies":"2 Thieves","floor":19,"turns":3},{"damage":0,"enemies":"Snecko","floor":21,"turns":3},{"damage":24,"enemies":"Snake Plant","floor":22,"turns":5},{"damage":0,"enemies":"Book of Stabbing","floor":23,"turns":4},{"damage":0,"enemies":"Cultist and Chosen","floor":27,"turns":3},{"damage":16,"enemies":"Gremlin Leader","floor":28,"turns":7},{"damage":19,"enemies":"Centurion and Healer","floor":29,"turns":4},{"damage":12,"enemies":"Slavers","floor":30,"turns":9},{"damage":7,"enemies":"Chosen and Byrds","floor":31,"turns":7},{"damage":45,"enemies":"Champ","floor":33,"turns":11}],"seed_played":"4084333830226306391","potions_obtained":[{"floor":1.0,"key":"AttackPotion"},{"floor":7.0,"key":"LiquidBronze"},{"floor":19,"key":"Energy Potion"},{"floor":22,"key":"BottledMiracle"},{"floor":27,"key":"Weak Potion"},{"floor":28,"key":"SkillPotion"},{"floor":29,"key":"Regen Potion"},{"floor":30,"key":"SteroidPotion"},{"floor":31,"key":"Block Potion"}],"is_trial":false,"path_per_floor":["M","?","M","M","M","R","E","R","T","E","?","M","R","$","R","B",null,"M","M","?","M","M","E","?","R","T","M","E","M","E","M","R","B"],"character_chosen":"WATCHER","items_purchased":["Sling"],"campfire_rested":4,"item_purchase_floors":[14],"current_hp_per_floor":[58,58,48,48,23,23,23,43,57,25,25,14,38,38,38,19,66,66,60,60,60,36,36,36,60,60,60,44,25,28,21,45,0,0],"gold":342,"neow_bonus":"BOSS_RELIC","is_daily":false,"chose_seed":false,"campfire_upgraded":2,"win_rate":0.0,"timestamp":1612057874,"path_taken":["M","?","M","M","M","R","E","R","T","E","?","M","R","$","R","BOSS","M","M","?","M","M","E","?","R","T","M","E","M","E","?","R","BOSS"],"items_purchased_type":["Relic"],"build_version":"2020-12-22","purchased_purges":1,"victory":false,"max_hp_per_floor":[68,68,68,68,68,68,68,68,82,82,82,82,82,82,82,82,82,82,82,82,82,82,82,82,82,82,82,82,82,82,82,82,82,82],"relic_stats":{"Darkstone Periapt":0,"counters":[19,94],"Mummified Hand":[20],"Gambling Chip":[6],"obtain_stats":[{"Darkstone Periapt":30,"Runic Dome":0,"Matryoshka":26,"Mummified Hand":7,"Gambling Chip":28,"Mango":9,"Fusion Hammer":17,"PureWater":0,"Sling":14,"FossilizedHelix":10,"White Beast Statue":23,"WarpedTongs":11},{"Darkstone Periapt":17,"Runic Dome":0,"Matryoshka":13,"Mummified Hand":5,"Gambling Chip":15,"Mango":5,"Fusion Hammer":8,"PureWater":0,"Sling":7,"FossilizedHelix":6,"White Beast Statue":13,"WarpedTongs":6},{"Darkstone Periapt":76,"Runic Dome":0,"Matryoshka":53,"Mummified Hand":18,"Gambling Chip":63,"Mango":18,"Fusion Hammer":34,"PureWater":0,"Sling":25,"FossilizedHelix":22,"White Beast Statue":53,"WarpedTongs":22}],"WarpedTongs":[72]},"card_choices":[{"not_picked":["Pray","WreathOfFlame"],"picked":"WaveOfTheHand","floor":1.0},{"not_picked":["BowlingBash","Prostrate"],"picked":"CrushJoints","floor":3.0},{"not_picked":["JustLucky","PathToVictory"],"picked":"Study","floor":4.0},{"not_picked":["Perseverance","Crescendo"],"picked":"EmptyBody","floor":5.0},{"not_picked":["Protect","Alpha"],"picked":"FlyingSleeves","floor":7.0},{"not_picked":["Crescendo","ClearTheMind"],"picked":"FlurryOfBlows","floor":10.0},{"not_picked":["DevaForm","Evaluate"],"picked":"ReachHeaven","floor":12},{"not_picked":["Wish","Judgement"],"picked":"Omniscience","floor":16},{"not_picked":["FollowUp","BowlingBash"],"picked":"Protect+1","floor":18},{"not_picked":["BowlingBash","Consecrate"],"picked":"FlyingSleeves","floor":19},{"not_picked":["Prostrate","SashWhip"],"picked":"Protect","floor":21},{"not_picked":["FlurryOfBlows","FlyingSleeves","JustLucky"],"picked":"SKIP","floor":22},{"not_picked":["Evaluate","Study"],"picked":"Sanctity","floor":23},{"not_picked":["Study","Prostrate"],"picked":"LikeWater","floor":27},{"not_picked":["ThirdEye","CutThroughFate"],"picked":"Scrawl","floor":28},{"not_picked":["WaveOfTheHand","EmptyFist"],"picked":"Pray+1","floor":29},{"not_picked":["Sanctity","JustLucky"],"picked":"Adaptation+1","floor":30},{"not_picked":["WreathOfFlame","EmptyFist"],"picked":"Evaluate+1","floor":31}],"player_experience":1313371,"relics_obtained":[{"floor":7.0,"key":"Mummified Hand"},{"floor":9.0,"key":"Mango"},{"floor":10.0,"key":"FossilizedHelix"},{"floor":23,"key":"White Beast Statue"},{"floor":26,"key":"Matryoshka"},{"floor":28,"key":"Gambling Chip"},{"floor":30,"key":"Darkstone Periapt"}],"event_choices":[{"damage_healed":0.0,"max_hp_gain":0.0,"max_hp_loss":0.0,"gold_gain":0.0,"event_name":"Liars Game","player_choice":"Ignored","floor":2.0,"gold_loss":0.0,"damage_taken":0.0},{"damage_healed":0.0,"max_hp_gain":0.0,"max_hp_loss":0.0,"gold_gain":0.0,"event_name":"Accursed Blacksmith","player_choice":"Rummage","floor":11.0,"gold_loss":0.0,"damage_taken":0.0,"relics_obtained":["WarpedTongs"],"cards_obtained":["Pain"]},{"damage_healed":0,"gold_gain":0,"player_choice":"Ignored","damage_taken":0,"max_hp_gain":0,"max_hp_loss":0,"event_name":"Vampires","floor":20,"gold_loss":0},{"damage_healed":0,"gold_gain":50,"player_choice":"Pray","damage_taken":0,"max_hp_gain":0,"max_hp_loss":0,"event_name":"Golden Shrine","floor":24,"gold_loss":0}],"is_beta":false,"boss_relics":[{"not_picked":["SlaversCollar","Empty Cage"],"picked":"Fusion Hammer"}],"items_purged_floors":[14],"is_endless":false,"potions_floor_spawned":[1,7,19,22,27,28,29,30,31],"killed_by":"Champ","ascension_level":20}}