{"host":"6xsbn6ynqlzwllfm","time":1612126482,"event":{"mods":["2.2 Compatiblity","BaseMod","Bestiary","Colored Map","Colored Powertips","Curses Come First","Highlight Path","Keyboard Shortcuts","Minty Spire (QoL Compilation)","Relic Stats","Slay the Relics Exporter","StSLib","SuperFastMode"],"gold_per_floor":[113,71,88,163,78,110,110,110,110],"floor_reached":8,"language":"ENG","playtime":196,"items_purged":[],"score":108,"play_id":"1da34bb1-eba5-4e74-ba40-4f838fc2a698","local_time":"20210131155442","is_ascension_mode":true,"campfire_choices":[{"floor":7,"key":"REST"}],"circlet_count":0,"master_deck":["AscendersBane","Strike_P","Strike_P","Strike_P","Strike_P","Defend_P","Defend_P","Defend_P","Defend_P","Eruption","Vigilance","EmptyFist","SandsOfTime","EmptyBody","MentalFortress","DeceiveReality"],"relics":["PureWater","Peace Pipe"],"acts_visited":["Exordium"],"potions_floor_usage":[6],"damage_taken":[{"damage":7,"enemies":"Cultist","floor":1,"turns":3},{"damage":11,"enemies":"2 Louse","floor":3,"turns":2},{"damage":51,"enemies":"3 Sentries","floor":6,"turns":14},{"damage":36,"enemies":"Lagavulin","floor":8,"turns":7}],"seed_played":"-3675608059178459264","potions_obtained":[{"floor":3,"key":"Regen Potion"}],"is_trial":false,"path_per_floor":["M","$","M","?","$","E","R","E"],"character_chosen":"WATCHER","items_purchased":["SandsOfTime","MentalFortress"],"campfire_rested":1,"item_purchase_floors":[2,5],"current_hp_per_floor":[60,60,49,38,38,2,24,0,0],"gold":110,"neow_bonus":"TEN_PERCENT_HP_BONUS","is_daily":false,"chose_seed":false,"campfire_upgraded":0,"win_rate":0.0,"timestamp":1612126482,"path_taken":["M","?","M","?","?","E","R","E"],"items_purchased_type":["Card","Card"],"build_version":"2020-12-22","purchased_purges":0,"victory":false,"max_hp_per_floor":[74,74,74,74,74,74,74,74,74],"relic_stats":{"Peace Pipe":0,"counters":[4,26],"obtain_stats":[{"Peace Pipe":6,"PureWater":0},{"Peace Pipe":3,"PureWater":0},{"Peace Pipe":19,"PureWater":0}]},"card_choices":[{"not_picked":["ThirdEye","WaveOfTheHand"],"picked":"EmptyFist","floor":1},{"not_picked":["ClearTheMind","Protect"],"picked":"EmptyBody","floor":3},{"not_picked":["FlyingSleeves","Evaluate"],"picked":"DeceiveReality","floor":6}],"player_experience":1369760,"relics_obtained":[{"floor":6,"key":"Peace Pipe"}],"event_choices":[{"damage_healed":0,"gold_gain":75,"player_choice":"Gather Gold","damage_taken":11,"max_hp_gain":0,"max_hp_loss":0,"event_name":"World of Goop","floor":4,"gold_loss":0}],"is_beta":false,"boss_relics":[],"items_purged_floors":[],"is_endless":false,"potions_floor_spawned":[3],"killed_by":"Lagavulin","ascension_level":20}}