{"host":"x5w9zppki4gdwvc7","time":1612127436,"event":{"mods":["AchievementEnabler","BaseMod","Colored Powertips","DeckTracker","Minty Spire (QoL Compilation)","Relic Sorter","SuperFastMode"],"gold_per_floor":[114,189,204,219,219,219,249,249,249,249,249],"floor_reached":10,"language":"ENG","playtime":366,"items_purged":[],"score":76,"play_id":"48a55a7d-0ccb-456f-a40f-114c6dc54292","local_time":"20210131221036","is_ascension_mode":true,"campfire_choices":[{"data":"True Grit","floor":6,"key":"SMITH"},{"data":"Armaments","floor":8,"key":"SMITH"}],"circlet_count":0,"master_deck":["Strike_R","Strike_R","Strike_R","Strike_R","Strike_R","Defend_R","Defend_R","Defend_R+1","Defend_R","Bash+1","Purity","True Grit+1","Armaments+1"],"relics":["Burning Blood","FossilizedHelix","Pantograph"],"acts_visited":["Exordium"],"potions_floor_usage":[],"damage_taken":[{"damage":0,"enemies":"2 Louse","floor":1,"turns":3},{"damage":13,"enemies":"Jaw Worm","floor":3,"turns":4},{"damage":0,"enemies":"Small Slimes","floor":4,"turns":3},{"damage":49,"enemies":"3 Sentries","floor":7,"turns":14},{"damage":20,"enemies":"Lagavulin","floor":10,"turns":3}],"seed_played":"-2941249833331806581","potions_obtained":[{"floor":3,"key":"Energy Potion"}],"is_trial":false,"path_per_floor":["M","?","M","M","?","R","E","R","T","E"],"character_chosen":"IRONCLAD","items_purchased":[],"campfire_rested":0,"item_purchase_floors":[],"current_hp_per_floor":[80,69,62,68,52,52,9,9,9,0,0],"gold":249,"neow_bonus":"RANDOM_COLORLESS","is_daily":false,"chose_seed":false,"campfire_upgraded":2,"win_rate":0.0,"timestamp":1612127436,"path_taken":["M","?","M","M","?","R","E","R","T","E"],"items_purchased_type":[],"build_version":"2020-12-22","purchased_purges":0,"victory":false,"max_hp_per_floor":[80,80,80,80,80,80,80,80,80,80,80],"card_choices":[{"not_picked":["Deep Breath","Forethought"],"picked":"Purity","floor":0},{"not_picked":["Anger","Headbutt"],"picked":"True Grit","floor":1},{"not_picked":["Warcry","Thunderclap"],"picked":"Armaments","floor":3},{"not_picked":["True Grit","Power Through","Thunderclap"],"picked":"SKIP","floor":4},{"not_picked":["Hemokinesis","Exhume","Disarm"],"picked":"SKIP","floor":7}],"player_experience":342701,"relics_obtained":[{"floor":7,"key":"FossilizedHelix"},{"floor":9,"key":"Pantograph"}],"event_choices":[{"damage_healed":0,"gold_gain":75,"player_choice":"Gather Gold","damage_taken":11,"max_hp_gain":0,"max_hp_loss":0,"event_name":"World of Goop","floor":2,"gold_loss":0},{"damage_healed":0,"gold_gain":0,"player_choice":"Entered Light","damage_taken":16,"max_hp_gain":0,"max_hp_loss":0,"event_name":"Shining Light","floor":5,"gold_loss":0,"cards_upgraded":["Bash","Defend_R"]}],"is_beta":false,"boss_relics":[],"items_purged_floors":[],"is_endless":false,"potions_floor_spawned":[3],"killed_by":"Lagavulin","ascension_level":3}}