{"host":"ks2i9crt9nqqkbsp","time":1612072257,"event":{"mods":["100% Spire Juice","BaseMod","BetterRewards","Card Forge","Highlight Path","Minty Spire (QoL Compilation)","Red Circlet Mod","Shop Mod","Spicy Shops","StSLib","Uncapped","¡¾ÒÅÎï¿¨ÅÆ¡¿REMEMod","óô»ðÖ¸ÄÏ"],"gold_per_floor":[141,141,141,141,221,73,166,180,180,180,273,349,430,509,509,695,695,975,1253,461,741,1021,710,994,1275,1324,1603,2072,2457,2751,2025,1945,1874,1874,2173,2333,1975,1975,2059,2319,2160,2160,2185,2465,2684,2708,3103,3192,2640,2640,2640,2131,1747,1994,1954],"floor_reached":56,"language":"ZHS","playtime":8701,"items_purged":["Decay","Regret"],"score":1645,"play_id":"9004a113-98b9-40a2-9b22-b6bd38e6df08","local_time":"20210131135057","is_ascension_mode":false,"campfire_choices":[{"floor":15.0,"key":"RECALL"}],"circlet_count":0,"master_deck":["Moonworks:Defend+1","Moonworks:Ambush+1","Moonworks:LongDistanceShot+1","Feed+1","Wish+1","Genetic Algorithm+1","Moonworks:WindyEnchantment+1","Moonworks:Encore+1","Moonworks:MixPhenomenon+1","Moonworks:WindyEnchantment+1","Moonworks:MiracleWalker+1","Moonworks:Encore+1","Moonworks:GoAway+1","Moonworks:Dash+1","Exhume+1","REME_MawOfCthun+1","Moonworks:CrystalBarrier+1","REME_ShadowForm+1","Disarm+1","REME_ShortnessOfBreath+1"],"relics":["Moonworks:BrokenBomb","Moonworks:Homemark","Hammer of Thor","Seething Fire","Anvil of the Gods","REME_ComplimentaryCards","Golden Idol","MerchantsRug","Whetstone","Incense Burner","Ice Cream","Akabeko","REME_DemonsWealth","Membership Card","Singing Bowl","Gambling Chip","Boot","Unceasing Top","PreservedInsect","Bottled Tornado","OrangePellets","Lee\u0027s Waffle","StrikeDummy","Question Card","Molten Egg 2","Blood Vial","Kunai","Bottled Lightning","REME_OnlineShoppingPlatform","Cauldron","Old Coin","Frozen Egg 2","Darkstone Periapt","Medical Kit","Pear","Du-Vu Doll","REME_CardOfGreed","Omamori","HornCleat","Frozen Eye","InkBottle","Ancient Tea Set","Eternal Feather","Orrery","Coffee Dripper","MealTicket","Lantern","Meat on the Bone","ClockworkSouvenir","PrismaticShard","REME_HourglassOfDeath","Letter Opener","Bag of Preparation","HandDrill","Toolbox","Moonworks:LittleGull","Bottled Flame","CeramicFish","Toxic Egg 2","Bag of Marbles","Mummified Hand","Shuriken","TheAbacus","Sling","Pen Nib","Happy Flower","Centennial Puzzle","Nunchaku","Chemical X","Sundial","Ornamental Fan","Bronze Scales","Mercury Hourglass","Pantograph","Thread and Needle","White Beast Statue","Blue Candle","REME_LimitBreaker","Orichalcum"],"acts_visited":["Exordium","TheCity","TheBeyond","TheEnding"],"potions_floor_usage":[55,55,55,55,55],"damage_taken":[{"damage":3.0,"enemies":"Jaw Worm","floor":1.0,"turns":5.0},{"damage":5.0,"enemies":"2 Louse","floor":5.0,"turns":5.0},{"damage":14.0,"enemies":"Lagavulin","floor":7.0,"turns":8.0},{"damage":0.0,"enemies":"Small Slimes","floor":8.0,"turns":5.0},{"damage":10.0,"enemies":"3 Sentries","floor":11.0,"turns":8.0},{"damage":0.0,"enemies":"2 Fungi Beasts","floor":12.0,"turns":4.0},{"damage":6.0,"enemies":"Lots of Slimes","floor":13.0,"turns":5.0},{"damage":0.0,"enemies":"3 Louse","floor":14.0,"turns":6.0},{"damage":0.0,"enemies":"Slime Boss","floor":16.0,"turns":9.0},{"damage":1.0,"enemies":"3 Byrds","floor":18.0,"turns":6.0},{"damage":6.0,"enemies":"Shell Parasite","floor":19.0,"turns":6.0},{"damage":0.0,"enemies":"3 Cultists","floor":21.0,"turns":5.0},{"damage":0.0,"enemies":"Snake Plant","floor":22.0,"turns":4.0},{"damage":0.0,"enemies":"Centurion and Healer","floor":24.0,"turns":8.0},{"damage":6.0,"enemies":"Sentry and Sphere","floor":25.0,"turns":6.0},{"damage":1.0,"enemies":"Chosen and Byrds","floor":27.0,"turns":5.0},{"damage":0.0,"enemies":"Colosseum Slavers","floor":29.0,"turns":5.0},{"damage":0.0,"enemies":"Colosseum Nobs","floor":29.0,"turns":5.0},{"damage":0.0,"enemies":"Book of Stabbing","floor":30.0,"turns":5.0},{"damage":2.0,"enemies":"Champ","floor":33.0,"turns":5.0},{"damage":0.0,"enemies":"3 Darklings","floor":35.0,"turns":4.0},{"damage":0.0,"enemies":"3 Shapes","floor":36.0,"turns":3.0},{"damage":15.0,"enemies":"Writhing Mass","floor":39.0,"turns":4.0},{"damage":7.0,"enemies":"4 Shapes","floor":40.0,"turns":5.0},{"damage":0.0,"enemies":"Sphere and 2 Shapes","floor":44.0,"turns":3.0},{"damage":0.0,"enemies":"Nemesis","floor":45.0,"turns":4.0},{"damage":0.0,"enemies":"Jaw Worm Horde","floor":46.0,"turns":3.0},{"damage":26.0,"enemies":"Reptomancer","floor":47.0,"turns":4.0},{"damage":0.0,"enemies":"3 Darklings","floor":48.0,"turns":4.0},{"damage":1.0,"enemies":"Time Eater","floor":50.0,"turns":8.0},{"damage":0,"enemies":"Shield and Spear","floor":54,"turns":4},{"damage":0,"enemies":"The Heart","floor":55,"turns":8}],"seed_played":"6589894234845840534","potions_obtained":[{"floor":5.0,"key":"SpeedPotion"},{"floor":13.0,"key":"Strength Potion"},{"floor":16.0,"key":"EssenceOfSteel"},{"floor":21.0,"key":"Block Potion"},{"floor":25.0,"key":"Swift Potion"}],"is_trial":false,"path_per_floor":["M","?","?","?","M","$","E","M","T","?","E","M","M","M","R","B",null,"M","M","$","M","M","R","M","M","T","M","R","?","E","$","R","B",null,"M","M","$","?","M","M","R","?","T","M","E","M","E","M","R","B",null,"R","$","E","B",null],"character_chosen":"THE_STARBREAKER","items_purchased":["MerchantsRug","Whetstone","Membership Card","Singing Bowl","Gambling Chip","Boot","Unceasing Top","PreservedInsect","Bottled Tornado","OrangePellets","Lee\u0027s Waffle","StrikeDummy","Question Card","Molten Egg 2","Blood Vial","Kunai","Bottled Lightning","REME_OnlineShoppingPlatform","Cauldron","Medical Kit","Pear","Du-Vu Doll","REME_CardOfGreed","Omamori","HornCleat","Frozen Eye","InkBottle","Ancient Tea Set","Eternal Feather","Orrery","MealTicket","Lantern","Meat on the Bone","ClockworkSouvenir","PrismaticShard","Moonworks:Dash","REME_HourglassOfDeath","REME_MawOfCthun","Letter Opener","Bag of Preparation","HandDrill","Toolbox","Moonworks:LittleGull","Bottled Flame","Mummified Hand","Shuriken","TheAbacus","Sling","Pen Nib","Happy Flower","Centennial Puzzle","Nunchaku","Chemical X","Sundial","Ornamental Fan","Bronze Scales","Mercury Hourglass","Pantograph","Thread and Needle","White Beast Statue","Blue Candle","REME_LimitBreaker"],"campfire_rested":0,"item_purchase_floors":[6,6,20,20,20,20,20,23,23,23,23,23,23,28,28,28,28,28,28,31,31,31,31,31,31,32,32,32,32,32,37,37,37,37,37,37,37,41,41,41,41,41,41,41,49,49,49,49,49,49,52,52,52,52,52,52,53,53,53,53,53,53],"current_hp_per_floor":[60,45,45,38,37,37,27,46,46,85,79,87,85,89,89,93,109,112,110,110,114,118,132,136,134,134,137,142,156,168,178,190,193,195,205,220,226,226,215,224,239,239,239,259,270,284,269,271,283,288,299,299,302,316,320],"gold":1954,"neow_bonus":"TRANSFORM_CARD","is_daily":false,"chose_seed":false,"campfire_upgraded":0,"win_rate":0.0,"timestamp":1612072257,"path_taken":["M","?","?","?","M","$","E","M","T","?","E","?","M","M","R","BOSS","M","M","$","M","M","R","M","M","T","M","R","?","E","$","R","BOSS","M","M","$","?","M","M","R","?","T","M","E","?","E","M","R","BOSS","R","$","E","BOSS"],"items_purchased_type":["Relic","Relic","Relic","Relic","Relic","Relic","Relic","Relic","Relic","Relic","Relic","Relic","Relic","Relic","Relic","Relic","Relic","Relic","Relic","Relic","Relic","Relic","Relic","Relic","Relic","Relic","Relic","Relic","Relic","Relic","Relic","Relic","Relic","Relic","Relic","Card","Relic","Card","Relic","Relic","Relic","Relic","Relic","Relic","Relic","Relic","Relic","Relic","Relic","Relic","Relic","Relic","Relic","Relic","Relic","Relic","Relic","Relic","Relic","Relic","Relic","Relic"],"build_version":"2020-12-22","purchased_purges":2,"victory":true,"max_hp_per_floor":[63,63,63,63,67,67,71,75,75,85,89,97,101,105,105,109,109,113,117,117,121,125,132,136,140,140,144,149,159,169,179,191,195,195,205,220,226,226,230,244,250,250,250,268,277,289,295,295,295,299,299,299,302,316,320],"card_choices":[{"not_picked":["Moonworks:StiffCrystal","Moonworks:Dash"],"picked":"Moonworks:WindyEnchantment","floor":1.0},{"not_picked":["Moonworks:IndiscriminateFireSupport","Moonworks:DeployBits"],"picked":"Moonworks:MixPhenomenon","floor":5.0},{"not_picked":["Moonworks:ImOnFire","Moonworks:LulusLuckyEgg"],"picked":"Moonworks:SealedMemories","floor":7.0},{"not_picked":["Moonworks:LulusLuckyEgg","Moonworks:FinalSurgery"],"picked":"Moonworks:WindyEnchantment","floor":8.0},{"not_picked":["Moonworks:ImOnFire","Moonworks:EvilSpyWorkPreparation","Moonworks:LulusLuckyEgg"],"picked":"SKIP","floor":11.0},{"not_picked":["Moonworks:JonathanRush","Moonworks:EvilSpyWorkPreparation"],"picked":"Moonworks:MiracleWalker","floor":12.0},{"not_picked":["Moonworks:Flamethrower","Moonworks:Assault","Moonworks:ImOnFire"],"picked":"SKIP","floor":13.0},{"not_picked":["Moonworks:BigMagnum","Moonworks:ExtendedPhotonRifle","Moonworks:SakisCookie"],"picked":"SKIP","floor":14.0},{"not_picked":["Moonworks:StarBlastingFuse","Moonworks:PlushieMaster"],"picked":"Moonworks:Encore","floor":16.0},{"not_picked":["Moonworks:IndiscriminateFireSupport","Moonworks:UnpaidWork","Moonworks:LulusLuckyEgg"],"picked":"Writhe","floor":18.0},{"not_picked":["Moonworks:CloudOfSeagulls+1","Moonworks:x16BigRocket+1","Moonworks:NicePresent"],"picked":"Decay","floor":19.0},{"not_picked":["Moonworks:LulusLuckyEgg","Moonworks:BigMagnum","Moonworks:NicePresent"],"picked":"Injury","floor":21.0},{"not_picked":["Moonworks:LulusLuckyEgg","Moonworks:ImmovableObject","Moonworks:NicePresent"],"picked":"Pain","floor":22.0},{"not_picked":["Moonworks:TreasureThief","Moonworks:JonathanRush","Moonworks:ImOnFire+1","Moonworks:NicePresent"],"picked":"Pain","floor":24.0},{"not_picked":["Moonworks:BigMagnum","Moonworks:HolyNight","Moonworks:x16BigRocket","Moonworks:JonathanRush+1"],"picked":"Doubt","floor":25.0},{"not_picked":["Moonworks:AwakeningOfTalent","Moonworks:BigMagnum","Moonworks:SakisCookie+1","Moonworks:LulusLuckyEgg"],"picked":"Writhe","floor":27.0},{"not_picked":["Moonworks:LulusLuckyEgg","Moonworks:BigMagnum","Moonworks:UnluckyCharm","Moonworks:MeltingMemories+1","Regret"],"picked":"Singing Bowl","floor":29.0},{"not_picked":["Moonworks:ForcedRevival","Moonworks:IndiscriminateFireSupport+1","Moonworks:Assault+1","Moonworks:TacticalRetreat"],"picked":"Pain","floor":30.0},{"not_picked":["Moonworks:ExtendedPhotonRifle+1","Moonworks:Dinner+1","Moonworks:CloudOfSeagulls+1","Moonworks:JonathanRush+1"],"picked":"Decay","floor":32.0},{"not_picked":["Moonworks:TacticalRetreat","Moonworks:ExtendedPhotonRifle+1","Moonworks:TreasureThief","Moonworks:UnluckyCharm"],"picked":"Normality","floor":32.0},{"not_picked":["Moonworks:TacticalRetreat","Moonworks:JonathanRush+1","Moonworks:LulusLuckyEgg","Moonworks:SealedMemories"],"picked":"Clumsy","floor":32.0},{"not_picked":["Moonworks:BigMagnum","Moonworks:CloudOfSeagulls+1","Moonworks:SelfDestruct+1","Moonworks:Blazing+1"],"picked":"Writhe","floor":32.0},{"not_picked":["Moonworks:MetallicMonocoque+1","Moonworks:ShieldCounter","Moonworks:Blazing+1","Injury"],"picked":"Moonworks:GoAway","floor":33.0},{"not_picked":["Moonworks:JonathanRush+1","Moonworks:BigMagnum+1","Moonworks:UnluckyCharm","Moonworks:DeployBits"],"picked":"Normality","floor":35.0},{"not_picked":["Moonworks:BigMagnum+1","Moonworks:CastOff+1","Moonworks:ImOnFire","Moonworks:ImmovableObject+1"],"picked":"Decay","floor":36.0},{"not_picked":["Stack","Moonworks:Heat300Percent+1","Poisoned Stab+1","Parasite"],"picked":"Exhume","floor":39.0},{"not_picked":["Cloak And Dagger+1","Crippling Poison+1","CrushJoints+1","Dodge and Roll+1"],"picked":"Decay","floor":40.0},{"not_picked":["Sucker Punch+1","BowlingBash+1","Gash+1","Anger+1"],"picked":"Pain","floor":44.0},{"not_picked":["Ball Lightning+1","Poisoned Stab+1","FlyingSleeves+1","Parasite"],"picked":"Moonworks:CrystalBarrier+1","floor":45.0},{"not_picked":["Wireheading+1","Halt+1","Moonworks:SakisCookie+1","Parasite"],"picked":"REME_ShadowForm+1","floor":46.0},{"not_picked":["REME_ForAll+1","Perfected Strike+1","Moonworks:ForcedRevival+1","Sucker Punch+1"],"picked":"Pain","floor":47.0},{"not_picked":["Stack+1","REME_ShadowStrike+1","Moonworks:SelfDestruct+1","Normality"],"picked":"Disarm+1","floor":48.0},{"not_picked":["Body Slam+1","ThirdEye+1","Havoc+1","REME_Flogging+1"],"picked":"Injury","floor":54}],"player_experience":268548,"relics_obtained":[{"floor":7.0,"key":"Incense Burner"},{"floor":9.0,"key":"Ice Cream"},{"floor":11.0,"key":"Akabeko"},{"floor":29.0,"key":"Old Coin"},{"floor":29.0,"key":"Frozen Egg 2"},{"floor":30.0,"key":"Darkstone Periapt"},{"floor":43.0,"key":"CeramicFish"},{"floor":45.0,"key":"Toxic Egg 2"},{"floor":47.0,"key":"Bag of Marbles"},{"floor":54,"key":"Orichalcum"}],"event_choices":[{"damage_healed":0.0,"max_hp_gain":0.0,"max_hp_loss":0.0,"gold_gain":0.0,"event_name":"Golden Idol","player_choice":"Take Damage","floor":2.0,"gold_loss":0.0,"damage_taken":15.0,"relics_obtained":["Golden Idol"]},{"damage_healed":0.0,"max_hp_gain":0.0,"max_hp_loss":0.0,"gold_gain":0.0,"cards_transformed":["Moonworks:Strike"],"event_name":"Living Wall","player_choice":"Change","floor":3.0,"gold_loss":0.0,"damage_taken":0.0,"cards_obtained":["Moonworks:Encore"]},{"cards_removed":["Moonworks:UnluckyCharm"],"damage_healed":0.0,"max_hp_gain":0.0,"max_hp_loss":0.0,"gold_gain":0.0,"event_name":"Golden Wing","player_choice":"Card Removal","floor":4.0,"gold_loss":0.0,"damage_taken":7.0},{"cards_removed":["Moonworks:ShieldCounter"],"damage_healed":29.0,"max_hp_gain":10.0,"max_hp_loss":0.0,"gold_gain":0.0,"event_name":"Bonfire Elementals","player_choice":"Offered Rare","floor":10.0,"gold_loss":0.0,"damage_taken":0.0},{"damage_healed":0.0,"max_hp_gain":0.0,"max_hp_loss":0.0,"gold_gain":0.0,"event_name":"Colosseum","player_choice":"Fight","floor":29.0,"gold_loss":0.0,"damage_taken":0.0},{"damage_healed":0.0,"max_hp_gain":0.0,"max_hp_loss":0.0,"gold_gain":0.0,"event_name":"Colosseum","player_choice":"Fought Nobs","floor":29.0,"gold_loss":0.0,"damage_taken":0.0},{"cards_removed":["Moonworks:Defend"],"damage_healed":0.0,"max_hp_gain":0.0,"max_hp_loss":0.0,"gold_gain":0.0,"event_name":"Falling","player_choice":"Removed Skill","floor":38.0,"gold_loss":0.0,"damage_taken":0.0},{"damage_healed":0.0,"max_hp_gain":0.0,"max_hp_loss":0.0,"gold_gain":0.0,"event_name":"SecretPortal","player_choice":"Ignored","floor":42.0,"gold_loss":0.0,"damage_taken":0.0}],"is_beta":false,"boss_relics":[{"not_picked":["Runic Pyramid","Runic Dome"],"picked":"REME_DemonsWealth"},{"not_picked":["Sozu","Philosopher\u0027s Stone"],"picked":"Coffee Dripper"}],"items_purged_floors":[20,37],"is_endless":false,"potions_floor_spawned":[5,13,16,21,22,25,29,30,35,39,45,54],"ascension_level":0}}