{"host":"mlk9zuzvtciqpmmx","time":1612097552,"event":{"mods":["AchievementEnabler","Act Like it!","BaseMod","BetterRewards","Colored Map","Colored Powertips","Hermit","Infinite Spire","Minty Spire (QoL Compilation)","Replay The Spire","Shop Mod","StSLib"],"gold_per_floor":[114,114,49,80,180,180,236,271,321,321,379,418,72,122,122,244,244,285,285,285,322,247,247,247,247,272,272,316,349,349,349,349,469,469,504,80,80,109,148,210,247,247,297,297,353,353,72,105,105,227,227,236,246,246,96,112,123,131,131,131,131,131,131,131,111,111,189,189,197,197,205,216,216,216,233,265,274,304,304,334,334,84,84,201,201,223,223,232,264,264,264,264,264,264,322,322,342,401,76,76,127,127,148,148,238,338,404,404,254,292,272,272,333,370,429,429,502,553,623,680,680,805,805,888,966,881,881,963,965,965],"floor_reached":129,"language":"RUS","playtime":9478,"items_purged":["Crow Ritual"],"score":3080,"play_id":"f40f8d8f-5392-46c9-965d-16b6abcabd06","local_time":"20210131155232","daily_mods":["Specialized","Colorless Cards","Terminal"],"is_ascension_mode":false,"campfire_choices":[{"data":"Bash","floor":6.0,"key":"SMITH"},{"data":"Intimidate","floor":10.0,"key":"SMITH"},{"floor":15.0,"key":"REST"},{"floor":23.0,"key":"REST"},{"floor":25.0,"key":"REST"},{"data":"Apotheosis","floor":27.0,"key":"SMITH"},{"data":"infinitespire:DeathsTouch","floor":32.0,"key":"SMITH"},{"data":"Metamorphosis","floor":42.0,"key":"SMITH"},{"floor":46.0,"key":"REST"},{"floor":49.0,"key":"REST"},{"floor":59.0,"key":"REST"},{"floor":61.0,"key":"REST"},{"data":"ReplayTheSpireMod:Muscle Training","floor":66.0,"key":"SMITH"},{"data":"infinitespire:SevenWalls","floor":74.0,"key":"SMITH"},{"data":"ReplayTheSpireMod:Limb From Limb","floor":79.0,"key":"SMITH"},{"data":"Chrysalis","floor":83.0,"key":"SMITH"},{"data":"infinitespire:SevenWalls","floor":96.0,"key":"SMITH"},{"data":"Replay:Dark Deal","floor":100.0,"key":"SMITH"},{"floor":104.0,"key":"DIG"},{"data":"Demon Form","floor":112,"key":"SMITH"},{"data":"Flex","floor":116,"key":"SMITH"},{"data":"infinitespire:UltimateForm","floor":121,"key":"SMITH"}],"circlet_count":1,"master_deck":["Bash+1","Flash of Steel","Flash of Steel","Flash of Steel","Flash of Steel","Intimidate+1","Twin Strike","Cleave+1","Limit Break+1","Heavy Blade","Flex","Apotheosis+1","Metamorphosis+1","Feed","infinitespire:OneForAll","Metallicize","Fiend Fire","Mayhem","Shrug It Off","ReplayTheSpireMod:Muscle Training+1","Flex+1","Double Tap","Sever Soul+1","infinitespire:DeathsTouch+1","Limit Break","Clothesline","Clothesline+1","Rupture+1","Doubt","ReplayTheSpireMod:Stacked+1","Rupture","Flex","Demon Form+1","Seeing Red","infinitespire:Menacing+1","infinitespire:SevenWalls+1","Shockwave","Chrysalis+1","ReplayTheSpireMod:Doomed","Voices","Master of Strategy+1","Decay","ReplayTheSpireMod:Limb From Limb+1","infinitespire:SevenWalls+1","HandOfGreed+1","Dropkick+1","Replay:Dark Deal+1","Clumsy","Infernal Blade","Sadistic Nature","Injury","infinitespire:UltimateForm+1","Seeing Red","Twin Strike+1"],"relics":["PureWater","infinitespire:Cubic Diamond","Replay:Bandana","Omamori","ReplayFunnel","Mercury Hourglass","War Paint","Guide Book","ReplayTheSpireMod:Lightbulb","Pandora\u0027s Box","Necronomicon","Pondfish Scales","Happy Flower","InkBottle","MutagenicStrength","Cursed Key","Mirror","Vajra","Toy Ornithopter","Bottled Tornado","Blood Vial","SlaversCollar","PreservedInsect","Pen Nib","ReplayTheSpireMod:Ring of Challenge","ReplayTheSpireMod:Ring of Exchange","Snack Pack","Circlet","Busted Crown","infinitespire:WardingShard","CeramicFish","infinitespire:FocusingShard","WingedGreaves","Pear","infinitespire:EvilPickle","Replay:Bronze Core","Nunchaku","Pet Ghost","Iron Hammer","Letter Opener","Pantograph","Replay:Wanted Poster","Whetstone","Potion Belt","Regal Pillow","Counterbalance","Painkiller Herb","Garlic"],"acts_visited":["Exordium","TheCity","TheBeyond","Exordium","TheCity","TheBeyond","TheCity"],"potions_floor_usage":[122],"damage_taken":[{"damage":0.0,"enemies":"Cultist","floor":1.0,"turns":2.0},{"damage":0.0,"enemies":"Jaw Worm","floor":4.0,"turns":2.0},{"damage":12.0,"enemies":"Gremlin Nob","floor":7.0,"turns":4.0},{"damage":3.0,"enemies":"infinitespire:Voidling","floor":8.0,"turns":3.0},{"damage":8.0,"enemies":"3 Sentries","floor":11.0,"turns":5.0},{"damage":0.0,"enemies":"Exordium Thugs","floor":12.0,"turns":3.0},{"damage":14.0,"enemies":"Lagavulin","floor":14.0,"turns":4.0},{"damage":15.0,"enemies":"Hexaghost","floor":16.0,"turns":7.0},{"damage":13.0,"enemies":"2 Thieves","floor":18.0,"turns":4.0},{"damage":15.0,"enemies":"3 Byrds","floor":21.0,"turns":4.0},{"damage":10.0,"enemies":"Book of Stabbing","floor":28.0,"turns":3.0},{"damage":1.0,"enemies":"Snake Plant","floor":29.0,"turns":2.0},{"damage":1.0,"enemies":"Champ","floor":33.0,"turns":4.0},{"damage":3.0,"enemies":"3 Darklings","floor":35.0,"turns":3.0},{"damage":0.0,"enemies":"3 Shapes","floor":38.0,"turns":2.0},{"damage":1.0,"enemies":"Maw","floor":39.0,"turns":4.0},{"damage":0.0,"enemies":"R_Hoarder","floor":40.0,"turns":4.0},{"damage":0.0,"enemies":"Writhing Mass","floor":41.0,"turns":3.0},{"damage":16.0,"enemies":"Nightmare","floor":45.0,"turns":4.0},{"damage":9.0,"enemies":"4 Shapes","floor":48.0,"turns":4.0},{"damage":21.0,"enemies":"Donu and Deca","floor":50.0,"turns":6.0},{"damage":6.0,"enemies":"Small Slimes","floor":52.0,"turns":2.0},{"damage":0.0,"enemies":"Jaw Worm","floor":53.0,"turns":2.0},{"damage":0.0,"enemies":"Cultist","floor":56.0,"turns":2.0},{"damage":33.0,"enemies":"Nightmare","floor":57.0,"turns":5.0},{"damage":0.0,"enemies":"Gremlin Gang","floor":58.0,"turns":3.0},{"damage":6.0,"enemies":"The Guardian","floor":67.0,"turns":5.0},{"damage":0.0,"enemies":"Spheric Guardian","floor":69.0,"turns":3.0},{"damage":0.0,"enemies":"Shell Parasite","floor":71.0,"turns":2.0},{"damage":0.0,"enemies":"3 Cultists","floor":72.0,"turns":4.0},{"damage":3.0,"enemies":"Sentry and Sphere","floor":75.0,"turns":3.0},{"damage":0.0,"enemies":"Slavers","floor":76.0,"turns":3.0},{"damage":0.0,"enemies":"Shelled Parasite and Fungi","floor":78.0,"turns":2.0},{"damage":0.0,"enemies":"Replay:Snechameleon","floor":80.0,"turns":2.0},{"damage":0.0,"enemies":"Pondfish","floor":84.0,"turns":4.0},{"damage":0.0,"enemies":"3 Darklings","floor":86.0,"turns":3.0},{"damage":0.0,"enemies":"Orb Walker","floor":89.0,"turns":2.0},{"damage":0.0,"enemies":"Maw","floor":94.0,"turns":6.0},{"damage":0.0,"enemies":"R_Hoarder","floor":95.0,"turns":2.0},{"damage":0.0,"enemies":"Transient","floor":97.0,"turns":5.0},{"damage":0.0,"enemies":"Nightmare","floor":101.0,"turns":2.0},{"damage":0.0,"enemies":"Writhing Mass","floor":103.0,"turns":3.0},{"damage":0.0,"enemies":"Replay:Hell Engine","floor":105.0,"turns":6.0},{"damage":0,"enemies":"Cultist","floor":107,"turns":1},{"damage":0,"enemies":"2 Louse","floor":110,"turns":1},{"damage":0,"enemies":"Small Slimes","floor":113,"turns":1},{"damage":0,"enemies":"Red Slaver","floor":114,"turns":2},{"damage":0,"enemies":"Nightmare","floor":117,"turns":3},{"damage":0,"enemies":"Large Slime","floor":118,"turns":1},{"damage":0,"enemies":"Lagavulin","floor":119,"turns":2},{"damage":0,"enemies":"Blue Slaver","floor":120,"turns":1},{"damage":0,"enemies":"Fading Forest","floor":122,"turns":6},{"damage":0,"enemies":"Shell Parasite","floor":124,"turns":1},{"damage":0,"enemies":"3 Byrds","floor":125,"turns":2},{"damage":0,"enemies":"Snecko","floor":128,"turns":2},{"damage":2,"enemies":"Book of Stabbing","floor":129,"turns":1}],"seed_played":"-828330817948855686","potions_obtained":[{"floor":4.0,"key":"Swift Potion"},{"floor":11.0,"key":"Flashbang"},{"floor":14.0,"key":"Dexterity Potion"},{"floor":18.0,"key":"FearPotion"},{"floor":21.0,"key":"ElixirPotion"},{"floor":38.0,"key":"PowerPotion"},{"floor":45.0,"key":"Fire Potion"},{"floor":52.0,"key":"ColorlessPotion"},{"floor":53.0,"key":"SpeedPotion"},{"floor":58.0,"key":"ElixirPotion"},{"floor":65.0,"key":"Death Potion"},{"floor":71.0,"key":"AttackPotion"},{"floor":86.0,"key":"Swift Potion"},{"floor":95.0,"key":"SmokeBomb"},{"floor":103.0,"key":"Energy Potion"},{"floor":110,"key":"Weak Potion"},{"floor":111,"key":"SneckoOil"},{"floor":117,"key":"Reflective Coating"},{"floor":118,"key":"SteroidPotion"},{"floor":119,"key":"SpeedPotion"},{"floor":122,"key":"Languid Potion"}],"is_trial":false,"path_per_floor":["M","?","?","M","?","R","E","M","T","R","E","M","$","E","R","B",null,"M","?","?","M","?","R","?","R","T","R","E","M","AVR","?","R","B",null,"M","$","?","M","M","E","M","R","T","?","NM","R","$","M","R","B",null,"M","M","?","$","M","NM","M","R","T","R","?","?","?","?","R","B",null,"M","AVR","M","M","?","R","M","E","T","M","R","E","?","$","R_BF","B",null,"M","?","?","M","PTL","PTL","PTL","PTL","M","E","R","M","T","$","R","NM","?","M","R_BF","B",null,"M","?","$","M","?","R","M","M","T","R","NM","M","E","M","R","B",null,"?","?","?","?","?","E"],"character_chosen":"IRONCLAD","items_purchased":["Flex","War Paint","Guide Book","Crow Ritual","Mirror","Blood Vial","Rupture","Flex","PreservedInsect","Pear","Iron Hammer","Whetstone"],"campfire_rested":7,"item_purchase_floors":[13,13,13,36,36,47,47,47,55,82,99,109],"current_hp_per_floor":[78,77,76,75,74,73,61,58,58,58,50,50,50,36,55,40,62,49,33,33,18,18,35,35,51,51,51,41,40,40,40,40,39,45,42,42,42,45,44,43,42,41,40,39,27,39,39,35,42,29,40,34,40,30,30,32,6,8,19,19,29,29,29,29,29,29,28,27,26,25,24,26,25,24,21,22,21,23,22,21,20,29,28,27,26,25,23,22,21,20,19,18,17,16,15,14,13,12,11,10,9,8,7,6,5,4,3,2,1,1,1,1,1,3,2,1,1,1,1,1,1,1,1,4,3,2,1,1,0,0],"gold":965,"neow_bonus":"","is_daily":true,"chose_seed":false,"campfire_upgraded":14,"win_rate":0.0,"timestamp":1612097552,"path_taken":["M","?","?","?","?","R","E","?","T","R","E","M","?","E","R","BOSS","M","?","?","M","?","R","?","R","T","R","E","M","AVR","?","R","BOSS","M","$","?","M","M","E","M","R","T","?","NM","R","$","M","R","BOSS","M","?","?","$","M","NM","M","R","T","R","?","?","?","?","R","BOSS","M","AVR","M","?","?","R","M","E","T","M","R","E","?","$","R_BF","BOSS","M","?","?","?","PTL","PTL","PTL","PTL","M","E","R","M","T","$","R","NM","?","M","R_BF","BOSS","M","?","$","M","?","R","M","?","T","R","NM","M","E","M","R","BOSS","?","?","?","?","?","E"],"items_purchased_type":["Card","Relic","Relic","Card","Relic","Relic","Card","Card","Relic","Relic","Relic","Relic"],"build_version":"2020-12-22","purchased_purges":1,"victory":false,"max_hp_per_floor":[78,77,76,75,74,73,72,71,70,69,68,67,66,65,64,63,62,61,60,59,58,57,56,55,54,53,52,51,50,49,48,47,46,45,44,43,42,45,44,43,42,41,40,39,42,41,40,43,42,41,40,39,42,41,40,39,38,37,36,35,34,33,32,31,30,29,28,27,26,25,24,26,25,24,23,22,21,23,22,21,20,29,28,27,26,25,23,22,21,20,19,18,17,16,15,14,13,12,11,10,9,8,7,6,5,4,3,2,1,1,1,1,1,3,2,1,1,1,1,1,1,1,1,4,3,2,1,1,1,1],"card_choices":[{"not_picked":["Wild Strike","Bandage Up"],"picked":"Intimidate","floor":1.0},{"not_picked":["Good Instincts","Clash"],"picked":"Twin Strike","floor":4.0},{"not_picked":["Body Slam","Havoc"],"picked":"Cleave","floor":7.0},{"not_picked":["Wild Strike","Body Slam"],"picked":"Crow Ritual","floor":8.0},{"not_picked":["Impatience","Rage"],"picked":"Limit Break","floor":11.0},{"not_picked":["Havoc","ReplayTheSpireMod:Strike From Hell"],"picked":"Heavy Blade","floor":12.0},{"not_picked":["ReplayTheSpireMod:Uncanny Aura","Dark Embrace"],"picked":"Apotheosis","floor":14.0},{"not_picked":["Brutality","Double Tap"],"picked":"Metamorphosis","floor":16.0},{"not_picked":["Abandon","Headbutt","Clothesline"],"picked":"SKIP","floor":18.0},{"not_picked":["Perfected Strike","Replay:Sssssssssshield+1"],"picked":"Flex","floor":21.0},{"not_picked":["PanicButton+1","ReplayTheSpireMod:Private Reserves+1"],"picked":"Double Tap","floor":28.0},{"not_picked":["Madness","Life Link"],"picked":"Sever Soul+1","floor":29.0},{"not_picked":["Hemogenesis","Demonic Infusion"],"picked":"Limit Break","floor":33.0},{"not_picked":["Reckless Charge+1","Wild Strike+1"],"picked":"Clothesline","floor":35.0},{"not_picked":["Defy Death","Pommel Strike","Shrug It Off"],"picked":"SKIP","floor":38.0},{"not_picked":["Cleave","Warcry"],"picked":"Clothesline+1","floor":39.0},{"not_picked":["infinitespire:OneForAll+1","Sword Boomerang+1"],"picked":"Rupture+1","floor":40.0},{"not_picked":["Anger+1","Purity+1","Perfected Strike"],"picked":"SKIP","floor":41.0},{"not_picked":["Clothesline","Sever Soul+1"],"picked":"ReplayTheSpireMod:Stacked+1","floor":45.0},{"not_picked":["Armaments+1","Perfected Strike+1","ReplayTheSpireMod:Uncanny Aura"],"picked":"SKIP","floor":48.0},{"not_picked":["Master of Strategy","Violence"],"picked":"Demon Form","floor":50.0},{"not_picked":["Wild Strike","Impatience","Replay:Undeath\u0027s Touch"],"picked":"SKIP","floor":52.0},{"not_picked":["Anger","Wild Strike"],"picked":"Seeing Red","floor":53.0},{"not_picked":["ReplayTheSpireMod:Chaos Vortex","ReplayTheSpireMod:??????????????????????"],"picked":"infinitespire:Menacing","floor":54.0},{"not_picked":["Replay:Sssssssssshield","Perfected Strike","Hemokinesis"],"picked":"SKIP","floor":56.0},{"not_picked":["ReplayTheSpireMod:Chaos Vortex","infinitespire:FutureSight"],"picked":"infinitespire:SevenWalls","floor":57.0},{"not_picked":["Deep Breath","Specialist"],"picked":"Shockwave","floor":57.0},{"not_picked":["Headbutt","Disarm"],"picked":"Chrysalis","floor":58.0},{"not_picked":["ReplayUltimateDefense","Offering"],"picked":"Master of Strategy","floor":67.0},{"not_picked":["Anger+1"],"picked":"SKIP","floor":69.0},{"not_picked":["Reckless Charge"],"picked":"SKIP","floor":71.0},{"not_picked":["Cleave+1"],"picked":"SKIP","floor":72.0},{"not_picked":["Warcry+1"],"picked":"SKIP","floor":75.0},{"not_picked":["ReplayTheSpireMod:Trickstab"],"picked":"SKIP","floor":76.0},{"not_picked":[],"picked":"ReplayTheSpireMod:Limb From Limb","floor":78.0},{"not_picked":["Pommel Strike+1"],"picked":"SKIP","floor":80.0},{"not_picked":["infinitespire:Oblivion","ReplayTheSpireMod:Haul"],"picked":"infinitespire:SevenWalls","floor":84.0},{"not_picked":[],"picked":"HandOfGreed","floor":84.0},{"not_picked":[],"picked":"Dropkick+1","floor":86.0},{"not_picked":["Replay:Undeath\u0027s Touch+1"],"picked":"SKIP","floor":89.0},{"not_picked":["Warcry+1"],"picked":"SKIP","floor":94.0},{"not_picked":["Havoc"],"picked":"SKIP","floor":95.0},{"not_picked":["Warcry+1"],"picked":"SKIP","floor":97.0},{"not_picked":[],"picked":"Infernal Blade","floor":101.0},{"not_picked":["Carnage+1"],"picked":"SKIP","floor":103.0},{"not_picked":[],"picked":"Sadistic Nature","floor":105.0},{"not_picked":["Burning Pact"],"picked":"SKIP","floor":107},{"not_picked":["ReplayTheSpireMod:Strike From Hell"],"picked":"SKIP","floor":110},{"not_picked":["Replay:Undeath\u0027s Touch"],"picked":"SKIP","floor":113},{"not_picked":["Life Link"],"picked":"SKIP","floor":114},{"not_picked":["infinitespire:FutureSight","infinitespire:Fortify"],"picked":"infinitespire:UltimateForm","floor":117},{"not_picked":[],"picked":"Seeing Red","floor":117},{"not_picked":["Replay:Bootleg Shield Generator"],"picked":"SKIP","floor":118},{"not_picked":["Replay:Undeath\u0027s Touch"],"picked":"SKIP","floor":119},{"not_picked":["Purity"],"picked":"SKIP","floor":120},{"not_picked":[],"picked":"Twin Strike+1","floor":124},{"not_picked":["Dramatic Entrance"],"picked":"SKIP","floor":125},{"not_picked":["Twin Strike"],"picked":"SKIP","floor":128}],"player_experience":126791,"relics_obtained":[{"floor":7.0,"key":"Omamori"},{"floor":9.0,"key":"ReplayFunnel"},{"floor":11.0,"key":"Mercury Hourglass"},{"floor":14.0,"key":"ReplayTheSpireMod:Lightbulb"},{"floor":19.0,"key":"Necronomicon"},{"floor":26.0,"key":"Happy Flower"},{"floor":28.0,"key":"InkBottle"},{"floor":40.0,"key":"Vajra"},{"floor":43.0,"key":"Toy Ornithopter"},{"floor":45.0,"key":"Bottled Tornado"},{"floor":57.0,"key":"Dead Branch"},{"floor":60.0,"key":"Pen Nib"},{"floor":62.0,"key":"ReplayTheSpireMod:Ring of Challenge"},{"floor":62.0,"key":"ReplayTheSpireMod:Ring of Exchange"},{"floor":64.0,"key":"Snack Pack"},{"floor":76.0,"key":"CeramicFish"},{"floor":77.0,"key":"infinitespire:FocusingShard"},{"floor":80.0,"key":"WingedGreaves"},{"floor":95.0,"key":"Nunchaku"},{"floor":98.0,"key":"Pet Ghost"},{"floor":101.0,"key":"Letter Opener"},{"floor":104.0,"key":"Pantograph"},{"floor":115,"key":"Potion Belt"},{"floor":117,"key":"Regal Pillow"},{"floor":119,"key":"Counterbalance"}],"event_choices":[{"damage_healed":0.0,"max_hp_gain":0.0,"max_hp_loss":0.0,"gold_gain":0.0,"event_name":"WeMeetAgain","player_choice":"Paid Gold","floor":3.0,"gold_loss":65.0,"damage_taken":0.0,"relics_obtained":["Replay:Bandana"]},{"damage_healed":0.0,"max_hp_gain":0.0,"max_hp_loss":0.0,"gold_gain":100.0,"event_name":"Golden Shrine","player_choice":"Pray","floor":5.0,"gold_loss":0.0,"damage_taken":0.0},{"damage_healed":0.0,"max_hp_gain":0.0,"max_hp_loss":0.0,"gold_gain":0.0,"event_name":"Cursed Tome","player_choice":"Obtained Book","floor":19.0,"gold_loss":0.0,"damage_taken":16.0},{"cards_removed":["ReplayTheSpireMod:Uncanny Aura"],"damage_healed":0.0,"max_hp_gain":0.0,"max_hp_loss":0.0,"gold_gain":0.0,"event_name":"Beggar","player_choice":"Gave Gold","floor":22.0,"gold_loss":75.0,"damage_taken":0.0},{"cards_removed":["Second Wind"],"damage_healed":0.0,"max_hp_gain":0.0,"max_hp_loss":0.0,"gold_gain":0.0,"event_name":"Back to Basics","player_choice":"Elegance","floor":24.0,"gold_loss":0.0,"damage_taken":0.0},{"damage_healed":0.0,"max_hp_gain":0.0,"max_hp_loss":0.0,"gold_gain":0.0,"event_name":"Drug Dealer","player_choice":"Inject Mutagens","floor":31.0,"gold_loss":0.0,"damage_taken":0.0,"relics_obtained":["MutagenicStrength"]},{"cards_removed":["Flash of Steel"],"damage_healed":0.0,"max_hp_gain":0.0,"max_hp_loss":0.0,"gold_gain":0.0,"event_name":"Falling","player_choice":"Removed Attack","floor":37.0,"gold_loss":0.0,"damage_taken":0.0},{"damage_healed":0.0,"max_hp_gain":0.0,"max_hp_loss":0.0,"gold_gain":0.0,"event_name":"Duplicator","player_choice":"Copied","floor":44.0,"gold_loss":0.0,"damage_taken":0.0,"cards_obtained":["Crow Ritual"]},{"damage_healed":0.0,"max_hp_gain":0.0,"max_hp_loss":0.0,"gold_gain":0.0,"event_name":"Living Wall","player_choice":"Grow","floor":63.0,"gold_loss":0.0,"damage_taken":0.0,"cards_upgraded":["infinitespire:Menacing"]},{"damage_healed":0.0,"max_hp_gain":0.0,"max_hp_loss":0.0,"gold_gain":0.0,"event_name":"The Woman in Blue","player_choice":"Bought 1 Potion","floor":65.0,"gold_loss":0.0,"damage_taken":0.0},{"damage_healed":0.0,"max_hp_gain":0.0,"max_hp_loss":0.0,"gold_gain":0.0,"event_name":"Drug Dealer","player_choice":"Inject Mutagens","floor":73.0,"gold_loss":0.0,"damage_taken":0.0,"relics_obtained":["Circlet"]},{"damage_healed":0.0,"max_hp_gain":0.0,"max_hp_loss":1.0,"gold_gain":0.0,"event_name":"Winding Halls","player_choice":"Max HP","floor":87.0,"gold_loss":0.0,"damage_taken":0.0},{"damage_healed":0.0,"max_hp_gain":0.0,"max_hp_loss":0.0,"gold_gain":0.0,"cards_transformed":["Crow Ritual"],"event_name":"Transmorgrifier","player_choice":"Transformed","floor":88.0,"gold_loss":0.0,"damage_taken":0.0,"cards_obtained":["Replay:Dark Deal"]},{"cards_removed":["Crow Ritual"],"damage_healed":0.0,"max_hp_gain":0.0,"max_hp_loss":0.0,"gold_gain":0.0,"event_name":"Falling","player_choice":"Removed Power","floor":102.0,"gold_loss":0.0,"damage_taken":0.0},{"damage_healed":0,"gold_gain":0,"player_choice":"Bought 1 Potion","damage_taken":0,"max_hp_gain":0,"max_hp_loss":0,"event_name":"The Woman in Blue","floor":111,"gold_loss":0},{"damage_healed":0,"gold_gain":0,"player_choice":"Obtained Relic","damage_taken":0,"relics_obtained":["Garlic"],"max_hp_gain":0,"max_hp_loss":0,"event_name":"Addict","floor":126,"gold_loss":85},{"damage_healed":0,"gold_gain":0,"player_choice":"Ignored","damage_taken":0,"max_hp_gain":0,"max_hp_loss":0,"event_name":"Transmorgrifier","floor":127,"gold_loss":0}],"is_beta":false,"boss_relics":[{"not_picked":["Ring of Chaos","Ectoplasm"],"picked":"Pandora\u0027s Box"},{"not_picked":["Astrolabe","Abe\u0027s Treasure"],"picked":"Cursed Key"},{"not_picked":["Replay:Wanted Poster","ChewingGum"],"picked":"SlaversCollar"},{"not_picked":["Cauldron","Snecko Heart"],"picked":"Busted Crown"},{"not_picked":["Replay:Drink Me","ReplayTheSpireMod:SealedPack"],"picked":"Replay:Bronze Core"},{"not_picked":["ReplayTheSpireMod:CursedCoin","Toolbox"],"picked":"Replay:Wanted Poster"},{"not_picked":["ReplayTheSpireMod:SealedPack","Sozu"],"picked":"Painkiller Herb"}],"items_purged_floors":[99],"is_endless":true,"potions_floor_spawned":[4,11,14,18,21,38,39,45,48,52,53,58,71,75,76,86,95,101,103,110,117,118,119,122,125,128],"killed_by":"Book of Stabbing","ascension_level":0}}