{"host":"ptk1shuto3uimndw","time":1612110865,"event":{"mods":["AchievementEnabler","BaseMod","Bestiary","Colored Map","Colored Powertips","Curses Come First","Minty Spire (QoL Compilation)","Quick Restart","Rare Cards Sparkle","Relic Stats","StSLib","Uncapped"],"gold_per_floor":[112,124,124,137,137,137,175,175,228,228,243,261,290,334,334,442,442,455,115,115,135,135,135,172,172,199,199,239,268,288,313,313,427,436,455,474,500,854,865,865,878,912,965,965,965],"floor_reached":44,"language":"ENG","playtime":1770,"items_purged":["Strike_P"],"score":618,"play_id":"ef399a79-f442-47c1-b649-06bb45617f75","local_time":"20210131173425","is_ascension_mode":true,"campfire_choices":[{"data":"EmptyFist","floor":6,"key":"SMITH"},{"data":"Tantrum","floor":8,"key":"SMITH"},{"data":"Eruption","floor":15,"key":"SMITH"},{"data":"Wireheading","floor":23,"key":"SMITH"},{"floor":25,"key":"REST"},{"data":"MentalFortress","floor":27,"key":"SMITH"},{"data":"WaveOfTheHand","floor":32,"key":"SMITH"},{"data":"1","floor":40,"key":"LIFT"}],"circlet_count":0,"master_deck":["Strike_P+1","Strike_P+1","Defend_P+1","Defend_P+1","Defend_P+1","Defend_P+1","Eruption+1","Vigilance+1","ClearTheMind+1","EmptyMind+1","EmptyFist+1","Tantrum+1","InnerPeace+1","Wireheading+1","LessonLearned+1","MentalFortress+1","FlyingSleeves+1","Swivel+1","LikeWater+1","WaveOfTheHand+1","FollowUp+1","Scrawl+1","CurseOfTheBell","FlurryOfBlows+1","LikeWater"],"relics":["Philosopher\u0027s Stone","CeramicFish","Tiny Chest","CultistMask","CloakClasp","Black Star","Membership Card","Shuriken","Eternal Feather","Sundial","Pen Nib","Bronze Scales","Damaru","Happy Flower","Calling Bell","Art of War","Meat on the Bone","Girya","Nunchaku","Old Coin","Centennial Puzzle","Orichalcum","Lantern"],"acts_visited":["Exordium","TheCity","TheBeyond"],"potions_floor_usage":[14,24,28,31,42,44],"damage_taken":[{"damage":0,"enemies":"2 Louse","floor":1,"turns":3},{"damage":0,"enemies":"Cultist","floor":2,"turns":3},{"damage":0,"enemies":"Small Slimes","floor":4,"turns":5},{"damage":37,"enemies":"Gremlin Nob","floor":7,"turns":4},{"damage":0,"enemies":"2 Fungi Beasts","floor":11,"turns":2},{"damage":0,"enemies":"3 Louse","floor":12,"turns":2},{"damage":3,"enemies":"Blue Slaver","floor":13,"turns":3},{"damage":10,"enemies":"Lagavulin","floor":14,"turns":4},{"damage":0,"enemies":"Slime Boss","floor":16,"turns":5},{"damage":35,"enemies":"2 Thieves","floor":18,"turns":4},{"damage":8,"enemies":"Spheric Guardian","floor":21,"turns":5},{"damage":35,"enemies":"Slavers","floor":24,"turns":5},{"damage":0,"enemies":"Gremlin Leader","floor":28,"turns":6},{"damage":0,"enemies":"Centurion and Healer","floor":29,"turns":6},{"damage":0,"enemies":"Cultist and Chosen","floor":30,"turns":4},{"damage":5,"enemies":"Shelled Parasite and Fungi","floor":31,"turns":4},{"damage":3,"enemies":"Champ","floor":33,"turns":11},{"damage":0,"enemies":"3 Shapes","floor":35,"turns":5},{"damage":0,"enemies":"Orb Walker","floor":36,"turns":3},{"damage":9,"enemies":"2 Orb Walkers","floor":38,"turns":4},{"damage":4,"enemies":"Maw","floor":39,"turns":5},{"damage":18,"enemies":"Sphere and 2 Shapes","floor":41,"turns":4},{"damage":48,"enemies":"Reptomancer","floor":42,"turns":6},{"damage":32,"enemies":"Nemesis","floor":44,"turns":2}],"seed_played":"-699630854881713185","potions_obtained":[{"floor":7,"key":"AttackPotion"},{"floor":12,"key":"PowerPotion"},{"floor":13,"key":"Energy Potion"},{"floor":14,"key":"Weak Potion"},{"floor":24,"key":"FearPotion"},{"floor":30,"key":"Regen Potion"},{"floor":31,"key":"LiquidBronze"},{"floor":42,"key":"SkillPotion"}],"is_trial":false,"path_per_floor":["M","M","?","M","?","R","E","R","T","?","M","M","M","E","R","B",null,"M","$","?","M","?","R","E","R","T","R","E","M","M","M","R","B",null,"M","M","T","?","M","R","M","E","T","E"],"character_chosen":"WATCHER","items_purchased":["Membership Card","Shuriken","MentalFortress"],"campfire_rested":1,"item_purchase_floors":[19,19,19],"current_hp_per_floor":[72,72,65,65,65,65,28,28,28,28,28,28,25,15,15,15,72,37,37,37,29,29,38,3,33,33,42,42,42,42,37,49,46,72,72,72,72,63,59,71,53,31,31,0,0],"gold":965,"neow_bonus":"BOSS_RELIC","is_daily":false,"chose_seed":false,"campfire_upgraded":6,"win_rate":0.0,"timestamp":1612110865,"path_taken":["M","M","?","M","?","R","E","R","T","?","M","M","M","E","R","BOSS","M","$","?","M","?","R","E","R","T","R","E","M","M","M","R","BOSS","M","M","?","?","M","R","M","E","T","E"],"items_purchased_type":["Relic","Relic","Card"],"build_version":"2020-12-22","purchased_purges":1,"victory":false,"max_hp_per_floor":[72,72,72,72,72,72,72,72,72,72,72,72,72,72,72,72,72,72,72,72,72,72,72,72,72,72,72,72,72,72,72,72,72,72,72,72,72,72,72,72,72,72,72,72,72],"relic_stats":{"Happy Flower":[18],"counters":[24,105],"CeramicFish":126,"Eternal Feather":51,"Pen Nib":[12],"CloakClasp":[168],"Orichalcum":[0],"Nunchaku":[6],"Centennial Puzzle":[0],"Shuriken":[26],"Sundial":[10],"Bronze Scales":[126],"Tiny Chest":1,"Black Star":3,"Art of War":[9],"obtain_stats":[{"Girya":34,"Lantern":43,"Happy Flower":28,"CeramicFish":7,"Damaru":28,"Eternal Feather":20,"Pen Nib":24,"CloakClasp":14,"Orichalcum":42,"Old Coin":38,"Calling Bell":34,"Nunchaku":37,"Centennial Puzzle":42,"Shuriken":19,"Sundial":24,"Bronze Scales":26,"Philosopher\u0027s Stone":0,"Tiny Chest":9,"CultistMask":10,"Black Star":17,"Art of War":34,"Membership Card":19,"PureWater":0,"Meat on the Bone":34},{"Girya":17,"Lantern":23,"Happy Flower":13,"CeramicFish":4,"Damaru":13,"Eternal Feather":10,"Pen Nib":12,"CloakClasp":8,"Orichalcum":23,"Old Coin":20,"Calling Bell":17,"Nunchaku":19,"Centennial Puzzle":23,"Shuriken":10,"Sundial":12,"Bronze Scales":12,"Philosopher\u0027s Stone":0,"Tiny Chest":4,"CultistMask":4,"Black Star":9,"Art of War":17,"Membership Card":10,"PureWater":0,"Meat on the Bone":17},{"Girya":76,"Lantern":103,"Happy Flower":51,"CeramicFish":15,"Damaru":51,"Eternal Feather":35,"Pen Nib":45,"CloakClasp":26,"Orichalcum":103,"Old Coin":88,"Calling Bell":76,"Nunchaku":84,"Centennial Puzzle":103,"Shuriken":35,"Sundial":45,"Bronze Scales":45,"Philosopher\u0027s Stone":0,"Tiny Chest":15,"CultistMask":15,"Black Star":31,"Art of War":76,"Membership Card":35,"PureWater":0,"Meat on the Bone":76}],"Meat on the Bone":12},"card_choices":[{"not_picked":["FlyingSleeves","Prostrate"],"picked":"ClearTheMind","floor":1},{"not_picked":["Pray","Nirvana"],"picked":"EmptyMind","floor":2},{"not_picked":["Halt","Prostrate"],"picked":"EmptyFist","floor":4},{"not_picked":["CutThroughFate","Consecrate"],"picked":"Tantrum","floor":7},{"not_picked":["Swivel","ClearTheMind","EmptyBody"],"picked":"SKIP","floor":11},{"not_picked":["Crescendo","BowlingBash","Evaluate"],"picked":"SKIP","floor":12},{"not_picked":["Sanctity","Halt"],"picked":"InnerPeace","floor":13},{"not_picked":["Prostrate","Halt"],"picked":"Wireheading","floor":14},{"not_picked":["DevaForm","Wish"],"picked":"LessonLearned","floor":16},{"not_picked":["Wireheading+1","SignatureMove+1","Crescendo"],"picked":"SKIP","floor":18},{"not_picked":["WindmillStrike+1","EmptyFist"],"picked":"FlyingSleeves+1","floor":21},{"not_picked":["DevaForm","Evaluate"],"picked":"Swivel+1","floor":24},{"not_picked":["DeceiveReality","Protect+1"],"picked":"LikeWater","floor":28},{"not_picked":["PathToVictory","Wireheading+1"],"picked":"WaveOfTheHand","floor":29},{"not_picked":["ThirdEye","PathToVictory+1","SandsOfTime+1"],"picked":"SKIP","floor":30},{"not_picked":["EmptyBody","EmptyMind"],"picked":"FollowUp+1","floor":31},{"not_picked":["Judgement","MasterReality"],"picked":"Scrawl","floor":33},{"not_picked":["Nirvana+1","CrushJoints+1"],"picked":"FlurryOfBlows+1","floor":35},{"not_picked":["JustLucky","FollowUp+1","Consecrate"],"picked":"SKIP","floor":36},{"not_picked":["SashWhip+1","Fasting2+1","BowlingBash+1"],"picked":"SKIP","floor":39},{"not_picked":["EmptyBody","FlurryOfBlows","SignatureMove"],"picked":"SKIP","floor":41},{"not_picked":["FlyingSleeves","Halt+1"],"picked":"LikeWater","floor":42}],"player_experience":232786,"relics_obtained":[{"floor":7,"key":"CeramicFish"},{"floor":9,"key":"Tiny Chest"},{"floor":14,"key":"CloakClasp"},{"floor":24,"key":"Sundial"},{"floor":24,"key":"Pen Nib"},{"floor":26,"key":"Bronze Scales"},{"floor":28,"key":"Damaru"},{"floor":28,"key":"Happy Flower"},{"floor":34,"key":"Art of War"},{"floor":34,"key":"Meat on the Bone"},{"floor":34,"key":"Girya"},{"floor":37,"key":"Nunchaku"},{"floor":38,"key":"Old Coin"},{"floor":42,"key":"Centennial Puzzle"},{"floor":42,"key":"Orichalcum"},{"floor":43,"key":"Lantern"}],"event_choices":[{"cards_removed":["Strike_P"],"damage_healed":0,"gold_gain":0,"player_choice":"Card Removal","damage_taken":7,"max_hp_gain":0,"max_hp_loss":0,"event_name":"Golden Wing","floor":3,"gold_loss":0},{"damage_healed":0,"gold_gain":0,"player_choice":"Ignored","damage_taken":0,"max_hp_gain":0,"max_hp_loss":0,"event_name":"Liars Game","floor":5,"gold_loss":0},{"damage_healed":0,"gold_gain":0,"player_choice":"Trade","damage_taken":0,"relics_obtained":["CultistMask"],"max_hp_gain":0,"max_hp_loss":0,"event_name":"FaceTrader","floor":10,"gold_loss":0},{"damage_healed":0,"gold_gain":0,"player_choice":"Opened","damage_taken":0,"relics_obtained":["Eternal Feather"],"max_hp_gain":0,"max_hp_loss":0,"event_name":"The Mausoleum","floor":20,"gold_loss":0},{"damage_healed":0,"gold_gain":0,"player_choice":"Simplicity","damage_taken":0,"max_hp_gain":0,"max_hp_loss":0,"event_name":"Back to Basics","floor":22,"gold_loss":0,"cards_upgraded":["Strike_P","Strike_P","Defend_P","Defend_P","Defend_P"]},{"damage_healed":0,"gold_gain":0,"player_choice":"Fight","damage_taken":0,"max_hp_gain":0,"max_hp_loss":0,"event_name":"Mysterious Sphere","floor":38,"gold_loss":0}],"is_beta":false,"boss_relics":[{"not_picked":["Cursed Key","Velvet Choker"],"picked":"Black Star"},{"not_picked":["VioletLotus","Busted Crown"],"picked":"Calling Bell"}],"items_purged_floors":[19],"is_endless":false,"potions_floor_spawned":[7,12,13,14,16,21,24,30,31,39,41,42],"killed_by":"Nemesis","ascension_level":1}}