{"host":"19r1ww88x2tc73i0","time":1612083955,"event":{"mods":["BaseMod","BetterRewards","Colored Map","Minty Spire (QoL Compilation)","Relic Stats","StSLib","SuperFastMode","slay the spire mod where everything is the same but ironclad has a cowboy hat"],"gold_per_floor":[16,29,29,52,76,76,109,34,61,61,104,119,119,119],"floor_reached":13,"language":"ENG","playtime":461,"items_purged":["Strike_R"],"score":190,"play_id":"c029f9ba-d1d3-44f2-a787-6107afd69723","local_time":"25640131160555","is_ascension_mode":true,"campfire_choices":[{"data":"1","floor":6.0,"key":"LIFT"},{"data":"2","floor":10.0,"key":"LIFT"}],"circlet_count":0,"master_deck":["AscendersBane","Strike_R","Strike_R","Strike_R","Strike_R","Defend_R","Defend_R","Defend_R","Defend_R","Bash","Ghostly Armor","Dropkick","Spot Weakness","Pommel Strike","Armaments","Evolve"],"relics":["Burning Blood","Girya","Golden Idol","MealTicket","Potion Belt","Nunchaku"],"acts_visited":["Exordium"],"potions_floor_usage":[13],"damage_taken":[{"damage":8.0,"enemies":"Small Slimes","floor":1.0,"turns":4.0},{"damage":25.0,"enemies":"Jaw Worm","floor":2.0,"turns":8.0},{"damage":8.0,"enemies":"2 Louse","floor":4.0,"turns":3.0},{"damage":14.0,"enemies":"Blue Slaver","floor":5.0,"turns":4.0},{"damage":35.0,"enemies":"Lagavulin","floor":7.0,"turns":5.0},{"damage":25.0,"enemies":"3 Sentries","floor":11.0,"turns":10.0},{"damage":17.0,"enemies":"Red Slaver","floor":12.0,"turns":5.0},{"damage":7,"enemies":"Lagavulin","floor":13,"turns":7}],"seed_played":"-7380388726657971150","potions_obtained":[{"floor":1.0,"key":"FairyPotion"},{"floor":5.0,"key":"Swift Potion"},{"floor":11.0,"key":"SkillPotion"}],"is_trial":false,"path_per_floor":["M","M","?","M","M","R","E","$","T","R","E","M","E"],"character_chosen":"IRONCLAD","items_purchased":[],"campfire_rested":0,"item_purchase_floors":[],"current_hp_per_floor":[66,47,47,45,37,37,8,23,23,23,26,15,8,8],"gold":119,"neow_bonus":"ONE_RARE_RELIC","is_daily":false,"chose_seed":false,"campfire_upgraded":0,"win_rate":0.0,"timestamp":1612083955,"path_taken":["M","M","?","M","M","R","E","$","T","R","E","M","E"],"items_purchased_type":[],"build_version":"2020-12-22","purchased_purges":1,"victory":false,"max_hp_per_floor":[75,75,68,68,68,68,68,68,68,68,68,68,68,68],"relic_stats":{"Nunchaku":[1],"counters":[8,46],"Golden Idol":29,"MealTicket":15,"obtain_stats":[{"Potion Belt":9,"Girya":0,"Nunchaku":11,"Golden Idol":3,"MealTicket":7,"Burning Blood":0},{"Potion Belt":5,"Girya":0,"Nunchaku":6,"Golden Idol":2,"MealTicket":5,"Burning Blood":0},{"Potion Belt":24,"Girya":0,"Nunchaku":34,"Golden Idol":12,"MealTicket":24,"Burning Blood":0}],"Burning Blood":42},"card_choices":[{"not_picked":["Power Through","Anger"],"picked":"Ghostly Armor","floor":1.0},{"not_picked":["Shrug It Off","Armaments"],"picked":"Dropkick","floor":2.0},{"not_picked":["Iron Wave","Feel No Pain"],"picked":"Spot Weakness","floor":4.0},{"not_picked":["Havoc","Heavy Blade"],"picked":"Pommel Strike","floor":5.0},{"not_picked":["Havoc","Twin Strike","Pommel Strike"],"picked":"SKIP","floor":7.0},{"not_picked":["Pommel Strike","Flex"],"picked":"Armaments","floor":11.0},{"not_picked":["Headbutt","Body Slam"],"picked":"Evolve","floor":12.0}],"player_experience":984095,"relics_obtained":[{"floor":7.0,"key":"MealTicket"},{"floor":9.0,"key":"Potion Belt"},{"floor":11.0,"key":"Nunchaku"}],"event_choices":[{"damage_healed":0.0,"max_hp_gain":0.0,"max_hp_loss":7.0,"gold_gain":0.0,"event_name":"Golden Idol","player_choice":"Lose Max HP","floor":3.0,"gold_loss":0.0,"damage_taken":0.0,"relics_obtained":["Golden Idol"]}],"is_beta":false,"boss_relics":[],"items_purged_floors":[8],"is_endless":false,"potions_floor_spawned":[1,5,11],"killed_by":"Lagavulin","ascension_level":20}}