{"host":"m2106ztvmcgfoyc9","time":1612089013,"event":{"mods":["BaseMod","Minty Spire (QoL Compilation)","Relic Stats"],"gold_per_floor":[117,117,192,203,353,397,397,6,32,56,95,147,201,247,247,247,247],"floor_reached":16,"language":"ENG","playtime":500,"items_purged":["Doubt"],"score":286,"play_id":"f8b279a3-fc0f-4a7d-afd1-0895baceb1e5","local_time":"20210131113013","is_ascension_mode":true,"campfire_choices":[{"data":"Sweeping Beam","floor":7,"key":"SMITH"},{"data":"Loop","floor":15,"key":"SMITH"}],"circlet_count":0,"master_deck":["AscendersBane","Strike_B+1","Strike_B","Strike_B","Strike_B","Defend_B+1","Defend_B","Defend_B+1","Defend_B","Zap","Dualcast+1","Turbo","Genetic Algorithm","Sweeping Beam+1","HandOfGreed","Melter","Biased Cognition","Cold Snap","Loop+1"],"relics":["Cracked Core","NeowsBlessing","CeramicFish","Membership Card","Bag of Preparation","War Paint","Toy Ornithopter","Happy Flower","Torii"],"acts_visited":["Exordium"],"potions_floor_usage":[11,11,13],"damage_taken":[{"damage":0,"enemies":"Small Slimes","floor":1,"turns":1},{"damage":0,"enemies":"2 Louse","floor":4,"turns":1},{"damage":0,"enemies":"3 Sentries","floor":6,"turns":1},{"damage":0,"enemies":"Jaw Worm","floor":10,"turns":3},{"damage":8,"enemies":"Gremlin Nob","floor":11,"turns":3},{"damage":2,"enemies":"3 Sentries","floor":13,"turns":4},{"damage":1,"enemies":"Exordium Thugs","floor":14,"turns":4},{"damage":39,"enemies":"Hexaghost","floor":16,"turns":9}],"seed_played":"758359949126919384","potions_obtained":[{"floor":4,"key":"Regen Potion"},{"floor":11,"key":"LiquidMemories"}],"is_trial":false,"path_per_floor":["M","?","?","M","?","E","R","$","T","M","E","T","E","M","R","B"],"character_chosen":"DEFECT","items_purchased":["Membership Card","Bag of Preparation","HandOfGreed","SteroidPotion"],"campfire_rested":0,"item_purchase_floors":[8,8,8,8],"current_hp_per_floor":[64,43,32,32,32,32,32,32,32,32,33,33,36,35,35,0,0],"gold":247,"neow_bonus":"THREE_ENEMY_KILL","is_daily":false,"chose_seed":false,"campfire_upgraded":2,"win_rate":0.0,"timestamp":1612089013,"path_taken":["M","?","?","M","?","E","R","$","T","M","E","?","E","M","R","BOSS"],"items_purchased_type":["Relic","Relic","Card","Potion"],"build_version":"2020-12-22","purchased_purges":1,"victory":false,"max_hp_per_floor":[71,71,71,71,71,71,71,71,71,71,71,71,71,71,71,71,71],"relic_stats":{"Happy Flower":[5],"Torii":5,"counters":[8,26],"CeramicFish":54,"Bag of Preparation":[10],"War Paint":["Defend_B","Defend_B"],"obtain_stats":[{"NeowsBlessing":0,"Happy Flower":12,"Torii":13,"CeramicFish":6,"Bag of Preparation":8,"Membership Card":8,"War Paint":9,"Cracked Core":0,"Toy Ornithopter":11},{"NeowsBlessing":0,"Happy Flower":5,"Torii":6,"CeramicFish":3,"Bag of Preparation":3,"Membership Card":3,"War Paint":3,"Cracked Core":0,"Toy Ornithopter":5},{"NeowsBlessing":0,"Happy Flower":9,"Torii":13,"CeramicFish":3,"Bag of Preparation":3,"Membership Card":3,"War Paint":3,"Cracked Core":0,"Toy Ornithopter":9}],"Toy Ornithopter":5},"card_choices":[{"not_picked":["Hologram","Heatsinks"],"picked":"Turbo","floor":1},{"not_picked":["Lockon","Scrape"],"picked":"Genetic Algorithm","floor":4},{"not_picked":["Beam Cell","Machine Learning"],"picked":"Sweeping Beam","floor":6},{"not_picked":["Beam Cell","Leap"],"picked":"Melter","floor":10},{"not_picked":["Ball Lightning","Recycle"],"picked":"Biased Cognition","floor":11},{"not_picked":["Stack","Force Field"],"picked":"Cold Snap","floor":13},{"not_picked":["Cold Snap","Rebound"],"picked":"Loop","floor":14}],"player_experience":987952,"relics_obtained":[{"floor":6,"key":"CeramicFish"},{"floor":9,"key":"War Paint"},{"floor":11,"key":"Toy Ornithopter"},{"floor":12,"key":"Happy Flower"},{"floor":13,"key":"Torii"}],"event_choices":[{"damage_healed":0,"gold_gain":0,"player_choice":"Entered Light","damage_taken":21,"max_hp_gain":0,"max_hp_loss":0,"event_name":"Shining Light","floor":2,"gold_loss":0,"cards_upgraded":["Dualcast","Strike_B"]},{"damage_healed":0,"gold_gain":75,"player_choice":"Gather Gold","damage_taken":11,"max_hp_gain":0,"max_hp_loss":0,"event_name":"World of Goop","floor":3,"gold_loss":0},{"damage_healed":0,"gold_gain":150,"player_choice":"AGREE","damage_taken":0,"max_hp_gain":0,"max_hp_loss":0,"event_name":"Liars Game","floor":5,"gold_loss":0,"cards_obtained":["Doubt"]}],"is_beta":false,"boss_relics":[],"items_purged_floors":[8],"is_endless":false,"potions_floor_spawned":[4,11],"killed_by":"Hexaghost","ascension_level":20}}