{"host":"6q94iy5iz6612v89","time":1612109408,"event":{"mods":["2.2 Compatiblity","AchievementEnabler","BaseMod","Colored Map","DeckTracker","Keyboard Shortcuts","Minty Spire (QoL Compilation)","Permanent Neow","StSLib","SuperFastMode"],"gold_per_floor":[218,231,156,168,68,68,79,107,176,176,211,211,276,305,305,305,305],"floor_reached":16,"language":"KOR","playtime":287,"items_purged":["Strike_R","Strike_R"],"score":236,"play_id":"e6d85766-2e21-4dbf-90fb-9fc62db5f35d","local_time":"20210201011008","is_ascension_mode":true,"campfire_choices":[{"data":"Twin Strike","floor":6,"key":"SMITH"},{"data":"Pommel Strike","floor":10,"key":"SMITH"},{"floor":12,"key":"DIG"},{"floor":15,"key":"DIG"}],"circlet_count":0,"master_deck":["AscendersBane","Strike_R","Strike_R","Strike_R","Defend_R","Defend_R","Defend_R","Defend_R","Bash","Twin Strike+1","Second Wind","Pommel Strike+1","Shrug It Off","Twin Strike+1","Disarm"],"relics":["Burning Blood","Shovel","Omamori","Molten Egg 2","Question Card","Juzu Bracelet","Blue Candle"],"acts_visited":["Exordium"],"potions_floor_usage":[8,13,14,16],"damage_taken":[{"damage":10,"enemies":"Small Slimes","floor":1,"turns":4},{"damage":3,"enemies":"2 Louse","floor":2,"turns":3},{"damage":9,"enemies":"Jaw Worm","floor":4,"turns":4},{"damage":11,"enemies":"2 Fungi Beasts","floor":7,"turns":4},{"damage":8,"enemies":"Gremlin Nob","floor":8,"turns":3},{"damage":25,"enemies":"3 Sentries","floor":11,"turns":8},{"damage":32,"enemies":"3 Sentries","floor":13,"turns":9},{"damage":8,"enemies":"Gremlin Nob","floor":14,"turns":3},{"damage":14,"enemies":"The Guardian","floor":16,"turns":4}],"seed_played":"4051795223408086650","potions_obtained":[{"floor":4,"key":"LiquidBronze"},{"floor":7,"key":"LiquidMemories"},{"floor":8,"key":"DuplicationPotion"},{"floor":13,"key":"Dexterity Potion"}],"is_trial":false,"path_per_floor":["M","M","$","M","$","R","M","E","T","R","E","R","?","E","R","B"],"character_chosen":"IRONCLAD","items_purchased":[],"campfire_rested":0,"item_purchase_floors":[],"current_hp_per_floor":[64,67,67,64,64,64,59,57,57,57,38,38,12,10,10,0,0],"gold":305,"neow_bonus":"HUNDRED_GOLD","is_daily":false,"chose_seed":false,"campfire_upgraded":2,"win_rate":0.0,"timestamp":1612109408,"path_taken":["M","M","$","M","$","R","M","E","T","R","E","R","?","E","R","BOSS"],"items_purchased_type":[],"build_version":"2020-12-22","purchased_purges":2,"victory":false,"max_hp_per_floor":[75,75,75,75,75,75,75,75,75,75,75,75,75,75,75,75,75],"card_choices":[{"not_picked":["Havoc","Power Through"],"picked":"Twin Strike","floor":1},{"not_picked":["Clothesline","Twin Strike"],"picked":"Second Wind","floor":2},{"not_picked":["Rupture","Clash","Sword Boomerang"],"picked":"SKIP","floor":4},{"not_picked":["Berserk","True Grit"],"picked":"Pommel Strike","floor":7},{"not_picked":["Havoc","Heavy Blade","Double Tap"],"picked":"SKIP","floor":8},{"not_picked":["Iron Wave","True Grit"],"picked":"Shrug It Off","floor":11},{"not_picked":["Warcry","Dropkick+1"],"picked":"Twin Strike+1","floor":13},{"not_picked":["Havoc","Cleave+1","Iron Wave+1"],"picked":"Disarm","floor":14}],"player_experience":1447276,"relics_obtained":[{"floor":8,"key":"Shovel"},{"floor":11,"key":"Omamori"},{"floor":12,"key":"Molten Egg 2"},{"floor":13,"key":"Question Card"},{"floor":14,"key":"Juzu Bracelet"},{"floor":15,"key":"Blue Candle"}],"event_choices":[{"damage_healed":0,"gold_gain":30,"player_choice":"Searched \u00272\u0027 times","damage_taken":0,"max_hp_gain":0,"max_hp_loss":0,"event_name":"Dead Adventurer","floor":13,"gold_loss":0}],"is_beta":false,"boss_relics":[],"items_purged_floors":[3,5],"is_endless":false,"potions_floor_spawned":[4,7,8,13],"killed_by":"The Guardian","ascension_level":20}}