{"host":"fa35vd3kig5td25x","time":1612105277,"event":{"mods":["BaseMod","Colored Powertips","Minty Spire (QoL Compilation)","Relic Stats","Slay the Relics Exporter"],"gold_per_floor":[115,126,276,291,49,49,49,82,109,109,126,142,169,186,186,263,263,277,288,49,49,61,61,75,75,75,0,27,43,62,81,81,158,158,168,168,179,8,26,26,26],"floor_reached":40,"language":"ENG","playtime":2942,"items_purged":["Doubt","Strike_R"],"score":1094,"play_id":"d7ba6059-209e-4aa2-861b-98ffac488b24","local_time":"20210131160117","is_ascension_mode":true,"campfire_choices":[{"data":"Flex","floor":6,"key":"SMITH"},{"floor":10,"key":"REST"},{"data":"Armaments","floor":15,"key":"SMITH"},{"floor":23,"key":"REST"},{"floor":32,"key":"REST"}],"circlet_count":0,"master_deck":["AscendersBane","Defend_R","Defend_R","Defend_R","Defend_R","Bash","Bloodletting","Perfected Strike","Combust","Whirlwind","Flex+1","Pummel","Clothesline","Armaments+1","Twin Strike","Barricade","Flame Barrier","Blood for Blood","True Grit","Sentinel+1","Body Slam","Offering"],"relics":["Runic Pyramid","Bag of Preparation","Orichalcum","Blood Vial","Fusion Hammer","Thread and Needle","Nunchaku","Empty Cage","Membership Card"],"acts_visited":["Exordium","TheCity","TheBeyond"],"potions_floor_usage":[16,22,28,29,31],"damage_taken":[{"damage":0,"enemies":"Small Slimes","floor":1,"turns":7},{"damage":11,"enemies":"2 Louse","floor":2,"turns":3},{"damage":7,"enemies":"Jaw Worm","floor":4,"turns":4},{"damage":11,"enemies":"3 Sentries","floor":8,"turns":4},{"damage":6,"enemies":"Blue Slaver","floor":11,"turns":3},{"damage":0,"enemies":"2 Fungi Beasts","floor":12,"turns":3},{"damage":21,"enemies":"Lagavulin","floor":13,"turns":6},{"damage":0,"enemies":"Lots of Slimes","floor":14,"turns":1},{"damage":8,"enemies":"Hexaghost","floor":16,"turns":8},{"damage":3,"enemies":"Spheric Guardian","floor":18,"turns":3},{"damage":6,"enemies":"Chosen","floor":19,"turns":3},{"damage":13,"enemies":"Snake Plant","floor":22,"turns":2},{"damage":0,"enemies":"Snecko","floor":24,"turns":5},{"damage":30,"enemies":"Slavers","floor":28,"turns":3},{"damage":20,"enemies":"Sentry and Sphere","floor":29,"turns":6},{"damage":4,"enemies":"Centurion and Healer","floor":30,"turns":6},{"damage":13,"enemies":"Snecko","floor":31,"turns":6},{"damage":15,"enemies":"Champ","floor":33,"turns":19},{"damage":9,"enemies":"3 Shapes","floor":35,"turns":5},{"damage":9,"enemies":"Orb Walker","floor":37,"turns":3},{"damage":19,"enemies":"4 Shapes","floor":39,"turns":8},{"damage":37,"enemies":"Giant Head","floor":40,"turns":7}],"seed_played":"-5833588482215104579","potions_obtained":[{"floor":4,"key":"EssenceOfSteel"},{"floor":14,"key":"BloodPotion"},{"floor":19,"key":"Weak Potion"},{"floor":22,"key":"GamblersBrew"},{"floor":28,"key":"Weak Potion"},{"floor":33,"key":"LiquidBronze"}],"is_trial":false,"path_per_floor":["M","M","?","M","$","R","?","E","T","R","M","M","E","M","R","B",null,"M","M","$","?","M","R","M","?","T","?","E","M","M","M","R","B",null,"M","?","M","$","M","E"],"character_chosen":"IRONCLAD","items_purchased":["Whirlwind","Explosive Potion","Flex","Blood for Blood","True Grit","Membership Card"],"campfire_rested":3,"item_purchase_floors":[5,5,5,20,20,38],"current_hp_per_floor":[68,57,57,50,50,50,43,32,32,54,48,48,27,29,29,23,62,61,57,57,36,25,49,51,51,51,51,23,21,19,8,32,19,65,58,58,51,51,34,0,0],"gold":26,"neow_bonus":"BOSS_RELIC","is_daily":false,"chose_seed":false,"campfire_upgraded":2,"win_rate":0.0,"timestamp":1612105277,"path_taken":["M","M","?","M","$","R","?","E","T","R","M","M","E","M","R","BOSS","M","M","$","?","M","R","M","?","T","?","E","M","?","M","R","BOSS","M","?","M","$","M","E"],"items_purchased_type":["Card","Potion","Card","Card","Card","Relic"],"build_version":"2020-12-22","purchased_purges":2,"victory":false,"max_hp_per_floor":[75,75,75,75,75,75,75,75,75,75,75,75,75,75,75,75,75,75,75,75,80,80,80,80,80,80,80,80,80,80,80,80,80,80,80,80,80,80,80,80,80],"relic_stats":{"Blood Vial":30,"Nunchaku":[7],"counters":[22,115],"Bag of Preparation":[36],"Orichalcum":[126],"obtain_stats":[{"Blood Vial":13,"Nunchaku":28,"Thread and Needle":26,"Fusion Hammer":17,"Bag of Preparation":8,"Membership Card":38,"Orichalcum":9,"Empty Cage":34,"Burning Blood":0,"Runic Pyramid":0},{"Blood Vial":7,"Nunchaku":14,"Thread and Needle":13,"Fusion Hammer":9,"Bag of Preparation":4,"Membership Card":20,"Orichalcum":4,"Empty Cage":18,"Burning Blood":0,"Runic Pyramid":0},{"Blood Vial":30,"Nunchaku":55,"Thread and Needle":52,"Fusion Hammer":39,"Bag of Preparation":18,"Membership Card":100,"Orichalcum":18,"Empty Cage":92,"Burning Blood":0,"Runic Pyramid":0}]},"card_choices":[{"not_picked":["Havoc","Iron Wave"],"picked":"Bloodletting","floor":1},{"not_picked":["Sword Boomerang","Thunderclap"],"picked":"Perfected Strike","floor":2},{"not_picked":["Heavy Blade","Dark Embrace"],"picked":"Combust","floor":4},{"not_picked":["Heavy Blade","Battle Trance"],"picked":"Pummel","floor":8},{"not_picked":["Uppercut","Heavy Blade"],"picked":"Clothesline","floor":11},{"not_picked":["Heavy Blade","Clash"],"picked":"Armaments","floor":13},{"not_picked":["Havoc","Fire Breathing"],"picked":"Twin Strike","floor":14},{"not_picked":["Offering","Fiend Fire"],"picked":"Barricade","floor":16},{"not_picked":["Cleave","Warcry"],"picked":"Flame Barrier","floor":18},{"not_picked":["Uppercut","Perfected Strike","Sword Boomerang"],"picked":"SKIP","floor":19},{"not_picked":["Iron Wave","Flame Barrier","Headbutt"],"picked":"SKIP","floor":22},{"not_picked":["Shrug It Off","Inflame"],"picked":"Sentinel+1","floor":24},{"not_picked":["Barricade","Clothesline","Bloodletting+1"],"picked":"SKIP","floor":28},{"not_picked":["Clash","Second Wind","Clothesline"],"picked":"SKIP","floor":29},{"not_picked":["Second Wind","True Grit"],"picked":"Body Slam","floor":30},{"not_picked":["Flex+1","Cleave","Blood for Blood"],"picked":"SKIP","floor":31},{"not_picked":["Immolate","Juggernaut"],"picked":"Offering","floor":33},{"not_picked":["Havoc","Clash+1","Cleave"],"picked":"SKIP","floor":35},{"not_picked":["Anger+1","Power Through","Iron Wave"],"picked":"SKIP","floor":37},{"not_picked":["Anger","Thunderclap","Headbutt"],"picked":"SKIP","floor":39}],"player_experience":3035598,"relics_obtained":[{"floor":8,"key":"Bag of Preparation"},{"floor":9,"key":"Orichalcum"},{"floor":13,"key":"Blood Vial"},{"floor":26,"key":"Thread and Needle"},{"floor":28,"key":"Nunchaku"}],"event_choices":[{"damage_healed":0,"gold_gain":150,"player_choice":"AGREE","damage_taken":0,"max_hp_gain":0,"max_hp_loss":0,"event_name":"Liars Game","floor":3,"gold_loss":0,"cards_obtained":["Doubt"]},{"cards_removed":["Strike_R"],"damage_healed":0,"gold_gain":0,"player_choice":"Card Removal","damage_taken":7,"max_hp_gain":0,"max_hp_loss":0,"event_name":"Golden Wing","floor":7,"gold_loss":0},{"damage_healed":0,"gold_gain":0,"player_choice":"Shed Blood","damage_taken":26,"max_hp_gain":5,"max_hp_loss":0,"event_name":"Forgotten Altar","floor":21,"gold_loss":0},{"cards_removed":["Strike_R"],"damage_healed":0,"gold_gain":0,"player_choice":"Gave Gold","damage_taken":0,"max_hp_gain":0,"max_hp_loss":0,"event_name":"Beggar","floor":27,"gold_loss":75},{"damage_healed":0,"gold_gain":0,"player_choice":"Ignored","damage_taken":0,"max_hp_gain":0,"max_hp_loss":0,"event_name":"SecretPortal","floor":36,"gold_loss":0}],"is_beta":false,"boss_relics":[{"not_picked":["Mark of Pain","Coffee Dripper"],"picked":"Fusion Hammer"},{"not_picked":["Tiny House","Velvet Choker"],"picked":"Empty Cage"}],"items_purged_floors":[5,20],"is_endless":false,"potions_floor_spawned":[4,12,14,19,22,24,28,33],"killed_by":"Giant Head","ascension_level":20}}