{"host":"jksa5rawk3m4gilz","time":1612107491,"event":{"mods":["BaseMod","Colored Map","Highlight Path","Minty Spire (QoL Compilation)","Quick Restart"],"gold_per_floor":[13,13,78,96,96,96,126,138,138,157,157,190,190,202,202,202,202],"floor_reached":16,"language":"ENG","playtime":450,"items_purged":[],"score":187,"play_id":"9f0a4b43-634b-402e-b423-158e850b0e2b","local_time":"20210131163811","is_ascension_mode":true,"campfire_choices":[{"data":"Flex","floor":6,"key":"SMITH"},{"floor":11,"key":"REST"},{"floor":13,"key":"REST"},{"floor":15,"key":"REST"}],"circlet_count":0,"master_deck":["AscendersBane","Strike_R","Strike_R","Strike_R","Defend_R","Defend_R","Defend_R","Bash+1","Flex+1","Flex","Flex","Impervious","Rampage"],"relics":["Burning Blood","WingedGreaves","Unceasing Top","Juzu Bracelet"],"acts_visited":["Exordium"],"potions_floor_usage":[],"damage_taken":[{"damage":9,"enemies":"Jaw Worm","floor":1,"turns":4},{"damage":0,"enemies":"Small Slimes","floor":4,"turns":3},{"damage":35,"enemies":"Lagavulin","floor":7,"turns":5},{"damage":6,"enemies":"2 Louse","floor":8,"turns":3},{"damage":9,"enemies":"Red Slaver","floor":10,"turns":2},{"damage":42,"enemies":"Gremlin Nob","floor":12,"turns":5},{"damage":31,"enemies":"Large Slime","floor":14,"turns":7},{"damage":44,"enemies":"Hexaghost","floor":16,"turns":8}],"seed_played":"-8230446056789017581","potions_obtained":[{"floor":7,"key":"Dexterity Potion"},{"floor":10,"key":"SmokeBomb"},{"floor":14,"key":"LiquidBronze"}],"is_trial":false,"path_per_floor":["M","?","?","M","?","R","E","M","T","M","R","E","R","M","R","B"],"character_chosen":"IRONCLAD","items_purchased":[],"campfire_rested":3,"item_purchase_floors":[],"current_hp_per_floor":[65,65,65,71,71,71,42,42,42,39,61,25,47,22,44,0,0],"gold":202,"neow_bonus":"REMOVE_TWO","is_daily":false,"chose_seed":false,"campfire_upgraded":1,"win_rate":0.0,"timestamp":1612107491,"path_taken":["M","?","?","M","?","R","E","M","T","M","R","E","R","M","R","BOSS"],"items_purchased_type":[],"build_version":"2020-12-22","purchased_purges":0,"victory":false,"max_hp_per_floor":[75,75,75,75,75,75,75,75,75,75,75,75,75,75,75,75,75],"card_choices":[{"not_picked":["Perfected Strike","Sword Boomerang","Flex"],"picked":"SKIP","floor":1},{"not_picked":["Searing Blow","Shrug It Off"],"picked":"Flex","floor":4},{"not_picked":["Battle Trance","Thunderclap"],"picked":"Flex","floor":7},{"not_picked":["Sword Boomerang","Warcry"],"picked":"Flex","floor":8},{"not_picked":["Thunderclap","Iron Wave","Headbutt"],"picked":"SKIP","floor":10},{"not_picked":["True Grit","Metallicize"],"picked":"Impervious","floor":12},{"not_picked":["Shockwave","Havoc"],"picked":"Rampage","floor":14}],"player_experience":1810382,"relics_obtained":[{"floor":7,"key":"WingedGreaves"},{"floor":9,"key":"Unceasing Top"},{"floor":12,"key":"Juzu Bracelet"}],"event_choices":[{"damage_healed":0,"gold_gain":0,"player_choice":"Grow","damage_taken":0,"max_hp_gain":0,"max_hp_loss":0,"event_name":"Living Wall","floor":2,"gold_loss":0,"cards_upgraded":["Bash"]},{"damage_healed":0,"gold_gain":65,"player_choice":"Gained Gold","damage_taken":0,"max_hp_gain":0,"max_hp_loss":0,"event_name":"Golden Wing","floor":3,"gold_loss":0},{"cards_removed":["Defend_R"],"damage_healed":0,"gold_gain":0,"player_choice":"Offered Basic","damage_taken":0,"max_hp_gain":0,"max_hp_loss":0,"event_name":"Bonfire Elementals","floor":5,"gold_loss":0}],"is_beta":false,"boss_relics":[],"items_purged_floors":[],"is_endless":false,"potions_floor_spawned":[7,10,14],"killed_by":"Hexaghost","ascension_level":14}}