{"host":"osk2oboccoevp2u5","time":1612056691,"event":{"mods":["AchievementEnabler","Alarm Clock","BaseMod","Colored Powertips","Disable Question Mark Monsters","Displayed Cursed Tome","Hermit","Key Reminder","Minty Spire (QoL Compilation)","Potion Indicator Mod","Quick Restart","Rare Cards Sparkle","Reorder Act Four","StSLib","Useless Jewels Mod"],"gold_per_floor":[119,21,21,21,21,21,31,31,31,31,44,67,90,90,90,198,198,180,189,199,199,199],"floor_reached":21,"language":"ENG","playtime":1041,"items_purged":["hermit:Strike_Hermit"],"score":285,"play_id":"420dc550-a003-475b-b608-a019e73447e3","local_time":"20210130213131","is_ascension_mode":true,"campfire_choices":[{"data":"hermit:Desperado","floor":6.0,"key":"SMITH"},{"data":"hermit:ShadowCloak","floor":8.0,"key":"SMITH"},{"data":"hermit:Misfire","floor":10.0,"key":"SMITH"},{"floor":15.0,"key":"REST"}],"circlet_count":0,"master_deck":["hermit:Strike_Hermit","hermit:Strike_Hermit","hermit:Defend_Hermit","hermit:Defend_Hermit","hermit:Defend_Hermit","hermit:Defend_Hermit","hermit:Snapshot","hermit:Covet","hermit:Dive","hermit:Misfire+1","hermit:Desperado+1","hermit:ShadowCloak+1","hermit:Vantage","hermit:TakeAim","hermit:Reprieve","hermit:Manifest"],"relics":["hermit:Momento","CeramicFish","Meat on the Bone","Fusion Hammer"],"acts_visited":["Exordium","TheCity"],"potions_floor_usage":[],"damage_taken":[{"damage":6.0,"enemies":"Cultist","floor":1.0,"turns":6.0},{"damage":0.0,"enemies":"2 Louse","floor":7.0,"turns":1.0},{"damage":0.0,"enemies":"Small Slimes","floor":11.0,"turns":3.0},{"damage":2.0,"enemies":"2 Fungi Beasts","floor":12.0,"turns":4.0},{"damage":3.0,"enemies":"Blue Slaver","floor":13.0,"turns":4.0},{"damage":0.0,"enemies":"The Guardian","floor":16.0,"turns":13.0},{"damage":7.0,"enemies":"2 Thieves","floor":18.0,"turns":4.0},{"damage":13.0,"enemies":"Shell Parasite","floor":20.0,"turns":10.0},{"damage":0,"enemies":"Centurion and Healer","floor":21,"turns":2}],"seed_played":"-869119450505139884","potions_obtained":[{"floor":1.0,"key":"Block Potion"},{"floor":11.0,"key":"Block Potion"},{"floor":12.0,"key":"ColorlessPotion"},{"floor":16.0,"key":"SkillPotion"}],"is_trial":false,"path_per_floor":["M","$","?","?","?","R","M","R","T","R","M","M","M","?","R","B",null,"M","?","M","M"],"character_chosen":"HERMIT","items_purchased":["hermit:Desperado"],"campfire_rested":1,"item_purchase_floors":[2],"current_hp_per_floor":[62,62,55,60,60,60,60,60,60,60,60,58,55,37,61,61,75,68,68,55,55,55],"gold":199,"neow_bonus":"THREE_CARDS","is_daily":false,"chose_seed":false,"campfire_upgraded":3,"win_rate":0.0,"timestamp":1612056691,"path_taken":["M","?","?","?","?","R","M","R","T","R","M","M","M","?","R","BOSS","M","?","M","M"],"items_purchased_type":["Card"],"build_version":"2020-12-22","purchased_purges":1,"victory":false,"max_hp_per_floor":[75,75,75,80,80,80,80,80,80,80,80,80,80,80,80,80,80,80,80,80,80,80],"card_choices":[{"not_picked":["hermit:Misfire","hermit:Feint"],"picked":"hermit:Dive","floor":0.0},{"not_picked":["hermit:Grudge","hermit:TrackingShot"],"picked":"hermit:Misfire","floor":1.0},{"not_picked":["hermit:HighCaliber","hermit:LowProfile"],"picked":"hermit:ShadowCloak","floor":7.0},{"not_picked":["hermit:GhostlyPresence","hermit:Glare","hermit:LoneWolf"],"picked":"SKIP","floor":11.0},{"not_picked":["hermit:Snipe","hermit:Headshot"],"picked":"hermit:Vantage","floor":12.0},{"not_picked":["hermit:Headshot","hermit:Midnight"],"picked":"hermit:TakeAim","floor":13.0},{"not_picked":["hermit:Adapt","hermit:BlackWind"],"picked":"hermit:Reprieve","floor":16.0},{"not_picked":["hermit:Grudge","hermit:TrackingShot","hermit:Maintenance+1"],"picked":"SKIP","floor":18.0},{"not_picked":["hermit:BodyArmor","hermit:PistolWhip","hermit:WideOpen"],"picked":"SKIP","floor":20.0}],"player_experience":1011896,"relics_obtained":[{"floor":9.0,"key":"CeramicFish"}],"event_choices":[{"cards_removed":["hermit:Strike_Hermit"],"damage_healed":0.0,"max_hp_gain":0.0,"max_hp_loss":0.0,"gold_gain":0.0,"event_name":"Golden Wing","player_choice":"Card Removal","floor":3.0,"gold_loss":0.0,"damage_taken":7.0},{"damage_healed":0.0,"max_hp_gain":5.0,"max_hp_loss":0.0,"gold_gain":0.0,"event_name":"Big Fish","player_choice":"Donut","floor":4.0,"gold_loss":0.0,"damage_taken":0.0},{"damage_healed":0.0,"max_hp_gain":0.0,"max_hp_loss":0.0,"gold_gain":0.0,"event_name":"Liars Game","player_choice":"Ignored","floor":5.0,"gold_loss":0.0,"damage_taken":0.0},{"damage_healed":0.0,"max_hp_gain":0.0,"max_hp_loss":0.0,"gold_gain":0.0,"event_name":"Scrap Ooze","player_choice":"Success","floor":14.0,"gold_loss":0.0,"damage_taken":18.0,"relics_obtained":["Meat on the Bone"]},{"damage_healed":0.0,"max_hp_gain":0.0,"max_hp_loss":0.0,"gold_gain":0.0,"event_name":"The Library","player_choice":"Read","floor":19.0,"gold_loss":0.0,"damage_taken":0.0,"cards_obtained":["hermit:Manifest"]}],"is_beta":false,"boss_relics":[{"not_picked":["SlaversCollar","Ectoplasm"],"picked":"Fusion Hammer"}],"items_purged_floors":[2],"is_endless":false,"potions_floor_spawned":[1,11,12,16],"killed_by":"Centurion and Healer","ascension_level":6}}