{"host":"xg4r5pv6chpuampg","time":1612093840,"event":{"mods":["AchievementEnabler","BaseMod","Googly Eyes","Minty Spire (QoL Compilation)"],"gold_per_floor":[118,118,118,68,78,78,113,130,157,171,187,187,220,240,240,240,240],"floor_reached":16,"language":"ENG","playtime":770,"items_purged":[],"score":137,"play_id":"897b4367-6b3f-46e0-b393-e2645c0bcee7","local_time":"20210131145040","is_ascension_mode":false,"campfire_choices":[{"data":"Finisher","floor":6,"key":"SMITH"},{"data":"Catalyst","floor":12,"key":"SMITH"},{"data":"Bane","floor":15,"key":"SMITH"}],"circlet_count":0,"master_deck":["Strike_G","Strike_G","Strike_G","Strike_G","Strike_G","Defend_G","Defend_G","Defend_G","Defend_G","Survivor","Neutralize","Finisher+1","Poisoned Stab","PiercingWail","Catalyst+1","Bane+1","Backstab","Burst","Deadly Poison"],"relics":["Ring of the Snake","NeowsBlessing","Vajra","Bronze Scales","Toy Ornithopter","Incense Burner"],"acts_visited":["Exordium"],"potions_floor_usage":[16],"damage_taken":[{"damage":0,"enemies":"Jaw Worm","floor":1,"turns":1},{"damage":0,"enemies":"2 Louse","floor":5,"turns":1},{"damage":0,"enemies":"Lagavulin","floor":7,"turns":1},{"damage":9,"enemies":"Small Slimes","floor":8,"turns":3},{"damage":4,"enemies":"3 Louse","floor":10,"turns":3},{"damage":0,"enemies":"Looter","floor":11,"turns":3},{"damage":7,"enemies":"Gremlin Nob","floor":13,"turns":3},{"damage":9,"enemies":"Blue Slaver","floor":14,"turns":1},{"damage":39,"enemies":"Slime Boss","floor":16,"turns":9}],"seed_played":"-2379117112568892576","potions_obtained":[{"floor":1,"key":"Weak Potion"},{"floor":7,"key":"PowerPotion"},{"floor":10,"key":"Weak Potion"}],"is_trial":false,"path_per_floor":["M","?","?","?","M","R","E","M","T","M","M","R","E","M","R","B"],"character_chosen":"THE_SILENT","items_purchased":[],"campfire_rested":0,"item_purchase_floors":[],"current_hp_per_floor":[70,37,60,60,60,60,60,51,51,47,47,47,40,31,31,0,0],"gold":240,"neow_bonus":"THREE_ENEMY_KILL","is_daily":false,"chose_seed":false,"campfire_upgraded":3,"win_rate":0.0,"timestamp":1612093840,"path_taken":["M","?","?","?","M","R","E","M","T","M","M","R","E","M","R","BOSS"],"items_purchased_type":[],"build_version":"2020-12-22","purchased_purges":0,"victory":false,"max_hp_per_floor":[70,70,70,70,70,70,70,70,70,70,70,70,70,70,70,70,70],"card_choices":[{"not_picked":["Slice","Distraction"],"picked":"Finisher","floor":1},{"not_picked":["Slice","Deadly Poison"],"picked":"Poisoned Stab","floor":5},{"not_picked":["Poisoned Stab","Blur"],"picked":"PiercingWail","floor":7},{"not_picked":["Backflip","Dagger Throw"],"picked":"Catalyst","floor":8},{"not_picked":["Dodge and Roll","Deadly Poison"],"picked":"Bane","floor":10},{"not_picked":["Infinite Blades","Quick Slash"],"picked":"Backstab","floor":11},{"not_picked":["Dash","Tactician"],"picked":"Burst","floor":13},{"not_picked":["PiercingWail","Eviscerate"],"picked":"Deadly Poison","floor":14}],"player_experience":14505,"relics_obtained":[{"floor":7,"key":"Bronze Scales"},{"floor":9,"key":"Toy Ornithopter"},{"floor":13,"key":"Incense Burner"}],"event_choices":[{"damage_healed":0,"gold_gain":0,"player_choice":"Success","damage_taken":33,"relics_obtained":["Vajra"],"max_hp_gain":0,"max_hp_loss":0,"event_name":"Scrap Ooze","floor":2,"gold_loss":0},{"damage_healed":23,"gold_gain":0,"player_choice":"Banana","damage_taken":0,"max_hp_gain":0,"max_hp_loss":0,"event_name":"Big Fish","floor":3,"gold_loss":0},{"cards_removed":["Defend_G"],"damage_healed":0,"gold_gain":0,"player_choice":"Card Removal","damage_taken":0,"max_hp_gain":0,"max_hp_loss":0,"event_name":"The Cleric","floor":4,"gold_loss":50}],"is_beta":false,"boss_relics":[],"items_purged_floors":[],"is_endless":false,"potions_floor_spawned":[1,7,10],"killed_by":"Slime Boss","ascension_level":0}}