{"host":"l4kdldlios54gl54","time":1612068522,"event":{"mods":["AchievementEnabler","BaseMod","Colored Map","Colored Powertips","Minty Spire (QoL Compilation)","Random Character Button"],"gold_per_floor":[363,383,394,190,190,190,215,215,240,250,266,48,48,67,67,142,142,155,6,23,23,23,56,56,74,74,74,89,0,0,81,81,81,81],"floor_reached":33,"language":"ENG","playtime":990,"items_purged":["Strike_R","Strike_R","Strike_R"],"score":630,"play_id":"e4759dc6-b8e9-4ce6-9162-5dbdd992178e","local_time":"20210131054842","is_ascension_mode":true,"campfire_choices":[{"data":"Fire Breathing","floor":6,"key":"SMITH"},{"data":"Wild Strike","floor":8,"key":"SMITH"},{"data":"Pummel","floor":13,"key":"SMITH"},{"data":"Power Through","floor":15,"key":"SMITH"},{"data":"Impervious","floor":24,"key":"SMITH"},{"data":"Offering","floor":30,"key":"SMITH"},{"data":"Ghostly Armor","floor":32,"key":"SMITH"}],"circlet_count":0,"master_deck":["AscendersBane","Strike_R","Defend_R","Defend_R","Defend_R","Defend_R","Bash","Fire Breathing+1","Wild Strike+1","Battle Trance","Ghostly Armor+1","Power Through+1","Pummel+1","Impervious+1","Exhume","Offering+1"],"relics":["Burning Blood","Membership Card","Bag of Marbles","Akabeko","Brimstone","Mark of Pain","Omamori","Shuriken","WarpedTongs","InkBottle","Letter Opener","Bottled Tornado"],"acts_visited":["Exordium","TheCity"],"potions_floor_usage":[11,23,33,33],"damage_taken":[{"damage":17,"enemies":"Cultist","floor":1,"turns":4},{"damage":2,"enemies":"2 Louse","floor":2,"turns":3},{"damage":9,"enemies":"Jaw Worm","floor":3,"turns":3},{"damage":15,"enemies":"3 Sentries","floor":7,"turns":4},{"damage":0,"enemies":"Looter","floor":10,"turns":1},{"damage":2,"enemies":"Exordium Wildlife","floor":11,"turns":4},{"damage":2,"enemies":"Lots of Slimes","floor":14,"turns":3},{"damage":0,"enemies":"Slime Boss","floor":16,"turns":4},{"damage":0,"enemies":"Chosen","floor":18,"turns":3},{"damage":0,"enemies":"3 Byrds","floor":20,"turns":2},{"damage":23,"enemies":"Slavers","floor":23,"turns":4},{"damage":11,"enemies":"Shelled Parasite and Fungi","floor":25,"turns":4},{"damage":0,"enemies":"Snecko","floor":28,"turns":2},{"damage":59,"enemies":"Champ","floor":33,"turns":6}],"seed_played":"5851263570147616157","potions_obtained":[{"floor":1,"key":"GamblersBrew"},{"floor":2,"key":"BloodPotion"},{"floor":10,"key":"Weak Potion"},{"floor":11,"key":"Dexterity Potion"},{"floor":28,"key":"PowerPotion"}],"is_trial":false,"path_per_floor":["M","M","M","$","?","R","E","R","T","M","M","$","R","M","R","B",null,"M","$","M","?","?","E","R","M","T","$","M","$","R","T","R","B"],"character_chosen":"IRONCLAD","items_purchased":["Membership Card","Brimstone","Power Through","Pummel","Omamori","Offering"],"campfire_rested":0,"item_purchase_floors":[4,12,12,12,19,29],"current_hp_per_floor":[57,61,58,58,51,51,42,42,42,48,65,65,65,68,68,68,68,68,68,68,68,68,51,51,46,46,46,52,52,52,52,52,0,0],"gold":81,"neow_bonus":"TWO_FIFTY_GOLD","is_daily":false,"chose_seed":false,"campfire_upgraded":7,"win_rate":0.0,"timestamp":1612068522,"path_taken":["M","M","M","$","?","R","E","R","T","M","M","$","R","M","R","BOSS","M","$","M","?","?","E","R","?","T","$","M","?","R","?","R","BOSS"],"items_purchased_type":["Relic","Relic","Card","Card","Relic","Card"],"build_version":"2020-12-22","purchased_purges":3,"victory":false,"max_hp_per_floor":[68,68,68,68,68,68,68,68,68,68,68,68,68,68,68,68,68,68,68,68,68,68,68,68,68,68,68,68,68,68,68,68,68,68],"card_choices":[{"not_picked":["Pummel","Entrench"],"picked":"Fire Breathing","floor":1},{"not_picked":["Body Slam","Havoc"],"picked":"Wild Strike","floor":2},{"not_picked":["Inflame","Havoc"],"picked":"Battle Trance","floor":3},{"not_picked":["Havoc","Intimidate","Armaments"],"picked":"SKIP","floor":7},{"not_picked":["Headbutt","Fire Breathing"],"picked":"Ghostly Armor","floor":10},{"not_picked":["Twin Strike","Clash","Battle Trance"],"picked":"SKIP","floor":11},{"not_picked":["Havoc","Thunderclap"],"picked":"Impervious","floor":14},{"not_picked":["Impervious","Double Tap"],"picked":"Exhume","floor":16},{"not_picked":["Perfected Strike","Intimidate+1","Pommel Strike"],"picked":"SKIP","floor":18},{"not_picked":["Warcry","Pommel Strike","Clothesline"],"picked":"SKIP","floor":20},{"not_picked":["Second Wind+1","Anger","Body Slam"],"picked":"SKIP","floor":23},{"not_picked":["Rage","Armaments","Clothesline+1"],"picked":"SKIP","floor":25},{"not_picked":["Power Through","Pommel Strike","Sword Boomerang"],"picked":"SKIP","floor":28}],"player_experience":900386,"relics_obtained":[{"floor":7,"key":"Bag of Marbles"},{"floor":9,"key":"Akabeko"},{"floor":23,"key":"InkBottle"},{"floor":26,"key":"Letter Opener"},{"floor":31,"key":"Bottled Tornado"}],"event_choices":[{"cards_removed":["Strike_R"],"damage_healed":0,"gold_gain":0,"player_choice":"Card Removal","damage_taken":7,"max_hp_gain":0,"max_hp_loss":0,"event_name":"Golden Wing","floor":5,"gold_loss":0},{"damage_healed":0,"gold_gain":0,"player_choice":"Stole Relic","damage_taken":0,"relics_obtained":["Shuriken"],"max_hp_gain":0,"max_hp_loss":0,"event_name":"Addict","floor":21,"gold_loss":0,"cards_obtained":["Shame"]},{"damage_healed":0,"gold_gain":0,"player_choice":"Rummage","damage_taken":0,"relics_obtained":["WarpedTongs"],"max_hp_gain":0,"max_hp_loss":0,"event_name":"Accursed Blacksmith","floor":22,"gold_loss":0,"cards_obtained":["Pain"]}],"is_beta":false,"boss_relics":[{"not_picked":["Cursed Key","Runic Cube"],"picked":"Mark of Pain"}],"items_purged_floors":[4,12,19],"is_endless":false,"potions_floor_spawned":[1,2,10,11,20,28],"killed_by":"Champ","ascension_level":20}}