{"host":"6r762osam2bvfm66","time":1612122406,"event":{"mods":["BaseMod","Colored Map","Minty Spire (QoL Compilation)"],"gold_per_floor":[115,290,93,110,110,110,135,199,250,268,299,299,310,321,321,418,418,437,456,456,476,489,524,538,90,90,90,104,115,115,127,127,228,228,243,258,258,258,133,159,159,159,159,189,189,29,29,49,49,49],"floor_reached":51,"language":"ENG","playtime":4355,"items_purged":["Doubt","Strike_B","Strike_B"],"score":712,"play_id":"922dc8bb-3b32-4252-afaa-db14a04a9a28","local_time":"20210131134646","is_ascension_mode":false,"campfire_choices":[{"data":"Zap","floor":6,"key":"SMITH"},{"floor":12,"key":"REST"},{"data":"Creative AI","floor":15,"key":"SMITH"},{"floor":27,"key":"REST"},{"data":"Reinforced Body","floor":32,"key":"SMITH"},{"floor":41,"key":"REST"},{"data":"Coolheaded","floor":45,"key":"SMITH"},{"data":"Force Field","floor":49,"key":"SMITH"}],"circlet_count":0,"master_deck":["Strike_B+1","Defend_B","Defend_B","Defend_B","Defend_B","Zap+1","Dualcast","Redo","Reinforced Body+1","Conserve Battery","Sweeping Beam+1","Compile Driver+1","Ball Lightning+1","Streamline+1","Coolheaded+1","Rainbow","Hologram","Coolheaded+1","Defragment+1","Defragment+1","Biased Cognition+1","Force Field+1","Sweeping Beam+1","Coolheaded+1","Electrodynamics+1","Static Discharge+1"],"relics":["Cracked Core","NeowsBlessing","Orichalcum","Molten Egg 2","Whetstone","Lantern","Inserter","Frozen Egg 2","Juzu Bracelet","MealTicket","Eternal Feather","Busted Crown","Shuriken","Question Card","Bottled Lightning","Letter Opener","Toxic Egg 2"],"acts_visited":["Exordium","TheCity","TheBeyond"],"potions_floor_usage":[16,22,23,23,28,29,36,40,50],"damage_taken":[{"damage":0,"enemies":"Small Slimes","floor":1,"turns":1},{"damage":0,"enemies":"2 Louse","floor":4,"turns":1},{"damage":0,"enemies":"Gremlin Nob","floor":7,"turns":1},{"damage":24,"enemies":"Lagavulin Event","floor":8,"turns":5},{"damage":2,"enemies":"Jaw Worm","floor":10,"turns":3},{"damage":22,"enemies":"Lagavulin","floor":11,"turns":7},{"damage":0,"enemies":"Exordium Wildlife","floor":13,"turns":2},{"damage":0,"enemies":"Looter","floor":14,"turns":1},{"damage":35,"enemies":"Slime Boss","floor":16,"turns":8},{"damage":1,"enemies":"Chosen","floor":18,"turns":4},{"damage":25,"enemies":"2 Thieves","floor":19,"turns":4},{"damage":22,"enemies":"Sentry and Sphere","floor":21,"turns":6},{"damage":10,"enemies":"Chosen and Byrds","floor":22,"turns":6},{"damage":2,"enemies":"Book of Stabbing","floor":23,"turns":7},{"damage":5,"enemies":"Cultist and Chosen","floor":24,"turns":6},{"damage":18,"enemies":"3 Cultists","floor":28,"turns":5},{"damage":0,"enemies":"Snecko","floor":29,"turns":5},{"damage":2,"enemies":"Centurion and Healer","floor":31,"turns":5},{"damage":14,"enemies":"Collector","floor":33,"turns":10},{"damage":29,"enemies":"3 Darklings","floor":35,"turns":6},{"damage":1,"enemies":"3 Shapes","floor":36,"turns":3},{"damage":55,"enemies":"Nemesis","floor":40,"turns":7},{"damage":14,"enemies":"Reptomancer","floor":44,"turns":6},{"damage":20,"enemies":"Jaw Worm Horde","floor":48,"turns":3},{"damage":32,"enemies":"Time Eater","floor":50,"turns":12}],"seed_played":"-924531194671357115","potions_obtained":[{"floor":10,"key":"Dexterity Potion"},{"floor":13,"key":"EssenceOfSteel"},{"floor":14,"key":"SteroidPotion"},{"floor":18,"key":"Weak Potion"},{"floor":23,"key":"Dexterity Potion"},{"floor":35,"key":"GamblersBrew"},{"floor":40,"key":"Strength Potion"}],"is_trial":false,"path_per_floor":["M","?","$","M","?","R","E","?","T","M","E","R","M","M","R","B",null,"M","M","?","M","M","E","M","$","T","R","M","M","?","M","R","B",null,"M","M","?","?","$","E","R","?","T","E","R","$","T","M","R","B",null],"character_chosen":"DEFECT","items_purchased":["Reinforced Body","Conserve Battery","Defragment+1","MealTicket","Regen Potion","Block Potion","Electrodynamics+1"],"campfire_rested":3,"item_purchase_floors":[3,3,25,25,25,25,46],"current_hp_per_floor":[75,75,75,75,68,68,68,44,44,42,20,42,42,42,42,7,75,74,49,49,27,17,15,10,10,10,44,40,40,40,38,50,36,75,46,45,45,45,60,5,38,81,81,67,79,81,81,61,76,44],"gold":49,"neow_bonus":"THREE_ENEMY_KILL","is_daily":false,"chose_seed":false,"campfire_upgraded":5,"win_rate":0.0,"timestamp":1612122406,"path_taken":["M","?","$","M","?","R","E","?","T","M","E","R","M","M","R","BOSS","M","M","?","M","M","E","M","$","T","R","M","M","?","M","R","BOSS","M","M","?","?","$","E","R","?","T","E","R","?","?","M","R","BOSS"],"items_purchased_type":["Card","Card","Card","Relic","Potion","Potion","Card"],"build_version":"2020-12-22","purchased_purges":3,"victory":true,"max_hp_per_floor":[75,75,75,75,75,75,75,75,75,75,75,75,75,75,75,75,75,75,75,75,75,75,75,75,75,75,75,75,75,75,75,75,75,75,75,75,71,71,71,71,71,81,81,81,81,81,81,81,81,81],"card_choices":[{"not_picked":["Hologram","Skim"],"picked":"Redo","floor":1},{"not_picked":["Scrape","Go for the Eyes"],"picked":"Sweeping Beam","floor":4},{"not_picked":["Barrage","Gash"],"picked":"Creative AI","floor":7},{"not_picked":["Hologram","Conserve Battery"],"picked":"Compile Driver+1","floor":8},{"not_picked":["Steam","Gash+1"],"picked":"Ball Lightning+1","floor":10},{"not_picked":["Ball Lightning+1","Barrage+1"],"picked":"Steam","floor":11},{"not_picked":["Double Energy","Redo"],"picked":"Streamline+1","floor":13},{"not_picked":["Hologram","Blizzard+1"],"picked":"Coolheaded","floor":14},{"not_picked":["All For One+1","Multi-Cast"],"picked":"Rainbow","floor":16},{"not_picked":["Hello World","Redo"],"picked":"Hologram","floor":18},{"not_picked":["Redo","Conserve Battery"],"picked":"Coolheaded+1","floor":19},{"not_picked":["Leap","Conserve Battery"],"picked":"Defragment+1","floor":21},{"not_picked":["Sweeping Beam+1","Hologram","Coolheaded"],"picked":"SKIP","floor":22},{"not_picked":["Conserve Battery","Sweeping Beam+1","Steam"],"picked":"SKIP","floor":23},{"not_picked":["Skim","Streamline+1","Multi-Cast"],"picked":"SKIP","floor":24},{"not_picked":["Rip and Tear+1","Double Energy+1","Reprogram"],"picked":"SKIP","floor":28},{"not_picked":["BootSequence","Coolheaded","Reprogram+1"],"picked":"SKIP","floor":29},{"not_picked":["Gash+1","Hologram","Ball Lightning+1"],"picked":"SKIP","floor":31},{"not_picked":["Buffer+1","Amplify"],"picked":"Biased Cognition+1","floor":33},{"not_picked":["Steam"],"picked":"SKIP","floor":35},{"not_picked":[],"picked":"Force Field","floor":36},{"not_picked":[],"picked":"Sweeping Beam+1","floor":40},{"not_picked":["Darkness+1"],"picked":"Coolheaded+1","floor":44},{"not_picked":["Streamline+1"],"picked":"Static Discharge+1","floor":48}],"player_experience":6252,"relics_obtained":[{"floor":7,"key":"Orichalcum"},{"floor":8,"key":"Molten Egg 2"},{"floor":9,"key":"Whetstone"},{"floor":11,"key":"Lantern"},{"floor":23,"key":"Juzu Bracelet"},{"floor":26,"key":"Eternal Feather"},{"floor":40,"key":"Question Card"},{"floor":43,"key":"Bottled Lightning"},{"floor":44,"key":"Letter Opener"},{"floor":47,"key":"Toxic Egg 2"}],"event_choices":[{"damage_healed":0,"gold_gain":175,"player_choice":"AGREE","damage_taken":0,"max_hp_gain":0,"max_hp_loss":0,"event_name":"Liars Game","floor":2,"gold_loss":0,"cards_obtained":["Doubt"]},{"cards_removed":["Strike_B"],"damage_healed":0,"gold_gain":0,"player_choice":"Card Removal","damage_taken":7,"max_hp_gain":0,"max_hp_loss":0,"event_name":"Golden Wing","floor":5,"gold_loss":0},{"damage_healed":0,"gold_gain":30,"player_choice":"Searched \u00273\u0027 times","damage_taken":0,"max_hp_gain":0,"max_hp_loss":0,"event_name":"Dead Adventurer","floor":8,"gold_loss":0},{"damage_healed":0,"gold_gain":0,"player_choice":"Opened","damage_taken":0,"relics_obtained":["Frozen Egg 2"],"max_hp_gain":0,"max_hp_loss":0,"event_name":"The Mausoleum","floor":20,"gold_loss":0},{"damage_healed":0,"gold_gain":0,"player_choice":"Ignored","damage_taken":0,"max_hp_gain":0,"max_hp_loss":0,"event_name":"Ghosts","floor":30,"gold_loss":0},{"damage_healed":0,"gold_gain":0,"player_choice":"Max HP","damage_taken":0,"max_hp_gain":0,"max_hp_loss":4,"event_name":"Winding Halls","floor":37,"gold_loss":0},{"cards_removed":["Steam"],"damage_healed":0,"gold_gain":0,"player_choice":"Gave Card","damage_taken":0,"relics_obtained":["Shuriken"],"max_hp_gain":0,"max_hp_loss":0,"event_name":"WeMeetAgain","floor":38,"gold_loss":0},{"cards_removed":["Creative AI"],"damage_healed":33,"gold_gain":0,"player_choice":"Offered Rare","damage_taken":0,"max_hp_gain":10,"max_hp_loss":0,"event_name":"Bonfire Elementals","floor":42,"gold_loss":0}],"is_beta":false,"boss_relics":[{"not_picked":["Cursed Key","Coffee Dripper"],"picked":"Inserter"},{"not_picked":["Astrolabe","Runic Pyramid"],"picked":"Busted Crown"}],"items_purged_floors":[3,25,39],"is_endless":false,"potions_floor_spawned":[10,13,14,18,21,23,35,40],"ascension_level":0}}