{"host":"g7mkzn6qfoxkk5sz","time":1612061232,"event":{"mods":["BaseMod","Colored Map","Colored Powertips","Downfall","Hermit","Marisa????????","Minty Spire (QoL Compilation)","StSLib","The Animator","The Bug Knight","The Servant 0.9.4"],"gold_per_floor":[125,135,135,210,241,241,241,241],"floor_reached":7,"language":"ENG","playtime":226,"items_purged":[],"score":41,"play_id":"a6e7a1c2-3c06-4bca-baff-c5319ad80b78","local_time":"20210131044712","is_ascension_mode":false,"campfire_choices":[{"data":"animator:Priestess","floor":6,"key":"SMITH"}],"circlet_count":0,"master_deck":["animator:Strike_GATE","animator:Defend_GATE","animator:Strike","animator:Strike","animator:Strike","animator:Defend","animator:Defend","animator:Defend","animator:TukaLunaMarceau","animator:Kuribayashi","animator:SakuraMatou+1","animator:Priestess+1","animator:TsurugaMeisai"],"relics":["animator:LivingPicture","animator:TheMissingPiece","NeowsBlessing"],"acts_visited":["Exordium"],"potions_floor_usage":[7],"damage_taken":[{"damage":0,"enemies":"Small Slimes","floor":1,"turns":1},{"damage":0,"enemies":"2 Louse","floor":2,"turns":1},{"damage":0,"enemies":"Jaw Worm","floor":5,"turns":1},{"damage":56,"enemies":"Gremlin Nob","floor":7,"turns":5}],"seed_played":"-5500170757629835940","potions_obtained":[{"floor":5,"key":"FearPotion"}],"is_trial":false,"path_per_floor":["M","M","?","?","M","R","E"],"character_chosen":"THE_ANIMATOR","items_purchased":[],"campfire_rested":0,"item_purchase_floors":[],"current_hp_per_floor":[66,66,66,55,55,55,0,0],"gold":241,"neow_bonus":"THREE_ENEMY_KILL","is_daily":false,"chose_seed":false,"campfire_upgraded":1,"win_rate":0.0,"timestamp":1612061232,"path_taken":["M","M","?","?","M","R","E"],"items_purchased_type":[],"build_version":"2020-12-22","purchased_purges":0,"victory":false,"max_hp_per_floor":[66,66,66,66,66,66,66,66],"card_choices":[{"not_picked":["animator:Genos","animator:Togame"],"picked":"animator:SakuraMatou","floor":1},{"not_picked":["animator:ElricAlphonse","animator:ZankiKiguchi"],"picked":"animator:Priestess","floor":2},{"not_picked":["animator:ElricAlphonse","animator:MumenRider"],"picked":"animator:TsurugaMeisai","floor":5}],"player_experience":434844,"relics_obtained":[],"event_choices":[{"damage_healed":0,"gold_gain":0,"player_choice":"Grow","damage_taken":0,"max_hp_gain":0,"max_hp_loss":0,"event_name":"Living Wall","floor":3,"gold_loss":0,"cards_upgraded":["animator:SakuraMatou"]},{"damage_healed":0,"gold_gain":75,"player_choice":"Gather Gold","damage_taken":11,"max_hp_gain":0,"max_hp_loss":0,"event_name":"World of Goop","floor":4,"gold_loss":0}],"is_beta":false,"boss_relics":[],"items_purged_floors":[],"is_endless":false,"potions_floor_spawned":[5],"killed_by":"Gremlin Nob","ascension_level":0}}