{"host":"uc8wz0q199a7d901","time":1612086968,"event":{"mods":["2.2 Compatiblity","BaseMod","Colored Map","DeckTracker","Highlight Path","Minty Spire (QoL Compilation)","Permanent Neow","Quick Restart","SuperFastMode"],"gold_per_floor":[117,192,24,44,44,74,74,92,92,92,92,103,103,103,103,174,174,186,186,4,21,21,21,21],"floor_reached":23,"language":"KOR","playtime":400,"items_purged":[],"score":374,"play_id":"370c878e-d78b-45ea-ad4a-7c2f34734174","local_time":"20210131185608","is_ascension_mode":true,"campfire_choices":[{"floor":7,"key":"REST"},{"data":"Darkness","floor":11,"key":"SMITH"},{"data":"Darkness","floor":15,"key":"SMITH"}],"circlet_count":0,"master_deck":["AscendersBane","Strike_B+1","Strike_B+1","Strike_B+1","Defend_B+1","Defend_B+1","Defend_B+1","Defend_B+1","Zap","Dualcast","Skim+1","Darkness+1","Darkness+1","Melter+1","Conserve Battery","Coolheaded","Parasite","Hyperbeam","Glacier","Defragment","Apotheosis","Hologram"],"relics":["Cracked Core","Boot","HornCleat","SlaversCollar"],"acts_visited":["Exordium","TheCity"],"potions_floor_usage":[16,23],"damage_taken":[{"damage":9.0,"enemies":"Jaw Worm","floor":1.0,"turns":4.0},{"damage":7.0,"enemies":"2 Louse","floor":4.0,"turns":2.0},{"damage":13,"enemies":"Lagavulin","floor":6,"turns":6},{"damage":0,"enemies":"Cultist","floor":8,"turns":4},{"damage":0,"enemies":"Blue Slaver","floor":12,"turns":3},{"damage":16,"enemies":"Slime Boss","floor":16,"turns":6},{"damage":53,"enemies":"Shell Parasite","floor":18,"turns":5},{"damage":0,"enemies":"Spheric Guardian","floor":21,"turns":2},{"damage":11,"enemies":"Book of Stabbing","floor":23,"turns":5}],"seed_played":"-163572760916868552","potions_obtained":[{"floor":8,"key":"DuplicationPotion"},{"floor":10,"key":"AttackPotion"},{"floor":18,"key":"Explosive Potion"},{"floor":21,"key":"PowerPotion"}],"is_trial":false,"path_per_floor":["M","?","$","M","?","E","R","M","T","?","R","M","?","?","R","B",null,"M","?","$","M","?","E"],"character_chosen":"DEFECT","items_purchased":["Darkness","Melter","Apotheosis"],"campfire_rested":1,"item_purchase_floors":[3,3,20],"current_hp_per_floor":[55,44,44,37,16,3,24,24,24,24,24,24,24,41,41,25,60,7,7,7,7,7,0,0],"gold":21,"neow_bonus":"TRANSFORM_CARD","is_daily":false,"chose_seed":false,"campfire_upgraded":2,"win_rate":0.0,"timestamp":1612086968,"path_taken":["M","?","$","M","?","E","R","M","T","?","R","?","?","?","R","BOSS","M","?","$","M","?","E"],"items_purchased_type":["Card","Card","Card"],"build_version":"2020-12-22","purchased_purges":0,"victory":false,"max_hp_per_floor":[71,71,71,71,71,71,71,71,71,71,71,71,71,71,71,71,71,71,71,71,71,71,71,71],"card_choices":[{"not_picked":["Cold Snap","Streamline"],"picked":"Darkness","floor":1.0},{"not_picked":["Cold Snap","Beam Cell"],"picked":"Conserve Battery","floor":4.0},{"not_picked":["Stack","Skim","Beam Cell"],"picked":"SKIP","floor":6},{"not_picked":["Doom and Gloom","Stack"],"picked":"Coolheaded","floor":8},{"not_picked":["Hello World","Steam Power","Streamline"],"picked":"SKIP","floor":12},{"not_picked":["Meteor Strike","Buffer"],"picked":"Hyperbeam","floor":16},{"not_picked":["Undo","Melter"],"picked":"Glacier","floor":18},{"not_picked":["Redo","Go for the Eyes+1"],"picked":"Hologram","floor":21}],"player_experience":706182,"relics_obtained":[{"floor":6,"key":"Boot"},{"floor":9,"key":"HornCleat"}],"event_choices":[{"damage_healed":0.0,"max_hp_gain":0.0,"max_hp_loss":0.0,"gold_gain":75.0,"event_name":"World of Goop","player_choice":"Gather Gold","floor":2.0,"gold_loss":0.0,"damage_taken":11.0},{"damage_healed":0.0,"max_hp_gain":0.0,"max_hp_loss":0.0,"gold_gain":0.0,"event_name":"Shining Light","player_choice":"Entered Light","floor":5.0,"gold_loss":0.0,"damage_taken":21.0,"cards_upgraded":["Melter","Skim"]},{"damage_healed":0,"gold_gain":0,"player_choice":"Got Potions","damage_taken":0,"max_hp_gain":0,"max_hp_loss":0,"event_name":"Lab","floor":10,"gold_loss":0},{"damage_healed":0,"gold_gain":0,"player_choice":"Ignored","damage_taken":0,"max_hp_gain":0,"max_hp_loss":0,"event_name":"Golden Idol","floor":13,"gold_loss":0},{"damage_healed":17,"gold_gain":0,"player_choice":"Healed and dodged fight","damage_taken":0,"max_hp_gain":0,"max_hp_loss":0,"event_name":"Mushrooms","floor":14,"gold_loss":0,"cards_obtained":["Parasite"]},{"damage_healed":0,"gold_gain":0,"player_choice":"Read","damage_taken":0,"max_hp_gain":0,"max_hp_loss":0,"event_name":"The Library","floor":19,"gold_loss":0,"cards_obtained":["Defragment"]},{"damage_healed":0,"gold_gain":0,"player_choice":"Simplicity","damage_taken":0,"max_hp_gain":0,"max_hp_loss":0,"event_name":"Back to Basics","floor":22,"gold_loss":0,"cards_upgraded":["Strike_B","Strike_B","Strike_B","Defend_B","Defend_B","Defend_B","Defend_B"]}],"is_beta":false,"boss_relics":[{"not_picked":["Inserter","Snecko Eye"],"picked":"SlaversCollar"}],"items_purged_floors":[],"is_endless":false,"potions_floor_spawned":[8,18,21],"killed_by":"Book of Stabbing","ascension_level":20}}