{"host":"dfndxqnky9iale73","time":1612055084,"event":{"mods":["Act Like it!","Aspiration","BaseMod","Downfall","Gensokyo","Hubris","Marisa????????","Minty Spire (QoL Compilation)","Permanent Neow","Replay The Spire","StSLib","SuperFastMode"],"gold_per_floor":[109,109,123,137,153,180,200,218,242,252,283,283,283,316,316,416,416,426,426,436,199,218,218,232,258,334,334,360,360,388,388,388,488,488,504,504,73,90,140,171,190,190,190,17,27,40,73,105,117,129,141,153,15,44,44,44],"floor_reached":55,"language":"ENG","playtime":4221,"items_purged":["Strike_MRS","StarlightTyphoon","Defend_MRS","Strike_MRS"],"score":1330,"play_id":"8a936859-32b1-49af-9719-65b5c541cf1f","local_time":"20210131020444","is_ascension_mode":true,"campfire_choices":[{"data":"Reprogram","floor":12,"key":"SMITH"},{"floor":15,"key":"REST"},{"data":"Burst","floor":23,"key":"SMITH"},{"data":"Singularity","floor":27,"key":"SMITH"},{"data":"Singularity","floor":29,"key":"SMITH"},{"floor":32,"key":"RECALL"},{"floor":42,"key":"DIG"},{"floor":49,"key":"DIG"},{"data":"MilkyWay","floor":52,"key":"SMITH"},{"data":"PowerUp","floor":52,"key":"SMITH"}],"circlet_count":0,"master_deck":["Defend_MRS","Defend_MRS","Defend_MRS","MasterSpark","UpSweep","MilkyWay","PowerUp+1","Reprogram+1","DC","EnergyFlow","MilkyWay+1","6A","IllusionStar","6A","Singularity+1","Burst+1","StarBarrage","DoubleSpark+1","Singularity+1","Swift Strike","DeepEcoloBomb","SprinkleStarSeal+1","GravityBeat","FinalSpark","FairyDestructionRay","JA","MilkyWay+1","UltimateShortwave","SporeBomb","SporeBomb","AlicesGift","AsteroidBelt+1","UnstableBomb+1","GalacticHalo+1","MilkyWay","6A+1","MagicChant+1","DeepEcoloBomb","GravityBeat","BlazeAway+1"],"relics":["MiniHakkero","aspiration:Nostalgia","m_SnakeBloodCore","hubris:Icosahedron","Turnip","Omamori","HornCleat","Ring of Chaos","TungstenRod","hubris:TenFootPole","Meat on the Bone","Regal Pillow","Snack Pack","Replay:Ancient Bell","ReplayFunnel","aspiration:StickyExplosives_weak","Shovel","Bronze Scales","hubris:MedicalManual","Dream Catcher","hubris:Zylophone","aspiration:SeaSaltIceCream","PreservedInsect","MawBank","Replay:Arrowhead","Mirror"],"acts_visited":["Exordium","TheCity","TheBeyond","TheEnding"],"potions_floor_usage":[14,24,33,33,33,55,55],"damage_taken":[{"damage":1,"enemies":"Cultist","floor":1,"turns":3},{"damage":3,"enemies":"Small Slimes","floor":3,"turns":3},{"damage":0,"enemies":"2 Louse","floor":4,"turns":2},{"damage":0,"enemies":"Exordium Thugs","floor":5,"turns":3},{"damage":16,"enemies":"Gremlin Nob","floor":6,"turns":3},{"damage":1,"enemies":"3 Louse","floor":7,"turns":3},{"damage":12,"enemies":"Gremlin Gang","floor":8,"turns":4},{"damage":0,"enemies":"Looter","floor":10,"turns":2},{"damage":16,"enemies":"Lagavulin","floor":11,"turns":5},{"damage":16,"enemies":"Gremlin Nob","floor":14,"turns":4},{"damage":6,"enemies":"Hexaghost","floor":16,"turns":7},{"damage":15,"enemies":"3 Byrds","floor":18,"turns":6},{"damage":5,"enemies":"Chosen","floor":20,"turns":4},{"damage":0,"enemies":"3 Cultists","floor":22,"turns":5},{"damage":0,"enemies":"Snecko","floor":24,"turns":4},{"damage":29,"enemies":"Slavers","floor":25,"turns":4},{"damage":10,"enemies":"Replay:Snechameleon","floor":28,"turns":4},{"damage":15,"enemies":"Slavers","floor":30,"turns":3},{"damage":15,"enemies":"Pondfish","floor":33,"turns":9},{"damage":17,"enemies":"3 Darklings","floor":35,"turns":5},{"damage":0,"enemies":"Orb Walker","floor":38,"turns":3},{"damage":2,"enemies":"Mind Bloom Boss Battle","floor":39,"turns":5},{"damage":40,"enemies":"Reptomancer","floor":40,"turns":6},{"damage":18,"enemies":"Transient","floor":41,"turns":5},{"damage":19,"enemies":"Sphere and 2 Shapes","floor":45,"turns":5},{"damage":0,"enemies":"Maw","floor":46,"turns":4},{"damage":13,"enemies":"Nemesis","floor":47,"turns":3},{"damage":8,"enemies":"Spire Growth","floor":48,"turns":4},{"damage":44,"enemies":"Awakened One","floor":50,"turns":13},{"damage":21,"enemies":"Shield and Spear","floor":54,"turns":4},{"damage":65,"enemies":"The Heart","floor":55,"turns":5}],"seed_played":"-2805922031009042566","potions_obtained":[{"floor":1,"key":"Reflective Coating"},{"floor":4,"key":"Adrenaline Potion"},{"floor":7,"key":"Guardian:BlockOnCardUsePotion"},{"floor":16,"key":"EntropicBrew"},{"floor":24,"key":"Fruit Juice"},{"floor":25,"key":"Swift Potion"},{"floor":33,"key":"LiquidBronze"},{"floor":45,"key":"PowerPotion"}],"is_trial":false,"path_per_floor":["M","?","M","M","M","E","M","M","T","M","E","R","?","E","R","B",null,"M","T","M","$","M","R","M","E","T","R","E","R","E","?","R","B",null,"M","?","$","M","?","E","M","R","T","$","M","M","E","M","R","B",null,"R","$","E","B"],"character_chosen":"MARISA","items_purchased":["Singularity","Swift Strike","UltimateShortwave","Bronze Scales","SporeBomb","MilkyWay"],"campfire_rested":1,"item_purchase_floors":[21,21,37,37,37,44],"current_hp_per_floor":[75,75,75,75,75,62,64,55,55,58,45,45,45,32,54,51,69,57,57,55,55,58,58,66,40,40,40,45,45,45,45,45,51,73,69,69,69,74,77,46,51,51,51,51,51,60,56,57,57,40,70,70,70,58,0,0],"gold":44,"neow_bonus":"NOSTALGIA","is_daily":false,"chose_seed":false,"campfire_upgraded":6,"win_rate":0.0,"timestamp":1612055084,"path_taken":["M","?","M","M","M","E","M","M","T","M","E","R","?","E","R","BOSS","M","?","M","$","?","R","?","E","T","R","E","R","E","?","R","BOSS","M","?","$","?","?","E","M","R","T","?","M","?","E","?","R","BOSS","R","$","E","BOSS"],"items_purchased_type":["Card","Card","Card","Relic","Card","Card"],"build_version":"2020-12-22","purchased_purges":4,"victory":false,"max_hp_per_floor":[75,75,75,75,75,75,75,75,75,75,75,75,75,75,75,75,75,75,75,75,75,75,75,80,80,80,80,80,80,80,80,80,80,80,80,80,80,80,80,80,80,80,80,80,80,80,80,80,80,80,80,80,80,80,80,80],"card_choices":[{"not_picked":["Burning Pact","MachineGunSpark"],"picked":"MilkyWay","floor":1},{"not_picked":["UnstableBomb","EarthLightRay"],"picked":"PowerUp","floor":3},{"not_picked":["GrandCross","IllusionStar"],"picked":"Reprogram","floor":4},{"not_picked":["Perfected Strike","WitchLeyline"],"picked":"DC","floor":5},{"not_picked":["Reflex","OpenUniverse"],"picked":"EnergyFlow","floor":6},{"not_picked":["GrandCross","Burning Pact"],"picked":"MilkyWay","floor":7},{"not_picked":["BlazingStar","PowerUp"],"picked":"6A","floor":8},{"not_picked":["Robbery","GalacticHalo"],"picked":"IllusionStar","floor":10},{"not_picked":["UnstableBomb","DeepEcoloBomb"],"picked":"6A","floor":11},{"not_picked":["Infernal Blade","UnstableBomb"],"picked":"Singularity","floor":14},{"not_picked":["Offering","Bullet Time"],"picked":"Burst","floor":16},{"not_picked":["UnstableBomb","GalacticHalo+1"],"picked":"StarBarrage","floor":18},{"not_picked":["LuminesStrike+1","AsteroidBelt"],"picked":"DoubleSpark+1","floor":20},{"not_picked":["DarkSpark","DoubleSpark+1"],"picked":"DeepEcoloBomb","floor":22},{"not_picked":["6A+1","MilkyWay"],"picked":"SprinkleStarSeal+1","floor":24},{"not_picked":["ManaRampage","MagicChant"],"picked":"GravityBeat","floor":25},{"not_picked":["UnstableBomb","EarthLightRay"],"picked":"FinalSpark","floor":28},{"not_picked":["PulseMagic","Acceleration"],"picked":"FairyDestructionRay","floor":30},{"not_picked":["MillisecondPulsars","BigCrunch"],"picked":"JA","floor":33},{"not_picked":["Decay","CurseOfTheBell"],"picked":"hubris:Envy","floor":34},{"not_picked":["Regret","hubris:Despair"],"picked":"Overencumbered","floor":34},{"not_picked":["downfall:Haunted","hubris:Compulsion"],"picked":"Clumsy","floor":34},{"not_picked":["SuperPerseids+1","MysteriousBeam+1"],"picked":"MilkyWay+1","floor":35},{"not_picked":["LuminesStrike+1","AsteroidBelt+1"],"picked":"AlicesGift","floor":38},{"not_picked":["Occultation","GalacticHalo+1"],"picked":"AsteroidBelt+1","floor":39},{"not_picked":["AsteroidBelt+1","NonDirectionalLaser"],"picked":"UnstableBomb+1","floor":40},{"not_picked":["AsteroidBelt","ShootTheMoon"],"picked":"GalacticHalo+1","floor":41},{"not_picked":["GalacticHalo","Acceleration+1"],"picked":"6A+1","floor":45},{"not_picked":["MachineGunSpark","JA"],"picked":"MagicChant+1","floor":46},{"not_picked":["MagicChant","PropBag"],"picked":"DeepEcoloBomb","floor":47},{"not_picked":["WitchOfGreed+1","AsteroidBelt"],"picked":"GravityBeat","floor":48},{"not_picked":["GravityBeat","ShootingEcho+1"],"picked":"BlazeAway+1","floor":54}],"player_experience":241036,"relics_obtained":[{"floor":6,"key":"Turnip"},{"floor":11,"key":"Omamori"},{"floor":14,"key":"HornCleat"},{"floor":19,"key":"TungstenRod"},{"floor":25,"key":"hubris:TenFootPole"},{"floor":26,"key":"Meat on the Bone"},{"floor":28,"key":"Regal Pillow"},{"floor":30,"key":"Snack Pack"},{"floor":39,"key":"hubris:MedicalManual"},{"floor":40,"key":"Dream Catcher"},{"floor":42,"key":"hubris:Zylophone"},{"floor":43,"key":"aspiration:SeaSaltIceCream"},{"floor":47,"key":"MawBank"},{"floor":49,"key":"Replay:Arrowhead"},{"floor":54,"key":"Mirror"}],"event_choices":[{"cards_removed":["Strike_MRS"],"damage_healed":0,"gold_gain":0,"player_choice":"Card Removal","damage_taken":0,"max_hp_gain":0,"max_hp_loss":0,"event_name":"Wheel of Change","floor":13,"gold_loss":0},{"damage_healed":0,"gold_gain":0,"cards_transformed":["Strike_MRS"],"player_choice":"Transformed","damage_taken":0,"max_hp_gain":0,"max_hp_loss":0,"event_name":"Transmorgrifier","floor":31,"gold_loss":0,"cards_obtained":["StarlightTyphoon"]},{"cards_removed":["Clumsy"],"damage_healed":0,"gold_gain":0,"player_choice":"Removed Curses","damage_taken":0,"max_hp_gain":0,"max_hp_loss":0,"event_name":"Fountain of Cleansing","floor":36,"gold_loss":0},{"damage_healed":0,"gold_gain":0,"player_choice":"Fight","damage_taken":0,"max_hp_gain":0,"max_hp_loss":0,"event_name":"MindBloom","floor":39,"gold_loss":0}],"is_beta":false,"boss_relics":[{"not_picked":["Tiny House","SacredBark"],"picked":"Ring of Chaos"},{"not_picked":["Philosopher\u0027s Stone","aspiration:DefectSkillbook"],"picked":"Replay:Ancient Bell"},{"not_picked":["ReplayTheSpireMod:Lightbulb","aspiration:HiddenCompartment"],"picked":"ReplayFunnel"},{"not_picked":["Replay:Bottled Flurry","Sundial"],"picked":"aspiration:StickyExplosives_weak"},{"not_picked":["Thread and Needle","Ginger"],"picked":"Shovel"}],"items_purged_floors":[21,37,44,53],"is_endless":false,"potions_floor_spawned":[1,4,7,11,16,22,24,25,30,33,35,38,45],"killed_by":"The Heart","ascension_level":5}}