{"host":"ibtxpp7hbhk6t4eo","time":1612060509,"event":{"mods":["BaseMod","Downfall","Minty Spire (QoL Compilation)","StSLib","Waifu the Spire"],"gold_per_floor":[99,99,99,99,99,199,199,212,49,149,162,189,203,216,227,331,331,231,250,250,265,285,285,285,185,203,203,203,214,42,61,78,183,183,83,99,114,124,149,149,149,149,168,168,168,168],"floor_reached":44,"language":"ZHS","playtime":3319,"items_purged":[],"score":487,"play_id":"991a0edc-0a61-4d42-ba09-2e7e0dd41a66","local_time":"20210131103509","is_ascension_mode":false,"campfire_choices":[{"data":"champ:Execute","floor":1.0,"key":"SMITH"},{"data":"champ:StanceDance","floor":10,"key":"SMITH"},{"data":"champ:LastStand","floor":18,"key":"SMITH"},{"data":"RitualDagger","floor":25,"key":"SMITH"},{"floor":27,"key":"RECALL"},{"data":"champ:MurderStrike","floor":35,"key":"SMITH"}],"circlet_count":0,"master_deck":["champ:Defend+1","champ:Defend+1","champ:Defend+1","champ:Defend+1","champ:Execute+1","champ:Taunt+1","champ:EnGarde+1","champ:BerserkersShout+1","champ:FlashCut+1","champ:EnGarde+1","champ:StanceDance+1","champ:Lariat+1","champ:TornadoPunch+1","champ:Shatter+1","champ:AdrenalArmor+1","champ:HeartStrike+1","champ:DeathBlow+1","champ:FocusedDefense+1","champ:LastStand+1","champ:Parry+1","RitualDagger+1","champ:FocusedBerserking+1","champ:PreciseThrust+1","Bite+1","Bite+1","Bite+1","Bite+1","Bite+1","champ:RecklessLeap+1","Pride","champ:AdrenalArmor+1","champ:GladiatorStyle+1","champ:MurderStrike+1","champ:ArenaPreparation+1","champ:VampiricStrike+1","champ:BerserkersShout+1","champ:CrookedStrike+1","champ:ShieldWall+1","champ:FlashCut+1"],"relics":["champ:ChampionCrown","downfall:HeartsMalice","downfall:ShatteredFragment","downfall:GremlinWheel","HornCleat","Vajra","Coffee Dripper","bronze:MakeshiftBattery","Bag of Preparation","StrikeDummy"],"acts_visited":["Exordium","TheCity","TheBeyond"],"potions_floor_usage":[12,12,15,30,30,30,30,32,36,44],"damage_taken":[{"damage":0.0,"enemies":"Small Slimes","floor":4.0,"turns":1.0},{"damage":0.0,"enemies":"Jaw Worm","floor":5.0,"turns":1.0},{"damage":0.0,"enemies":"Jaw Worm","floor":6.0,"turns":1.0},{"damage":15.0,"enemies":"2 Louse","floor":8.0,"turns":3.0},{"damage":25,"enemies":"downfall:FleeingMerchant","floor":9,"turns":4},{"damage":10,"enemies":"Lots of Slimes","floor":11,"turns":3},{"damage":35,"enemies":"Gremlin Nob","floor":12,"turns":3},{"damage":40,"enemies":"Blue Slaver","floor":13,"turns":4},{"damage":35,"enemies":"3 Louse","floor":14,"turns":3},{"damage":10,"enemies":"Lots of Slimes","floor":15,"turns":1},{"damage":105,"enemies":"WA_ARCHETYPE_RETAIN","floor":16,"turns":7},{"damage":35,"enemies":"Shell Parasite","floor":19,"turns":4},{"damage":10,"enemies":"Centurion and Healer","floor":21,"turns":5},{"damage":35,"enemies":"Snecko","floor":22,"turns":4},{"damage":10,"enemies":"Shelled Parasite and Fungi","floor":26,"turns":3},{"damage":30,"enemies":"Chosen and Byrds","floor":29,"turns":5},{"damage":51,"enemies":"downfall:FleeingMerchant","floor":30,"turns":4},{"damage":39,"enemies":"Snecko","floor":31,"turns":4},{"damage":27,"enemies":"Centurion and Healer","floor":32,"turns":5},{"damage":96,"enemies":"SI_MIRROR_ARCHETYPE","floor":33,"turns":7},{"damage":40,"enemies":"3 Darklings","floor":36,"turns":5},{"damage":20,"enemies":"Orb Walker","floor":37,"turns":2},{"damage":102,"enemies":"Transient","floor":38,"turns":5},{"damage":53,"enemies":"Writhing Mass","floor":43,"turns":3},{"damage":61,"enemies":"Maw","floor":44,"turns":4}],"seed_played":"-6723593629234438290","potions_obtained":[{"floor":6.0,"key":"Fire Potion"},{"floor":8.0,"key":"Strength Potion"},{"floor":13,"key":"DistilledChaos"},{"floor":15,"key":"FearPotion"},{"floor":16,"key":"EntropicBrew"},{"floor":19,"key":"Block Potion"},{"floor":32,"key":"Swift Potion"},{"floor":33,"key":"SpeedPotion"},{"floor":36,"key":"Dexterity Potion"},{"floor":42,"key":"Slimebound:ThreeZeroPotion"}],"is_trial":false,"path_per_floor":["R","?","?","M","M","?","T","M","$","R","M","E","M","M","M","B",null,"R","M","?","M","M","?","T","R","M","R","?","M","$","M","M","B",null,"R","M","M","M","T","?","T","?","M","M"],"character_chosen":"THE_CHAMP","items_purchased":["champ:StanceDance","champ:Lariat","champ:TornadoPunch","champ:MurderStrike"],"campfire_rested":0,"item_purchase_floors":[9,9,9,30],"current_hp_per_floor":[90,90,63,63,63,63,63,63,63,63,63,63,63,63,63,43,90,90,90,84,84,84,62,62,72,72,72,37,41,49,47,51,49,72,72,72,64,63,63,62,62,62,60,0,0,0],"gold":168,"neow_bonus":"THREE_ENEMY_KILL","is_daily":false,"chose_seed":false,"campfire_upgraded":5,"win_rate":0.0,"timestamp":1612060509,"path_taken":["R","?","?","M","M","?","T","M","$","R","M","E","?","M","M","BOSS","R","M","?","M","M","?","T","R","M","R","?","?","?","M","M","BOSS","R","M","M","M","?","?","T","?","?","M"],"items_purchased_type":["Card","Card","Card","Card"],"build_version":"2020-12-22","purchased_purges":0,"victory":false,"max_hp_per_floor":[90,90,90,90,90,90,90,90,90,90,90,90,90,90,90,90,90,90,90,90,90,90,62,62,72,72,72,72,72,72,72,72,72,72,72,72,72,72,72,62,62,62,62,62,62,62],"card_choices":[{"not_picked":["champ:RapidStrikes","champ:Shatter"],"picked":"champ:EnGarde","floor":4.0},{"not_picked":["champ:BringItOn","champ:Backstep"],"picked":"champ:BerserkersShout","floor":5.0},{"not_picked":["champ:CalledShot","champ:FocusedBerserking"],"picked":"champ:FlashCut","floor":8.0},{"not_picked":["champ:Backstep","champ:GutPunch"],"picked":"champ:EnGarde","floor":9},{"not_picked":["champ:FlashCut","champ:BerserkersShout"],"picked":"champ:Shatter","floor":11},{"not_picked":["champ:Circumvent","champ:BerserkersShout"],"picked":"champ:AdrenalArmor","floor":12},{"not_picked":["champ:PreemptiveStrike","champ:Haymaker"],"picked":"champ:HeartStrike","floor":13},{"not_picked":["champ:TornadoPunch","champ:Duel"],"picked":"champ:DeathBlow","floor":14},{"not_picked":["champ:FalseCounter","champ:Circumvent"],"picked":"champ:FocusedDefense","floor":15},{"not_picked":["champ:IgnorePain","champ:HoldFirm"],"picked":"champ:LastStand","floor":16},{"not_picked":["champ:EnragedBash","champ:PreemptiveStrike"],"picked":"champ:Parry+1","floor":19},{"not_picked":["champ:TornadoPunch","champ:Backstep"],"picked":"champ:FocusedBerserking","floor":21},{"not_picked":["champ:TornadoPunch","champ:AdrenalArmor"],"picked":"champ:PreciseThrust","floor":22},{"not_picked":["champ:FalseCounter+1","champ:FlashCut"],"picked":"champ:RecklessLeap+1","floor":26},{"not_picked":["champ:Haymaker+1","champ:TornadoPunch"],"picked":"champ:AdrenalArmor+1","floor":29},{"not_picked":["champ:Parry+1","champ:Endure+1"],"picked":"champ:GladiatorStyle+1","floor":30},{"not_picked":["champ:BerserkersShout","champ:Backstep","champ:TornadoPunch"],"picked":"SKIP","floor":31},{"not_picked":["champ:PerfectedStrike","champ:StanceDance"],"picked":"champ:ArenaPreparation+1","floor":32},{"not_picked":["champ:UltimateStance","champ:SwordThrow"],"picked":"champ:VampiricStrike","floor":33},{"not_picked":["champ:CalledShot","champ:GutPunch"],"picked":"champ:BerserkersShout+1","floor":36},{"not_picked":["champ:FlashCut+1","champ:CrownThrow"],"picked":"champ:CrookedStrike","floor":37},{"not_picked":["champ:FlashCut","champ:Encircle"],"picked":"champ:ShieldWall+1","floor":38},{"not_picked":["champ:DeathBlow","champ:FocusedDefense+1"],"picked":"champ:FlashCut+1","floor":43}],"player_experience":80933,"relics_obtained":[{"floor":6.0,"key":"downfall:GremlinWheel"},{"floor":7.0,"key":"HornCleat"},{"floor":12,"key":"Vajra"},{"floor":39,"key":"Bag of Preparation"},{"floor":41,"key":"StrikeDummy"}],"event_choices":[{"damage_healed":0,"gold_gain":100,"player_choice":"Gold","damage_taken":0,"max_hp_gain":0,"max_hp_loss":0,"event_name":"Wheel of Change","floor":10,"gold_loss":0},{"damage_healed":0,"gold_gain":0,"player_choice":"Became a vampire","damage_taken":0,"max_hp_gain":0,"max_hp_loss":28,"event_name":"Vampires","floor":23,"gold_loss":0,"cards_obtained":["Bite","Bite","Bite","Bite","Bite"]},{"damage_healed":0,"gold_gain":0,"player_choice":"Got Potions","damage_taken":0,"max_hp_gain":0,"max_hp_loss":0,"event_name":"Lab","floor":42,"gold_loss":0}],"is_beta":false,"boss_relics":[{"not_picked":["Runic Dome","Snecko Eye"],"picked":"Coffee Dripper"},{"not_picked":["Velvet Choker","Busted Crown"],"picked":"bronze:MakeshiftBattery"}],"items_purged_floors":[],"is_endless":false,"potions_floor_spawned":[6,8,13,15,16,19,21,32,33,36],"killed_by":"Maw","ascension_level":0}}