{"host":"36t3qd3wjvajtu1z","time":1612086263,"event":{"mods":["AchievementEnabler","BaseMod","Block Reminder","Colored Powertips","Minty Spire (QoL Compilation)","Permanent Neow","Quick Restart","Random Character Button","Rare Cards Sparkle","Relic Stats","Slay-I","StSLib"],"gold_per_floor":[115,6,6,17,27,60,70,70,143,155,255,271,300,314,314,411,411,428,440,21,21,21],"floor_reached":21,"language":"ENG","playtime":1112,"items_purged":["Parasite"],"score":241,"play_id":"5bfeae5d-30ba-427c-a19e-a9831f5e5058","local_time":"20210131014423","is_ascension_mode":true,"campfire_choices":[{"data":"Hyperbeam","floor":8,"key":"SMITH"},{"data":"Creative AI","floor":15,"key":"SMITH"}],"circlet_count":0,"master_deck":["Zap","Dualcast","Chill","Sweeping Beam","Streamline","Capacitor","Hyperbeam+1","Ball Lightning","Leap","Leap","Hello World","Static Discharge","Creative AI+1","Steam","Seek","Ball Lightning","Recycle","All For One","Stack","Reprogram","Conserve Battery","FTL","Reprogram","Purity","Leap"],"relics":["Cracked Core","CaptainsWheel","Toy Ornithopter","Pandora\u0027s Box","Bottled Lightning"],"acts_visited":["Exordium","TheCity"],"potions_floor_usage":[12,19,19],"damage_taken":[{"damage":0,"enemies":"Jaw Worm","floor":1,"turns":3},{"damage":4,"enemies":"Cultist","floor":4,"turns":3},{"damage":0,"enemies":"2 Louse","floor":5,"turns":2},{"damage":17,"enemies":"Gremlin Nob","floor":6,"turns":4},{"damage":0,"enemies":"Lots of Slimes","floor":7,"turns":2},{"damage":0,"enemies":"Gremlin Gang","floor":10,"turns":3},{"damage":0,"enemies":"Exordium Wildlife","floor":12,"turns":2},{"damage":13,"enemies":"Lagavulin","floor":13,"turns":7},{"damage":0,"enemies":"Blue Slaver","floor":14,"turns":4},{"damage":6,"enemies":"The Guardian","floor":16,"turns":12},{"damage":16,"enemies":"2 Thieves","floor":18,"turns":3},{"damage":38,"enemies":"Shell Parasite","floor":19,"turns":7},{"damage":21,"enemies":"Cultist and Chosen","floor":21,"turns":6}],"seed_played":"-1822091970146105761","potions_obtained":[{"floor":1,"key":"Regen Potion"},{"floor":4,"key":"LiquidMemories"},{"floor":6,"key":"ColorlessPotion"},{"floor":10,"key":"Swift Potion"},{"floor":18,"key":"SteroidPotion"},{"floor":19,"key":"DuplicationPotion"}],"is_trial":false,"path_per_floor":["M","$","?","M","M","E","M","R","T","M","?","M","E","M","R","B",null,"M","M","$","M"],"character_chosen":"DEFECT","items_purchased":["Capacitor","Reprogram","Purity","Bottled Lightning","Leap"],"campfire_rested":0,"item_purchase_floors":[2,20,20,20,20],"current_hp_per_floor":[75,72,72,68,68,51,51,51,51,51,51,51,38,38,38,32,62,46,18,18,0,0],"gold":21,"neow_bonus":"TRANSFORM_TWO_CARDS","is_daily":false,"chose_seed":false,"campfire_upgraded":2,"win_rate":0.0,"timestamp":1612086263,"path_taken":["M","$","?","M","M","E","M","R","T","?","?","?","E","?","R","BOSS","M","M","$","M"],"items_purchased_type":["Card","Card","Card","Relic","Card"],"build_version":"2020-12-22","purchased_purges":1,"victory":false,"max_hp_per_floor":[75,72,72,72,72,72,72,72,72,72,72,72,72,72,72,72,72,72,72,72,72,72],"relic_stats":{"counters":[13,58],"Pandora\u0027s Box":["Ball Lightning","Recycle","All For One","Stack","Reprogram"],"obtain_stats":[{"CaptainsWheel":6,"Pandora\u0027s Box":17,"Bottled Lightning":20,"Cracked Core":0,"Toy Ornithopter":13},{"CaptainsWheel":4,"Pandora\u0027s Box":10,"Bottled Lightning":12,"Cracked Core":0,"Toy Ornithopter":8},{"CaptainsWheel":12,"Pandora\u0027s Box":42,"Bottled Lightning":52,"Cracked Core":0,"Toy Ornithopter":26}],"Toy Ornithopter":10},"card_choices":[{"not_picked":["Gash","Rebound"],"picked":"Streamline","floor":1},{"not_picked":["Hologram","Beam Cell"],"picked":"Ball Lightning","floor":4},{"not_picked":["Ball Lightning","Stack"],"picked":"Leap","floor":5},{"not_picked":["Chill","Barrage","Gash"],"picked":"SKIP","floor":6},{"not_picked":["Sweeping Beam","Gash"],"picked":"Leap","floor":7},{"not_picked":["Stack","Beam Cell"],"picked":"Hello World","floor":10},{"not_picked":["Leap","Barrage"],"picked":"Static Discharge","floor":12},{"not_picked":["Streamline","Compile Driver"],"picked":"Creative AI","floor":13},{"not_picked":["Stack","Barrage"],"picked":"Steam","floor":14},{"not_picked":["Multi-Cast","Machine Learning"],"picked":"Seek","floor":16},{"not_picked":["Storm","BootSequence"],"picked":"Conserve Battery","floor":18},{"not_picked":["Barrage+1","Sweeping Beam"],"picked":"FTL","floor":19}],"player_experience":374915,"relics_obtained":[{"floor":6,"key":"CaptainsWheel"},{"floor":13,"key":"Toy Ornithopter"}],"event_choices":[{"damage_healed":0,"gold_gain":0,"cards_transformed":["Strike_B"],"player_choice":"Transformed","damage_taken":0,"max_hp_gain":0,"max_hp_loss":0,"event_name":"Transmorgrifier","floor":3,"gold_loss":0,"cards_obtained":["Hyperbeam"]},{"damage_healed":0,"gold_gain":100,"player_choice":"Pray","damage_taken":0,"max_hp_gain":0,"max_hp_loss":0,"event_name":"Golden Shrine","floor":11,"gold_loss":0}],"is_beta":false,"boss_relics":[{"not_picked":["Busted Crown","SlaversCollar"],"picked":"Pandora\u0027s Box"}],"items_purged_floors":[2],"is_endless":false,"potions_floor_spawned":[1,4,6,10,18,19],"killed_by":"Cultist and Chosen","ascension_level":5}}