{"host":"uv231blk40vjdojr","time":1612099253,"event":{"mods":["BaseMod","Bestiary","Minty Spire (QoL Compilation)","Relic Stats"],"gold_per_floor":[116,128,203,203,15,15,46,57,135,149,149,174,174,191,191,264,264,236,275,190,19,44,44],"floor_reached":22,"language":"ENG","playtime":745,"items_purged":[],"score":538,"play_id":"082e635a-cbf2-4302-aa96-e2059dc7b057","local_time":"20210131142053","is_ascension_mode":true,"campfire_choices":[{"data":"Eruption","floor":6,"key":"SMITH"},{"data":"WheelKick","floor":13,"key":"SMITH"},{"data":"Consecrate","floor":15,"key":"SMITH"}],"circlet_count":0,"master_deck":["AscendersBane","Strike_P","Strike_P","Strike_P","Strike_P","Defend_P","Defend_P","Defend_P","Defend_P","Eruption+1","Vigilance","SashWhip","WheelKick+1","Brilliance","EmptyBody","Consecrate+1","ReachHeaven","EmptyFist","MentalFortress+1","Wish","CurseOfTheBell","Crescendo+1"],"relics":["PureWater","NeowsBlessing","Oddly Smooth Stone","Dream Catcher","White Beast Statue","Smiling Mask","Frozen Egg 2","Calling Bell","Regal Pillow","StrikeDummy","TungstenRod","PreservedInsect","Membership Card"],"acts_visited":["Exordium","TheCity"],"potions_floor_usage":[12,14,16,18,19,22,22],"damage_taken":[{"damage":0,"enemies":"Jaw Worm","floor":1,"turns":1},{"damage":0,"enemies":"2 Louse","floor":2,"turns":1},{"damage":0,"enemies":"Gremlin Nob","floor":7,"turns":1},{"damage":4,"enemies":"Small Slimes","floor":8,"turns":2},{"damage":0,"enemies":"Looter","floor":10,"turns":2},{"damage":22,"enemies":"3 Sentries","floor":12,"turns":4},{"damage":0,"enemies":"Lots of Slimes","floor":14,"turns":2},{"damage":0,"enemies":"Slime Boss","floor":16,"turns":3},{"damage":5,"enemies":"2 Thieves","floor":18,"turns":4},{"damage":35,"enemies":"Shell Parasite","floor":19,"turns":7},{"damage":61,"enemies":"Cultist and Chosen","floor":22,"turns":3}],"seed_played":"-7179241074804149162","potions_obtained":[{"floor":7,"key":"BlessingOfTheForge"},{"floor":10,"key":"ColorlessPotion"},{"floor":12,"key":"ColorlessPotion"},{"floor":14,"key":"Weak Potion"},{"floor":16,"key":"AttackPotion"},{"floor":18,"key":"DuplicationPotion"},{"floor":19,"key":"Swift Potion"}],"is_trial":false,"path_per_floor":["M","M","?","?","$","R","E","M","T","M","?","E","R","M","R","B",null,"M","M","?","$","M"],"character_chosen":"WATCHER","items_purchased":["Brilliance","EmptyBody","Membership Card"],"campfire_rested":0,"item_purchase_floors":[5,5,21],"current_hp_per_floor":[61,61,50,45,45,45,45,41,41,41,41,19,19,19,19,19,56,51,16,16,16,0,0],"gold":44,"neow_bonus":"THREE_ENEMY_KILL","is_daily":false,"chose_seed":false,"campfire_upgraded":3,"win_rate":0.0,"timestamp":1612099253,"path_taken":["M","M","?","?","?","R","E","M","T","M","?","E","R","M","R","BOSS","M","M","?","$","M"],"items_purchased_type":["Card","Card","Relic"],"build_version":"2020-12-22","purchased_purges":0,"victory":false,"max_hp_per_floor":[68,68,68,68,68,68,68,68,68,68,68,68,68,68,68,68,68,68,68,68,68,68,68],"relic_stats":{"Dream Catcher":0,"Regal Pillow":0,"counters":[11,30],"PreservedInsect":0,"Smiling Mask":0,"obtain_stats":[{"Regal Pillow":17,"NeowsBlessing":0,"Oddly Smooth Stone":4,"PreservedInsect":20,"Frozen Egg 2":12,"Smiling Mask":11,"White Beast Statue":9,"Calling Bell":17,"Dream Catcher":7,"Membership Card":21,"PureWater":0,"StrikeDummy":17,"TungstenRod":17},{"Regal Pillow":8,"NeowsBlessing":0,"Oddly Smooth Stone":2,"PreservedInsect":10,"Frozen Egg 2":6,"Smiling Mask":5,"White Beast Statue":4,"Calling Bell":8,"Dream Catcher":3,"Membership Card":10,"PureWater":0,"StrikeDummy":8,"TungstenRod":8},{"Regal Pillow":16,"NeowsBlessing":0,"Oddly Smooth Stone":2,"PreservedInsect":27,"Frozen Egg 2":11,"Smiling Mask":7,"White Beast Statue":5,"Calling Bell":16,"Dream Catcher":3,"Membership Card":27,"PureWater":0,"StrikeDummy":16,"TungstenRod":16}],"TungstenRod":9},"card_choices":[{"not_picked":["JustLucky","EmptyBody"],"picked":"SashWhip","floor":1},{"not_picked":["SignatureMove","Halt"],"picked":"WheelKick","floor":2},{"not_picked":["WaveOfTheHand","FlurryOfBlows"],"picked":"Consecrate","floor":7},{"not_picked":["PathToVictory","EmptyBody"],"picked":"ReachHeaven","floor":8},{"not_picked":["BowlingBash","Crescendo"],"picked":"EmptyFist","floor":10},{"not_picked":["FollowUp","Collect","SashWhip"],"picked":"SKIP","floor":12},{"not_picked":["Halt","Prostrate"],"picked":"MentalFortress+1","floor":14},{"not_picked":["Omniscience","Establishment+1"],"picked":"Wish","floor":16},{"not_picked":["JustLucky","ClearTheMind"],"picked":"Crescendo+1","floor":18},{"not_picked":["EmptyFist+1","Halt","Collect"],"picked":"SKIP","floor":19}],"player_experience":730474,"relics_obtained":[{"floor":7,"key":"Dream Catcher"},{"floor":9,"key":"White Beast Statue"},{"floor":12,"key":"Frozen Egg 2"},{"floor":17,"key":"Regal Pillow"},{"floor":17,"key":"StrikeDummy"},{"floor":17,"key":"TungstenRod"}],"event_choices":[{"damage_healed":0,"gold_gain":75,"player_choice":"Gather Gold","damage_taken":11,"max_hp_gain":0,"max_hp_loss":0,"event_name":"World of Goop","floor":3,"gold_loss":0},{"damage_healed":0,"gold_gain":0,"player_choice":"Success","damage_taken":5,"relics_obtained":["Oddly Smooth Stone"],"max_hp_gain":0,"max_hp_loss":0,"event_name":"Scrap Ooze","floor":4,"gold_loss":0},{"damage_healed":0,"gold_gain":0,"player_choice":"Searched \u00271\u0027 times","damage_taken":0,"relics_obtained":["Smiling Mask"],"max_hp_gain":0,"max_hp_loss":0,"event_name":"Dead Adventurer","floor":11,"gold_loss":0},{"damage_healed":0,"gold_gain":0,"player_choice":"Obtained Relic","damage_taken":0,"relics_obtained":["PreservedInsect"],"max_hp_gain":0,"max_hp_loss":0,"event_name":"Addict","floor":20,"gold_loss":85}],"is_beta":false,"boss_relics":[{"not_picked":["SlaversCollar","Snecko Eye"],"picked":"Calling Bell"}],"items_purged_floors":[],"is_endless":false,"potions_floor_spawned":[7,10,12,14,16,18,19],"killed_by":"Cultist and Chosen","ascension_level":20}}