{"host":"9n6i2vl93jt4o42q","time":1612082429,"event":{"mods":["BaseMod","Minty Spire (QoL Compilation)","Relic Stats"],"gold_per_floor":[16,32,32,50,50,50,67,67,94,126,126,126,201,214,214,214,214],"floor_reached":16,"language":"ENG","playtime":627,"items_purged":[],"score":200,"play_id":"481c3772-d3f2-41d2-99a0-11ea64b26a51","local_time":"20210131094029","is_ascension_mode":true,"campfire_choices":[{"data":"Sever Soul","floor":6,"key":"SMITH"},{"data":"Clothesline","floor":8,"key":"SMITH"},{"floor":12,"key":"REST"},{"floor":15,"key":"REST"}],"circlet_count":0,"master_deck":["AscendersBane","Strike_R","Strike_R+1","Strike_R","Defend_R","Defend_R","Defend_R+1","Bash","Headbutt","Entrench","Sever Soul+1","Clothesline+1","Sever Soul+1","Twin Strike","Pommel Strike","Iron Wave","Cleave","Spot Weakness","Anger"],"relics":["Burning Blood","Dream Catcher"],"acts_visited":["Exordium"],"potions_floor_usage":[16],"damage_taken":[{"damage":7,"enemies":"Jaw Worm","floor":1,"turns":4},{"damage":1,"enemies":"Cultist","floor":2,"turns":3},{"damage":3,"enemies":"2 Louse","floor":4,"turns":3},{"damage":16,"enemies":"2 Fungi Beasts","floor":7,"turns":3},{"damage":45,"enemies":"3 Sentries","floor":10,"turns":7},{"damage":3,"enemies":"Looter","floor":14,"turns":2},{"damage":42,"enemies":"The Guardian","floor":16,"turns":8}],"seed_played":"5641222309220566192","potions_obtained":[{"floor":4,"key":"PowerPotion"},{"floor":7,"key":"PowerPotion"},{"floor":10,"key":"Fire Potion"}],"is_trial":false,"path_per_floor":["M","M","?","M","?","R","M","R","T","E","?","R","?","M","R","B"],"character_chosen":"IRONCLAD","items_purchased":[],"campfire_rested":2,"item_purchase_floors":[],"current_hp_per_floor":[67,72,72,75,75,75,65,65,65,26,3,25,14,17,39,0,0],"gold":214,"neow_bonus":"TRANSFORM_TWO_CARDS","is_daily":false,"chose_seed":false,"campfire_upgraded":2,"win_rate":0.0,"timestamp":1612082429,"path_taken":["M","M","?","M","?","R","?","R","T","E","?","R","?","M","R","BOSS"],"items_purchased_type":[],"build_version":"2020-12-22","purchased_purges":0,"victory":false,"max_hp_per_floor":[75,75,75,75,75,75,75,75,75,75,75,75,75,75,75,75,75],"relic_stats":{"Dream Catcher":2,"counters":[7,30],"obtain_stats":[{"Dream Catcher":10,"Burning Blood":0},{"Dream Catcher":5,"Burning Blood":0},{"Dream Catcher":20,"Burning Blood":0}],"Burning Blood":36},"card_choices":[{"not_picked":["Havoc","Rupture"],"picked":"Sever Soul","floor":1},{"not_picked":["Shockwave","Seeing Red"],"picked":"Clothesline","floor":2},{"not_picked":["Headbutt","Intimidate"],"picked":"Twin Strike","floor":4},{"not_picked":["Headbutt","Combust"],"picked":"Pommel Strike","floor":7},{"not_picked":["Body Slam","Twin Strike"],"picked":"Iron Wave","floor":10},{"not_picked":["Sword Boomerang","Dual Wield"],"picked":"Cleave","floor":12},{"not_picked":["Thunderclap","Armaments"],"picked":"Spot Weakness","floor":14},{"not_picked":["Body Slam","Shockwave"],"picked":"Anger","floor":15}],"player_experience":2341528,"relics_obtained":[{"floor":10,"key":"Dream Catcher"}],"event_choices":[{"damage_healed":0,"gold_gain":0,"cards_transformed":["Strike_R"],"player_choice":"Change","damage_taken":0,"max_hp_gain":0,"max_hp_loss":0,"event_name":"Living Wall","floor":3,"gold_loss":0,"cards_obtained":["Sever Soul"]},{"damage_healed":0,"gold_gain":0,"player_choice":"Upgraded","damage_taken":0,"max_hp_gain":0,"max_hp_loss":0,"event_name":"Upgrade Shrine","floor":5,"gold_loss":0,"cards_upgraded":["Sever Soul"]},{"damage_healed":0,"gold_gain":0,"player_choice":"Entered Light","damage_taken":23,"max_hp_gain":0,"max_hp_loss":0,"event_name":"Shining Light","floor":11,"gold_loss":0,"cards_upgraded":["Strike_R","Defend_R"]},{"damage_healed":0,"gold_gain":75,"player_choice":"Gather Gold","damage_taken":11,"max_hp_gain":0,"max_hp_loss":0,"event_name":"World of Goop","floor":13,"gold_loss":0}],"is_beta":false,"boss_relics":[],"items_purged_floors":[],"is_endless":false,"potions_floor_spawned":[4,7,10],"killed_by":"The Guardian","ascension_level":20}}