{"host":"96nkmeof81a2z72a","time":1612096720,"event":{"mods":["BaseMod","Minty Spire (QoL Compilation)","Quick Restart","StSLib"],"gold_per_floor":[118,132,19,19,19,56,56,81,81,121,146,116,135,135,135,249,258,287,386,301,301,23,23,57,57,81,121,121,159,183,210,210,314,314,334,353,417,442,459,499,522,566,592,615,394,430,430,439,439,439,439,439,15,50,50],"floor_reached":56,"language":"ZHS","playtime":3980,"items_purged":["Strike_G","Strike_G"],"score":1532,"play_id":"e3db74c5-1944-40a6-9188-10090f063c01","local_time":"20210131203840","is_ascension_mode":true,"campfire_choices":[{"data":"Neutralize","floor":7.0,"key":"SMITH"},{"data":"Crippling Poison","floor":15.0,"key":"SMITH"},{"data":"Prepared","floor":23.0,"key":"SMITH"},{"data":"Footwork","floor":25.0,"key":"SMITH"},{"data":"Well Laid Plans","floor":28.0,"key":"SMITH"},{"data":"Adrenaline","floor":32.0,"key":"SMITH"},{"floor":47.0,"key":"RECALL"},{"data":"Burst","floor":49,"key":"SMITH"},{"data":"Deep Breath","floor":52,"key":"SMITH"}],"circlet_count":0,"master_deck":["Strike_G+1","Strike_G+1","Defend_G","Defend_G","Defend_G","Defend_G","Defend_G","Survivor","Neutralize+1","Heel Hook","Well Laid Plans+1","Crippling Poison+1","Caltrops","Bane","Deadly Poison+1","Prepared+1","Blur+1","Corpse Explosion","CurseOfTheBell","Underhanded Strike+1","Footwork+1","Calculated Gamble+1","Eviscerate+1","Backflip","Skewer+1","Adrenaline+1","Burst+1","PiercingWail","Blur+1","Doppelganger","Tactician+1","Predator+1","Outmaneuver+1","Leg Sweep","Dash+1","Deep Breath+1","Burst+1","Footwork","Noxious Fumes"],"relics":["Ring of the Snake","NeowsBlessing","Tough Bandages","CeramicFish","Question Card","Bottled Lightning","Calling Bell","Strawberry","Gremlin Horn","Ice Cream","Tiny Chest","Molten Egg 2","War Paint","Lantern","Bottled Tornado","Bag of Marbles","Coffee Dripper","Calipers","Art of War","Peace Pipe","Bronze Scales","Centennial Puzzle","Juzu Bracelet","DollysMirror","Whetstone","Snake Skull"],"acts_visited":["Exordium","TheCity","TheBeyond","TheEnding"],"potions_floor_usage":[55,55],"damage_taken":[{"damage":0.0,"enemies":"Jaw Worm","floor":1.0,"turns":1.0},{"damage":0.0,"enemies":"Cultist","floor":2.0,"turns":1.0},{"damage":0.0,"enemies":"3 Sentries","floor":6.0,"turns":1.0},{"damage":3.0,"enemies":"2 Louse","floor":8.0,"turns":2.0},{"damage":29.0,"enemies":"Gremlin Nob","floor":10.0,"turns":5.0},{"damage":11.0,"enemies":"Exordium Thugs","floor":11.0,"turns":4.0},{"damage":2.0,"enemies":"Looter","floor":13.0,"turns":4.0},{"damage":15.0,"enemies":"Hexaghost","floor":16.0,"turns":9.0},{"damage":9.0,"enemies":"2 Thieves","floor":18.0,"turns":3.0},{"damage":22.0,"enemies":"Slavers","floor":24.0,"turns":4.0},{"damage":0.0,"enemies":"Gremlin Leader","floor":27.0,"turns":6.0},{"damage":0.0,"enemies":"Slavers","floor":29.0,"turns":2.0},{"damage":1.0,"enemies":"Chosen","floor":30.0,"turns":4.0},{"damage":0.0,"enemies":"Centurion and Healer","floor":31.0,"turns":4.0},{"damage":1.0,"enemies":"Champ","floor":33.0,"turns":12.0},{"damage":0.0,"enemies":"Orb Walker","floor":35.0,"turns":3.0},{"damage":0.0,"enemies":"3 Shapes","floor":36.0,"turns":2.0},{"damage":21.0,"enemies":"2 Orb Walkers","floor":37.0,"turns":3.0},{"damage":20.0,"enemies":"Spire Growth","floor":39.0,"turns":5.0},{"damage":0.0,"enemies":"Nemesis","floor":40.0,"turns":7.0},{"damage":5.0,"enemies":"3 Darklings","floor":41.0,"turns":3.0},{"damage":0.0,"enemies":"Giant Head","floor":42.0,"turns":11.0},{"damage":0.0,"enemies":"Sphere and 2 Shapes","floor":44.0,"turns":3.0},{"damage":4.0,"enemies":"Nemesis","floor":46.0,"turns":7.0},{"damage":23,"enemies":"Donu and Deca","floor":50,"turns":8},{"damage":21,"enemies":"Shield and Spear","floor":54,"turns":8},{"damage":14,"enemies":"The Heart","floor":55,"turns":12}],"seed_played":"-799685908998106727","potions_obtained":[{"floor":2.0,"key":"SpeedPotion"},{"floor":6.0,"key":"Fire Potion"},{"floor":10.0,"key":"Block Potion"},{"floor":12.0,"key":"Dexterity Potion"},{"floor":12.0,"key":"SkillPotion"},{"floor":24.0,"key":"Explosive Potion"},{"floor":30.0,"key":"Weak Potion"},{"floor":37.0,"key":"Weak Potion"},{"floor":39.0,"key":"Swift Potion"},{"floor":40.0,"key":"FairyPotion"},{"floor":42.0,"key":"GamblersBrew"},{"floor":44.0,"key":"DuplicationPotion"}],"is_trial":false,"path_per_floor":["M","M","$","?","$","E","R","M","T","E","M","?","M","?","R","B",null,"M","?","?","?","$","R","E","R","T","E","R","E","M","M","R","B",null,"M","M","?","T","M","E","M","E","T","M","$","E","R","?","R","B",null,"R","$","E","B",null],"character_chosen":"THE_SILENT","items_purchased":["Crippling Poison","Molten Egg 2","Footwork","Centennial Puzzle","Leg Sweep","DollysMirror","Whetstone","Footwork"],"campfire_rested":0,"item_purchase_floors":[3,22,22,45,45,53,53,53],"current_hp_per_floor":[70,70,70,70,70,70,70,67,67,38,27,27,25,25,25,10,77,68,68,68,68,68,68,46,46,46,46,46,46,45,45,45,44,77,77,77,56,56,36,36,31,31,31,31,31,27,27,27,27,4,77,77,77,56,42],"gold":50,"neow_bonus":"THREE_ENEMY_KILL","is_daily":false,"chose_seed":false,"campfire_upgraded":8,"win_rate":0.0,"timestamp":1612096720,"path_taken":["M","M","$","?","?","E","R","M","T","E","M","?","?","?","R","BOSS","M","?","?","?","$","R","E","R","T","E","R","E","M","?","R","BOSS","M","M","?","?","M","E","M","E","T","M","?","E","R","?","R","BOSS","R","$","E","BOSS"],"items_purchased_type":["Card","Relic","Card","Relic","Card","Relic","Relic","Card"],"build_version":"2020-12-22","purchased_purges":2,"victory":true,"max_hp_per_floor":[70,70,70,70,70,70,70,70,70,70,70,70,70,70,70,70,77,77,77,77,77,77,77,77,77,77,77,77,77,77,77,77,77,77,77,77,77,77,77,77,77,77,77,77,77,77,77,77,77,77,77,77,77,77,77],"card_choices":[{"not_picked":["Blade Dance","Accuracy"],"picked":"Heel Hook","floor":1.0},{"not_picked":["Poisoned Stab","Concentrate"],"picked":"Well Laid Plans","floor":2.0},{"not_picked":["Outmaneuver","Poisoned Stab"],"picked":"Caltrops","floor":6.0},{"not_picked":["Deflect","Finisher"],"picked":"Bane","floor":8.0},{"not_picked":["Outmaneuver","Deflect","Dagger Throw"],"picked":"Deadly Poison","floor":10.0},{"not_picked":["Poisoned Stab","Dagger Throw","Crippling Poison"],"picked":"Prepared","floor":11.0},{"not_picked":["Bane","Deadly Poison","Prepared"],"picked":"Blur","floor":13.0},{"not_picked":["Grand Finale","Night Terror","Wraith Form v2"],"picked":"Corpse Explosion","floor":16.0},{"not_picked":["Slice","Skewer","PiercingWail"],"picked":"Underhanded Strike+1","floor":18.0},{"not_picked":["Venomology","Terror","Skewer+1"],"picked":"Calculated Gamble+1","floor":24.0},{"not_picked":["Blur","Backstab+1","Endless Agony+1"],"picked":"Eviscerate+1","floor":27.0},{"not_picked":["Slice+1","Blade Dance","Poisoned Stab+1"],"picked":"Backflip","floor":29.0},{"not_picked":["Expertise","Heel Hook+1","Dodge and Roll"],"picked":"Skewer+1","floor":30.0},{"not_picked":["Choke+1","Deflect+1","Dodge and Roll+1"],"picked":"Adrenaline","floor":31.0},{"not_picked":["Envenom","Phantasmal Killer","Corpse Explosion"],"picked":"Burst","floor":33.0},{"not_picked":["Backflip","Cloak And Dagger+1","Bane+1","Masterful Stab+1"],"picked":"SKIP","floor":35.0},{"not_picked":["Blade Dance+1","Backflip","Poisoned Stab+1"],"picked":"PiercingWail","floor":36.0},{"not_picked":["Flechettes+1","Acrobatics","Cloak And Dagger"],"picked":"Blur+1","floor":37.0},{"not_picked":["Deadly Poison","Masterful Stab+1","Sucker Punch+1","Backflip"],"picked":"SKIP","floor":39.0},{"not_picked":["Dagger Spray+1","Acrobatics","Corpse Explosion"],"picked":"Doppelganger","floor":40.0},{"not_picked":["PiercingWail","Dagger Throw+1","Flying Knee+1"],"picked":"Tactician+1","floor":41.0},{"not_picked":["Caltrops","Heel Hook+1","Dagger Spray+1"],"picked":"Predator+1","floor":42.0},{"not_picked":["Flechettes+1","Distraction+1","PiercingWail+1"],"picked":"Outmaneuver+1","floor":44.0},{"not_picked":["Eviscerate+1","Deflect","Dodge and Roll"],"picked":"Dash+1","floor":46.0},{"not_picked":["PanicButton","Bandage Up","Good Instincts"],"picked":"Deep Breath","floor":48},{"not_picked":["Leg Sweep+1","Quick Slash+1","Outmaneuver"],"picked":"Noxious Fumes","floor":54}],"player_experience":545647,"relics_obtained":[{"floor":6.0,"key":"CeramicFish"},{"floor":9.0,"key":"Question Card"},{"floor":10.0,"key":"Bottled Lightning"},{"floor":17.0,"key":"Strawberry"},{"floor":17.0,"key":"Gremlin Horn"},{"floor":17.0,"key":"Ice Cream"},{"floor":24.0,"key":"War Paint"},{"floor":26.0,"key":"Lantern"},{"floor":27.0,"key":"Bottled Tornado"},{"floor":29.0,"key":"Bag of Marbles"},{"floor":37.0,"key":"Calipers"},{"floor":40.0,"key":"Art of War"},{"floor":42.0,"key":"Peace Pipe"},{"floor":43.0,"key":"Bronze Scales"},{"floor":46.0,"key":"Juzu Bracelet"},{"floor":54,"key":"Snake Skull"}],"event_choices":[{"damage_healed":0.0,"max_hp_gain":0.0,"max_hp_loss":0.0,"gold_gain":0.0,"event_name":"WeMeetAgain","player_choice":"Gave Potion","floor":4.0,"gold_loss":0.0,"damage_taken":0.0,"relics_obtained":["Tough Bandages"]},{"damage_healed":0.0,"max_hp_gain":0.0,"max_hp_loss":0.0,"gold_gain":0.0,"event_name":"The Woman in Blue","player_choice":"Bought 2 Potions","floor":12.0,"gold_loss":0.0,"damage_taken":0.0},{"damage_healed":0.0,"max_hp_gain":0.0,"max_hp_loss":0.0,"gold_gain":0.0,"event_name":"Liars Game","player_choice":"Ignored","floor":14.0,"gold_loss":0.0,"damage_taken":0.0},{"damage_healed":0.0,"max_hp_gain":0.0,"max_hp_loss":0.0,"gold_gain":99.0,"event_name":"Nest","player_choice":"Stole From Cult","floor":19.0,"gold_loss":0.0,"damage_taken":0.0},{"damage_healed":0.0,"max_hp_gain":0.0,"max_hp_loss":0.0,"gold_gain":0.0,"event_name":"Addict","player_choice":"Obtained Relic","floor":20.0,"gold_loss":85.0,"damage_taken":0.0,"relics_obtained":["Tiny Chest"]},{"cards_removed":["Strike_G"],"damage_healed":0.0,"max_hp_gain":0.0,"max_hp_loss":0.0,"gold_gain":0.0,"event_name":"Purifier","player_choice":"Purged","floor":21.0,"gold_loss":0.0,"damage_taken":0.0},{"damage_healed":0.0,"max_hp_gain":0.0,"max_hp_loss":0.0,"gold_gain":0.0,"event_name":"Mysterious Sphere","player_choice":"Fight","floor":37.0,"gold_loss":0.0,"damage_taken":0.0},{"damage_healed":0,"gold_gain":0,"player_choice":"Memory 1","damage_taken":0,"max_hp_gain":0,"max_hp_loss":0,"event_name":"SensoryStone","floor":48,"gold_loss":0}],"is_beta":false,"boss_relics":[{"not_picked":["WristBlade","Snecko Eye"],"picked":"Calling Bell"},{"not_picked":["Busted Crown","Fusion Hammer"],"picked":"Coffee Dripper"}],"items_purged_floors":[3,53],"is_endless":false,"potions_floor_spawned":[2,6,10,13,24,30,37,39,40,42,44],"ascension_level":1}}