{"host":"3vgzk5mhz751jdrj","time":1612079095,"event":{"mods":["2.2 Compatiblity","AchievementEnabler","Act Like it!","Aspiration","BaseMod","Better Altar","Better Match","Better Note","Better Sensory Stone","Better Skull","Better Third Choice","Block Reminder","Colored Map","Conspire","Curses Come First","Dark Map","Displayed Cursed Tome","Downfall","Friendly Minions","GifTheSpireLib","Halation","Hubris","Marked Mod","Mimic Mod","Minty Spire (QoL Compilation)","Quick Restart","Rare Cards Sparkle","Replay The Spire","Shop Mod","Spicy Shops","Spikes Relics","StSLib","Stuff the Spire","TheFirefly","Trackpad"],"gold_per_floor":[111,111,111,125,125,125,156,166,196,212,232,246,374,6,6,108,108,120,395,411,55,55,179,179,297,337,9,137,137,261,261,261,365,365,385,36,36,36,52,180,180,191,191,14,14,14,84,94,94,94,94,94,16,128,128],"floor_reached":56,"language":"ENG","playtime":6398,"items_purged":["thefirefly:Strike","Regret","thefirefly:Strike"],"score":1341,"play_id":"0ebe0e11-d470-4f64-aaf5-7971a171a8a0","local_time":"20210131024455","is_ascension_mode":false,"campfire_choices":[{"data":"thefirefly:StealthMode","floor":6.0,"key":"SMITH"},{"floor":15.0,"key":"REST"},{"floor":29.0,"key":"RECALL"},{"data":"thefirefly:AccountUncertainty","floor":32.0,"key":"SMITH"},{"data":"thefirefly:LifeSupport","floor":45,"key":"SMITH"},{"data":"thefirefly:QuantumTunneling","floor":49,"key":"SMITH"},{"data":"thefirefly:Lamentation","floor":52,"key":"SMITH"}],"circlet_count":0,"master_deck":["thefirefly:Strike","thefirefly:Strike","thefirefly:Defend","thefirefly:Defend","thefirefly:Defend","thefirefly:Defend","thefirefly:StealthMode+1","thefirefly:PhotonBlast","thefirefly:StoredPower","thefirefly:HyperFocus","thefirefly:FlakCannon+1","thefirefly:QuantumTunneling+1","thefirefly:FlakCannon+1","thefirefly:RollBack","thefirefly:Bombardment+1","thefirefly:LaserBarrage+1","thefirefly:EphemeronForm+1","thefirefly:Lamentation+1","thefirefly:StoredPower","thefirefly:IonizedBarrier","thefirefly:RollBack","thefirefly:LifeSupport+1","thefirefly:Preload","thefirefly:AccountUncertainty+1","thefirefly:EnergyShield","thefirefly:BoltzmannBrain","thefirefly:AccountUncertainty+1","thefirefly:BreachMissile+1","thefirefly:RecollectionSubroutine","thefirefly:PhantomStrike+1","The Bomb","thefirefly:InterceptingShot+1","thefirefly:ChargedLaser+1","thefirefly:Quine","ReplayTheSpireMod:Splinters","thefirefly:QuantumTunneling+1","thefirefly:ErraticMotions"],"relics":["thefirefly:StealthSystem","NeowsBlessing","aspiration:BabyByrd","hubris:Icosahedron","Molten Egg 2","StuffTheSpire:TintedRock","TungstenRod","Torii","SacredBark","StuffTheSpire:BottledEssence","StuffTheSpire:Gunfinga","Medical Kit","Replay:Rubber Ducky","halation:TwoAmDonut","Rawhide","aspiration:RitualDagger","BargainBundle","halation:BlueSoulGem","Durian","halation:PapillonHeart","StuffTheSpire:Mouthbags","hubris:HerbalPaste","aspiration:StickyExplosives_weak","conspire:TopHat"],"acts_visited":["Exordium","TheCity","TheBeyond","TheEnding"],"potions_floor_usage":[35,42,42,50,50,50,50,54,55,55],"damage_taken":[{"damage":0.0,"enemies":"2 Louse","floor":1.0,"turns":1.0},{"damage":0.0,"enemies":"conspire:RoseBush","floor":4.0,"turns":1.0},{"damage":0.0,"enemies":"3 Sentries","floor":7.0,"turns":2.0},{"damage":7.0,"enemies":"Small Slimes","floor":8.0,"turns":6.0},{"damage":3.0,"enemies":"Red Slaver","floor":9.0,"turns":12.0},{"damage":7.0,"enemies":"Red Slaver","floor":10.0,"turns":5.0},{"damage":9.0,"enemies":"Exordium Thugs","floor":11.0,"turns":6.0},{"damage":6.0,"enemies":"Blue Slaver","floor":12.0,"turns":5.0},{"damage":10.0,"enemies":"Lagavulin","floor":13.0,"turns":3.0},{"damage":5.0,"enemies":"Hexaghost","floor":16.0,"turns":21.0},{"damage":11.0,"enemies":"3 Byrds","floor":18.0,"turns":5.0},{"damage":9.0,"enemies":"conspire:FuzzyDice","floor":20.0,"turns":5.0},{"damage":0.0,"enemies":"conspire:SneckoGhost","floor":23.0,"turns":8.0},{"damage":24.0,"enemies":"Sentry and Sphere","floor":25.0,"turns":4.0},{"damage":10.0,"enemies":"3 Cultists","floor":26.0,"turns":7.0},{"damage":16.0,"enemies":"Book of Stabbing","floor":28.0,"turns":5.0},{"damage":0.0,"enemies":"Gremlin Leader","floor":30.0,"turns":8.0},{"damage":3.0,"enemies":"conspire:MysteriousRune","floor":33.0,"turns":15.0},{"damage":18,"enemies":"3 Darklings","floor":35,"turns":7},{"damage":16,"enemies":"Orb Walker","floor":39,"turns":6},{"damage":18,"enemies":"R_Hoarder","floor":40,"turns":9},{"damage":6,"enemies":"Jaw Worm Horde","floor":42,"turns":3},{"damage":8,"enemies":"3 Darklings","floor":48,"turns":4},{"damage":17,"enemies":"Donu and Deca","floor":50,"turns":8},{"damage":28,"enemies":"Shield and Spear","floor":54,"turns":5},{"damage":22,"enemies":"The Heart","floor":55,"turns":8}],"seed_played":"6512813688380302205","potions_obtained":[{"floor":1.0,"key":"LiquidBronze"},{"floor":7.0,"key":"FearPotion"},{"floor":10.0,"key":"SneckoOil"},{"floor":12.0,"key":"Swift Potion"},{"floor":13.0,"key":"Reflective Coating"},{"floor":20.0,"key":"SneckoOil"},{"floor":22.0,"key":"Adrenaline Potion"},{"floor":22.0,"key":"BlessingOfTheForge"},{"floor":30.0,"key":"FearPotion"},{"floor":33.0,"key":"SteroidPotion"},{"floor":39,"key":"PowerPotion"},{"floor":47,"key":"EntropicBrew"},{"floor":54,"key":"Block Potion"}],"is_trial":false,"path_per_floor":["M","?","?","M","?","R","E","M","MIM","M","M","M","E","$","R","B",null,"M","?","M","$","?","E","?","M","MIM","$","E","R","E","?","R","B",null,"M","$","?","?","M","E","?","M","T","$","R","?","?","M","R","B",null,"R","$","E","B",null],"character_chosen":"THE_FIREFLY","items_purchased":["Torii","thefirefly:IonizedBarrier","StuffTheSpire:BottledEssence","thefirefly:AccountUncertainty","Medical Kit","Replay:Rubber Ducky","BargainBundle","thefirefly:BreachMissile+1","thefirefly:RecollectionSubroutine","thefirefly:PhantomStrike+1","The Bomb","thefirefly:InterceptingShot+1","hubris:HerbalPaste","SteroidPotion","FearPotion","thefirefly:ErraticMotions"],"campfire_rested":1,"item_purchase_floors":[14,21,21,27,27,27,36,36,36,36,36,36,44,44,44,53],"current_hp_per_floor":[55,55,55,55,55,55,55,48,45,38,29,23,13,13,29,24,55,44,44,35,35,35,35,41,17,55,55,45,45,55,55,55,52,55,49,49,49,49,39,38,38,32,32,32,32,32,32,39,39,46,57,57,57,35,28],"gold":128,"neow_bonus":"THREE_ENEMY_KILL","is_daily":false,"chose_seed":false,"campfire_upgraded":5,"win_rate":0.0,"timestamp":1612079095,"path_taken":["M","?","?","M","?","R","E","M","MIM","M","?","M","E","?","R","BOSS","M","?","M","$","?","E","?","?","MIM","$","E","R","E","?","R","BOSS","M","$","?","?","M","E","?","M","T","$","R","?","?","M","R","BOSS","R","$","E","BOSS"],"items_purchased_type":["Relic","Card","Relic","Card","Relic","Relic","Relic","Card","Card","Card","Card","Card","Relic","Potion","Potion","Card"],"build_version":"2020-12-22","purchased_purges":3,"victory":true,"max_hp_per_floor":[55,55,55,55,55,55,55,55,55,55,55,55,55,55,55,55,55,55,55,55,55,55,55,55,55,55,55,55,55,55,55,55,55,55,55,55,55,55,55,60,57,57,57,57,57,57,57,57,57,57,57,57,57,57,57],"card_choices":[{"not_picked":["thefirefly:ChargedLaser","thefirefly:Lamentation"],"picked":"thefirefly:StoredPower","floor":1.0},{"not_picked":["thefirefly:ErraticMotions","thefirefly:EvasiveManeuver"],"picked":"thefirefly:Quine","floor":4.0},{"not_picked":["thefirefly:PotentAmmunition","thefirefly:AuroralDischarge+1"],"picked":"thefirefly:HyperFocus","floor":7.0},{"not_picked":["thefirefly:EnergyShield","thefirefly:FlareScreen"],"picked":"thefirefly:FlakCannon+1","floor":8.0},{"not_picked":["thefirefly:Flight","thefirefly:SteadyAim"],"picked":"thefirefly:QuantumTunneling","floor":9.0},{"not_picked":["thefirefly:QuantumTunneling","thefirefly:Quine"],"picked":"thefirefly:FlakCannon+1","floor":10.0},{"not_picked":["thefirefly:Ruminate","thefirefly:HyperFocus"],"picked":"thefirefly:RollBack","floor":11.0},{"not_picked":["thefirefly:FullProjection","thefirefly:FlakCannon+1"],"picked":"thefirefly:Bombardment+1","floor":12.0},{"not_picked":["thefirefly:PotentAmmunition","thefirefly:ShieldGenerator"],"picked":"thefirefly:LaserBarrage+1","floor":13.0},{"not_picked":["thefirefly:TachyonBeam+1","thefirefly:Kugelblitz+1"],"picked":"thefirefly:EphemeronForm","floor":16.0},{"not_picked":["thefirefly:EMP","thefirefly:Ruminate+1"],"picked":"thefirefly:Lamentation","floor":18.0},{"not_picked":["thefirefly:Exile+1","thefirefly:SearingEnigma"],"picked":"thefirefly:StoredPower","floor":20.0},{"not_picked":["thefirefly:InterceptingShot+1","thefirefly:Teleport"],"picked":"thefirefly:RollBack","floor":23.0},{"not_picked":["thefirefly:Teleport","thefirefly:Flight+1"],"picked":"thefirefly:LifeSupport","floor":25.0},{"not_picked":["thefirefly:ShieldArray+1","thefirefly:Flight+1"],"picked":"thefirefly:Preload","floor":26.0},{"not_picked":["thefirefly:FullProjection","thefirefly:AutoTargeting"],"picked":"thefirefly:EnergyShield","floor":28.0},{"not_picked":["thefirefly:CoveringFire+1","thefirefly:Boost","thefirefly:HyperFocus"],"picked":"SKIP","floor":30.0},{"not_picked":["thefirefly:MindControl","thefirefly:CreateClone"],"picked":"thefirefly:BoltzmannBrain","floor":33.0},{"not_picked":["thefirefly:DataMiner+1","thefirefly:ShieldArray"],"picked":"thefirefly:AccountUncertainty+1","floor":35},{"not_picked":["thefirefly:LaserBarrage+1","thefirefly:FlakCannon+1"],"picked":"thefirefly:ChargedLaser+1","floor":39},{"not_picked":["thefirefly:Flight","thefirefly:InterceptingShot+1","thefirefly:Bombardment+1"],"picked":"SKIP","floor":40},{"not_picked":["thefirefly:Boost+1","thefirefly:Teleport","thefirefly:MirrorShield"],"picked":"SKIP","floor":42},{"not_picked":["thefirefly:Distort+1","thefirefly:SteadyAim+1"],"picked":"thefirefly:QuantumTunneling+1","floor":48},{"not_picked":["thefirefly:Flight","thefirefly:RollBack+1","thefirefly:BoltzmannBrain"],"picked":"SKIP","floor":54}],"player_experience":427334,"relics_obtained":[{"floor":7.0,"key":"Molten Egg 2"},{"floor":9.0,"key":"StuffTheSpire:TintedRock"},{"floor":13.0,"key":"TungstenRod"},{"floor":23.0,"key":"StuffTheSpire:Gunfinga"},{"floor":28.0,"key":"halation:TwoAmDonut"},{"floor":30.0,"key":"Rawhide"},{"floor":40,"key":"Durian"},{"floor":43,"key":"StuffTheSpire:Mouthbags"},{"floor":47,"key":"aspiration:StickyExplosives_weak"},{"floor":54,"key":"conspire:TopHat"}],"event_choices":[{"damage_healed":0.0,"max_hp_gain":0.0,"max_hp_loss":0.0,"gold_gain":275.0,"event_name":"Golden Shrine","player_choice":"Desecrate","floor":19.0,"gold_loss":0.0,"damage_taken":0.0,"cards_obtained":["Regret"]},{"damage_healed":0.0,"max_hp_gain":0.0,"max_hp_loss":0.0,"gold_gain":0.0,"event_name":"Lab","player_choice":"Got Potions","floor":22.0,"gold_loss":0.0,"damage_taken":0.0},{"cards_removed":["thefirefly:IonizedBarrier"],"damage_healed":0.0,"max_hp_gain":0.0,"max_hp_loss":0.0,"gold_gain":0.0,"event_name":"betterNote:BetterNote","player_choice":"Give","floor":31.0,"gold_loss":0.0,"damage_taken":0.0,"cards_obtained":["None"]}],"is_beta":false,"boss_relics":[{"not_picked":["halation:MonkeysPaw","halation:Risk"],"picked":"SacredBark"},{"not_picked":["Replay:Wanted Poster","hubris:CrackedHourglass"],"picked":"aspiration:RitualDagger"}],"items_purged_floors":[14,21,36],"is_endless":false,"potions_floor_spawned":[1,7,10,12,13,20,30,33,39,54],"ascension_level":0}}