{"host":"guzbs4v8630hpsy6","time":1612068451,"event":{"mods":["2.2 Compatiblity","AchievementEnabler","BaseMod","Block Reminder","Highlight Path","Minty Spire (QoL Compilation)","Relic Stats","SuperFastMode"],"gold_per_floor":[13,30,30,30,45,45,72,72,72,84,110,122,191,191,191,262,262,277,202,202,217,229,229,263,263,313,348,348,398,398,416,416,416,416],"floor_reached":33,"language":"ENG","playtime":1075,"items_purged":["Strike_B"],"score":513,"play_id":"d8df7b9a-852a-41f2-9d96-7b8bcc16da1f","local_time":"20210131124731","is_ascension_mode":true,"campfire_choices":[{"data":"Ball Lightning","floor":6.0,"key":"SMITH"},{"data":"Dualcast","floor":8.0,"key":"SMITH"},{"floor":15.0,"key":"REST"},{"floor":23.0,"key":"REST"},{"floor":25,"key":"REST"},{"data":"Creative AI","floor":28,"key":"SMITH"},{"floor":32,"key":"REST"}],"circlet_count":0,"master_deck":["AscendersBane","Strike_B","Strike_B","Defend_B","Defend_B","Defend_B","Defend_B","Zap+1","Dualcast+1","Ball Lightning+1","Ball Lightning","Glacier","Biased Cognition","Compile Driver","Go for the Eyes+1","Loop+1","Creative AI+1","Ghostly","Ghostly","Ghostly"],"relics":["Cracked Core","Lizard Tail","Dead Branch","Singing Bowl","Gambling Chip","WingedGreaves","Nuclear Battery","Tiny Chest","Dream Catcher","Anchor"],"acts_visited":["Exordium","TheCity"],"potions_floor_usage":[],"damage_taken":[{"damage":5.0,"enemies":"2 Louse","floor":1.0,"turns":2.0},{"damage":4.0,"enemies":"Small Slimes","floor":2.0,"turns":3.0},{"damage":0.0,"enemies":"Cultist","floor":5.0,"turns":2.0},{"damage":25.0,"enemies":"Lagavulin","floor":7.0,"turns":5.0},{"damage":4.0,"enemies":"Exordium Wildlife","floor":10.0,"turns":4.0},{"damage":7.0,"enemies":"Gremlin Nob","floor":11.0,"turns":3.0},{"damage":10.0,"enemies":"Gremlin Gang","floor":12.0,"turns":3.0},{"damage":31.0,"enemies":"Slime Boss","floor":16.0,"turns":8.0},{"damage":17.0,"enemies":"2 Thieves","floor":18.0,"turns":4.0},{"damage":4.0,"enemies":"3 Byrds","floor":21.0,"turns":4.0},{"damage":11.0,"enemies":"3 Cultists","floor":22.0,"turns":4.0},{"damage":50,"enemies":"Slavers","floor":24,"turns":5},{"damage":47,"enemies":"Gremlin Leader","floor":27,"turns":6},{"damage":2,"enemies":"Shelled Parasite and Fungi","floor":31,"turns":4},{"damage":36,"enemies":"Champ","floor":33,"turns":7}],"seed_played":"2250654956357477787","potions_obtained":[{"floor":1.0,"key":"Energy Potion"},{"floor":2.0,"key":"PotionOfCapacity"},{"floor":10.0,"key":"SteroidPotion"}],"is_trial":false,"path_per_floor":["M","M","?","?","M","R","E","R","T","M","E","M","?","?","R","B",null,"M","$","?","M","M","R","E","R","T","E","R","?","?","M","R","B"],"character_chosen":"DEFECT","items_purchased":[],"campfire_rested":4,"item_purchase_floors":[],"current_hp_per_floor":[59,55,55,50,50,50,25,25,25,23,18,10,10,10,33,2,58,41,41,41,37,28,51,1,24,24,19,19,19,19,19,33,0,0],"gold":416,"neow_bonus":"ONE_RARE_RELIC","is_daily":false,"chose_seed":false,"campfire_upgraded":3,"win_rate":0.0,"timestamp":1612068451,"path_taken":["M","M","?","?","M","R","E","R","T","M","E","M","?","?","R","BOSS","M","?","?","M","?","R","E","R","T","E","R","?","?","M","R","BOSS"],"items_purchased_type":[],"build_version":"2020-12-22","purchased_purges":1,"victory":false,"max_hp_per_floor":[71,71,71,71,71,71,71,71,71,73,75,77,77,77,77,77,77,77,77,77,77,79,79,79,79,79,79,79,79,39,41,43,43,43],"relic_stats":{"Lizard Tail":39,"Dream Catcher":1,"Singing Bowl":12,"counters":[15,64],"Dead Branch":[20],"Gambling Chip":[29],"Tiny Chest":0,"obtain_stats":[{"Lizard Tail":0,"Dream Catcher":26,"Anchor":27,"Singing Bowl":7,"Dead Branch":4,"Gambling Chip":9,"Tiny Chest":24,"WingedGreaves":11,"Cracked Core":0,"Nuclear Battery":17},{"Lizard Tail":0,"Dream Catcher":12,"Anchor":13,"Singing Bowl":4,"Dead Branch":2,"Gambling Chip":4,"Tiny Chest":12,"WingedGreaves":6,"Cracked Core":0,"Nuclear Battery":8},{"Lizard Tail":0,"Dream Catcher":47,"Anchor":53,"Singing Bowl":12,"Dead Branch":5,"Gambling Chip":12,"Tiny Chest":47,"WingedGreaves":19,"Cracked Core":0,"Nuclear Battery":30}]},"card_choices":[{"not_picked":["Leap","Streamline"],"picked":"Ball Lightning","floor":1.0},{"not_picked":["Melter","Barrage"],"picked":"Ball Lightning","floor":2.0},{"not_picked":["Stack","Aggregate","Leap"],"picked":"SKIP","floor":5.0},{"not_picked":["Conserve Battery","Cold Snap"],"picked":"Glacier","floor":7.0},{"not_picked":["Coolheaded","Hologram","Conserve Battery"],"picked":"Singing Bowl","floor":10.0},{"not_picked":["Conserve Battery","Aggregate","Sweeping Beam"],"picked":"Singing Bowl","floor":11.0},{"not_picked":["Ball Lightning","Barrage","Stack"],"picked":"Singing Bowl","floor":12.0},{"not_picked":["Meteor Strike","All For One"],"picked":"Biased Cognition","floor":16.0},{"not_picked":["Leap","Heatsinks"],"picked":"Compile Driver","floor":18.0},{"not_picked":["Sweeping Beam+1","Streamline+1"],"picked":"Go for the Eyes+1","floor":21.0},{"not_picked":["Beam Cell+1","Darkness","BootSequence"],"picked":"Singing Bowl","floor":22.0},{"not_picked":["Cold Snap","Coolheaded"],"picked":"Loop+1","floor":24},{"not_picked":["Scrape","Hologram"],"picked":"Creative AI","floor":27},{"not_picked":["Beam Cell","Steam","Rebound"],"picked":"Singing Bowl","floor":31},{"not_picked":["Leap+1","BootSequence","Force Field"],"picked":"Singing Bowl","floor":32}],"player_experience":569522,"relics_obtained":[{"floor":7.0,"key":"Singing Bowl"},{"floor":9.0,"key":"Gambling Chip"},{"floor":11.0,"key":"WingedGreaves"},{"floor":24,"key":"Tiny Chest"},{"floor":26,"key":"Dream Catcher"},{"floor":27,"key":"Anchor"}],"event_choices":[{"damage_healed":0.0,"max_hp_gain":0.0,"max_hp_loss":0.0,"gold_gain":0.0,"event_name":"Living Wall","player_choice":"Grow","floor":3.0,"gold_loss":0.0,"damage_taken":0.0,"cards_upgraded":["Zap"]},{"damage_healed":0.0,"max_hp_gain":0.0,"max_hp_loss":0.0,"gold_gain":0.0,"event_name":"Scrap Ooze","player_choice":"Success","floor":4.0,"gold_loss":0.0,"damage_taken":5.0,"relics_obtained":["Dead Branch"]},{"damage_healed":0.0,"max_hp_gain":0.0,"max_hp_loss":0.0,"gold_gain":69.0,"event_name":"Golden Wing","player_choice":"Gained Gold","floor":13.0,"gold_loss":0.0,"damage_taken":0.0},{"cards_removed":["Strike_B"],"damage_healed":0.0,"max_hp_gain":0.0,"max_hp_loss":0.0,"gold_gain":0.0,"event_name":"Bonfire Elementals","player_choice":"Offered Basic","floor":14.0,"gold_loss":0.0,"damage_taken":0.0},{"damage_healed":0.0,"max_hp_gain":0.0,"max_hp_loss":0.0,"gold_gain":0.0,"event_name":"N\u0027loth","player_choice":"Ignored","floor":20.0,"gold_loss":0.0,"damage_taken":0.0},{"damage_healed":0,"gold_gain":50,"player_choice":"Stole From Cult","damage_taken":0,"max_hp_gain":0,"max_hp_loss":0,"event_name":"Nest","floor":29,"gold_loss":0},{"damage_healed":0,"gold_gain":0,"player_choice":"Became a Ghost","damage_taken":0,"max_hp_gain":0,"max_hp_loss":40,"event_name":"Ghosts","floor":30,"gold_loss":0,"cards_obtained":["Ghostly","Ghostly","Ghostly"]}],"is_beta":false,"boss_relics":[{"not_picked":["SlaversCollar","FrozenCore"],"picked":"Nuclear Battery"}],"items_purged_floors":[19],"is_endless":false,"potions_floor_spawned":[1,2,10,11,12,16,22,27],"killed_by":"Champ","ascension_level":15}}