{"host":"axuns55dzq466eei","time":1612087746,"event":{"mods":["BaseMod","Colored Map","Keyboard Shortcuts","Minty Spire (QoL Compilation)","StSLib","SuperFastMode"],"gold_per_floor":[114,125,139,152,171,171,185,203,203,203,235,235,235,24,24,95,95,115,20,20,20,20,20,36,49,49,49,49,49,49,49],"floor_reached":30,"language":"KOR","playtime":466,"items_purged":["Strike_R","Strike_R"],"score":460,"play_id":"8d205e5b-2c7c-4384-8af1-7e4838982827","local_time":"20210131190906","is_ascension_mode":true,"campfire_choices":[{"data":"Carnage","floor":6.0,"key":"SMITH"},{"data":"Wild Strike","floor":10.0,"key":"SMITH"},{"data":"Power Through","floor":13.0,"key":"SMITH"},{"floor":15.0,"key":"REST"},{"floor":23.0,"key":"REST"}],"circlet_count":0,"master_deck":["AscendersBane","Strike_R","Defend_R","Defend_R","Defend_R","Defend_R","Bash","Carnage+1","Power Through+1","Shrug It Off","Impervious","Offering","Feel No Pain"],"relics":["Burning Blood","NeowsBlessing","Sundial","Juzu Bracelet","Membership Card","SacredBark","Kunai","Pantograph","The Courier"],"acts_visited":["Exordium","TheCity"],"potions_floor_usage":[25],"damage_taken":[{"damage":0.0,"enemies":"Cultist","floor":1.0,"turns":1.0},{"damage":0.0,"enemies":"Small Slimes","floor":2.0,"turns":1.0},{"damage":0.0,"enemies":"Jaw Worm","floor":3.0,"turns":1.0},{"damage":27.0,"enemies":"Exordium Wildlife","floor":4.0,"turns":5.0},{"damage":13.0,"enemies":"2 Fungi Beasts","floor":5.0,"turns":4.0},{"damage":11.0,"enemies":"Blue Slaver","floor":7.0,"turns":4.0},{"damage":26.0,"enemies":"Large Slime","floor":8.0,"turns":6.0},{"damage":15.0,"enemies":"Lagavulin","floor":11.0,"turns":5.0},{"damage":59.0,"enemies":"The Guardian","floor":16.0,"turns":15.0},{"damage":34.0,"enemies":"2 Thieves","floor":18.0,"turns":4.0},{"damage":24.0,"enemies":"Shell Parasite","floor":24.0,"turns":2.0},{"damage":41,"enemies":"Centurion and Healer","floor":25,"turns":13},{"damage":22,"enemies":"Shelled Parasite and Fungi","floor":30,"turns":2}],"seed_played":"1654769676888447828","potions_obtained":[{"floor":1.0,"key":"FairyPotion"},{"floor":2.0,"key":"LiquidBronze"},{"floor":5.0,"key":"CultistPotion"},{"floor":16.0,"key":"BloodPotion"},{"floor":24.0,"key":"Block Potion"}],"is_trial":false,"path_per_floor":["M","M","M","M","M","R","M","M","T","R","E","?","R","$","R","B",null,"M","$","?","?","?","R","M","M","T","T","?","$","M"],"character_chosen":"IRONCLAD","items_purchased":["Membership Card","Feel No Pain"],"campfire_rested":2,"item_purchase_floors":[14,19],"current_hp_per_floor":[74,75,75,54,47,47,42,22,22,22,13,13,13,13,35,16,60,32,32,32,11,11,35,49,14,14,14,14,14,0,0],"gold":49,"neow_bonus":"THREE_ENEMY_KILL","is_daily":false,"chose_seed":false,"campfire_upgraded":3,"win_rate":0.0,"timestamp":1612087746,"path_taken":["M","?","M","M","M","R","M","M","T","R","E","?","R","$","R","BOSS","M","$","?","?","?","R","M","M","T","?","?","$","M"],"items_purchased_type":["Relic","Card"],"build_version":"2020-12-22","purchased_purges":2,"victory":false,"max_hp_per_floor":[75,75,75,75,75,75,75,75,75,75,75,75,75,75,75,75,75,75,75,75,80,80,80,80,80,80,80,80,80,80,80],"card_choices":[{"not_picked":["Rage","Perfected Strike","Flex"],"picked":"SKIP","floor":1.0},{"not_picked":["Intimidate","Headbutt"],"picked":"Carnage","floor":2.0},{"not_picked":["Metallicize","Sentinel","Heavy Blade"],"picked":"SKIP","floor":3.0},{"not_picked":["Cleave","Thunderclap"],"picked":"Power Through","floor":4.0},{"not_picked":["Searing Blow","Headbutt","Body Slam"],"picked":"SKIP","floor":5.0},{"not_picked":["Headbutt","Berserk"],"picked":"Wild Strike","floor":7.0},{"not_picked":["Burning Pact","Iron Wave"],"picked":"Shrug It Off","floor":8.0},{"not_picked":["Whirlwind","Sword Boomerang","Headbutt"],"picked":"SKIP","floor":11.0},{"not_picked":["Berserk","Feed"],"picked":"Offering","floor":16.0},{"not_picked":["Power Through","Sword Boomerang+1","Flame Barrier"],"picked":"SKIP","floor":18.0},{"not_picked":["Hemokinesis","True Grit","Entrench"],"picked":"SKIP","floor":24.0},{"not_picked":["Twin Strike","Flex","Rage"],"picked":"SKIP","floor":25}],"player_experience":1101967,"relics_obtained":[{"floor":9.0,"key":"Sundial"},{"floor":11.0,"key":"Juzu Bracelet"},{"floor":26,"key":"Pantograph"},{"floor":27,"key":"The Courier"}],"event_choices":[{"damage_healed":0.0,"max_hp_gain":0.0,"max_hp_loss":0.0,"gold_gain":0.0,"cards_transformed":["Strike_R"],"event_name":"Transmorgrifier","player_choice":"Transformed","floor":12.0,"gold_loss":0.0,"damage_taken":0.0,"cards_obtained":["Impervious"]},{"cards_removed":["Wild Strike"],"damage_healed":0.0,"max_hp_gain":0.0,"max_hp_loss":0.0,"gold_gain":0.0,"event_name":"WeMeetAgain","player_choice":"Gave Card","floor":20.0,"gold_loss":0.0,"damage_taken":0.0,"relics_obtained":["Kunai"]},{"damage_healed":0.0,"max_hp_gain":5.0,"max_hp_loss":0.0,"gold_gain":0.0,"event_name":"Forgotten Altar","player_choice":"Shed Blood","floor":21.0,"gold_loss":0.0,"damage_taken":26.0},{"cards_removed":["Strike_R"],"damage_healed":0.0,"max_hp_gain":0.0,"max_hp_loss":0.0,"gold_gain":0.0,"event_name":"Back to Basics","player_choice":"Elegance","floor":22.0,"gold_loss":0.0,"damage_taken":0.0},{"damage_healed":0,"gold_gain":0,"player_choice":"Ignored","damage_taken":0,"max_hp_gain":0,"max_hp_loss":0,"event_name":"Ghosts","floor":28,"gold_loss":0}],"is_beta":false,"boss_relics":[{"not_picked":["Calling Bell","Black Star"],"picked":"SacredBark"}],"items_purged_floors":[14,19],"is_endless":false,"potions_floor_spawned":[1,2,4,5,7,16,24],"killed_by":"Shelled Parasite and Fungi","ascension_level":20}}