{"host":"FirstDane","time":1612051981,"event":{"mods":["BaseMod","Bestiary","Downfall","Highlight Path","Minty Spire (QoL Compilation)","Relic Stats","Slay the Relics Exporter","StSLib"],"gold_per_floor":[99,118,132,132,151,151,151,151,33,48,82,82,82,67,87,188,188,188,208,608,608,621,621,621,621],"floor_reached":23,"language":"ENG","playtime":2329,"items_purged":[],"score":214,"play_id":"e13492f0-8934-4e04-9e18-323b57a4d2c3","local_time":"20210130181301","is_ascension_mode":false,"campfire_choices":[{"data":"bronze:Replicate","floor":1,"key":"SMITH"},{"data":"bronze:Overheat","floor":6,"key":"SMITH"},{"data":"bronze:Explode","floor":8,"key":"SMITH"},{"data":"bronze:MaxOutput","floor":13,"key":"SMITH"},{"data":"bronze:FollowUp","floor":18,"key":"SMITH"}],"circlet_count":0,"master_deck":["bronze:Strike","bronze:Strike","bronze:Strike","bronze:Strike","bronze:Defend","bronze:Defend","bronze:Defend","bronze:Defend","bronze:Replicate+1","bronze:Goto","bronze:CutThrough","bronze:Philosophize","bronze:Explode+1","bronze:Frontload","bronze:Overheat+1","bronze:Shell","expansioncontent:YouAreMine","bronze:Turbo","bronze:MaxOutput+1","bronze:FollowUp+1","bronze:SpaghettiCode","bronze:Repair","bronze:HardenedForm"],"relics":["bronze:BronzeCore","Happy Flower","Bag of Marbles","Runic Pyramid","Old Coin"],"acts_visited":["Exordium","TheCity"],"potions_floor_usage":[11,16,16,20,23],"damage_taken":[{"damage":1,"enemies":"2 Louse","floor":2,"turns":3},{"damage":1,"enemies":"Jaw Worm","floor":3,"turns":4},{"damage":0,"enemies":"Jaw Worm","floor":4,"turns":2},{"damage":0,"enemies":"Small Slimes","floor":5,"turns":3},{"damage":0,"enemies":"downfall:FleeingMerchant","floor":9,"turns":4},{"damage":8,"enemies":"Red Slaver","floor":10,"turns":2},{"damage":0,"enemies":"3 Sentries","floor":11,"turns":6},{"damage":10,"enemies":"downfall:FleeingMerchant","floor":14,"turns":4},{"damage":6,"enemies":"Exordium Thugs","floor":15,"turns":5},{"damage":54,"enemies":"WA_ARCHETYPE_RETAIN","floor":16,"turns":8},{"damage":0,"enemies":"Spheric Guardian","floor":19,"turns":1},{"damage":75,"enemies":"SI_SHIV_ARCHETYPE","floor":20,"turns":11},{"damage":0,"enemies":"Chosen","floor":22,"turns":4},{"damage":16,"enemies":"Snake Plant","floor":23,"turns":2}],"seed_played":"4374003950108389865","potions_obtained":[{"floor":3,"key":"SkillPotion"},{"floor":4,"key":"PowerPotion"},{"floor":10,"key":"FearPotion"},{"floor":16,"key":"LiquidMemories"},{"floor":22,"key":"sneckomod:MuddlingPotion"}],"is_trial":false,"path_per_floor":["R","M","M","?","M","R","T","R","$","M","E","?","R","$","M","B",null,"R","M","?","?","M","M"],"character_chosen":"THE_AUTOMATON","items_purchased":["expansioncontent:YouAreMine","bronze:Turbo"],"campfire_rested":0,"item_purchase_floors":[9,9],"current_hp_per_floor":[77,76,75,75,75,75,75,75,75,67,67,72,72,62,56,2,82,82,82,7,7,14,0,0,0],"gold":621,"neow_bonus":"TEN_PERCENT_HP_BONUS","is_daily":false,"chose_seed":false,"campfire_upgraded":5,"win_rate":0.0,"timestamp":1612051981,"path_taken":["R","M","M","?","M","R","T","R","$","M","E","?","R","?","M","BOSS","R","M","?","?","M","?"],"items_purchased_type":["Card","Card"],"build_version":"2020-12-18","purchased_purges":0,"victory":false,"max_hp_per_floor":[77,77,77,77,77,77,77,77,77,77,77,82,82,82,82,82,82,82,82,82,82,82,82,82,82],"relic_stats":{"Happy Flower":[15],"counters":[14,59],"obtain_stats":[{"Darkstone Periapt":20,"bronze:BronzeCore":0,"Happy Flower":7,"Bag of Marbles":11,"Runic Pyramid":17,"Old Coin":20},{"Darkstone Periapt":12,"bronze:BronzeCore":0,"Happy Flower":4,"Bag of Marbles":7,"Runic Pyramid":10,"Old Coin":12},{"Darkstone Periapt":53,"bronze:BronzeCore":0,"Happy Flower":12,"Bag of Marbles":24,"Runic Pyramid":41,"Old Coin":53}]},"card_choices":[{"not_picked":["bronze:ForceShield","bronze:Shield"],"picked":"bronze:CutThrough","floor":2},{"not_picked":["bronze:Deprecate","bronze:Turbo"],"picked":"bronze:Philosophize","floor":3},{"not_picked":[],"picked":"bronze:Explode","floor":4},{"not_picked":["bronze:Deprecate","bronze:ShipIt"],"picked":"bronze:Frontload","floor":4},{"not_picked":["bronze:DelayedGuard","bronze:Branch"],"picked":"bronze:Overheat","floor":5},{"not_picked":["bronze:GetLatest","bronze:CutThrough"],"picked":"bronze:Shell","floor":9},{"not_picked":["bronze:Invalidate","bronze:BitShift"],"picked":"bronze:MaxOutput","floor":10},{"not_picked":["bronze:DelayedSlice","bronze:Overheat","bronze:Turbo"],"picked":"SKIP","floor":11},{"not_picked":["bronze:Turbo","bronze:Shell"],"picked":"bronze:FollowUp","floor":14},{"not_picked":["bronze:Frontload","bronze:Repair","bronze:Deprecate"],"picked":"SKIP","floor":15},{"not_picked":["bronze:Format","bronze:CleanCode"],"picked":"bronze:SpaghettiCode","floor":16},{"not_picked":["bronze:Shell","bronze:OilSpill","bronze:Iterate"],"picked":"SKIP","floor":19},{"not_picked":["bronze:Turbo","bronze:BitShift+1"],"picked":"bronze:Repair","floor":20},{"not_picked":["bronze:WhirlingStrike","bronze:Frontload","bronze:CloningBeam"],"picked":"SKIP","floor":22}],"player_experience":4019279,"relics_obtained":[{"floor":7,"key":"Happy Flower"},{"floor":11,"key":"Bag of Marbles"},{"floor":20,"key":"Old Coin"},{"floor":20,"key":"Darkstone Periapt"}],"event_choices":[{"damage_healed":0,"gold_gain":0,"player_choice":"Donut","damage_taken":0,"max_hp_gain":5,"max_hp_loss":0,"event_name":"Big Fish","floor":12,"gold_loss":0}],"is_beta":true,"boss_relics":[{"not_picked":["SacredBark","Coffee Dripper"],"picked":"Runic Pyramid"}],"items_purged_floors":[],"is_endless":false,"potions_floor_spawned":[3,4,10,16,22],"killed_by":"Snake Plant","ascension_level":0}}