{"host":"rv8qrr1d2i1l2m12","time":1612122660,"event":{"mods":["BaseMod","Colored Map","Minty Spire (QoL Compilation)","StSLib"],"gold_per_floor":[114,114,64,64,84,127,127,145,168,168,189,213,213,213,213,333,333,302,370,370,370],"floor_reached":20,"language":"ENG","playtime":1032,"items_purged":[],"score":308,"play_id":"77a31801-7acd-4bba-8c31-78089b168dd4","local_time":"20210131145100","is_ascension_mode":true,"campfire_choices":[{"data":"Infinite Blades","floor":7,"key":"SMITH"},{"data":"Neutralize","floor":10,"key":"SMITH"},{"floor":15,"key":"REST"}],"circlet_count":0,"master_deck":["AscendersBane","Strike_G","Strike_G","Strike_G","Strike_G","Strike_G","Defend_G+1","Defend_G","Defend_G","Defend_G+1","Survivor","Neutralize+1","Caltrops","Dagger Spray","Infinite Blades+1","Caltrops","Bouncing Flask","Slice","Die Die Die","CurseOfTheBell","Distraction","Cloak And Dagger+1"],"relics":["Ring of the Snake","NeowsBlessing","Golden Idol","War Paint","Oddly Smooth Stone","Singing Bowl","SsserpentHead","Calling Bell","Bronze Scales","Molten Egg 2","The Specimen"],"acts_visited":["Exordium","TheCity"],"potions_floor_usage":[11,19],"damage_taken":[{"damage":0,"enemies":"2 Louse","floor":1,"turns":1},{"damage":0,"enemies":"Small Slimes","floor":5,"turns":1},{"damage":0,"enemies":"Lagavulin","floor":6,"turns":1},{"damage":3,"enemies":"Cultist","floor":8,"turns":4},{"damage":8,"enemies":"Exordium Thugs","floor":11,"turns":4},{"damage":16,"enemies":"Looter","floor":12,"turns":3},{"damage":52,"enemies":"Slime Boss","floor":16,"turns":11},{"damage":28,"enemies":"2 Thieves","floor":18,"turns":5},{"damage":12,"enemies":"Spheric Guardian","floor":19,"turns":5},{"damage":15,"enemies":"Snake Plant","floor":20,"turns":2}],"seed_played":"-4830238887291143737","potions_obtained":[{"floor":1,"key":"Ancient Potion"},{"floor":8,"key":"LiquidMemories"},{"floor":16,"key":"DuplicationPotion"},{"floor":19,"key":"SteroidPotion"}],"is_trial":false,"path_per_floor":["M","?","?","?","M","E","R","M","T","R","M","M","T","?","R","B",null,"M","M","M"],"character_chosen":"THE_SILENT","items_purchased":[],"campfire_rested":1,"item_purchase_floors":[],"current_hp_per_floor":[63,63,63,63,63,63,63,60,60,60,52,36,36,36,57,5,54,26,14,0,0],"gold":370,"neow_bonus":"THREE_ENEMY_KILL","is_daily":false,"chose_seed":false,"campfire_upgraded":2,"win_rate":0.0,"timestamp":1612122660,"path_taken":["M","?","?","?","?","E","R","M","T","R","M","M","?","?","R","BOSS","M","?","M"],"items_purchased_type":[],"build_version":"2020-12-22","purchased_purges":0,"victory":false,"max_hp_per_floor":[70,70,70,70,70,70,70,70,70,70,70,70,70,70,70,70,70,70,70,70,70],"card_choices":[{"not_picked":["Blade Dance","PiercingWail"],"picked":"Caltrops","floor":1},{"not_picked":["PiercingWail","Bane"],"picked":"Dagger Spray","floor":5},{"not_picked":["Night Terror","Underhanded Strike"],"picked":"Infinite Blades","floor":6},{"not_picked":["Bane","Flying Knee"],"picked":"Caltrops","floor":8},{"not_picked":["Cloak And Dagger","Quick Slash"],"picked":"Bouncing Flask","floor":11},{"not_picked":["Deadly Poison","Outmaneuver"],"picked":"Slice","floor":12},{"not_picked":["Storm of Steel","Glass Knife"],"picked":"Die Die Die","floor":16},{"not_picked":["Skewer+1","Outmaneuver"],"picked":"Distraction","floor":18},{"not_picked":["Backflip","Underhanded Strike+1"],"picked":"Cloak And Dagger+1","floor":19}],"player_experience":580025,"relics_obtained":[{"floor":6,"key":"War Paint"},{"floor":9,"key":"Oddly Smooth Stone"},{"floor":13,"key":"Singing Bowl"},{"floor":17,"key":"Bronze Scales"},{"floor":17,"key":"Molten Egg 2"},{"floor":17,"key":"The Specimen"}],"event_choices":[{"damage_healed":0,"gold_gain":0,"player_choice":"Take Wound","damage_taken":0,"relics_obtained":["Golden Idol"],"max_hp_gain":0,"max_hp_loss":0,"event_name":"Golden Idol","floor":2,"gold_loss":0,"cards_obtained":["Injury"]},{"cards_removed":["Injury"],"damage_healed":0,"gold_gain":0,"player_choice":"Card Removal","damage_taken":0,"max_hp_gain":0,"max_hp_loss":0,"event_name":"The Cleric","floor":3,"gold_loss":50},{"cards_removed":["Defend_G"],"damage_healed":0,"gold_gain":0,"player_choice":"Purged","damage_taken":0,"max_hp_gain":0,"max_hp_loss":0,"event_name":"Purifier","floor":4,"gold_loss":0},{"damage_healed":0,"gold_gain":0,"player_choice":"Trade","damage_taken":0,"relics_obtained":["SsserpentHead"],"max_hp_gain":0,"max_hp_loss":0,"event_name":"FaceTrader","floor":14,"gold_loss":0}],"is_beta":false,"boss_relics":[{"not_picked":["Coffee Dripper","Velvet Choker"],"picked":"Calling Bell"}],"items_purged_floors":[],"is_endless":false,"potions_floor_spawned":[1,8,16,18,19],"killed_by":"Snake Plant","ascension_level":11}}