{"host":"6jcxerjfmuawfds2","time":1612100624,"event":{"mods":["BaseMod","Colored Map","Infinite Spire","Minty Spire (QoL Compilation)","StSLib","¡¼?Úª?ø«¡½REMEMod"],"gold_per_floor":[118,118,118,139,12,12,32,66,101,152,164,196,224,236,248,386,398,426,451,99,123,222,222,222,261,261,281,301,301,301,314,314,440,440,456,477,477,495,56,56,56,56],"floor_reached":41,"language":"KOR","playtime":1141,"items_purged":["Injury","Strike_B","Strike_B"],"score":529,"play_id":"ae3bdec6-128c-4d2b-9e2d-56d76ec477b6","local_time":"20210131224344","is_ascension_mode":true,"campfire_choices":[{"floor":6.0,"key":"REST"},{"data":"Dualcast","floor":11.0,"key":"SMITH"},{"floor":15.0,"key":"REST"},{"data":"Ball Lightning","floor":23.0,"key":"SMITH"},{"floor":30.0,"key":"REST"},{"data":"Zap","floor":32.0,"key":"SMITH"},{"data":"Seek","floor":40.0,"key":"SMITH"}],"circlet_count":0,"master_deck":["Strike_B","Defend_B","Defend_B","Defend_B","Zap+1","Dualcast+1","Ball Lightning+1","infinitespire:Gouge","Ball Lightning","Melter","Seek+1","Tempest","Core Surge","Self Repair+1","Ball Lightning+1"],"relics":["Cracked Core","REME_ComplimentaryCards","Golden Idol","MawBank","Regal Pillow","Pear","Nuclear Battery","infinitespire:BottledMercury","infinitespire:WardingShard","The Courier","SacredBark","Blue Candle","Gremlin Horn","REME_OnlineShoppingPlatform"],"acts_visited":["Exordium","TheCity","TheBeyond"],"potions_floor_usage":[],"damage_taken":[{"damage":3.0,"enemies":"2 Louse","floor":1.0,"turns":2.0},{"damage":0.0,"enemies":"Jaw Worm","floor":4.0,"turns":3.0},{"damage":0.0,"enemies":"Small Slimes","floor":7.0,"turns":2.0},{"damage":2.0,"enemies":"Gremlin Nob","floor":8.0,"turns":3.0},{"damage":10.0,"enemies":"Lagavulin","floor":10.0,"turns":3.0},{"damage":12.0,"enemies":"Exordium Wildlife","floor":12.0,"turns":2.0},{"damage":8.0,"enemies":"Looter","floor":13.0,"turns":2.0},{"damage":39.0,"enemies":"The Guardian","floor":16.0,"turns":9.0},{"damage":6.0,"enemies":"Shell Parasite","floor":18.0,"turns":3.0},{"damage":0.0,"enemies":"Spheric Guardian","floor":19.0,"turns":1.0},{"damage":21.0,"enemies":"3 Cultists","floor":21.0,"turns":4.0},{"damage":13.0,"enemies":"Gremlin Leader","floor":25.0,"turns":5.0},{"damage":18.0,"enemies":"Snake Plant","floor":27.0,"turns":3.0},{"damage":15.0,"enemies":"Chosen and Byrds","floor":28.0,"turns":4.0},{"damage":0.0,"enemies":"Sentry and Sphere","floor":31.0,"turns":2.0},{"damage":59.0,"enemies":"Automaton","floor":33.0,"turns":7.0},{"damage":61.0,"enemies":"3 Darklings","floor":35.0,"turns":5.0},{"damage":0.0,"enemies":"3 Shapes","floor":36.0,"turns":3.0},{"damage":9.0,"enemies":"Sphere and 2 Shapes","floor":38.0,"turns":3.0},{"damage":0,"enemies":"Nemesis","floor":41,"turns":1}],"seed_played":"-1950270122685122698","potions_obtained":[{"floor":1.0,"key":"BlessingOfTheForge"},{"floor":10.0,"key":"CultistPotion"},{"floor":12.0,"key":"Regen Potion"},{"floor":16.0,"key":"PotionOfCapacity"},{"floor":21.0,"key":"GamblersBrew"},{"floor":25.0,"key":"PowerPotion"},{"floor":33.0,"key":"Weak Potion"},{"floor":35.0,"key":"FearPotion"}],"is_trial":false,"path_per_floor":["M","?","?","M","$","R","M","E","T","E","R","M","M","$","R","B",null,"M","M","$","M","?","R","?","E","T","M","M","?","R","M","R","B",null,"M","M","AVR","M","$","R","E"],"character_chosen":"DEFECT","items_purchased":["Ball Lightning","infinitespire:BottledMercury","FairyPotion","Gremlin Horn","REME_OnlineShoppingPlatform"],"campfire_rested":3,"item_purchase_floors":[5,20,20,39,39],"current_hp_per_floor":[51,33,33,33,33,55,55,53,53,53,53,41,33,33,73,49,76,70,70,70,49,49,49,49,36,36,18,3,3,43,53,53,56,78,27,37,37,38,38,38,38,38],"gold":56,"neow_bonus":"REMOVE_TWO","is_daily":false,"chose_seed":false,"campfire_upgraded":4,"win_rate":0.0,"timestamp":1612100624,"path_taken":["M","?","?","M","$","R","M","E","T","E","R","M","M","?","R","BOSS","M","M","$","M","?","R","?","E","T","M","M","?","R","?","R","BOSS","M","M","AVR","?","$","R","E"],"items_purchased_type":["Card","Relic","Potion","Relic","Relic"],"build_version":"2020-12-22","purchased_purges":3,"victory":false,"max_hp_per_floor":[75,75,75,75,75,75,75,75,75,85,85,85,85,85,85,85,85,85,85,85,85,85,85,85,85,85,85,85,85,85,85,85,85,85,85,85,85,85,85,85,85,85],"card_choices":[{"not_picked":["Steam","Sweeping Beam"],"picked":"Ball Lightning","floor":1.0},{"not_picked":["infinitespire:SevenWalls","infinitespire:Collect"],"picked":"infinitespire:Gouge","floor":2.0},{"not_picked":["Stack","Go for the Eyes","Hello World"],"picked":"SKIP","floor":4.0},{"not_picked":["Stack","Capacitor","Blizzard"],"picked":"SKIP","floor":7.0},{"not_picked":["Conserve Battery","Gash"],"picked":"Melter","floor":8.0},{"not_picked":["Redo","Lockon"],"picked":"Seek","floor":10.0},{"not_picked":["Aggregate","Storm"],"picked":"Tempest","floor":12.0},{"not_picked":["Rip and Tear","Redo","Turbo"],"picked":"SKIP","floor":13.0},{"not_picked":["Multi-Cast","Meteor Strike"],"picked":"Core Surge","floor":16.0},{"not_picked":["Beam Cell","Scrape","Reinforced Body"],"picked":"SKIP","floor":18.0},{"not_picked":["Darkness","Beam Cell","Auto Shields"],"picked":"SKIP","floor":19.0},{"not_picked":["Stack","Aggregate","Scrape"],"picked":"SKIP","floor":21.0},{"not_picked":["Stack","All For One","Sweeping Beam"],"picked":"SKIP","floor":25.0},{"not_picked":["Lockon","Force Field","Barrage"],"picked":"SKIP","floor":27.0},{"not_picked":["Coolheaded","Hologram"],"picked":"Self Repair+1","floor":28.0},{"not_picked":["Rebound+1","Turbo","Chaos+1"],"picked":"SKIP","floor":31.0},{"not_picked":["Streamline","Ball Lightning+1","Force Field+1"],"picked":"SKIP","floor":35.0},{"not_picked":["Barrage","Hello World","Beam Cell"],"picked":"SKIP","floor":36.0},{"not_picked":["Blizzard+1","Streamline+1","Gash"],"picked":"SKIP","floor":38.0}],"player_experience":261517,"relics_obtained":[{"floor":8.0,"key":"MawBank"},{"floor":9.0,"key":"Regal Pillow"},{"floor":10.0,"key":"Pear"},{"floor":25.0,"key":"infinitespire:WardingShard"},{"floor":26.0,"key":"The Courier"}],"event_choices":[{"damage_healed":0.0,"max_hp_gain":0.0,"max_hp_loss":0.0,"gold_gain":0.0,"event_name":"Golden Idol","player_choice":"Take Wound","floor":3.0,"gold_loss":0.0,"damage_taken":0.0,"relics_obtained":["Golden Idol"],"cards_obtained":["Injury"]},{"damage_healed":0.0,"max_hp_gain":0.0,"max_hp_loss":0.0,"gold_gain":99.0,"event_name":"Nest","player_choice":"Stole From Cult","floor":22.0,"gold_loss":0.0,"damage_taken":0.0},{"damage_healed":0.0,"max_hp_gain":0.0,"max_hp_loss":0.0,"gold_gain":0.0,"event_name":"Ghosts","player_choice":"Ignored","floor":24.0,"gold_loss":0.0,"damage_taken":0.0},{"damage_healed":0.0,"max_hp_gain":0.0,"max_hp_loss":0.0,"gold_gain":0.0,"event_name":"Duplicator","player_choice":"Copied","floor":29.0,"gold_loss":0.0,"damage_taken":0.0,"cards_obtained":["Ball Lightning"]}],"is_beta":false,"boss_relics":[{"not_picked":["Calling Bell","Sozu"],"picked":"Nuclear Battery"},{"not_picked":["Astrolabe","Fusion Hammer"],"picked":"SacredBark"}],"items_purged_floors":[5,37,39],"is_endless":false,"potions_floor_spawned":[1,10,12,16,21,25,31,33,35],"killed_by":"Nemesis","ascension_level":5}}