{"host":"ypzb5vvnu9f3ii1t","time":1612109479,"event":{"mods":["AchievementEnabler","BaseMod","Colored Map","DeckTracker","Keyboard Shortcuts","Minty Spire (QoL Compilation)","Permanent Neow","Quick Restart","SuperFastMode"],"gold_per_floor":[117,137,152,227,63,94,94,112,187,187,213,213,15,34,34,130,130,146,171,270,25,38,63,77,27,75,2,2,2,19,45,45,145,145,161,177,177,177,196,228,241,44,44,73,85,85,25,25,25,25],"floor_reached":51,"language":"KOR","playtime":2882,"items_purged":["Defend_G"],"score":974,"play_id":"e91219dd-31fa-43c3-9891-7005efc34e81","local_time":"20210201011118","is_ascension_mode":true,"campfire_choices":[{"floor":7.0,"key":"REST"},{"floor":10.0,"key":"REST"},{"data":"Apotheosis","floor":12.0,"key":"SMITH"},{"floor":15.0,"key":"RECALL"},{"floor":29.0,"key":"REST"},{"floor":32.0,"key":"REST"},{"floor":46,"key":"REST"},{"floor":49,"key":"REST"}],"circlet_count":0,"master_deck":["Strike_G+1","Strike_G","Strike_G","Strike_G","Defend_G","Defend_G","Defend_G","Defend_G","Survivor","Neutralize+1","Noxious Fumes","Deadly Poison","Apotheosis+1","After Image","Crippling Poison","Footwork","Backflip","Escape Plan","PiercingWail","Well Laid Plans","Burst","PiercingWail+1","Crippling Poison+1","Envenom"],"relics":["Ring of the Snake","Bird Faced Urn","Ninja Scroll","Toy Ornithopter","SacredBark","Red Mask","Mummified Hand","Regal Pillow","Dream Catcher","Whetstone","Fusion Hammer","Paper Crane","Strawberry","Membership Card","Bottled Lightning","Thread and Needle"],"acts_visited":["Exordium","TheCity","TheBeyond"],"potions_floor_usage":[40,41,44,50,50],"damage_taken":[{"damage":4.0,"enemies":"Small Slimes","floor":1.0,"turns":6.0},{"damage":2.0,"enemies":"Cultist","floor":2.0,"turns":5.0},{"damage":6.0,"enemies":"Jaw Worm","floor":3.0,"turns":4.0},{"damage":13.0,"enemies":"3 Sentries","floor":6.0,"turns":7.0},{"damage":24.0,"enemies":"Lots of Slimes","floor":8.0,"turns":5.0},{"damage":7.0,"enemies":"Gremlin Nob","floor":11.0,"turns":4.0},{"damage":0.0,"enemies":"Looter","floor":14.0,"turns":4.0},{"damage":11.0,"enemies":"The Guardian","floor":16.0,"turns":8.0},{"damage":21.0,"enemies":"Spheric Guardian","floor":18.0,"turns":6.0},{"damage":1.0,"enemies":"Masked Bandits","floor":19.0,"turns":4.0},{"damage":9.0,"enemies":"Shell Parasite","floor":22.0,"turns":5.0},{"damage":24.0,"enemies":"Gremlin Leader","floor":23.0,"turns":8.0},{"damage":10.0,"enemies":"Centurion and Healer","floor":24.0,"turns":6.0},{"damage":5.0,"enemies":"Snecko","floor":30.0,"turns":5.0},{"damage":16.0,"enemies":"Book of Stabbing","floor":31.0,"turns":7.0},{"damage":66.0,"enemies":"Automaton","floor":33.0,"turns":14.0},{"damage":0,"enemies":"Orb Walker","floor":35,"turns":5},{"damage":6,"enemies":"3 Shapes","floor":36,"turns":4},{"damage":0,"enemies":"Maw","floor":39,"turns":8},{"damage":77,"enemies":"Reptomancer","floor":40,"turns":10},{"damage":0,"enemies":"Writhing Mass","floor":41,"turns":7},{"damage":7,"enemies":"Giant Head","floor":44,"turns":8},{"damage":9,"enemies":"Spire Growth","floor":45,"turns":6},{"damage":40,"enemies":"Awakened One","floor":50,"turns":14}],"seed_played":"-4261951142123022346","potions_obtained":[{"floor":6.0,"key":"ColorlessPotion"},{"floor":11.0,"key":"PowerPotion"},{"floor":14.0,"key":"EssenceOfSteel"},{"floor":18.0,"key":"CunningPotion"},{"floor":24.0,"key":"GamblersBrew"},{"floor":31.0,"key":"FearPotion"},{"floor":40,"key":"Fire Potion"},{"floor":41,"key":"Strength Potion"},{"floor":45,"key":"Explosive Potion"}],"is_trial":false,"path_per_floor":["M","M","M","?","$","E","R","M","T","R","E","R","$","M","R","B",null,"M","?","?","$","M","E","M","$","T","$","$","R","M","E","R","B",null,"M","M","?","T","M","E","M","$","T","E","M","R","?","$","R","B",null],"character_chosen":"THE_SILENT","items_purchased":["Apotheosis","Footwork","Backflip","Mummified Hand","SkillPotion","Escape Plan","Membership Card","CultistPotion"],"campfire_rested":6,"item_purchase_floors":[5,13,13,21,25,27,42,42],"current_hp_per_floor":[59,57,51,44,44,31,52,32,32,53,52,52,52,56,56,58,67,51,66,66,66,63,45,41,41,41,41,41,70,65,55,70,20,58,66,66,66,66,70,11,22,22,22,28,27,65,65,65,77,48],"gold":25,"neow_bonus":"THREE_CARDS","is_daily":false,"chose_seed":false,"campfire_upgraded":1,"win_rate":0.0,"timestamp":1612109478,"path_taken":["M","M","M","?","$","E","R","?","T","R","E","R","$","?","R","BOSS","M","?","?","$","M","E","M","$","T","$","?","R","M","E","R","BOSS","M","?","?","?","M","E","M","?","T","E","?","R","?","$","R","BOSS"],"items_purchased_type":["Card","Card","Card","Relic","Potion","Card","Relic","Potion"],"build_version":"2020-12-22","purchased_purges":1,"victory":true,"max_hp_per_floor":[70,70,70,70,70,70,70,70,70,70,70,70,70,70,70,70,70,70,70,70,70,70,70,70,70,70,70,70,70,70,70,70,70,70,70,70,70,70,70,77,77,77,77,77,77,77,77,77,77,77],"card_choices":[{"not_picked":["Slice","Dodge and Roll"],"picked":"Noxious Fumes","floor":0.0},{"not_picked":["Deflect","Flying Knee","Riddle With Holes"],"picked":"SKIP","floor":1.0},{"not_picked":["Heel Hook","Dash","Finisher"],"picked":"SKIP","floor":2.0},{"not_picked":["Flying Knee","Cloak And Dagger"],"picked":"Deadly Poison","floor":3.0},{"not_picked":["Acrobatics","Night Terror"],"picked":"After Image","floor":6.0},{"not_picked":["Terror","Slice","Predator"],"picked":"SKIP","floor":8.0},{"not_picked":["Deflect","Well Laid Plans"],"picked":"Crippling Poison","floor":11.0},{"not_picked":["Leg Sweep","Backflip","Infinite Blades"],"picked":"SKIP","floor":14.0},{"not_picked":["Masterful Stab+1","Deflect","Underhanded Strike"],"picked":"SKIP","floor":18.0},{"not_picked":["Calculated Gamble","Acrobatics","Choke"],"picked":"SKIP","floor":22.0},{"not_picked":["Tactician","Underhanded Strike+1","Poisoned Stab"],"picked":"SKIP","floor":23.0},{"not_picked":["Outmaneuver+1","Slice","Dagger Throw"],"picked":"SKIP","floor":24.0},{"not_picked":["Concentrate","Cloak And Dagger"],"picked":"PiercingWail","floor":29.0},{"not_picked":["Slice+1","Endless Agony+1","Poisoned Stab"],"picked":"SKIP","floor":30.0},{"not_picked":["Riddle With Holes","Infinite Blades+1","Blade Dance"],"picked":"SKIP","floor":31.0},{"not_picked":["Riddle With Holes","Malaise"],"picked":"Well Laid Plans","floor":32.0},{"not_picked":["Bullet Time","Unload"],"picked":"Burst","floor":33.0},{"not_picked":["Caltrops","Reflex","Dagger Throw"],"picked":"SKIP","floor":35},{"not_picked":["Finisher+1","Slice+1","Backflip"],"picked":"SKIP","floor":36},{"not_picked":["Deflect","Accuracy+1","Backflip"],"picked":"SKIP","floor":39},{"not_picked":["Prepared","Outmaneuver"],"picked":"PiercingWail+1","floor":40},{"not_picked":["Endless Agony","Prepared"],"picked":"Crippling Poison+1","floor":41},{"not_picked":["Deflect+1","Dagger Throw+1","Poisoned Stab"],"picked":"SKIP","floor":44},{"not_picked":["Deflect+1","Masterful Stab","Heel Hook+1"],"picked":"SKIP","floor":45},{"not_picked":["Masterful Stab+1","PiercingWail"],"picked":"Envenom","floor":49}],"player_experience":152923,"relics_obtained":[{"floor":6.0,"key":"Bird Faced Urn"},{"floor":9.0,"key":"Ninja Scroll"},{"floor":11.0,"key":"Toy Ornithopter"},{"floor":19.0,"key":"Red Mask"},{"floor":23.0,"key":"Regal Pillow"},{"floor":26.0,"key":"Dream Catcher"},{"floor":31.0,"key":"Whetstone"},{"floor":38,"key":"Paper Crane"},{"floor":40,"key":"Strawberry"},{"floor":43,"key":"Bottled Lightning"},{"floor":44,"key":"Thread and Needle"}],"event_choices":[{"damage_healed":0.0,"max_hp_gain":0.0,"max_hp_loss":0.0,"gold_gain":75.0,"event_name":"FaceTrader","player_choice":"Touch","floor":4.0,"gold_loss":0.0,"damage_taken":7.0},{"damage_healed":0.0,"max_hp_gain":0.0,"max_hp_loss":0.0,"gold_gain":0.0,"event_name":"Masked Bandits","player_choice":"Fought Bandits","floor":19.0,"gold_loss":0.0,"damage_taken":0.0},{"damage_healed":0.0,"max_hp_gain":0.0,"max_hp_loss":0.0,"gold_gain":99.0,"event_name":"Nest","player_choice":"Stole From Cult","floor":20.0,"gold_loss":0.0,"damage_taken":0.0},{"damage_healed":0,"gold_gain":0,"player_choice":"Memory 1","damage_taken":0,"max_hp_gain":0,"max_hp_loss":0,"event_name":"SensoryStone","floor":37,"gold_loss":0},{"cards_removed":["Strike_G"],"damage_healed":0,"gold_gain":0,"player_choice":"Single Remove","damage_taken":0,"max_hp_gain":0,"max_hp_loss":0,"event_name":"Designer","floor":47,"gold_loss":60}],"is_beta":false,"boss_relics":[{"not_picked":["Sozu","Tiny House"],"picked":"SacredBark"},{"not_picked":["Ring of the Serpent","Astrolabe"],"picked":"Fusion Hammer"}],"items_purged_floors":[13],"is_endless":false,"potions_floor_spawned":[6,11,14,18,24,31,40,41,45],"ascension_level":7}}