{"host":"vqgrg90fv56geajp","time":1612110685,"event":{"mods":["BaseMod","Colored Map","Colored Powertips","Minty Spire (QoL Compilation)","Quick Restart","Rare Cards Sparkle","Relic Stats"],"gold_per_floor":[113,129,129,147,147,179,193,193,193,193,208,208,223,263,263,354,354,375,29,0,0],"floor_reached":20,"language":"ENG","playtime":1015,"items_purged":["Shame"],"score":368,"play_id":"919e1c1b-2d74-47d3-a7f2-324e4936d184","local_time":"20210131183125","is_ascension_mode":true,"campfire_choices":[{"floor":8,"key":"REST"},{"floor":12,"key":"REST"},{"floor":15,"key":"REST"}],"circlet_count":0,"master_deck":["AscendersBane","Strike_G","Strike_G","Strike_G","Strike_G","Strike_G","Defend_G","Defend_G","Defend_G","Defend_G","Defend_G","Survivor","Neutralize","Sadistic Nature","Footwork","Noxious Fumes","Footwork","Deflect","Escape Plan","Bouncing Flask","After Image","Envenom","PiercingWail","Noxious Fumes","Master of Strategy"],"relics":["Ring of the Serpent","Ancient Tea Set","Pantograph","Golden Idol","Blue Candle"],"acts_visited":["Exordium","TheCity"],"potions_floor_usage":[6,6,16,20],"damage_taken":[{"damage":11,"enemies":"Small Slimes","floor":1,"turns":4},{"damage":0,"enemies":"Jaw Worm","floor":2,"turns":5},{"damage":0,"enemies":"Cultist","floor":4,"turns":4},{"damage":46,"enemies":"Gremlin Nob","floor":6,"turns":6},{"damage":9,"enemies":"Large Slime","floor":7,"turns":6},{"damage":3,"enemies":"Lots of Slimes","floor":11,"turns":5},{"damage":2,"enemies":"Blue Slaver","floor":13,"turns":3},{"damage":20,"enemies":"Lagavulin","floor":14,"turns":6},{"damage":20,"enemies":"Slime Boss","floor":16,"turns":9},{"damage":46,"enemies":"Chosen","floor":18,"turns":6},{"damage":10,"enemies":"2 Thieves","floor":20,"turns":3}],"seed_played":"1286945569591312492","potions_obtained":[{"floor":1,"key":"Strength Potion"},{"floor":4,"key":"Block Potion"},{"floor":7,"key":"Fire Potion"},{"floor":11,"key":"BlessingOfTheForge"},{"floor":18,"key":"Swift Potion"}],"is_trial":false,"path_per_floor":["M","M","?","M","?","E","M","R","T","?","M","R","M","E","R","B",null,"M","$","M"],"character_chosen":"THE_SILENT","items_purchased":["Noxious Fumes","Master of Strategy"],"campfire_rested":3,"item_purchase_floors":[19,19],"current_hp_per_floor":[48,48,48,48,66,20,11,30,30,30,27,45,43,23,41,40,55,9,9,0,0],"gold":0,"neow_bonus":"RANDOM_COLORLESS_2","is_daily":false,"chose_seed":false,"campfire_upgraded":0,"win_rate":0.0,"timestamp":1612110685,"path_taken":["M","M","?","M","?","E","M","R","T","?","M","R","M","E","R","BOSS","M","$","M"],"items_purchased_type":["Card","Card"],"build_version":"2020-12-22","purchased_purges":1,"victory":false,"max_hp_per_floor":[66,66,66,66,66,66,66,66,66,60,60,60,60,60,60,60,60,60,60,60,60],"relic_stats":{"counters":[11,57],"Golden Idol":36,"Pantograph":19,"Blue Candle":[3],"obtain_stats":[{"Golden Idol":10,"Pantograph":9,"Blue Candle":14,"Ancient Tea Set":6,"Ring of the Serpent":17,"Ring of the Snake":0},{"Golden Idol":5,"Pantograph":5,"Blue Candle":8,"Ancient Tea Set":4,"Ring of the Serpent":9,"Ring of the Snake":0},{"Golden Idol":25,"Pantograph":25,"Blue Candle":39,"Ancient Tea Set":19,"Ring of the Serpent":48,"Ring of the Snake":0}]},"card_choices":[{"not_picked":["Thinking Ahead","Violence"],"picked":"Sadistic Nature","floor":0},{"not_picked":["Catalyst","Deadly Poison"],"picked":"Footwork","floor":1},{"not_picked":["Dagger Throw","Deflect"],"picked":"Noxious Fumes","floor":2},{"not_picked":["Poisoned Stab","Flying Knee"],"picked":"Footwork","floor":4},{"not_picked":["Skewer","Sucker Punch"],"picked":"Deflect","floor":6},{"not_picked":["Endless Agony","Quick Slash"],"picked":"Escape Plan","floor":7},{"not_picked":["Blade Dance","Quick Slash"],"picked":"Bouncing Flask","floor":11},{"not_picked":["Flying Knee","Blade Dance","Acrobatics"],"picked":"SKIP","floor":13},{"not_picked":["Quick Slash","Distraction"],"picked":"After Image","floor":14},{"not_picked":["Phantasmal Killer","Doppelganger"],"picked":"Envenom","floor":16},{"not_picked":["Bane","Masterful Stab"],"picked":"PiercingWail","floor":18}],"player_experience":2524428,"relics_obtained":[{"floor":6,"key":"Ancient Tea Set"},{"floor":9,"key":"Pantograph"},{"floor":14,"key":"Blue Candle"}],"event_choices":[{"damage_healed":0,"gold_gain":0,"player_choice":"Ignored","damage_taken":0,"max_hp_gain":0,"max_hp_loss":0,"event_name":"Shining Light","floor":3,"gold_loss":0},{"damage_healed":22,"gold_gain":0,"player_choice":"Banana","damage_taken":0,"max_hp_gain":0,"max_hp_loss":0,"event_name":"Big Fish","floor":5,"gold_loss":0},{"damage_healed":0,"gold_gain":0,"player_choice":"Lose Max HP","damage_taken":0,"relics_obtained":["Golden Idol"],"max_hp_gain":0,"max_hp_loss":6,"event_name":"Golden Idol","floor":10,"gold_loss":0}],"is_beta":false,"boss_relics":[{"not_picked":["Empty Cage","Philosopher\u0027s Stone"],"picked":"Ring of the Serpent"}],"items_purged_floors":[19],"is_endless":false,"potions_floor_spawned":[1,4,7,11,18],"killed_by":"2 Thieves","ascension_level":20}}