{"host":"627up2rvtmm0cf0r","time":1612107671,"event":{"mods":["ATMod(°¢èªMod)","Act Like it!","BaseMod","Better Vampires","CapriCore","Card Filter","Card Forge","Colored Powertips","DeckTracker","Dota2Spire","Downfall","Energized Spire","Friendly Minions","Highlight Path","Infinite Spire","Jedi Mod","Minty Spire (QoL Compilation)","MostiFishMod","Permanent Neow","Practice Mode","Quick Restart","Relic Stats","Reliquary","Shop Mod","Spicy Shops","StSLib","SuperFastMode","TestMod","¡¾ÒÅÎï¿¨ÅÆ¡¿REMEMod","óô»ðÖ¸ÄÏ"],"gold_per_floor":[99,110,110,120,137,137,137,237,369,129,148,33,33,161,173,173,173,173],"floor_reached":16,"language":"ZHS","playtime":604,"items_purged":["Guardian:Strike_Guardian","Guardian:Defend_Guardian"],"score":143,"play_id":"4605a06d-9e7e-424f-8687-ee2aaa49dc85","local_time":"20210131234111","is_ascension_mode":true,"campfire_choices":[{"data":"testmod-Reflect","floor":1,"key":"SMITH"}],"circlet_count":0,"master_deck":["Guardian:Strike_Guardian","Guardian:Strike_Guardian","Guardian:Defend_Guardian","Guardian:Defend_Guardian","Guardian:CurlUp","Guardian:TwinSlam","testmod-Reflect+1","Guardian:SphericShield"],"relics":["Guardian:ModeShifter","Hammer of Thor","Seething Fire","Anvil of the Gods","DaveBox","testmod-TestBox","REME_ComplimentaryCards","AT_ATBox","DiscerningMonocle","AT_TheCollector","testmod-DragonStarHat","Lee\u0027s Waffle","ImprovedEquipment"],"acts_visited":["Exordium"],"potions_floor_usage":[9,16],"damage_taken":[{"damage":0,"enemies":"Small Slimes","floor":2,"turns":3},{"damage":24,"enemies":"Cultist","floor":4,"turns":5},{"damage":7,"enemies":"2 Louse","floor":5,"turns":3},{"damage":40,"enemies":"Lagavulin","floor":9,"turns":8},{"damage":0,"enemies":"downfall:FleeingMerchant","floor":10,"turns":4},{"damage":25,"enemies":"Lots of Slimes","floor":11,"turns":7},{"damage":10,"enemies":"downfall:FleeingMerchant","floor":12,"turns":4},{"damage":30,"enemies":"Gremlin Nob","floor":14,"turns":6},{"damage":11,"enemies":"3 Louse","floor":15,"turns":7},{"damage":11,"enemies":"SI_SHIV_ARCHETYPE","floor":16,"turns":3}],"seed_played":"-8015889796904167634","potions_obtained":[{"floor":2,"key":"bronze:BurnAndBuffPotion"},{"floor":11,"key":"testmod-EscapePotion"}],"is_trial":false,"path_per_floor":["R","M","?","M","M","?","T","?","E","$","M","$","R","E","M","B"],"character_chosen":"GUARDIAN","items_purchased":["Lee\u0027s Waffle"],"campfire_rested":0,"item_purchase_floors":[10],"current_hp_per_floor":[72,72,72,48,41,41,41,41,1,87,62,52,52,22,11,0,0,0],"gold":173,"neow_bonus":"RANDOM_COLORLESS","is_daily":false,"chose_seed":false,"campfire_upgraded":1,"win_rate":0.0,"timestamp":1612107671,"path_taken":["R","M","?","M","?","?","T","?","E","$","M","$","R","E","M","BOSS"],"items_purchased_type":["Relic"],"build_version":"2020-12-22","purchased_purges":2,"victory":false,"max_hp_per_floor":[80,80,80,80,80,80,80,80,80,87,87,87,87,87,87,87,87,87],"relic_stats":{"Lee\u0027s Waffle":86,"counters":[10,50],"obtain_stats":[{"Lee\u0027s Waffle":10,"testmod-TestBox":0,"AT_ATBox":0,"DaveBox":0,"DiscerningMonocle":0,"ImprovedEquipment":14,"Guardian:ModeShifter":0,"Hammer of Thor":0,"Seething Fire":0,"Anvil of the Gods":0,"AT_TheCollector":7,"testmod-DragonStarHat":9,"REME_ComplimentaryCards":0},{"Lee\u0027s Waffle":5,"testmod-TestBox":0,"AT_ATBox":0,"DaveBox":0,"DiscerningMonocle":0,"ImprovedEquipment":8,"Guardian:ModeShifter":0,"Hammer of Thor":0,"Seething Fire":0,"Anvil of the Gods":0,"AT_TheCollector":3,"testmod-DragonStarHat":4,"REME_ComplimentaryCards":0},{"Lee\u0027s Waffle":23,"testmod-TestBox":0,"AT_ATBox":0,"DaveBox":0,"DiscerningMonocle":0,"ImprovedEquipment":40,"Guardian:ModeShifter":0,"Hammer of Thor":0,"Seething Fire":0,"Anvil of the Gods":0,"AT_TheCollector":11,"testmod-DragonStarHat":19,"REME_ComplimentaryCards":0}]},"card_choices":[{"not_picked":["Guardian:Recover","Guardian:GuardianWhirl","Guardian:Gem_Fragmented"],"picked":"SKIP","floor":2},{"not_picked":["Guardian:ShieldCharger","Guardian:Gem_Red","Guardian:PrismaticBarrier"],"picked":"SKIP","floor":4},{"not_picked":["Guardian:Suspension","Guardian:BodySlam","Guardian:PiercingHide"],"picked":"SKIP","floor":5},{"not_picked":["Guardian:Planning","Guardian:SpikerProtocol","Guardian:Gem_Crimson"],"picked":"SKIP","floor":9},{"not_picked":["Guardian:Planning","Guardian:SpikerProtocol","Guardian:Gem_Crimson"],"picked":"SKIP","floor":9},{"not_picked":["Guardian:MultiBeam","Guardian:TimeBomb","Guardian:TemporalShield"],"picked":"SKIP","floor":10},{"not_picked":["Guardian:Planning","Guardian:TemporalStrike","Guardian:Gem_Blue"],"picked":"SKIP","floor":11},{"not_picked":["Guardian:Reroute","Guardian:Gem_Green","Guardian:ShieldCharger"],"picked":"SKIP","floor":12},{"not_picked":["Guardian:TimeSifter","Guardian:Gem_Blue","Guardian:RollAttack"],"picked":"SKIP","floor":14},{"not_picked":["Guardian:Harden","Guardian:Gem_Crimson","Guardian:TimeCapacitor"],"picked":"SKIP","floor":15}],"player_experience":136662,"relics_obtained":[{"floor":7,"key":"AT_TheCollector"},{"floor":9,"key":"testmod-DragonStarHat"},{"floor":14,"key":"ImprovedEquipment"}],"event_choices":[],"is_beta":false,"boss_relics":[],"items_purged_floors":[10,12],"is_endless":false,"potions_floor_spawned":[2,11],"killed_by":"SI_SHIV_ARCHETYPE","ascension_level":6}}