{"host":"6jrd8fn9k88n08be","time":1612072968,"event":{"mods":["BaseMod","Minty Spire (QoL Compilation)","StSLib"],"gold_per_floor":[109,109,129,304,14,14,53,53,53,53,92,92,123,142,142,261,261,280,379,393,242,242,281,281,316,395,395,395],"floor_reached":27,"language":"ENG","playtime":1813,"items_purged":["Doubt"],"score":305,"play_id":"cadbd2ae-71f5-4b41-85eb-91c87d9fbb21","local_time":"20210131010248","is_ascension_mode":true,"campfire_choices":[{"data":"Chaos","floor":6,"key":"SMITH"},{"floor":10,"key":"REST"},{"floor":15,"key":"REST"},{"data":"Blizzard","floor":24,"key":"SMITH"}],"circlet_count":0,"master_deck":["Strike_B","Strike_B","Strike_B","Defend_B","Defend_B","Defend_B","Defend_B","Zap+1","Dualcast","Coolheaded","Glacier+1","Chaos+1","Reboot","Leap","Blizzard+1","Hologram","Multi-Cast","Glacier","Blizzard+1","Cold Snap+1","Cold Snap"],"relics":["Cracked Core","Golden Idol","Chemical X","Centennial Puzzle","Meat on the Bone","Anchor","Nunchaku","Inserter","Omamori","Oddly Smooth Stone","Potion Belt","Bottled Lightning"],"acts_visited":["Exordium","TheCity"],"potions_floor_usage":[23],"damage_taken":[{"damage":13,"enemies":"Jaw Worm","floor":1,"turns":4},{"damage":0,"enemies":"2 Louse","floor":3,"turns":2},{"damage":13,"enemies":"3 Sentries","floor":7,"turns":11},{"damage":13,"enemies":"Lagavulin","floor":11,"turns":8},{"damage":35,"enemies":"Gremlin Nob","floor":13,"turns":6},{"damage":0,"enemies":"Cultist","floor":14,"turns":4},{"damage":1,"enemies":"The Guardian","floor":16,"turns":14},{"damage":5,"enemies":"Spheric Guardian","floor":18,"turns":7},{"damage":4,"enemies":"Chosen","floor":20,"turns":6},{"damage":18,"enemies":"Slavers","floor":23,"turns":4},{"damage":34,"enemies":"Book of Stabbing","floor":25,"turns":8},{"damage":35,"enemies":"Gremlin Leader","floor":27,"turns":4}],"seed_played":"4124744480502377156","potions_obtained":[{"floor":13,"key":"PotionOfCapacity"},{"floor":14,"key":"LiquidMemories"},{"floor":16,"key":"PowerPotion"},{"floor":23,"key":"EssenceOfSteel"},{"floor":25,"key":"GamblersBrew"}],"is_trial":false,"path_per_floor":["M","?","M","?","$","R","E","$","T","R","E","?","E","M","R","B",null,"M","?","M","$","?","E","R","E","T","E"],"character_chosen":"DEFECT","items_purchased":["Chemical X","Chaos","Omamori"],"campfire_rested":2,"item_purchase_floors":[5,5,21],"current_hp_per_floor":[62,44,44,44,44,44,31,31,31,53,40,40,17,29,51,50,75,70,70,66,66,66,48,48,26,26,0,0],"gold":395,"neow_bonus":"UPGRADE_CARD","is_daily":false,"chose_seed":false,"campfire_upgraded":2,"win_rate":0.0,"timestamp":1612072968,"path_taken":["M","?","M","?","$","R","E","?","T","R","E","?","E","M","R","BOSS","M","?","M","$","?","E","R","E","T","E"],"items_purchased_type":["Relic","Card","Relic"],"build_version":"2020-12-22","purchased_purges":1,"victory":false,"max_hp_per_floor":[75,75,75,75,75,75,75,75,75,75,75,75,75,75,75,75,75,75,75,75,75,75,75,75,75,75,75,75],"card_choices":[{"not_picked":["Conserve Battery","Compile Driver"],"picked":"Coolheaded","floor":1},{"not_picked":["Leap","Rebound"],"picked":"Glacier","floor":3},{"not_picked":["Leap","Cold Snap"],"picked":"Reboot","floor":7},{"not_picked":["Steam","Doom and Gloom"],"picked":"Leap","floor":11},{"not_picked":["Genetic Algorithm","Stack"],"picked":"Blizzard","floor":13},{"not_picked":["Ball Lightning","Beam Cell"],"picked":"Hologram","floor":14},{"not_picked":["All For One","Amplify"],"picked":"Multi-Cast","floor":16},{"not_picked":["Rebound+1","Self Repair"],"picked":"Glacier","floor":18},{"not_picked":["White Noise+1","Streamline"],"picked":"Blizzard+1","floor":20},{"not_picked":["Sweeping Beam","Conserve Battery"],"picked":"Cold Snap+1","floor":23},{"not_picked":["Darkness+1","Heatsinks+1"],"picked":"Cold Snap","floor":25}],"player_experience":141341,"relics_obtained":[{"floor":7,"key":"Centennial Puzzle"},{"floor":9,"key":"Meat on the Bone"},{"floor":11,"key":"Anchor"},{"floor":13,"key":"Nunchaku"},{"floor":23,"key":"Oddly Smooth Stone"},{"floor":25,"key":"Potion Belt"},{"floor":26,"key":"Bottled Lightning"}],"event_choices":[{"damage_healed":0,"gold_gain":0,"player_choice":"Take Damage","damage_taken":18,"relics_obtained":["Golden Idol"],"max_hp_gain":0,"max_hp_loss":0,"event_name":"Golden Idol","floor":2,"gold_loss":0},{"damage_healed":0,"gold_gain":175,"player_choice":"AGREE","damage_taken":0,"max_hp_gain":0,"max_hp_loss":0,"event_name":"Liars Game","floor":4,"gold_loss":0,"cards_obtained":["Doubt"]},{"damage_healed":0,"gold_gain":0,"player_choice":"Upgraded","damage_taken":0,"max_hp_gain":0,"max_hp_loss":0,"event_name":"Upgrade Shrine","floor":12,"gold_loss":0,"cards_upgraded":["Glacier"]},{"damage_healed":0,"gold_gain":99,"player_choice":"Stole From Cult","damage_taken":0,"max_hp_gain":0,"max_hp_loss":0,"event_name":"Nest","floor":19,"gold_loss":0},{"cards_removed":["Strike_B"],"damage_healed":0,"gold_gain":0,"player_choice":"Purged","damage_taken":0,"max_hp_gain":0,"max_hp_loss":0,"event_name":"Purifier","floor":22,"gold_loss":0}],"is_beta":false,"boss_relics":[{"not_picked":["Ectoplasm","Astrolabe"],"picked":"Inserter"}],"items_purged_floors":[5],"is_endless":false,"potions_floor_spawned":[13,14,16,23,25],"killed_by":"Gremlin Leader","ascension_level":3}}