{"host":"lnt5dzsuhru0aonl","time":1612062288,"event":{"mods":["2.2 Compatiblity","BaseMod","Colored Map","Colored Powertips","DeckTracker","Keyboard Shortcuts","Minty Spire (QoL Compilation)","Permanent Neow","Rare Cards Sparkle","StSLib","SuperFastMode","everything is the same but u backflip on backflip"],"gold_per_floor":[364,91,16,16,32,65,65,65,65,65,85,85,97,123,123,123,123],"floor_reached":16,"language":"KOR","playtime":321,"items_purged":["Writhe"],"score":216,"play_id":"3981ab19-4090-4e2e-8064-7ea4cfc3631f","local_time":"20210131120448","is_ascension_mode":true,"campfire_choices":[{"data":"Clothesline","floor":7,"key":"SMITH"},{"data":"Shrug It Off","floor":10,"key":"SMITH"},{"data":"Bash","floor":12,"key":"SMITH"},{"data":"Offering","floor":15,"key":"SMITH"}],"circlet_count":0,"master_deck":["AscendersBane","Strike_R","Strike_R","Strike_R","Strike_R","Defend_R","Defend_R","Defend_R","Defend_R","Bash+1","Shrug It Off+1","Clothesline+1","Offering+1"],"relics":["Burning Blood","TheAbacus","InkBottle","Singing Bowl","Red Skull"],"acts_visited":["Exordium"],"potions_floor_usage":[],"damage_taken":[{"damage":9.0,"enemies":"Jaw Worm","floor":1.0,"turns":4.0},{"damage":4.0,"enemies":"Small Slimes","floor":5.0,"turns":4.0},{"damage":41.0,"enemies":"3 Sentries","floor":6.0,"turns":19.0},{"damage":0,"enemies":"Cultist","floor":11,"turns":4},{"damage":16,"enemies":"Gremlin Gang","floor":13,"turns":6},{"damage":18,"enemies":"Gremlin Nob","floor":14,"turns":4},{"damage":34,"enemies":"Slime Boss","floor":16,"turns":3}],"seed_played":"-7876067118959417320","potions_obtained":[{"floor":1.0,"key":"SteroidPotion"},{"floor":14,"key":"ElixirPotion"}],"is_trial":false,"path_per_floor":["M","$","?","?","M","E","R","$","T","R","M","R","M","E","R","B"],"character_chosen":"IRONCLAD","items_purchased":["TheAbacus","Shrug It Off"],"campfire_rested":0,"item_purchase_floors":[2,2],"current_hp_per_floor":[65,65,65,65,67,32,32,32,32,32,40,40,32,20,20,0,0],"gold":123,"neow_bonus":"TWO_FIFTY_GOLD","is_daily":false,"chose_seed":false,"campfire_upgraded":4,"win_rate":0.0,"timestamp":1612062288,"path_taken":["M","$","?","?","M","E","R","?","T","R","M","R","M","E","R","BOSS"],"items_purchased_type":["Relic","Card"],"build_version":"2020-12-22","purchased_purges":1,"victory":false,"max_hp_per_floor":[75,75,75,75,75,75,75,75,75,75,77,77,79,79,79,79,79],"card_choices":[{"not_picked":["Warcry","Seeing Red","Iron Wave"],"picked":"SKIP","floor":1.0},{"not_picked":["Wild Strike","Warcry","Headbutt"],"picked":"SKIP","floor":5.0},{"not_picked":["Perfected Strike","Fire Breathing"],"picked":"Clothesline","floor":6},{"not_picked":["Disarm","Sever Soul","Flex"],"picked":"Singing Bowl","floor":11},{"not_picked":["Metallicize","Reckless Charge","Warcry"],"picked":"Singing Bowl","floor":13},{"not_picked":["Heavy Blade","Feed"],"picked":"Offering","floor":14}],"player_experience":784092,"relics_obtained":[{"floor":9,"key":"Singing Bowl"},{"floor":14,"key":"Red Skull"}],"event_choices":[{"cards_removed":["Strike_R"],"damage_healed":0.0,"max_hp_gain":0.0,"max_hp_loss":0.0,"gold_gain":0.0,"event_name":"The Cleric","player_choice":"Card Removal","floor":3.0,"gold_loss":75.0,"damage_taken":0.0},{"damage_healed":0.0,"max_hp_gain":0.0,"max_hp_loss":0.0,"gold_gain":0.0,"event_name":"WeMeetAgain","player_choice":"Gave Potion","floor":4.0,"gold_loss":0.0,"damage_taken":0.0,"relics_obtained":["InkBottle"]}],"is_beta":false,"boss_relics":[],"items_purged_floors":[2],"is_endless":false,"potions_floor_spawned":[1,14],"killed_by":"Slime Boss","ascension_level":20}}