{"host":"y76x98twjnyyxs83","time":1612129827,"event":{"mods":["BaseMod","Colored Powertips","Minty Spire (QoL Compilation)","Permanent Neow","Quick Restart","Rare Cards Sparkle","Relic Stats","StSLib"],"gold_per_floor":[116,216,85,85,103,132,132,132,132,166,7,18,28,58,58,58,58],"floor_reached":16,"language":"ENG","playtime":525,"items_purged":[],"score":224,"play_id":"7c64e55c-0c98-45db-bf9c-1b4f92d44a41","local_time":"20210201055027","is_ascension_mode":true,"campfire_choices":[{"data":"Uppercut","floor":7,"key":"SMITH"},{"data":"Feel No Pain","floor":15,"key":"SMITH"}],"circlet_count":0,"master_deck":["AscendersBane","Strike_R","Strike_R","Strike_R","Defend_R","Defend_R","Defend_R","Bash","Pommel Strike","Uppercut+1","Shrug It Off","Carnage","Blood for Blood","Feel No Pain+1","Immolate","Anger"],"relics":["Empty Cage","Magic Flower","Mummified Hand","MealTicket","Juzu Bracelet"],"acts_visited":["Exordium"],"potions_floor_usage":[14],"damage_taken":[{"damage":11,"enemies":"Jaw Worm","floor":1,"turns":5},{"damage":3,"enemies":"Cultist","floor":5,"turns":4},{"damage":27,"enemies":"3 Sentries","floor":6,"turns":9},{"damage":7,"enemies":"Gremlin Nob","floor":10,"turns":3},{"damage":1,"enemies":"2 Louse","floor":12,"turns":2},{"damage":17,"enemies":"Gremlin Gang","floor":13,"turns":4},{"damage":14,"enemies":"3 Sentries","floor":14,"turns":4},{"damage":25,"enemies":"Slime Boss","floor":16,"turns":5}],"seed_played":"8619364210329981009","potions_obtained":[{"floor":5,"key":"BloodPotion"},{"floor":6,"key":"SmokeBomb"}],"is_trial":false,"path_per_floor":["M","?","$","T","M","E","R","?","T","E","$","M","M","E","R","B"],"character_chosen":"IRONCLAD","items_purchased":["Uppercut","Shrug It Off","Feel No Pain","Immolate"],"campfire_rested":0,"item_purchase_floors":[3,3,11,11],"current_hp_per_floor":[57,57,57,57,54,27,27,20,20,13,28,27,10,19,19,0,0],"gold":58,"neow_bonus":"BOSS_RELIC","is_daily":false,"chose_seed":false,"campfire_upgraded":2,"win_rate":0.0,"timestamp":1612129827,"path_taken":["M","?","$","?","M","E","R","?","T","E","?","?","M","E","R","BOSS"],"items_purchased_type":["Card","Card","Card","Card"],"build_version":"2020-12-22","purchased_purges":0,"victory":false,"max_hp_per_floor":[75,75,75,75,75,75,75,75,75,75,75,75,75,75,75,75,75],"relic_stats":{"counters":[8,36],"Mummified Hand":[6],"Magic Flower":[8],"MealTicket":15,"Juzu Bracelet":0,"obtain_stats":[{"Mummified Hand":9,"Magic Flower":4,"MealTicket":10,"Juzu Bracelet":14,"Empty Cage":0,"Burning Blood":0},{"Mummified Hand":3,"Magic Flower":1,"MealTicket":4,"Juzu Bracelet":7,"Empty Cage":0,"Burning Blood":0},{"Mummified Hand":18,"Magic Flower":5,"MealTicket":21,"Juzu Bracelet":31,"Empty Cage":0,"Burning Blood":0}]},"card_choices":[{"not_picked":["Perfected Strike","Armaments"],"picked":"Pommel Strike","floor":1},{"not_picked":["Iron Wave","Heavy Blade"],"picked":"Carnage","floor":5},{"not_picked":["Ghostly Armor","Warcry","Dual Wield"],"picked":"SKIP","floor":6},{"not_picked":["Sentinel","Cleave"],"picked":"Blood for Blood","floor":10},{"not_picked":["Clothesline","Body Slam"],"picked":"Anger","floor":12},{"not_picked":["Perfected Strike","Shrug It Off","Armaments"],"picked":"SKIP","floor":13},{"not_picked":["Bludgeon","Whirlwind","Sword Boomerang"],"picked":"SKIP","floor":14}],"player_experience":1184720,"relics_obtained":[{"floor":4,"key":"Magic Flower"},{"floor":9,"key":"Mummified Hand"},{"floor":10,"key":"MealTicket"},{"floor":14,"key":"Juzu Bracelet"}],"event_choices":[{"damage_healed":0,"gold_gain":100,"player_choice":"Gold","damage_taken":0,"max_hp_gain":0,"max_hp_loss":0,"event_name":"Wheel of Change","floor":2,"gold_loss":0},{"cards_removed":["Strike_R"],"damage_healed":0,"gold_gain":0,"player_choice":"Card Removal","damage_taken":7,"max_hp_gain":0,"max_hp_loss":0,"event_name":"Golden Wing","floor":8,"gold_loss":0}],"is_beta":false,"boss_relics":[],"items_purged_floors":[],"is_endless":false,"potions_floor_spawned":[5,6,12],"killed_by":"Slime Boss","ascension_level":18}}