{"host":"knspyp6dy614fx6e","time":1612089759,"event":{"mods":["BaseMod","Better Altar","Better Match","Better Note","Better Sensory Stone","Better Skull","Better Third Choice","Card Filter","DeckTracker","Dota2Spire","Energized Spire","Minty Spire (QoL Compilation)","Quick Restart","Relic Filter Mod","Relic Stats","Reliquary","Shop Mod","Spicy Shops","StSLib","Waifu the Spire"],"gold_per_floor":[118,118,43,43,68,68,86,86,86],"floor_reached":8,"language":"ZHS","playtime":294,"items_purged":[],"score":88,"play_id":"d334e9fe-bd3e-40b1-9bc7-15545f14382a","local_time":"20210131184239","is_ascension_mode":true,"campfire_choices":[{"data":"True Grit","floor":6,"key":"SMITH"}],"circlet_count":0,"master_deck":["AscendersBane","Strike_R","Strike_R","Strike_R","Strike_R","Defend_R","Defend_R","Defend_R","Defend_R","Bash","True Grit+1","Clothesline"],"relics":["Burning Blood","Tiny Chest","Golden Idol","Dota2Spire:EchoSabre"],"acts_visited":["Exordium"],"potions_floor_usage":[8],"damage_taken":[{"damage":2,"enemies":"2 Louse","floor":1,"turns":4},{"damage":7,"enemies":"Jaw Worm","floor":7,"turns":3},{"damage":27,"enemies":"Lagavulin","floor":8,"turns":7}],"seed_played":"1589778601410434521","potions_obtained":[{"floor":7,"key":"Weak Potion"}],"is_trial":false,"path_per_floor":["M","?","?","?","T","R","M","E"],"character_chosen":"IRONCLAD","items_purchased":[],"campfire_rested":0,"item_purchase_floors":[],"current_hp_per_floor":[72,46,46,28,28,28,27,0,0],"gold":86,"neow_bonus":"RANDOM_COMMON_RELIC","is_daily":false,"chose_seed":false,"campfire_upgraded":1,"win_rate":0.0,"timestamp":1612089759,"path_taken":["M","?","?","?","?","R","M","E"],"items_purchased_type":[],"build_version":"2020-12-22","purchased_purges":0,"victory":false,"max_hp_per_floor":[75,75,75,75,75,75,75,75,75],"relic_stats":{"counters":[3,14],"Golden Idol":4,"Tiny Chest":1,"obtain_stats":[{"Dota2Spire:EchoSabre":4,"Golden Idol":2,"Tiny Chest":0,"Burning Blood":0},{"Dota2Spire:EchoSabre":1,"Golden Idol":1,"Tiny Chest":0,"Burning Blood":0},{"Dota2Spire:EchoSabre":4,"Golden Idol":4,"Tiny Chest":0,"Burning Blood":0}],"Burning Blood":12},"card_choices":[{"not_picked":["Pommel Strike","Feel No Pain"],"picked":"True Grit","floor":1},{"not_picked":["Dark Embrace","Clothesline","Perfected Strike"],"picked":"SKIP","floor":7},{"not_picked":["Dark Embrace","Perfected Strike"],"picked":"Clothesline","floor":7}],"player_experience":261951,"relics_obtained":[],"event_choices":[{"damage_healed":0,"gold_gain":0,"player_choice":"Take Damage","damage_taken":26,"relics_obtained":["Golden Idol"],"max_hp_gain":0,"max_hp_loss":0,"event_name":"Golden Idol","floor":2,"gold_loss":0},{"cards_removed":["Strike_R"],"damage_healed":0,"gold_gain":0,"player_choice":"Card Removal","damage_taken":0,"max_hp_gain":0,"max_hp_loss":0,"event_name":"The Cleric","floor":3,"gold_loss":75},{"damage_healed":0,"gold_gain":0,"player_choice":"Relic ","damage_taken":18,"max_hp_gain":0,"max_hp_loss":0,"event_name":"betterThird:BetterScrap","floor":4,"gold_loss":0,"cards_obtained":["Envenom"]}],"is_beta":false,"boss_relics":[],"items_purged_floors":[],"is_endless":false,"potions_floor_spawned":[7],"killed_by":"Lagavulin","ascension_level":20}}