{"host":"5kirneupyg4uzd3w","time":1612111690,"event":{"mods":["BaseMod","Colored Map","Custom Start","Minty Spire (QoL Compilation)","StSLib","SuperFastMode"],"gold_per_floor":[112,128,203,215,140,167,179,191,203,226,238,279,291,337,349,435,447,478,72,84,9,9,38,38,49,103,103,116,126,143,173,173,173,173],"floor_reached":33,"language":"KOR","playtime":604,"items_purged":[],"score":610,"play_id":"3c445a92-cfcb-4364-9d9d-36794db582ad","local_time":"20210201014810","is_ascension_mode":true,"campfire_choices":[{"data":"Demon Form","floor":7,"key":"SMITH"},{"floor":11,"key":"REST"},{"data":"Rage","floor":13,"key":"SMITH"},{"data":"Bash","floor":15,"key":"SMITH"},{"data":"Offering","floor":24,"key":"SMITH"},{"floor":27,"key":"REST"},{"data":"Sword Boomerang","floor":32,"key":"SMITH"}],"circlet_count":0,"master_deck":["AscendersBane","Strike_R","Strike_R","Strike_R","Defend_R","Defend_R","Defend_R","Defend_R","Bash+1","Anger","Wild Strike","Demon Form+1","Twin Strike","Rage+1","Offering+1","Impervious","Sword Boomerang+1","Reaper","Immolate","Shrug It Off"],"relics":["Burning Blood","MawBank","Bottled Tornado","TungstenRod","Nunchaku","Mark of Pain","Singing Bowl","Blood Vial","Juzu Bracelet","Paper Frog"],"acts_visited":["Exordium","TheCity"],"potions_floor_usage":[10,16,31,33,33],"damage_taken":[{"damage":28,"enemies":"Jaw Worm","floor":1,"turns":7},{"damage":2,"enemies":"2 Louse","floor":2,"turns":3},{"damage":7,"enemies":"Small Slimes","floor":4,"turns":3},{"damage":25,"enemies":"Lagavulin","floor":6,"turns":6},{"damage":13,"enemies":"2 Fungi Beasts","floor":10,"turns":3},{"damage":32,"enemies":"Gremlin Nob","floor":12,"turns":4},{"damage":4,"enemies":"Lagavulin","floor":14,"turns":5},{"damage":10,"enemies":"Hexaghost","floor":16,"turns":6},{"damage":5,"enemies":"Chosen","floor":18,"turns":4},{"damage":22,"enemies":"Spheric Guardian","floor":20,"turns":4},{"damage":86,"enemies":"Slavers","floor":23,"turns":5},{"damage":26,"enemies":"Snecko","floor":25,"turns":5},{"damage":25,"enemies":"3 Cultists","floor":28,"turns":4},{"damage":41,"enemies":"Centurion and Healer","floor":29,"turns":6},{"damage":39,"enemies":"Snake Plant","floor":30,"turns":4},{"damage":23,"enemies":"Book of Stabbing","floor":31,"turns":4},{"damage":25,"enemies":"Collector","floor":33,"turns":4}],"seed_played":"-4356494853265018694","potions_obtained":[{"floor":1,"key":"SkillPotion"},{"floor":6,"key":"SmokeBomb"},{"floor":10,"key":"FairyPotion"},{"floor":12,"key":"Block Potion"},{"floor":23,"key":"FearPotion"},{"floor":25,"key":"LiquidMemories"},{"floor":31,"key":"Dexterity Potion"}],"is_trial":false,"path_per_floor":["M","M","?","M","?","E","R","$","T","M","R","E","R","E","R","B",null,"M","$","M","?","$","E","R","M","T","R","M","M","M","E","R","B"],"character_chosen":"IRONCLAD","items_purchased":["Reaper","Singing Bowl"],"campfire_rested":2,"item_purchase_floors":[19,19],"current_hp_per_floor":[53,57,46,45,45,26,26,26,26,19,43,17,17,19,19,15,65,66,66,52,52,52,31,31,15,15,40,55,56,34,21,21,0,0],"gold":173,"neow_bonus":"TEN_PERCENT_HP_BONUS","is_daily":false,"chose_seed":false,"campfire_upgraded":5,"win_rate":0.0,"timestamp":1612111690,"path_taken":["M","M","?","M","?","E","R","$","T","M","R","E","R","E","R","BOSS","M","$","M","?","$","E","R","M","T","R","M","M","M","E","R","BOSS"],"items_purchased_type":["Card","Relic"],"build_version":"2020-12-22","purchased_purges":0,"victory":false,"max_hp_per_floor":[82,82,82,82,82,82,82,82,82,82,82,82,82,82,82,82,82,82,82,84,84,84,84,84,86,86,86,88,90,90,92,92,92,92],"card_choices":[{"not_picked":["Dark Embrace","Thunderclap"],"picked":"Anger","floor":1},{"not_picked":["Armaments","Dark Embrace"],"picked":"Wild Strike","floor":2},{"not_picked":["Power Through","Sword Boomerang"],"picked":"Demon Form","floor":4},{"not_picked":["Evolve","Inflame"],"picked":"Twin Strike","floor":6},{"not_picked":["Sentinel","Anger","Pommel Strike"],"picked":"SKIP","floor":10},{"not_picked":["Infernal Blade","Thunderclap"],"picked":"Rage","floor":12},{"not_picked":["Dark Embrace","Anger"],"picked":"Offering","floor":14},{"not_picked":["Brutality","Berserk"],"picked":"Impervious","floor":16},{"not_picked":["Spot Weakness","Second Wind"],"picked":"Sword Boomerang","floor":18},{"not_picked":["Perfected Strike","Heavy Blade","Armaments"],"picked":"Singing Bowl","floor":20},{"not_picked":["Pommel Strike","Sword Boomerang"],"picked":"Immolate","floor":23},{"not_picked":["Flex","Havoc","Searing Blow"],"picked":"Singing Bowl","floor":25},{"not_picked":["Carnage","Sentinel","Warcry"],"picked":"Singing Bowl","floor":28},{"not_picked":["Pommel Strike","Headbutt","Feel No Pain"],"picked":"Singing Bowl","floor":29},{"not_picked":["Wild Strike","Metallicize"],"picked":"Shrug It Off","floor":30},{"not_picked":["Intimidate","Blood for Blood+1","Cleave"],"picked":"Singing Bowl","floor":31}],"player_experience":302208,"relics_obtained":[{"floor":6,"key":"MawBank"},{"floor":9,"key":"Bottled Tornado"},{"floor":12,"key":"TungstenRod"},{"floor":14,"key":"Nunchaku"},{"floor":23,"key":"Blood Vial"},{"floor":26,"key":"Juzu Bracelet"},{"floor":31,"key":"Paper Frog"}],"event_choices":[{"damage_healed":0,"gold_gain":75,"player_choice":"Gather Gold","damage_taken":11,"max_hp_gain":0,"max_hp_loss":0,"event_name":"World of Goop","floor":3,"gold_loss":0},{"cards_removed":["Strike_R"],"damage_healed":0,"gold_gain":0,"player_choice":"Card Removal","damage_taken":0,"max_hp_gain":0,"max_hp_loss":0,"event_name":"The Cleric","floor":5,"gold_loss":75},{"cards_removed":["Strike_R"],"damage_healed":0,"gold_gain":0,"player_choice":"Gave Gold","damage_taken":0,"max_hp_gain":0,"max_hp_loss":0,"event_name":"Beggar","floor":21,"gold_loss":75}],"is_beta":false,"boss_relics":[{"not_picked":["Philosopher\u0027s Stone","Astrolabe"],"picked":"Mark of Pain"}],"items_purged_floors":[],"is_endless":false,"potions_floor_spawned":[1,6,10,12,23,25,30,31],"killed_by":"Collector","ascension_level":20}}