{"host":"cd25ms2o8pjhjp7m","time":1612125957,"event":{"mods":["Aspiration","BaseMod","Bestiary","Better Third Choice","BetterRewards","Conspire","Curses Come First","Friendly Minions","GifTheSpireLib","Hubris","Minty Spire (QoL Compilation)","Rare Cards Sparkle","Relic Stats","Reliquary","Replay The Spire","Robot Space Explorer","StSLib","The Poker Player","Uncapped","[IsaacMod]????","??????REMEMod"],"gold_per_floor":[113,63,75,75,89,122,122,140,140,150,150,176,29,41,41,144,144,162,85,99,99,151,151,165,175,253,253,178,178,192,202,202,202,202,202],"floor_reached":33,"language":"DEU","playtime":10121,"items_purged":["ReplayTheSpireMod:Doomed","PokerPlayerMod:Spade1"],"score":307,"play_id":"5ed722c9-533a-4db5-95c9-7b305e4b88f4","local_time":"20210131214557","is_ascension_mode":false,"metric_token":1369,"campfire_choices":[{"data":"PokerPlayerMod:Mulligan","floor":11,"key":"SMITH"},{"data":"PokerPlayerMod:CloakAndDiamond","floor":15,"key":"SMITH"},{"data":"PokerPlayerMod:GamblerForm","floor":23,"key":"SMITH"},{"data":"PokerPlayerMod:TrumpStrike","floor":27,"key":"SMITH"},{"data":"PokerPlayerMod:Heart2","floor":29,"key":"SMITH"},{"data":"PokerPlayerMod:Spade5","floor":32,"key":"SMITH"}],"circlet_count":0,"master_deck":["PokerPlayerMod:Diamond2","PokerPlayerMod:Diamond3","PokerPlayerMod:Diamond4","PokerPlayerMod:Diamond5","PokerPlayerMod:Spade2","PokerPlayerMod:Spade3","PokerPlayerMod:Spade4","PokerPlayerMod:Club2","PokerPlayerMod:Heart3","PokerPlayerMod:TrumpStrike+1","PokerPlayerMod:BadJoker","PokerPlayerMod:Mulligan+1","EpicFetus","PokerPlayerMod:RiskyBet","PokerPlayerMod:SpadeStrike","PokerPlayerMod:Club2","PokerPlayerMod:Club3","PokerPlayerMod:Club4","PokerPlayerMod:Club5","PokerPlayerMod:Club6","PokerPlayerMod:Spade6","PokerPlayerMod:Diamond5","PokerPlayerMod:ClubShade+1","PokerPlayerMod:Manipulation","PokerPlayerMod:Spade7","PokerPlayerMod:CloakAndDiamond+1","PokerPlayerMod:Club10+","PokerPlayerMod:GamblerForm+1","PokerPlayerMod:DiamondStrike","PokerPlayerMod:Sharpen","PokerPlayerMod:Diamond10+","PokerPlayerMod:Spade4","PokerPlayerMod:SpadeStrike"],"relics":["PokerPlayerMod:DeckCase","REME_ComplimentaryCards","HushsDoor","GuppysHead","NeowsBlessing","aspiration:FetidBarrel","ReplayTheSpireMod:CursedCoin","Meat on the Bone","Durian","Chaos","Replay:Rubber Ducky","GuppysCollar","betterThird:NestCultRelic","aspiration:FutureDiary","Ice Cream"],"acts_visited":["Exordium","TheCity"],"potions_floor_usage":[25,33,33],"damage_taken":[{"damage":0,"enemies":"2 Louse","floor":1,"turns":1},{"damage":0,"enemies":"Cultist","floor":3,"turns":1},{"damage":0,"enemies":"conspire:RoseBush","floor":5,"turns":1},{"damage":9,"enemies":"Gremlin Nob","floor":6,"turns":5},{"damage":0,"enemies":"Large Slime","floor":10,"turns":5},{"damage":4,"enemies":"Replay:BlueRogue","floor":12,"turns":8},{"damage":8,"enemies":"Red Slaver","floor":14,"turns":2},{"damage":0,"enemies":"Fading Forest","floor":16,"turns":11},{"damage":0,"enemies":"Spheric Guardian","floor":18,"turns":6},{"damage":0,"enemies":"conspire:FuzzyDice","floor":20,"turns":4},{"damage":0,"enemies":"Snake Plant","floor":24,"turns":4},{"damage":20,"enemies":"Centurion and Healer","floor":25,"turns":6},{"damage":10,"enemies":"conspire:HollyBat","floor":30,"turns":8},{"damage":10,"enemies":"Chosen and Byrds","floor":31,"turns":5},{"damage":100000031,"enemies":"hubris:MusketHawk","floor":33,"turns":8}],"seed_played":"2974383512948114178","potions_obtained":[{"floor":3,"key":"Explosive Potion"},{"floor":14,"key":"Death Potion"},{"floor":16,"key":"ColorlessPotion"},{"floor":20,"key":"Block Potion"},{"floor":31,"key":"Adrenaline Potion"}],"is_trial":false,"path_per_floor":["M","?","M","?","M","E","?","$","T","M","R","E","$","M","R","B",null,"M","$","M","?","T","R","M","M","T","R","?","R","M","M","R","B"],"character_chosen":"THE_POKER_PLAYER","items_purchased":["ReplayTheSpireMod:CursedCoin","PokerPlayerMod:ClubShade+1","Chaos","GuppysCollar","PokerPlayerMod:GamblerForm","PokerPlayerMod:Sharpen"],"campfire_rested":0,"item_purchase_floors":[8,8,13,17,17,19],"current_hp_per_floor":[52,52,52,52,52,45,45,45,45,45,45,48,48,42,42,52,36,36,36,36,36,36,36,36,30,30,30,30,30,23,25,25,0,0,0],"gold":202,"neow_bonus":"THREE_ENEMY_KILL","is_daily":false,"chose_seed":false,"campfire_upgraded":6,"win_rate":0.0,"timestamp":1612125957,"path_taken":["M","?","?","?","?","E","?","$","T","M","R","E","$","M","R","BOSS","M","$","?","?","?","R","M","M","T","R","?","R","M","M","R","BOSS"],"items_purchased_type":["Relic","Card","Card","Relic","Card","Card"],"build_version":"2020-12-22","purchased_purges":2,"victory":false,"max_hp_per_floor":[52,52,52,52,52,52,52,52,52,52,52,57,57,57,57,57,36,36,36,36,36,36,36,36,36,36,36,36,36,36,36,36,36,36,36],"relic_stats":{"counters":[15,75],"obtain_stats":[{"KeepersGift":0,"Chaos":13,"Ice Cream":26,"NeowsBlessing":0,"aspiration:FetidBarrel":6,"ReplayTheSpireMod:CursedCoin":8,"betterThird:NestCultRelic":21,"Replay:Rubber Ducky":17,"PokerPlayerMod:DeckCase":0,"Durian":12,"GuppysHead":0,"aspiration:FutureDiary":22,"HushsDoor":0,"GuppysCollar":17,"REME_ComplimentaryCards":0,"Meat on the Bone":9},{"KeepersGift":0,"Chaos":6,"Ice Cream":12,"NeowsBlessing":0,"aspiration:FetidBarrel":4,"ReplayTheSpireMod:CursedCoin":4,"betterThird:NestCultRelic":10,"Replay:Rubber Ducky":8,"PokerPlayerMod:DeckCase":0,"Durian":6,"GuppysHead":0,"aspiration:FutureDiary":10,"HushsDoor":0,"GuppysCollar":8,"REME_ComplimentaryCards":0,"Meat on the Bone":4},{"KeepersGift":0,"Chaos":21,"Ice Cream":54,"NeowsBlessing":0,"aspiration:FetidBarrel":8,"ReplayTheSpireMod:CursedCoin":8,"betterThird:NestCultRelic":44,"Replay:Rubber Ducky":34,"PokerPlayerMod:DeckCase":0,"Durian":21,"GuppysHead":0,"aspiration:FutureDiary":44,"HushsDoor":0,"GuppysCollar":34,"REME_ComplimentaryCards":0,"Meat on the Bone":8}],"Meat on the Bone":24},"card_choices":[{"not_picked":[],"picked":"EpicFetus","floor":0},{"not_picked":["PokerPlayerMod:Heart4","PokerPlayerMod:Spade6"],"picked":"PokerPlayerMod:RiskyBet","floor":1},{"not_picked":["PokerPlayerMod:MagicTrick","PokerPlayerMod:Configure"],"picked":"PokerPlayerMod:SpadeStrike","floor":3},{"not_picked":["PokerPlayerMod:Club3","PokerPlayerMod:Diamond5"],"picked":"PokerPlayerMod:Spade5","floor":5},{"not_picked":["PokerPlayerMod:Diamond4","PokerPlayerMod:Spade1","PokerPlayerMod:Diamond5"],"picked":"SKIP","floor":6},{"not_picked":["PokerPlayerMod:Diamond4","PokerPlayerMod:Spade1"],"picked":"PokerPlayerMod:Diamond5","floor":6},{"not_picked":["PokerPlayerMod:DamnStraight","PokerPlayerMod:Spade1"],"picked":"PokerPlayerMod:Manipulation","floor":10},{"not_picked":["PokerPlayerMod:DiamondStrike","PokerPlayerMod:Configure"],"picked":"PokerPlayerMod:Spade7","floor":12},{"not_picked":["PokerPlayerMod:HiddenCard","PokerPlayerMod:Raise"],"picked":"PokerPlayerMod:CloakAndDiamond","floor":14},{"not_picked":["PokerPlayerMod:SecretDealer","PokerPlayerMod:Diamond8"],"picked":"PokerPlayerMod:Club10+","floor":16},{"not_picked":["PokerPlayerMod:CardBurn","PokerPlayerMod:Club4"],"picked":"PokerPlayerMod:DiamondStrike","floor":18},{"not_picked":["PokerPlayerMod:CardBurn","PokerPlayerMod:Diamond1","PokerPlayerMod:ClubsClub+1"],"picked":"SKIP","floor":20},{"not_picked":["PokerPlayerMod:Spade1","PokerPlayerMod:Diamond4"],"picked":"PokerPlayerMod:Diamond10+","floor":24},{"not_picked":["PokerPlayerMod:Extraction","PokerPlayerMod:Spade2"],"picked":"PokerPlayerMod:Spade4","floor":25},{"not_picked":["PokerPlayerMod:Diamond4","PokerPlayerMod:MagicTrick"],"picked":"PokerPlayerMod:SpadeStrike","floor":30},{"not_picked":["PokerPlayerMod:Extraction","PokerPlayerMod:Heart2","PokerPlayerMod:Diamond4"],"picked":"SKIP","floor":31}],"player_experience":438240,"relics_obtained":[{"floor":6,"key":"aspiration:FetidBarrel"},{"floor":9,"key":"Meat on the Bone"},{"floor":12,"key":"Durian"},{"floor":22,"key":"aspiration:FutureDiary"},{"floor":26,"key":"Ice Cream"}],"event_choices":[{"cards_removed":["PokerPlayerMod:Diamond1"],"damage_healed":0,"gold_gain":0,"player_choice":"Card Removal","damage_taken":0,"max_hp_gain":0,"max_hp_loss":0,"event_name":"The Cleric","floor":2,"gold_loss":50},{"damage_healed":0,"gold_gain":0,"player_choice":"Jackpot","damage_taken":0,"max_hp_gain":0,"max_hp_loss":0,"event_name":"PokerPlayerMod:ExordiumClub","floor":4,"gold_loss":0,"cards_obtained":["PokerPlayerMod:Club2","PokerPlayerMod:Club3","PokerPlayerMod:Club4","PokerPlayerMod:Club5","PokerPlayerMod:Club6"]},{"damage_healed":0,"gold_gain":0,"player_choice":"Jackpot","damage_taken":0,"max_hp_gain":0,"max_hp_loss":0,"event_name":"PokerPlayerMod:ExordiumClub","floor":4,"gold_loss":0,"cards_obtained":["PokerPlayerMod:Club2","PokerPlayerMod:Club3","PokerPlayerMod:Club4","PokerPlayerMod:Club5","PokerPlayerMod:Club6"]},{"damage_healed":0,"gold_gain":0,"player_choice":"Jackpot","damage_taken":0,"max_hp_gain":0,"max_hp_loss":0,"event_name":"PokerPlayerMod:ExordiumClub","floor":4,"gold_loss":0,"cards_obtained":["PokerPlayerMod:Club2","PokerPlayerMod:Club3","PokerPlayerMod:Club4","PokerPlayerMod:Club5","PokerPlayerMod:Club6"]},{"damage_healed":0,"gold_gain":0,"player_choice":"Jackpot","damage_taken":0,"max_hp_gain":0,"max_hp_loss":0,"event_name":"PokerPlayerMod:ExordiumClub","floor":4,"gold_loss":0,"cards_obtained":["PokerPlayerMod:Club2","PokerPlayerMod:Club3","PokerPlayerMod:Club4","PokerPlayerMod:Club5","PokerPlayerMod:Club6"]},{"damage_healed":0,"gold_gain":0,"player_choice":"Jackpot","damage_taken":0,"max_hp_gain":0,"max_hp_loss":0,"event_name":"PokerPlayerMod:ExordiumClub","floor":4,"gold_loss":0,"cards_obtained":["PokerPlayerMod:Club2","PokerPlayerMod:Club3","PokerPlayerMod:Club4","PokerPlayerMod:Club5","PokerPlayerMod:Club6"]},{"damage_healed":0,"gold_gain":0,"player_choice":"Leave","damage_taken":0,"max_hp_gain":0,"max_hp_loss":0,"event_name":"conspire:Investor","floor":7,"gold_loss":0},{"damage_healed":0,"gold_gain":0,"player_choice":"Madness","damage_taken":0,"relics_obtained":["betterThird:NestCultRelic"],"max_hp_gain":0,"max_hp_loss":0,"event_name":"betterThird:BetterNest","floor":21,"gold_loss":0},{"cards_removed":["PokerPlayerMod:Club1"],"damage_healed":0,"gold_gain":0,"player_choice":"Gave Gold","damage_taken":0,"max_hp_gain":0,"max_hp_loss":0,"event_name":"Beggar","floor":28,"gold_loss":75}],"is_beta":false,"boss_relics":[{"not_picked":["Vajra","hubris:HerbalPaste"],"picked":"Replay:Rubber Ducky"},{"not_picked":[]}],"items_purged_floors":[8,17],"is_endless":false,"potions_floor_spawned":[3,14,16,20,31],"killed_by":"hubris:MusketHawk","ascension_level":0}}