{"host":"knspyp6dy614fx6e","time":1612118388,"event":{"mods":["ATMod(阿瑾Mod)","Aspiration","BaseMod","Better Altar","Better Match","Better Note","Better Sensory Stone","Better Skull","Better Third Choice","Card Filter","DeckTracker","Dota2Spire","Energized Spire","Jedi Mod","Minty Spire (QoL Compilation)","Quick Restart","Relic Filter Mod","Relic Stats","Reliquary","Shop Mod","Spicy Shops","StSLib","TestMod","Waifu the Spire","【遗物卡牌】REMEMod"],"gold_per_floor":[116,116,135,135,135,161,161,161,161,172,172,203,15,15,15,15,15,15,15,15,15,15,15,15,15,15,15,15,15,15,15,15,15,15,15,0,0,0,0,14,14,42,66,66,66,96,96,106,106,106,106,106,6,41,41,41],"floor_reached":55,"language":"ZHS","playtime":1646,"items_purged":["Defend_G+1","Strike_G"],"score":1302,"play_id":"6e566ad1-5432-45ec-a003-88a45ae616c4","local_time":"20210201023948","is_ascension_mode":true,"campfire_choices":[{"data":"Neutralize","floor":7.0,"key":"SMITH"},{"data":"Finisher","floor":11.0,"key":"SMITH"},{"data":"AT_KneejerkReflex","floor":15.0,"key":"SMITH"},{"data":"AT_FocusSwordFire","floor":24.0,"key":"SMITH"},{"data":"Acrobatics","floor":30.0,"key":"SMITH"},{"floor":32.0,"key":"REST"},{"data":"Night Terror","floor":41.0,"key":"SMITH"},{"data":"Blade Dance","floor":45.0,"key":"SMITH"},{"floor":49.0,"key":"RECALL"},{"data":"Good Instincts","floor":52.0,"key":"SMITH"}],"circlet_count":0,"master_deck":["Strike_G","Defend_G","Defend_G","Defend_G","Survivor","Neutralize+1","Choke+1","Acrobatics+1","Finisher+1","AT_KneejerkReflex+1","Cloak And Dagger","AT_FocusSwordFire+1","Night Terror+1","Blade Dance+1","Slice+1","Deflect+1","Bane+1","Footwork+1","Caltrops+1","Blade Dance+1","AT_Desolate+1","Good Instincts+1","testmod-ShutDown","Backflip"],"relics":["Ring of the Snake","AT_ATBox","testmod-TestBox","REME_ComplimentaryCards","jedi:scrapmetal","Lantern","Letter Opener","Mummified Hand","reliquary:Knoch","jedi:ominousloannote","Ninja Scroll","aspiration:SeaSaltIceCream","Ice Cream","energizedSpire:DeadBattery","Juzu Bracelet","The Specimen","jedi:HeartOfTheCards","White Beast Statue","Astrolabe","Red Mask","Dota2Spire:Mjollnir","jedi:cryingmask","Dream Catcher","Regal Pillow","AT_SilverBalance","Anchor"],"acts_visited":["Exordium","TheCity","TheBeyond","TheEnding"],"potions_floor_usage":[55],"damage_taken":[{"damage":0.0,"enemies":"Cultist","floor":1.0,"turns":1.0},{"damage":0.0,"enemies":"2 Louse","floor":3.0,"turns":1.0},{"damage":0.0,"enemies":"Gremlin Nob","floor":6.0,"turns":1.0},{"damage":0.0,"enemies":"Small Slimes","floor":10.0,"turns":2.0},{"damage":0.0,"enemies":"Lagavulin","floor":12.0,"turns":1.0},{"damage":0.0,"enemies":"Blue Slaver","floor":14.0,"turns":2.0},{"damage":9.0,"enemies":"The Guardian","floor":16.0,"turns":9.0},{"damage":0.0,"enemies":"Spheric Guardian","floor":18.0,"turns":1.0},{"damage":0.0,"enemies":"3 Byrds","floor":19.0,"turns":3.0},{"damage":0.0,"enemies":"Centurion and Healer","floor":21.0,"turns":3.0},{"damage":0.0,"enemies":"Shelled Parasite and Fungi","floor":22.0,"turns":2.0},{"damage":24.0,"enemies":"Book of Stabbing","floor":23.0,"turns":4.0},{"damage":13.0,"enemies":"Gremlin Leader","floor":25.0,"turns":3.0},{"damage":0.0,"enemies":"Book of Stabbing","floor":29.0,"turns":2.0},{"damage":0.0,"enemies":"Snake Plant","floor":31.0,"turns":1.0},{"damage":17.0,"enemies":"Collector","floor":33.0,"turns":4.0},{"damage":0.0,"enemies":"Orb Walker","floor":35.0,"turns":2.0},{"damage":0.0,"enemies":"3 Darklings","floor":38.0,"turns":2.0},{"damage":20.0,"enemies":"Mind Bloom Boss Battle","floor":39.0,"turns":3.0},{"damage":0.0,"enemies":"Reptomancer","floor":40.0,"turns":2.0},{"damage":9.0,"enemies":"Giant Head","floor":42.0,"turns":2.0},{"damage":0.0,"enemies":"Nemesis","floor":46.0,"turns":3.0},{"damage":0.0,"enemies":"Sphere and 2 Shapes","floor":48.0,"turns":1.0},{"damage":29.0,"enemies":"Time Eater","floor":50.0,"turns":5.0},{"damage":8.0,"enemies":"Shield and Spear","floor":54.0,"turns":3.0},{"damage":72,"enemies":"The Heart","floor":55,"turns":3}],"seed_played":"-9038387635459530302","potions_obtained":[{"floor":1.0,"key":"EssenceOfSteel"},{"floor":10.0,"key":"jedi:StrikingPotion"},{"floor":14.0,"key":"Weak Potion"},{"floor":16.0,"key":"Dota2Spire:HealingSalve"},{"floor":18.0,"key":"jedi:StrikingPotion"},{"floor":25.0,"key":"Dota2Spire:Clarity"},{"floor":29.0,"key":"EssenceOfSteel"},{"floor":33.0,"key":"jedi:hoardpotion"},{"floor":35.0,"key":"jedi:wingpotion"},{"floor":38.0,"key":"PowerPotion"},{"floor":39.0,"key":"EntropicBrew"},{"floor":46.0,"key":"Weak Potion"},{"floor":48.0,"key":"EssenceOfSteel"},{"floor":54.0,"key":"testmod-SpacePotion"}],"is_trial":false,"path_per_floor":["M","T","M","?","?","E","R","T","T","M","R","E","$","M","R","B",null,"M","M","?","M","M","E","R","E","T","?","$","E","R","M","R","B",null,"M","?","?","M","?","E","R","E","T","?","R","E","?","M","R","B",null,"R","$","E","B"],"character_chosen":"THE_SILENT","items_purchased":["jedi:ominousloannote","Ninja Scroll","aspiration:SeaSaltIceCream","Cloak And Dagger"],"campfire_rested":1,"item_purchase_floors":[13,13,13,13],"current_hp_per_floor":[63,63,63,56,42,42,42,42,42,42,42,42,42,42,42,33,61,61,61,61,61,61,46,46,33,33,33,33,33,33,33,54,37,62,62,62,62,62,42,42,42,33,33,61,61,61,61,30,30,1,46,46,46,22,0,0],"gold":41,"neow_bonus":"THREE_ENEMY_KILL","is_daily":false,"chose_seed":false,"campfire_upgraded":8,"win_rate":0.0,"timestamp":1612118388,"path_taken":["M","?","M","?","?","E","R","?","T","M","R","E","$","?","R","BOSS","M","M","?","M","M","E","R","E","T","?","?","E","R","M","R","BOSS","M","?","?","M","?","E","R","E","T","?","R","E","?","M","R","BOSS","R","$","E","BOSS"],"items_purchased_type":["Relic","Relic","Relic","Card"],"build_version":"2020-12-22","purchased_purges":2,"victory":false,"max_hp_per_floor":[70,70,70,70,70,70,70,70,70,70,70,70,70,70,70,70,70,70,70,70,70,70,70,70,70,70,70,70,70,70,70,70,70,70,70,70,70,70,70,70,70,70,70,61,61,61,61,61,61,61,61,61,61,61,61,61],"relic_stats":{"Dream Catcher":0,"Regal Pillow":0,"counters":[26,66],"Mummified Hand":[26],"Astrolabe":["Bane","Footwork","Caltrops"],"Juzu Bracelet":1,"Letter Opener":[143],"obtain_stats":[{"Ice Cream":13,"Lantern":6,"Regal Pillow":43,"AT_ATBox":0,"Juzu Bracelet":20,"Dream Catcher":42,"Mummified Hand":9,"Ninja Scroll":13,"jedi:cryingmask":40,"Dota2Spire:Mjollnir":39,"Red Mask":36,"Ring of the Snake":0,"testmod-TestBox":0,"NeowsBlessing":0,"The Specimen":23,"Astrolabe":34,"AT_SilverBalance":46,"Letter Opener":8,"aspiration:SeaSaltIceCream":13,"jedi:scrapmetal":2,"energizedSpire:DeadBattery":17,"jedi:HeartOfTheCards":25,"White Beast Statue":29,"Anchor":54,"jedi:ominousloannote":13,"reliquary:Knoch":12,"REME_ComplimentaryCards":0},{"Ice Cream":5,"Lantern":3,"Regal Pillow":21,"AT_ATBox":0,"Juzu Bracelet":9,"Dream Catcher":21,"Mummified Hand":3,"Ninja Scroll":5,"jedi:cryingmask":20,"Dota2Spire:Mjollnir":19,"Red Mask":17,"Ring of the Snake":0,"testmod-TestBox":0,"NeowsBlessing":0,"The Specimen":12,"Astrolabe":16,"AT_SilverBalance":22,"Letter Opener":3,"aspiration:SeaSaltIceCream":5,"jedi:scrapmetal":1,"energizedSpire:DeadBattery":7,"jedi:HeartOfTheCards":13,"White Beast Statue":14,"Anchor":25,"jedi:ominousloannote":5,"reliquary:Knoch":5,"REME_ComplimentaryCards":0},{"Ice Cream":6,"Lantern":3,"Regal Pillow":51,"AT_ATBox":0,"Juzu Bracelet":21,"Dream Catcher":51,"Mummified Hand":3,"Ninja Scroll":6,"jedi:cryingmask":49,"Dota2Spire:Mjollnir":47,"Red Mask":42,"Ring of the Snake":0,"testmod-TestBox":0,"NeowsBlessing":0,"The Specimen":30,"Astrolabe":40,"AT_SilverBalance":54,"Letter Opener":3,"aspiration:SeaSaltIceCream":6,"jedi:scrapmetal":1,"energizedSpire:DeadBattery":17,"jedi:HeartOfTheCards":33,"White Beast Statue":35,"Anchor":63,"jedi:ominousloannote":6,"reliquary:Knoch":6,"REME_ComplimentaryCards":0}],"Ring of the Snake":[52]},"card_choices":[{"not_picked":["Prepared","Blade Dance"],"picked":"Choke","floor":1.0},{"not_picked":["Setup","Dagger Spray"],"picked":"Acrobatics","floor":3.0},{"not_picked":["jedi:pocketpoison","Endless Agony"],"picked":"jedi:poisonivy","floor":6.0},{"not_picked":["Skewer","AT_TinkerSharpsword"],"picked":"Finisher","floor":10.0},{"not_picked":["Distraction","Poisoned Stab"],"picked":"AT_KneejerkReflex","floor":12.0},{"not_picked":["Heel Hook","Dagger Spray"],"picked":"AT_FocusSwordFire","floor":14.0},{"not_picked":["Phantasmal Killer","REME_LeechingPoison"],"picked":"Night Terror","floor":16.0},{"not_picked":["Acrobatics","Flying Knee"],"picked":"Blade Dance","floor":18.0},{"not_picked":["Outmaneuver","Poisoned Stab"],"picked":"Slice+1","floor":19.0},{"not_picked":["Outmaneuver","Deadly Poison","Acrobatics"],"picked":"SKIP","floor":21.0},{"not_picked":["Outmaneuver","Predator","Poisoned Stab"],"picked":"SKIP","floor":22.0},{"not_picked":["Dagger Spray","Glass Knife","Bouncing Flask"],"picked":"SKIP","floor":23.0},{"not_picked":["Dagger Spray","Glass Knife","Bouncing Flask"],"picked":"SKIP","floor":23.0},{"not_picked":["Prepared","Bouncing Flask"],"picked":"Deflect+1","floor":25.0},{"not_picked":["Predator","Deflect","Deadly Poison"],"picked":"SKIP","floor":29.0},{"not_picked":["Masterful Stab","Bouncing Flask+1","Bane"],"picked":"SKIP","floor":31.0},{"not_picked":["Footwork+1","PiercingWail"],"picked":"Blade Dance+1","floor":35.0},{"not_picked":["PiercingWail+1","AT_WindFlip","Underhanded Strike+1"],"picked":"SKIP","floor":38.0},{"not_picked":["Noxious Fumes+1","Eviscerate"],"picked":"AT_Desolate+1","floor":39.0},{"not_picked":["Dodge and Roll+1","Poisoned Stab+1","AT_WindFlip"],"picked":"SKIP","floor":40.0},{"not_picked":["Endless Agony","Flechettes+1","AT_KingSlayer"],"picked":"SKIP","floor":42.0},{"not_picked":["Choke","Underhanded Strike","AT_FocusSwordFire+1"],"picked":"SKIP","floor":46.0},{"not_picked":["testmod-Automaton","Master of Strategy"],"picked":"Good Instincts","floor":47.0},{"not_picked":["Dramatic Entrance","jedi:LeechingStrike"],"picked":"testmod-ShutDown","floor":47.0},{"not_picked":["Finisher","Poisoned Stab+1","Masterful Stab"],"picked":"SKIP","floor":48.0},{"not_picked":["Reflex+1","REME_ShadowForm"],"picked":"Backflip","floor":54.0}],"player_experience":272080,"relics_obtained":[{"floor":2.0,"key":"jedi:scrapmetal"},{"floor":6.0,"key":"Lantern"},{"floor":8.0,"key":"Letter Opener"},{"floor":9.0,"key":"Mummified Hand"},{"floor":12.0,"key":"reliquary:Knoch"},{"floor":23.0,"key":"The Specimen"},{"floor":25.0,"key":"jedi:HeartOfTheCards"},{"floor":29.0,"key":"White Beast Statue"},{"floor":39.0,"key":"Dota2Spire:Mjollnir"},{"floor":40.0,"key":"jedi:cryingmask"},{"floor":42.0,"key":"Dream Catcher"},{"floor":43.0,"key":"Regal Pillow"},{"floor":46.0,"key":"AT_SilverBalance"},{"floor":54.0,"key":"Anchor"}],"event_choices":[{"cards_removed":["Strike_G"],"damage_healed":0.0,"max_hp_gain":0.0,"max_hp_loss":0.0,"gold_gain":0.0,"event_name":"Golden Wing","player_choice":"Card Removal","floor":4.0,"gold_loss":0.0,"damage_taken":7.0},{"damage_healed":56.0,"max_hp_gain":0.0,"max_hp_loss":70.0,"gold_gain":0.0,"event_name":"betterThird:BetterShining","player_choice":"Upgrade","floor":5.0,"gold_loss":0.0,"damage_taken":14.0,"cards_upgraded":["Defend_G","Choke"]},{"damage_healed":0.0,"max_hp_gain":0.0,"max_hp_loss":0.0,"gold_gain":0.0,"event_name":"给自己的盒子","player_choice":"Swap Relic","floor":20.0,"relics_lost":["NeowsBlessing"],"gold_loss":0.0,"damage_taken":0.0,"relics_obtained":["Juzu Bracelet"]},{"damage_healed":0.0,"max_hp_gain":0.0,"max_hp_loss":0.0,"gold_gain":0.0,"event_name":"Cursed Tome","player_choice":"Ignored","floor":27.0,"gold_loss":0.0,"damage_taken":0.0},{"damage_healed":0.0,"max_hp_gain":0.0,"max_hp_loss":0.0,"gold_gain":0.0,"event_name":"Tomb of Lord Red Mask","player_choice":"Paid","floor":36.0,"gold_loss":15.0,"damage_taken":0.0,"relics_obtained":["Red Mask"]},{"cards_removed":["Strike_G"],"damage_healed":0.0,"max_hp_gain":0.0,"max_hp_loss":0.0,"gold_gain":0.0,"event_name":"Bonfire Elementals","player_choice":"Offered Basic","floor":37.0,"gold_loss":0.0,"damage_taken":0.0},{"damage_healed":0.0,"max_hp_gain":0.0,"max_hp_loss":0.0,"gold_gain":0.0,"event_name":"MindBloom","player_choice":"Fight","floor":39.0,"gold_loss":0.0,"damage_taken":0.0},{"damage_healed":61.0,"max_hp_gain":0.0,"max_hp_loss":9.0,"gold_gain":0.0,"event_name":"The Moai Head","player_choice":"Heal","floor":44.0,"gold_loss":0.0,"damage_taken":0.0},{"damage_healed":0.0,"max_hp_gain":0.0,"max_hp_loss":0.0,"gold_gain":3.0,"event_name":"betterStone:BetterStone","player_choice":"1","floor":47.0,"gold_loss":0.0,"damage_taken":0.0}],"is_beta":false,"boss_relics":[{"not_picked":["testmod-Prudence","reliquary:KinkedSpring"],"picked":"energizedSpire:DeadBattery"},{"not_picked":["energizedSpire:HighHeels","REME_LowDesire"],"picked":"Astrolabe"}],"items_purged_floors":[13,53],"is_endless":false,"potions_floor_spawned":[1,10,14,16,18,21,25,29,31,33,35,38,39,40,42,46,48,54],"killed_by":"The Heart","ascension_level":8}}