{"host":"5gzbaq21mzbu77pn","time":1612064453,"event":{"mods":["2.2 Compatiblity","Aspiration","Bard","Bartender","BaseMod","Beaked The Cultist","BetterRewards","Colored Powertips","Conspire","Downfall","Energized Spire","GifTheSpireLib","Gold Saver","Gremlin Mod","GungeonMod","Hubris","Infinite Spire","Koishi","Magitek Elite","Minty Spire (QoL Compilation)","Quick Restart","Replay The Spire","Shop Mod","StSLib","Stuff the Spire","Synergy Search","The Blackbeard","The Clintock","The Cursed","The Disciple","The Hayseed","The Poker Player","The Saiyan","The Senshi","TheBandit"],"gold_per_floor":[859,876,247,263,263,273,273,273,167,201,201,78,78,96,113,113,113,113],"floor_reached":16,"language":"ENG","playtime":1457,"items_purged":[],"score":100,"play_id":"3bd42da5-cf0c-4801-9a87-064bc9af8789","local_time":"20210131044053","is_ascension_mode":false,"campfire_choices":[{"data":"bronze:Replicate","floor":1,"key":"SMITH"},{"floor":13,"key":"REST"}],"circlet_count":0,"master_deck":["bronze:Strike","bronze:Strike","bronze:Strike","bronze:Strike","bronze:Defend","bronze:Defend","bronze:Defend","bronze:Defend","bronze:Replicate+1","bronze:Goto","bronze:MaxOutput","bronze:HyperBeam","bronze:ChosenStrike","bronze:ItsAFeature+1","bronze:Turbo","expansioncontent:LastStand","bronze:OilSpill","bronze:Overheat","bronze:ChildClass","bronze:BronzeOrb","bronze:Branch","bronze:DelayedGuard","bronze:Frontload","bronze:BuggyMess","bronze:Optimize","bronze:WhirlingStrike+1","bronze:Optimize","bronze:Frontload"],"relics":["bronze:BronzeCore","MerchantsRug","Tiny Chest","downfall:BrokenWingStatue","Calipers","Replay:Bottled Snecko","Bottled Lightning"],"acts_visited":["Exordium"],"potions_floor_usage":[6,10,16,16],"damage_taken":[{"damage":2,"enemies":"Small Slimes","floor":2,"turns":3},{"damage":0,"enemies":"downfall:FleeingMerchant","floor":3,"turns":4},{"damage":10,"enemies":"Jaw Worm","floor":4,"turns":3},{"damage":0,"enemies":"2 Louse","floor":6,"turns":2},{"damage":15,"enemies":"downfall:FleeingMerchant","floor":9,"turns":4},{"damage":28,"enemies":"Gremlin Nob","floor":10,"turns":4},{"damage":0,"enemies":"downfall:FleeingMerchant","floor":12,"turns":4},{"damage":6,"enemies":"Red Slaver","floor":14,"turns":2},{"damage":0,"enemies":"Blue Slaver","floor":15,"turns":2},{"damage":46,"enemies":"WA_ARCHETYPE_RETAIN","floor":16,"turns":7}],"seed_played":"8873401236796677844","potions_obtained":[{"floor":2,"key":"Strength Potion"},{"floor":4,"key":"Explosive Potion"},{"floor":10,"key":"BlessingOfTheForge"},{"floor":15,"key":"bronze:CleanCodePotion"}],"is_trial":false,"path_per_floor":["R","M","$","M","?","M","T","?","$","E","T","$","R","M","M","B"],"character_chosen":"THE_AUTOMATON","items_purchased":["bronze:ChosenStrike","MerchantsRug","bronze:ItsAFeature+1","Tiny Chest","bronze:Turbo","expansioncontent:LastStand","bronze:OilSpill","bronze:Branch","bronze:DelayedGuard","bronze:Optimize","bronze:WhirlingStrike+1"],"campfire_rested":1,"item_purchase_floors":[3,3,3,3,3,3,3,9,9,12,12],"current_hp_per_floor":[77,75,75,65,65,65,65,65,50,22,22,22,45,39,39,0,0,0],"gold":113,"neow_bonus":"TEN_PERCENT_HP_BONUS","is_daily":false,"chose_seed":false,"campfire_upgraded":1,"win_rate":0.0,"timestamp":1612064453,"path_taken":["R","M","$","M","?","M","T","?","?","E","?","?","R","M","M","BOSS"],"items_purchased_type":["Card","Relic","Card","Relic","Card","Card","Card","Card","Card","Card","Card"],"build_version":"2020-12-22","purchased_purges":0,"victory":false,"max_hp_per_floor":[77,77,77,77,77,77,77,77,77,77,77,77,77,77,77,77,77,77],"card_choices":[{"not_picked":["bronze:Invalidate","bronze:CloningBeam"],"picked":"bronze:MaxOutput","floor":2},{"not_picked":["bronze:Turbo","bronze:Assembly"],"picked":"bronze:HyperBeam","floor":3},{"not_picked":["bronze:DarkDash","bronze:Deprecate"],"picked":"bronze:Overheat","floor":4},{"not_picked":["bronze:Shield","bronze:Turbo"],"picked":"bronze:ChildClass","floor":6},{"not_picked":["bronze:BugBarrage","bronze:Optimize"],"picked":"bronze:BronzeOrb","floor":9},{"not_picked":["bronze:BronzeOrb","bronze:Philosophize"],"picked":"bronze:Frontload","floor":10},{"not_picked":["bronze:Repulsor","bronze:ItsAFeature"],"picked":"bronze:BuggyMess","floor":12},{"not_picked":["bronze:ChildClass","bronze:Iterate"],"picked":"bronze:Optimize","floor":14},{"not_picked":["bronze:BronzeOrb","bronze:WhirlingStrike"],"picked":"bronze:Frontload","floor":15}],"player_experience":897499,"relics_obtained":[{"floor":7,"key":"Calipers"},{"floor":10,"key":"Replay:Bottled Snecko"},{"floor":11,"key":"Bottled Lightning"}],"event_choices":[],"is_beta":false,"boss_relics":[],"items_purged_floors":[],"is_endless":false,"potions_floor_spawned":[2,4,10,15],"killed_by":"WA_ARCHETYPE_RETAIN","ascension_level":0}}