{"host":"jw4qy1ihmjslahm8","time":1612090540,"event":{"mods":["Act Like it!","BaseMod","BetterRewards","Colored Map","Downfall","Gensokyo","HololiveMod","Hubris","Infinite Spire","MarisaÅiñ∂âJÅ@ñÇóùçπÅj","Minty Spire (QoL Compilation)","Replay The Spire","StSLib","The Animator"],"gold_per_floor":[113,113,113,85,120,164,202,230,242,254,292,53,53,70,70,170,170,170,170],"floor_reached":18,"language":"ENG","playtime":1254,"items_purged":[],"score":162,"play_id":"53347394-c60e-4bcd-a441-38b751ee55b0","local_time":"20210131025540","is_ascension_mode":false,"campfire_choices":[{"floor":10,"key":"REST"},{"floor":13,"key":"REST"},{"data":"animator:IrohaTamaki","floor":15,"key":"SMITH"}],"circlet_count":0,"master_deck":["animator:Strike_MadokaMagica","animator:Defend_MadokaMagica","animator:Strike","animator:Strike","animator:Strike","animator:Defend","animator:Defend","animator:Defend","animator:IrohaTamaki+1","animator:YuiTsuruno","animator:Witch","animator:Lu","animator:Mitsuba","animator:KyokoSakura","animator:FielNirvalen","animator:Rider","animator:Add","animator:ItamiYouji+1"],"relics":["animator:TheMissingPiece","animator:PurgingStone","Mark of Pain","MawBank","ReplayFunnel","Golden Egg","Snack Pack","hubris:HollowSoul"],"acts_visited":["Exordium","Gensokyo:Gensokyoer"],"potions_floor_usage":[6,16],"damage_taken":[{"damage":0,"enemies":"Cultist","floor":1,"turns":4},{"damage":0,"enemies":"Small Slimes","floor":5,"turns":4},{"damage":20,"enemies":"3 Sentries","floor":6,"turns":11},{"damage":4,"enemies":"Jaw Worm","floor":7,"turns":4},{"damage":0,"enemies":"Large Slime","floor":8,"turns":6},{"damage":10,"enemies":"Exordium Thugs","floor":11,"turns":4},{"damage":8,"enemies":"Lots of Slimes","floor":14,"turns":4},{"damage":28,"enemies":"The Guardian","floor":16,"turns":14},{"damage":33,"enemies":"Gensokyo:2_Gloops","floor":18,"turns":5}],"seed_played":"-4548667877902919582","potions_obtained":[{"floor":4,"key":"DuplicationPotion"},{"floor":4,"key":"animator:GrowthPotion"},{"floor":4,"key":"DistilledChaos"},{"floor":7,"key":"BlessingOfTheForge"},{"floor":8,"key":"CultistPotion"}],"is_trial":false,"path_per_floor":["M","$","?","?","M","E","M","M","T","R","M","$","R","M","R","B",null,"M"],"character_chosen":"THE_ANIMATOR","items_purchased":["Snack Pack"],"campfire_rested":2,"item_purchase_floors":[12],"current_hp_per_floor":[66,66,59,59,59,39,35,35,35,54,44,44,63,58,58,42,67,36,36],"gold":170,"neow_bonus":"BOSS_RELIC","is_daily":false,"chose_seed":false,"campfire_upgraded":1,"win_rate":0.0,"timestamp":1612090540,"path_taken":["M","?","?","?","M","E","M","M","T","R","?","$","R","?","R","BOSS","M"],"items_purchased_type":["Relic"],"build_version":"2020-12-22","purchased_purges":0,"victory":false,"max_hp_per_floor":[66,66,66,66,66,66,66,66,66,66,66,66,66,67,67,67,67,67,67],"card_choices":[{"not_picked":["animator:Mitsuba","animator:Verdia"],"picked":"animator:Witch","floor":1},{"not_picked":["animator:OrikoMikuni","animator:IrohaTamaki"],"picked":"animator:Lu","floor":5},{"not_picked":["animator:EmiyaShirou","animator:LizardPriest"],"picked":"animator:Mitsuba","floor":6},{"not_picked":["animator:YuiTsuruno","animator:IrohaTamaki"],"picked":"animator:KyokoSakura","floor":7},{"not_picked":["animator:TukaLunaMarceau","animator:RinTohsaka"],"picked":"animator:FielNirvalen","floor":8},{"not_picked":["animator:Shigure","animator:Elsword"],"picked":"animator:Rider","floor":11},{"not_picked":["animator:Tyuule","animator:Chris"],"picked":"animator:Add","floor":14},{"not_picked":["animator:Eris","animator:PinaCoLada"],"picked":"animator:ItamiYouji","floor":16}],"player_experience":43902,"relics_obtained":[{"floor":6,"key":"ReplayFunnel"},{"floor":9,"key":"Golden Egg"}],"event_choices":[{"damage_healed":0,"gold_gain":0,"player_choice":"Success","damage_taken":7,"relics_obtained":["MawBank"],"max_hp_gain":0,"max_hp_loss":0,"event_name":"Scrap Ooze","floor":3,"gold_loss":0},{"damage_healed":0,"gold_gain":0,"player_choice":"Bought 3 Potions","damage_taken":0,"max_hp_gain":0,"max_hp_loss":0,"event_name":"The Woman in Blue","floor":4,"gold_loss":0}],"is_beta":false,"boss_relics":[{"not_picked":["Velvet Choker","hubris:CrackedHourglass"],"picked":"hubris:HollowSoul"}],"items_purged_floors":[],"is_endless":false,"potions_floor_spawned":[5,7,8],"killed_by":"Gensokyo:2_Gloops","ascension_level":0}}