{"host":"d9m9v0h6vo0edadb","time":1612109040,"event":{"mods":["BaseMod","Hermit","Keyboard Shortcuts","Minty Spire (QoL Compilation)","StSLib","SuperFastMode","The Cursed"],"gold_per_floor":[111,130,150,75,75,110,135,135,135,135,147,147,147],"floor_reached":12,"language":"KOR","playtime":130,"items_purged":["Strike_G"],"score":156,"play_id":"51e21546-46a3-405d-abaf-04e4be7706ab","local_time":"20210201010400","is_ascension_mode":true,"campfire_choices":[{"floor":8,"key":"REST"}],"circlet_count":0,"master_deck":["AscendersBane","Strike_G","Defend_G","Defend_G","Defend_G","Defend_G","Defend_G","Survivor","Neutralize","Blade Dance","Terror","Blade Dance","Backstab"],"relics":["Ring of the Snake","Bronze Scales","Regal Pillow","Toxic Egg 2"],"acts_visited":["Exordium"],"potions_floor_usage":[6,6,12],"damage_taken":[{"damage":0,"enemies":"2 Louse","floor":1,"turns":3},{"damage":0,"enemies":"Jaw Worm","floor":2,"turns":5},{"damage":11,"enemies":"Small Slimes","floor":3,"turns":5},{"damage":40,"enemies":"Gremlin Nob","floor":6,"turns":4},{"damage":17,"enemies":"Exordium Thugs","floor":11,"turns":5},{"damage":20,"enemies":"Lagavulin","floor":12,"turns":4}],"seed_played":"8797409065501860753","potions_obtained":[{"floor":1,"key":"LiquidBronze"},{"floor":3,"key":"SkillPotion"},{"floor":11,"key":"Dexterity Potion"}],"is_trial":false,"path_per_floor":["M","M","M","$","?","E","T","R","T","?","M","E"],"character_chosen":"THE_SILENT","items_purchased":[],"campfire_rested":1,"item_purchase_floors":[],"current_hp_per_floor":[59,59,48,48,41,1,1,35,35,35,18,0,0],"gold":147,"neow_bonus":"TRANSFORM_CARD","is_daily":false,"chose_seed":false,"campfire_upgraded":0,"win_rate":0.0,"timestamp":1612109040,"path_taken":["M","M","M","$","?","E","?","R","T","?","M","E"],"items_purchased_type":[],"build_version":"2020-12-22","purchased_purges":1,"victory":false,"max_hp_per_floor":[66,66,66,66,66,66,66,66,66,66,66,66,66],"card_choices":[{"not_picked":["Setup","Footwork","Heel Hook"],"picked":"SKIP","floor":1},{"not_picked":["Bane","Poisoned Stab"],"picked":"Terror","floor":2},{"not_picked":["Underhanded Strike","Backflip"],"picked":"Blade Dance","floor":3},{"not_picked":["Prepared","Underhanded Strike","Terror"],"picked":"SKIP","floor":6},{"not_picked":["Quick Slash","Acrobatics+1"],"picked":"Backstab","floor":11}],"player_experience":1002470,"relics_obtained":[{"floor":6,"key":"Bronze Scales"},{"floor":7,"key":"Regal Pillow"},{"floor":9,"key":"Toxic Egg 2"}],"event_choices":[{"cards_removed":["Strike_G"],"damage_healed":0,"gold_gain":0,"player_choice":"Card Removal","damage_taken":7,"max_hp_gain":0,"max_hp_loss":0,"event_name":"Golden Wing","floor":5,"gold_loss":0},{"cards_removed":["Strike_G"],"damage_healed":0,"gold_gain":0,"player_choice":"Purged","damage_taken":0,"max_hp_gain":0,"max_hp_loss":0,"event_name":"Purifier","floor":10,"gold_loss":0}],"is_beta":false,"boss_relics":[],"items_purged_floors":[4],"is_endless":false,"potions_floor_spawned":[1,3,11],"killed_by":"Lagavulin","ascension_level":20}}