{"host":"6xsbn6ynqlzwllfm","time":1612072049,"event":{"mods":["2.2 Compatiblity","BaseMod","Bestiary","Colored Map","Colored Powertips","Curses Come First","Highlight Path","Keyboard Shortcuts","Minty Spire (QoL Compilation)","Relic Stats","Slay the Relics Exporter","StSLib","SuperFastMode"],"gold_per_floor":[115,132,142,152,168,202,202,234,234,263,263,263,263,188,188,262,262,275,295,195,245,262,291,291,328,352,389,403,412,426,105,105,180,180,198,224,239,253,263,263,263,263],"floor_reached":41,"language":"ENG","playtime":1199,"items_purged":["Strike_P","Strike_P","Strike_P"],"score":1096,"play_id":"182c0ebf-1913-4576-b48e-59e60648ff72","local_time":"20210131004729","is_ascension_mode":true,"campfire_choices":[{"data":"Conclude","floor":7.0,"key":"SMITH"},{"data":"WheelKick","floor":11.0,"key":"SMITH"},{"data":"FollowUp","floor":13.0,"key":"SMITH"},{"data":"FollowUp","floor":15.0,"key":"SMITH"},{"floor":24.0,"key":"REST"},{"floor":32.0,"key":"REST"}],"circlet_count":0,"master_deck":["AscendersBane","Strike_P","Defend_P","Defend_P","Defend_P+1","Defend_P","Eruption","Vigilance","FollowUp+1","Conclude+1","FollowUp+1","FollowUp+1","WheelKick+1","Vault+1","FlurryOfBlows","Wallop","Protect+1","Vault+1"],"relics":["HolyWater","StrikeDummy","Kunai","Shuriken","Nunchaku","TungstenRod","CeramicFish","Smiling Mask","War Paint","Singing Bowl","Philosopher\u0027s Stone","Lantern"],"acts_visited":["Exordium","TheCity","TheBeyond"],"potions_floor_usage":[41],"damage_taken":[{"damage":2.0,"enemies":"2 Louse","floor":1.0,"turns":2.0},{"damage":0.0,"enemies":"Cultist","floor":2.0,"turns":4.0},{"damage":7.0,"enemies":"Jaw Worm","floor":3.0,"turns":4.0},{"damage":15.0,"enemies":"Exordium Thugs","floor":4.0,"turns":4.0},{"damage":6.0,"enemies":"Looter","floor":5.0,"turns":2.0},{"damage":0.0,"enemies":"Gremlin Nob","floor":6.0,"turns":2.0},{"damage":7.0,"enemies":"3 Sentries","floor":8.0,"turns":3.0},{"damage":0.0,"enemies":"Lagavulin","floor":10.0,"turns":4.0},{"damage":22.0,"enemies":"The Guardian","floor":16.0,"turns":6.0},{"damage":0.0,"enemies":"3 Byrds","floor":18.0,"turns":5.0},{"damage":0.0,"enemies":"2 Thieves","floor":19.0,"turns":3.0},{"damage":15.0,"enemies":"Shelled Parasite and Fungi","floor":22.0,"turns":3.0},{"damage":30.0,"enemies":"Book of Stabbing","floor":23.0,"turns":4.0},{"damage":0.0,"enemies":"Gremlin Leader","floor":25.0,"turns":4.0},{"damage":3.0,"enemies":"Book of Stabbing","floor":27.0,"turns":5.0},{"damage":15.0,"enemies":"Snake Plant","floor":28.0,"turns":4.0},{"damage":0.0,"enemies":"Snecko","floor":30.0,"turns":4.0},{"damage":22.0,"enemies":"Collector","floor":33.0,"turns":9.0},{"damage":14.0,"enemies":"Orb Walker","floor":35.0,"turns":3.0},{"damage":27.0,"enemies":"3 Darklings","floor":37.0,"turns":6.0},{"damage":0.0,"enemies":"Sphere and 2 Shapes","floor":38.0,"turns":4.0},{"damage":15.0,"enemies":"4 Shapes","floor":39.0,"turns":8.0},{"damage":20,"enemies":"Giant Head","floor":41,"turns":6}],"seed_played":"-5552475541860210874","potions_obtained":[{"floor":1.0,"key":"SpeedPotion"},{"floor":4.0,"key":"EntropicBrew"},{"floor":5.0,"key":"PowerPotion"},{"floor":8.0,"key":"Swift Potion"},{"floor":10.0,"key":"BottledMiracle"},{"floor":22.0,"key":"SkillPotion"},{"floor":25.0,"key":"PowerPotion"},{"floor":33.0,"key":"PowerPotion"},{"floor":38.0,"key":"BottledMiracle"}],"is_trial":false,"path_per_floor":["M","M","M","M","M","E","R","E","T","E","R","?","R","$","R","B",null,"M","M","$","?","M","E","R","E","T","E","M","?","M","$","R","B",null,"M","T","M","M","M","?","E"],"character_chosen":"WATCHER","items_purchased":["Singing Bowl"],"campfire_rested":2,"item_purchase_floors":[31],"current_hp_per_floor":[65,65,58,43,37,37,37,30,30,30,30,30,30,30,30,8,58,58,58,58,58,43,13,35,35,35,32,17,17,17,17,39,19,62,50,50,25,27,14,16,0,0],"gold":263,"neow_bonus":"TEN_PERCENT_HP_BONUS","is_daily":false,"chose_seed":false,"campfire_upgraded":4,"win_rate":0.0,"timestamp":1612072049,"path_taken":["M","M","M","M","M","E","R","E","T","E","R","?","R","?","R","BOSS","M","M","$","?","?","E","R","E","T","E","M","?","M","$","R","BOSS","M","?","M","M","M","?","E"],"items_purchased_type":["Relic"],"build_version":"2020-12-22","purchased_purges":3,"victory":false,"max_hp_per_floor":[74,74,74,74,74,74,74,74,74,74,74,74,74,74,74,74,74,74,74,74,74,74,74,74,74,74,74,74,74,74,74,74,76,76,78,78,80,82,84,86,86,86],"relic_stats":{"Nunchaku":[19],"Singing Bowl":12,"counters":[23,99],"Shuriken":[41],"CeramicFish":27,"Kunai":[41],"War Paint":["Defend_P","Vault"],"Smiling Mask":75,"obtain_stats":[{"Lantern":36,"Singing Bowl":31,"CeramicFish":25,"War Paint":27,"Smiling Mask":26,"Nunchaku":10,"Shuriken":9,"HolyWater":17,"Philosopher\u0027s Stone":34,"Kunai":8,"PureWater":0,"StrikeDummy":6,"TungstenRod":23},{"Lantern":19,"Singing Bowl":17,"CeramicFish":14,"War Paint":15,"Smiling Mask":14,"Nunchaku":8,"Shuriken":7,"HolyWater":9,"Philosopher\u0027s Stone":18,"Kunai":7,"PureWater":0,"StrikeDummy":6,"TungstenRod":13},{"Lantern":75,"Singing Bowl":63,"CeramicFish":50,"War Paint":55,"Smiling Mask":50,"Nunchaku":25,"Shuriken":21,"HolyWater":31,"Philosopher\u0027s Stone":72,"Kunai":21,"PureWater":0,"StrikeDummy":18,"TungstenRod":46}],"TungstenRod":16},"card_choices":[{"not_picked":["Halt","PathToVictory"],"picked":"FollowUp","floor":1.0},{"not_picked":["Swivel","Indignation"],"picked":"Conclude","floor":3.0},{"not_picked":["Prostrate","BowlingBash"],"picked":"FollowUp","floor":4.0},{"not_picked":["MasterReality","ClearTheMind"],"picked":"FollowUp","floor":5.0},{"not_picked":["WreathOfFlame","Halt"],"picked":"WheelKick","floor":6.0},{"not_picked":["LessonLearned","Ragnarok"],"picked":"Vault","floor":16.0},{"not_picked":["EmptyMind","ClearTheMind"],"picked":"FlurryOfBlows","floor":23.0},{"not_picked":["Collect","Conclude"],"picked":"Wallop","floor":25.0},{"not_picked":["SpiritShield","DeceiveReality"],"picked":"Protect+1","floor":27.0},{"not_picked":["EmptyBody","Worship","Halt"],"picked":"SKIP","floor":30.0},{"not_picked":["Devotion","LessonLearned","Omniscience"],"picked":"Singing Bowl","floor":33.0},{"not_picked":["Evaluate","Worship","CrushJoints"],"picked":"Singing Bowl","floor":35.0},{"not_picked":["TalkToTheHand","EmptyBody+1","BowlingBash"],"picked":"Singing Bowl","floor":37.0},{"not_picked":["EmptyBody","Indignation+1","ThirdEye"],"picked":"Singing Bowl","floor":38.0},{"not_picked":["SignatureMove","Study","Vengeance+1"],"picked":"Singing Bowl","floor":39.0},{"not_picked":["Jack Of All Trades","Madness","Purity"],"picked":"Singing Bowl","floor":40.0}],"player_experience":1324371,"relics_obtained":[{"floor":6.0,"key":"StrikeDummy"},{"floor":8.0,"key":"Kunai"},{"floor":9.0,"key":"Shuriken"},{"floor":10.0,"key":"Nunchaku"},{"floor":23.0,"key":"TungstenRod"},{"floor":25.0,"key":"CeramicFish"},{"floor":26.0,"key":"Smiling Mask"},{"floor":27.0,"key":"War Paint"},{"floor":36.0,"key":"Lantern"}],"event_choices":[{"damage_healed":0.0,"max_hp_gain":0.0,"max_hp_loss":0.0,"gold_gain":0.0,"event_name":"Upgrade Shrine","player_choice":"Upgraded","floor":12.0,"gold_loss":0.0,"damage_taken":0.0,"cards_upgraded":["FollowUp"]},{"damage_healed":0.0,"max_hp_gain":0.0,"max_hp_loss":0.0,"gold_gain":50.0,"event_name":"Golden Shrine","player_choice":"Pray","floor":21.0,"gold_loss":0.0,"damage_taken":0.0},{"damage_healed":0.0,"max_hp_gain":0.0,"max_hp_loss":0.0,"gold_gain":0.0,"event_name":"Duplicator","player_choice":"Copied","floor":29.0,"gold_loss":0.0,"damage_taken":0.0,"cards_obtained":["Vault"]},{"damage_healed":0.0,"max_hp_gain":0.0,"max_hp_loss":0.0,"gold_gain":0.0,"event_name":"SensoryStone","player_choice":"Memory 1","floor":40.0,"gold_loss":0.0,"damage_taken":0.0}],"is_beta":false,"boss_relics":[{"not_picked":["SlaversCollar","Velvet Choker"],"picked":"HolyWater"},{"not_picked":["Coffee Dripper","Runic Dome"],"picked":"Philosopher\u0027s Stone"}],"items_purged_floors":[14,20,31],"is_endless":false,"potions_floor_spawned":[1,4,5,8,10,19,22,25,33,38,39],"killed_by":"Giant Head","ascension_level":20}}