{"host":"ty7uytdfitsmf36k","time":1612111577,"event":{"mods":["AchievementEnabler","BaseMod","Colored Map","Colored Powertips","DeckTracker","Downfall","Infinite Spire","Minty Spire (QoL Compilation)","Relic Stats","Replay The Spire","Spire Arcade","StSLib","SuperFastMode","The Jungle","Wandering Minibosses"],"gold_per_floor":[99,109,128,38,138,138,138,157,226,226,226,259,259,272,287,22,37,37,37,37],"floor_reached":18,"language":"ENG","playtime":873,"items_purged":["hexamod:Defend","hexamod:Strike"],"score":116,"play_id":"4411c537-e127-4958-830b-a6fb0fa96690","local_time":"20210131114617","is_ascension_mode":true,"campfire_choices":[{"data":"hexamod:Float","floor":1,"key":"SMITH"},{"floor":10,"key":"REST"},{"data":"hexamod:CatchUp","floor":13,"key":"SMITH"}],"circlet_count":0,"master_deck":["hexamod:Strike","hexamod:Strike","hexamod:Strike","hexamod:Defend","hexamod:Defend","hexamod:Defend","hexamod:Sear","hexamod:Float+1","Panacea","hexamod:GhostflameBarrier","hexamod:AdvancingGuard","hexamod:SkipABeat","hexamod:CatchUp+1","hexamod:Hexaguard","hexamod:FastForward","hexamod:GhostShield","hexamod:Hexaguard+1","hexamod:SwordOfDarkness"],"relics":["hexamod:SpiritBrand","Lizard Tail","White Beast Statue","Golden Egg","infinitespire:ShieldingShard","Pocketwatch","ClockworkSouvenir"],"acts_visited":["Exordium"],"potions_floor_usage":[5,12,18,18],"damage_taken":[{"damage":4,"enemies":"2 Louse","floor":2,"turns":2},{"damage":0,"enemies":"downfall:FleeingMerchant","floor":4,"turns":4},{"damage":72,"enemies":"downfall:LadyInBlue","floor":5,"turns":15},{"damage":1,"enemies":"Jaw Worm","floor":8,"turns":4},{"damage":6,"enemies":"Gremlin Nob","floor":12,"turns":4},{"damage":0,"enemies":"Cultist","floor":14,"turns":3},{"damage":0,"enemies":"Red Slaver","floor":15,"turns":3},{"damage":0,"enemies":"downfall:FleeingMerchant","floor":16,"turns":4},{"damage":3,"enemies":"Exordium Thugs","floor":17,"turns":7},{"damage":22,"enemies":"WA_ARCHETYPE_RETAIN","floor":18,"turns":10}],"seed_played":"-7965469694054463607","potions_obtained":[{"floor":2,"key":"SkillPotion"},{"floor":5,"key":"hexamod:DoubleChargePotion"},{"floor":5,"key":"Guardian:BlockOnCardUsePotion"},{"floor":5,"key":"Guardian:BlockOnCardUsePotion"},{"floor":12,"key":"AttackPotion"}],"is_trial":false,"path_per_floor":["R","M","?","$","?","PTL","PTL","M","T","R","T","E","R","M","M","$","M","B"],"character_chosen":"THE_SPIRIT","items_purchased":["ClockworkSouvenir"],"campfire_rested":1,"item_purchase_floors":[16],"current_hp_per_floor":[70,66,38,38,5,5,5,4,4,25,25,19,19,19,19,19,16,0,0,0],"gold":37,"neow_bonus":"RANDOM_COLORLESS","is_daily":false,"chose_seed":false,"campfire_upgraded":2,"win_rate":0.0,"timestamp":1612111577,"path_taken":["R","M","?","?","?","PTL","PTL","?","T","R","?","E","R","M","M","$","M","BOSS"],"items_purchased_type":["Relic"],"build_version":"2020-12-22","purchased_purges":2,"victory":false,"max_hp_per_floor":[70,70,70,70,70,70,70,70,70,70,70,70,70,70,70,70,70,70,70,70],"relic_stats":{"Lizard Tail":35,"counters":[10,56],"obtain_stats":[{"Golden Egg":9,"Lizard Tail":3,"infinitespire:ShieldingShard":11,"hexamod:SpiritBrand":0,"White Beast Statue":5,"Pocketwatch":12,"ClockworkSouvenir":16},{"Golden Egg":4,"Lizard Tail":1,"infinitespire:ShieldingShard":4,"hexamod:SpiritBrand":0,"White Beast Statue":3,"Pocketwatch":5,"ClockworkSouvenir":8},{"Golden Egg":25,"Lizard Tail":2,"infinitespire:ShieldingShard":25,"hexamod:SpiritBrand":0,"White Beast Statue":21,"Pocketwatch":29,"ClockworkSouvenir":39}],"Pocketwatch":[27]},"card_choices":[{"not_picked":["Replay:Parry","Madness"],"picked":"Panacea","floor":0},{"not_picked":["hexamod:ThermalTransfer","hexamod:BurningTouch"],"picked":"hexamod:GhostflameBarrier","floor":2},{"not_picked":["hexamod:BurningTouch","hexamod:HeatMetal"],"picked":"hexamod:AdvancingGuard","floor":3},{"not_picked":["hexamod:FlameSwitch","hexamod:FlamesFromBeyond"],"picked":"hexamod:SkipABeat","floor":4},{"not_picked":["hexamod:SpectersWail","hexamod:BacktrackSmack"],"picked":"hexamod:CatchUp","floor":5},{"not_picked":["hexamod:StepThrough","hexamod:Firestarter"],"picked":"hexamod:Hexaguard","floor":8},{"not_picked":["hexamod:Again","hexamod:ParanormalForm"],"picked":"hexamod:FastForward","floor":12},{"not_picked":["hexamod:InspiringFlames","hexamod:BurningTouch"],"picked":"hexamod:GhostShield","floor":14},{"not_picked":["hexamod:NightmareStrike","hexamod:FlamesFromBeyond","hexamod:HeatCrush"],"picked":"SKIP","floor":15},{"not_picked":["hexamod:BacktrackSmack","hexamod:BurningTouch"],"picked":"hexamod:Hexaguard","floor":16},{"not_picked":["hexamod:BurningTouch","hexamod:Firestarter"],"picked":"hexamod:SwordOfDarkness","floor":17}],"player_experience":208716,"relics_obtained":[{"floor":3,"key":"Lizard Tail"},{"floor":5,"key":"White Beast Statue"},{"floor":9,"key":"Golden Egg"},{"floor":11,"key":"infinitespire:ShieldingShard"},{"floor":12,"key":"Pocketwatch"}],"event_choices":[],"is_beta":false,"boss_relics":[],"items_purged_floors":[4,16],"is_endless":false,"potions_floor_spawned":[2,5,8,12,14,15,16,17],"killed_by":"WA_ARCHETYPE_RETAIN","ascension_level":1}}