{"host":"9cg5yfdc0e9lbp3z","time":1612105335,"event":{"mods":["AchievementEnabler","BaseMod","Colored Map","Colored Powertips","DeckTracker","Minty Spire (QoL Compilation)"],"gold_per_floor":[113,113,128,128,151,167,167,185,185,221,221,221,234,259,259,389,389,408,362,461,461,481,481,481,501,501,514,514,529,574,574,574,698,698,718,36,55,55,71,71,87,87,165,184,202,223,241,48,48,48,48,48,1,32,32,32],"floor_reached":55,"language":"ENG","playtime":4966,"items_purged":[],"score":727,"play_id":"4e67f376-a956-43b5-a6e9-33e7fe6421ca","local_time":"20210131100215","is_ascension_mode":false,"campfire_choices":[{"data":"TalkToTheHand","floor":7,"key":"SMITH"},{"floor":15,"key":"RECALL"},{"data":"Eruption","floor":23,"key":"SMITH"},{"data":"DevaForm","floor":32,"key":"SMITH"},{"data":"Mind Blast","floor":40,"key":"SMITH"},{"data":"Vigilance","floor":42,"key":"SMITH"},{"data":"FlurryOfBlows","floor":49,"key":"SMITH"},{"data":"FlurryOfBlows","floor":52,"key":"SMITH"}],"circlet_count":0,"master_deck":["Defend_P","Defend_P","Defend_P","Defend_P","Eruption+1","Vigilance+1","EmptyBody","Injury","TalkToTheHand+1","ConjureBlade","Swift Strike","SandsOfTime","Tantrum","CarveReality","FlurryOfBlows+1","FlurryOfBlows","EmptyBody","DevaForm+1","Protect+1","Halt","Bite","Bite+1","Bite","Bite","Bite","WheelKick+1","Necronomicurse","FollowUp","DeusExMachina","SashWhip+1","Blasphemy","Mind Blast+1","FlurryOfBlows+1","LikeWater","Swivel","Mind Blast+1","SashWhip+1","Halt","ClearTheMind+1","SashWhip+1","Prostrate","JustLucky+1"],"relics":["Coffee Dripper","Golden Idol","Gambling Chip","Gremlin Horn","Incense Burner","SlaversCollar","Necronomicon","MutagenicStrength","Anchor","Busted Crown","Bag of Marbles","OrangePellets","Molten Egg 2","Whetstone","Bronze Scales"],"acts_visited":["Exordium","TheCity","TheBeyond","TheEnding"],"potions_floor_usage":[31,33,54,55,55],"damage_taken":[{"damage":0,"enemies":"Small Slimes","floor":1,"turns":4},{"damage":1,"enemies":"Jaw Worm","floor":3,"turns":5},{"damage":0,"enemies":"Cultist","floor":5,"turns":3},{"damage":5,"enemies":"Looter","floor":6,"turns":3},{"damage":2,"enemies":"2 Fungi Beasts","floor":8,"turns":4},{"damage":2,"enemies":"Lagavulin","floor":10,"turns":7},{"damage":15,"enemies":"Exordium Thugs","floor":13,"turns":5},{"damage":0,"enemies":"Blue Slaver","floor":14,"turns":2},{"damage":25,"enemies":"Hexaghost","floor":16,"turns":7},{"damage":0,"enemies":"Spheric Guardian","floor":18,"turns":2},{"damage":0,"enemies":"2 Thieves","floor":22,"turns":5},{"damage":16,"enemies":"Snake Plant","floor":25,"turns":3},{"damage":0,"enemies":"Snecko","floor":27,"turns":2},{"damage":5,"enemies":"Cultist and Chosen","floor":29,"turns":4},{"damage":0,"enemies":"Centurion and Healer","floor":31,"turns":2},{"damage":23,"enemies":"Champ","floor":33,"turns":6},{"damage":2,"enemies":"Orb Walker","floor":35,"turns":3},{"damage":0,"enemies":"3 Darklings","floor":37,"turns":1},{"damage":8,"enemies":"Writhing Mass","floor":39,"turns":4},{"damage":0,"enemies":"Spire Growth","floor":41,"turns":1},{"damage":0,"enemies":"Maw","floor":44,"turns":5},{"damage":0,"enemies":"Jaw Worm Horde","floor":45,"turns":2},{"damage":6,"enemies":"Writhing Mass","floor":46,"turns":2},{"damage":0,"enemies":"Sphere and 2 Shapes","floor":47,"turns":2},{"damage":10,"enemies":"Donu and Deca","floor":50,"turns":6},{"damage":57,"enemies":"Shield and Spear","floor":54,"turns":7},{"damage":81,"enemies":"The Heart","floor":55,"turns":2}],"seed_played":"-5411670620631425694","potions_obtained":[{"floor":6,"key":"LiquidMemories"},{"floor":13,"key":"Explosive Potion"},{"floor":14,"key":"SmokeBomb"},{"floor":16,"key":"Dexterity Potion"},{"floor":22,"key":"FearPotion"},{"floor":33,"key":"Regen Potion"},{"floor":41,"key":"DuplicationPotion"},{"floor":47,"key":"FairyPotion"},{"floor":54,"key":"LiquidMemories"}],"is_trial":false,"path_per_floor":["M","?","M","?","M","M","R","M","T","E","?","?","M","M","R","B",null,"M","$","?","?","M","R","?","M","T","M","?","M","T","M","R","B",null,"M","$","M","?","M","R","M","R","T","M","M","M","M","$","R","B",null,"R","$","E","B"],"character_chosen":"WATCHER","items_purchased":["Halt","Mind Blast","Bag of Marbles","OrangePellets","FlurryOfBlows","LikeWater","Swivel","SmokeBomb","Whetstone","Prostrate","JustLucky+1"],"campfire_rested":0,"item_purchase_floors":[19,36,36,36,36,36,36,36,48,48,53],"current_hp_per_floor":[72,72,71,71,71,66,66,64,64,62,67,67,52,52,52,27,77,77,77,77,53,53,53,37,25,25,27,27,30,30,30,30,17,53,51,51,53,53,47,47,47,47,47,53,53,49,51,51,51,46,53,53,53,20,0,0],"gold":32,"neow_bonus":"BOSS_RELIC","is_daily":false,"chose_seed":false,"campfire_upgraded":7,"win_rate":0.0,"timestamp":1612105335,"path_taken":["M","?","M","?","?","M","R","M","T","E","?","?","?","M","R","BOSS","M","$","?","?","M","R","?","M","T","M","?","M","?","M","R","BOSS","M","$","M","?","M","R","?","R","T","M","M","M","M","?","R","BOSS","R","$","E","BOSS"],"items_purchased_type":["Card","Card","Relic","Relic","Card","Card","Card","Potion","Relic","Card","Card"],"build_version":"2020-12-22","purchased_purges":0,"victory":false,"max_hp_per_floor":[72,72,72,72,72,72,72,72,72,72,77,77,77,77,77,77,77,77,77,77,53,53,53,53,53,53,53,53,53,53,53,53,53,53,53,53,53,53,53,53,53,53,53,53,53,53,53,53,53,53,53,53,53,53,53,53],"card_choices":[{"not_picked":["BowlingBash","CutThroughFate"],"picked":"EmptyBody","floor":1},{"not_picked":["Prostrate","Fasting2"],"picked":"TalkToTheHand","floor":3},{"not_picked":["WheelKick","Sanctity"],"picked":"SandsOfTime","floor":5},{"not_picked":["MasterReality","Swivel"],"picked":"Tantrum","floor":6},{"not_picked":["Fasting2","Weave"],"picked":"CarveReality","floor":8},{"not_picked":["WreathOfFlame","Protect"],"picked":"FlurryOfBlows","floor":10},{"not_picked":["Prostrate","BowlingBash"],"picked":"FlurryOfBlows","floor":13},{"not_picked":["JustLucky","CutThroughFate"],"picked":"EmptyBody","floor":14},{"not_picked":["LessonLearned","Devotion"],"picked":"DevaForm","floor":16},{"not_picked":["CrushJoints","Halt"],"picked":"Protect+1","floor":18},{"not_picked":["JustLucky","SashWhip"],"picked":"WheelKick+1","floor":22},{"not_picked":["Swivel","Meditate+1"],"picked":"FollowUp","floor":25},{"not_picked":["Consecrate+1","Swivel"],"picked":"DeusExMachina","floor":27},{"not_picked":["Prostrate+1","Collect+1"],"picked":"SashWhip+1","floor":29},{"not_picked":["ConjureBlade","Brilliance"],"picked":"Blasphemy","floor":33},{"not_picked":["BowlingBash"],"picked":"SKIP","floor":35},{"not_picked":["Vengeance+1"],"picked":"SKIP","floor":37},{"not_picked":["FearNoEvil"],"picked":"SKIP","floor":39},{"not_picked":["Meditate"],"picked":"SKIP","floor":41},{"not_picked":[],"picked":"SashWhip+1","floor":44},{"not_picked":[],"picked":"Halt","floor":45},{"not_picked":[],"picked":"ClearTheMind+1","floor":46},{"not_picked":[],"picked":"SashWhip+1","floor":47},{"not_picked":["CutThroughFate+1"],"picked":"SKIP","floor":54}],"player_experience":43087,"relics_obtained":[{"floor":9,"key":"Gambling Chip"},{"floor":10,"key":"Gremlin Horn"},{"floor":24,"key":"Necronomicon"},{"floor":30,"key":"Anchor"},{"floor":43,"key":"Molten Egg 2"},{"floor":54,"key":"Bronze Scales"}],"event_choices":[{"damage_healed":0,"gold_gain":0,"player_choice":"Take Wound","damage_taken":0,"relics_obtained":["Golden Idol"],"max_hp_gain":0,"max_hp_loss":0,"event_name":"Golden Idol","floor":2,"gold_loss":0,"cards_obtained":["Injury"]},{"damage_healed":0,"gold_gain":0,"player_choice":"2 cards matched","damage_taken":0,"max_hp_gain":0,"max_hp_loss":0,"event_name":"Match and Keep!","floor":4,"gold_loss":0,"cards_obtained":["ConjureBlade","Swift Strike"]},{"damage_healed":0,"gold_gain":0,"player_choice":"Donut","damage_taken":0,"max_hp_gain":5,"max_hp_loss":0,"event_name":"Big Fish","floor":11,"gold_loss":0},{"damage_healed":0,"gold_gain":0,"player_choice":"Gave Potion","damage_taken":0,"relics_obtained":["Incense Burner"],"max_hp_gain":0,"max_hp_loss":0,"event_name":"WeMeetAgain","floor":12,"gold_loss":0},{"damage_healed":0,"gold_gain":99,"player_choice":"Stole From Cult","damage_taken":0,"max_hp_gain":0,"max_hp_loss":0,"event_name":"Nest","floor":20,"gold_loss":0},{"damage_healed":0,"gold_gain":0,"player_choice":"Became a vampire","damage_taken":0,"max_hp_gain":0,"max_hp_loss":24,"event_name":"Vampires","floor":21,"gold_loss":0,"cards_obtained":["Bite","Bite","Bite","Bite","Bite"]},{"damage_healed":0,"gold_gain":0,"player_choice":"Obtained Book","damage_taken":16,"max_hp_gain":0,"max_hp_loss":0,"event_name":"Cursed Tome","floor":24,"gold_loss":0},{"damage_healed":0,"gold_gain":0,"player_choice":"Inject Mutagens","damage_taken":0,"relics_obtained":["MutagenicStrength"],"max_hp_gain":0,"max_hp_loss":0,"event_name":"Drug Dealer","floor":28,"gold_loss":0},{"damage_healed":0,"gold_gain":0,"player_choice":"Copied","damage_taken":0,"max_hp_gain":0,"max_hp_loss":0,"event_name":"Duplicator","floor":38,"gold_loss":0,"cards_obtained":["Mind Blast"]}],"is_beta":false,"boss_relics":[{"not_picked":["Philosopher\u0027s Stone","Velvet Choker"],"picked":"SlaversCollar"},{"not_picked":["Cursed Key","Fusion Hammer"],"picked":"Busted Crown"}],"items_purged_floors":[],"is_endless":false,"potions_floor_spawned":[6,13,14,16,22,25,31,33,41,44,45,47,54],"killed_by":"The Heart","ascension_level":0}}