{"host":"6rz02yiipefhcw4r","time":1612076855,"event":{"mods":["2.2 Compatiblity","Arknights","BaseMod","Better Match","Better Third Choice","Better Vampires","BetterRewards","Block Reminder","Colored Map","Curses Come First","DeckTracker","Googly Eyes","Hubris","Minty Spire (QoL Compilation)","Quick Restart","Rare Cards Sparkle","Reliquary","Replay The Spire","Shade Mod","Spicy Shops","StSLib","The Bladedancer","The Cursed","The Marked","The Necromancer","The Runesmith"],"gold_per_floor":[118,18,33,33,43,76,96,96,120,138,138,172,190,206,206,285,285,297,339,355,355,424,455,473,503,526,526,526],"floor_reached":27,"language":"ENG","playtime":1488,"items_purged":[],"score":630,"play_id":"c14bdcb6-e060-4384-baa2-569aac0456f2","local_time":"20210131050735","is_ascension_mode":true,"campfire_choices":[{"floor":8.0,"key":"REST"},{"data":"Inflame","floor":11.0,"key":"SMITH"},{"floor":15.0,"key":"REST"}],"circlet_count":0,"master_deck":["AscendersBane","Strike_R","Strike_R","Strike_R","Defend_R","Defend_R","Defend_R","Bash","Twin Strike","Clothesline","True Grit","Shrug It Off","hubris:ReadiedAction","hubris:StunningStrike","Inflame+1","Battle Trance","Heavy Blade","Bludgeon","Searing Blow+1","Flex+1","hubris:SharpeningStone+1","Replay:Undeath\u0027s Touch","Demonic Infusion","Pommel Strike","ReplayTheSpireMod:Muscle Training"],"relics":["Burning Blood","NeowsBlessing","hubris:IronBody","Vajra","Replay:Towering Pillar of Hats","Replay:Grab Bag","ChewingGum","reliquary:KinkedSpring","Astrolabe","Orichalcum","reliquary:MedicineBall","Potion Belt","reliquary:Aerogel","ReplayFunnel"],"acts_visited":["Exordium","TheCity"],"potions_floor_usage":[],"damage_taken":[{"damage":0.0,"enemies":"2 Louse","floor":1.0,"turns":1.0},{"damage":0.0,"enemies":"Cultist","floor":3.0,"turns":1.0},{"damage":0.0,"enemies":"Small Slimes","floor":5.0,"turns":1.0},{"damage":53.0,"enemies":"3 Sentries","floor":6.0,"turns":16.0},{"damage":14.0,"enemies":"Exordium Wildlife","floor":7.0,"turns":5.0},{"damage":5.0,"enemies":"Blue Slaver","floor":10.0,"turns":5.0},{"damage":16.0,"enemies":"Gremlin Nob","floor":12.0,"turns":4.0},{"damage":20.0,"enemies":"Red Slaver","floor":13.0,"turns":4.0},{"damage":4.0,"enemies":"Exordium Wildlife","floor":14.0,"turns":6.0},{"damage":0.0,"enemies":"Fading Forest","floor":16.0,"turns":13.0},{"damage":9.0,"enemies":"Chosen","floor":18.0,"turns":4.0},{"damage":7.0,"enemies":"3 Byrds","floor":20.0,"turns":6.0},{"damage":11.0,"enemies":"Slavers","floor":23.0,"turns":6.0},{"damage":9.0,"enemies":"Sentry and Sphere","floor":24.0,"turns":4.0},{"damage":42.0,"enemies":"Gremlin Leader","floor":25.0,"turns":5.0},{"damage":0,"enemies":"Book of Stabbing","floor":27,"turns":1}],"seed_played":"-2704197480884633434","potions_obtained":[{"floor":4.0,"key":"CultistPotion"},{"floor":4.0,"key":"CultistPotion"},{"floor":19.0,"key":"Adrenaline Potion"},{"floor":19.0,"key":"FairyPotion"}],"is_trial":false,"path_per_floor":["M","$","M","?","M","E","M","R","T","M","R","E","M","M","R","B",null,"M","?","M","?","T","E","M","E","T","E"],"character_chosen":"IRONCLAD","items_purchased":["Clothesline","True Grit"],"campfire_rested":2,"item_purchase_floors":[2,2],"current_hp_per_floor":[74,74,75,75,75,28,20,42,42,43,43,33,19,21,43,57,71,68,68,67,67,67,62,59,23,23,23,23],"gold":526,"neow_bonus":"THREE_ENEMY_KILL","is_daily":false,"chose_seed":false,"campfire_upgraded":1,"win_rate":0.0,"timestamp":1612076855,"path_taken":["M","$","M","?","?","E","M","R","T","M","R","E","M","?","R","BOSS","M","?","?","?","?","E","M","E","T","E"],"items_purchased_type":["Card","Card"],"build_version":"2020-12-22","purchased_purges":0,"victory":false,"max_hp_per_floor":[75,75,75,75,75,75,75,75,75,75,75,75,75,75,75,75,75,75,75,75,75,75,75,75,75,75,75,75],"card_choices":[{"not_picked":["Heavy Blade","ReplayTheSpireMod:Limb From Limb"],"picked":"Twin Strike","floor":1.0},{"not_picked":["Hemokinesis","Havoc","Thunderclap"],"picked":"SKIP","floor":3.0},{"not_picked":["Clothesline","Inflame"],"picked":"Shrug It Off","floor":5.0},{"not_picked":["Twin Strike","Cleave"],"picked":"hubris:ReadiedAction","floor":6.0},{"not_picked":["Wild Strike","Dropkick"],"picked":"hubris:StunningStrike","floor":7.0},{"not_picked":["Clothesline","Dark Embrace"],"picked":"Inflame","floor":10.0},{"not_picked":["Wild Strike","Clothesline","hubris:SharpeningStone"],"picked":"SKIP","floor":12.0},{"not_picked":["Body Slam","Thunderclap"],"picked":"Battle Trance","floor":13.0},{"not_picked":["Intimidate","Headbutt"],"picked":"Heavy Blade","floor":14.0},{"not_picked":["Berserk","Reaper"],"picked":"Bludgeon","floor":16.0},{"not_picked":["Dark Embrace","Run Through","ReplayTheSpireMod:Strike From Hell"],"picked":"SKIP","floor":18.0},{"not_picked":["Thunderclap","Armaments"],"picked":"Replay:Undeath\u0027s Touch","floor":20.0},{"not_picked":["Flex","Dark Embrace"],"picked":"Demonic Infusion","floor":23.0},{"not_picked":["Clash","Twin Strike"],"picked":"Pommel Strike","floor":24.0},{"not_picked":["ReplayTheSpireMod:Strike From Hell","Sword Boomerang+1"],"picked":"ReplayTheSpireMod:Muscle Training","floor":25.0}],"player_experience":777510,"relics_obtained":[{"floor":6.0,"key":"hubris:IronBody"},{"floor":9.0,"key":"Vajra"},{"floor":12.0,"key":"Replay:Towering Pillar of Hats"},{"floor":19.0,"key":"Orichalcum"},{"floor":22.0,"key":"reliquary:MedicineBall"},{"floor":23.0,"key":"Potion Belt"},{"floor":25.0,"key":"reliquary:Aerogel"},{"floor":26.0,"key":"ReplayFunnel"}],"event_choices":[{"damage_healed":0.0,"max_hp_gain":0.0,"max_hp_loss":0.0,"gold_gain":0.0,"event_name":"Lab","player_choice":"Got Potions","floor":4.0,"gold_loss":0.0,"damage_taken":0.0},{"cards_removed":["Pain"],"damage_healed":0.0,"max_hp_gain":0.0,"max_hp_loss":0.0,"gold_gain":0.0,"event_name":"betterThird:BetterWriting","player_choice":"Elegance","floor":21.0,"gold_loss":0.0,"damage_taken":0.0}],"is_beta":false,"boss_relics":[{"not_picked":["Replay:Bronze Core","reliquary:RedPaperclip"],"picked":"Replay:Grab Bag"},{"not_picked":["Mark of Pain","Philosopher\u0027s Stone"],"picked":"ChewingGum"},{"not_picked":["ReplayTheSpireMod:DimensionalGlitch","Abe\u0027s Treasure"],"picked":"reliquary:KinkedSpring"},{"not_picked":["Runic Cube","SacredBark"],"picked":"Astrolabe"}],"items_purged_floors":[],"is_endless":false,"potions_floor_spawned":[6,7,10,14,20],"killed_by":"Book of Stabbing","ascension_level":20}}