{"host":"2se5dq1do2gp0x9k","time":1612063342,"event":{"mods":["AchievementEnabler","BaseMod","Block Reminder","Colored Map","Colored Powertips","Minty Spire (QoL Compilation)","Relic Stats","StSLib","SuperFastMode"],"gold_per_floor":[113,125,145,145,145,15,45,45,69,69,69,29,29,29],"floor_reached":13,"language":"ENG","playtime":254,"items_purged":["Defend_P"],"score":154,"play_id":"9709522e-2238-41da-9d43-550cad759e53","local_time":"20210130192222","is_ascension_mode":true,"campfire_choices":[{"floor":10,"key":"REST"}],"circlet_count":0,"master_deck":["AscendersBane","Strike_P","Strike_P","Strike_P","Strike_P","Defend_P","Defend_P","Eruption","Vigilance","FlurryOfBlows","Vengeance","Meditate","ThirdEye","FlurryOfBlows","Fasting2"],"relics":["PureWater","NeowsBlessing","Art of War","Nunchaku","StrikeDummy"],"acts_visited":["Exordium"],"potions_floor_usage":[7],"damage_taken":[{"damage":0,"enemies":"Jaw Worm","floor":1,"turns":1},{"damage":0,"enemies":"2 Louse","floor":2,"turns":1},{"damage":0,"enemies":"Cultist","floor":3,"turns":1},{"damage":45,"enemies":"3 Sentries","floor":7,"turns":6},{"damage":42,"enemies":"Gremlin Nob","floor":13,"turns":3}],"seed_played":"3249202774679951847","potions_obtained":[{"floor":1,"key":"SteroidPotion"},{"floor":2,"key":"PowerPotion"}],"is_trial":false,"path_per_floor":["M","M","M","?","?","$","E","?","T","R","T","$","E"],"character_chosen":"WATCHER","items_purchased":["ThirdEye","Fasting2"],"campfire_rested":1,"item_purchase_floors":[6,12],"current_hp_per_floor":[61,61,61,54,59,59,14,14,14,35,35,35,0,0],"gold":29,"neow_bonus":"THREE_ENEMY_KILL","is_daily":false,"chose_seed":false,"campfire_upgraded":0,"win_rate":0.0,"timestamp":1612063342,"path_taken":["M","M","M","?","?","$","E","?","T","R","?","?","E"],"items_purchased_type":["Card","Card"],"build_version":"2020-12-22","purchased_purges":1,"victory":false,"max_hp_per_floor":[68,68,68,68,73,73,73,73,73,73,73,73,73,73],"relic_stats":{"Nunchaku":[0],"counters":[5,12],"Art of War":[0],"obtain_stats":[{"Nunchaku":9,"NeowsBlessing":0,"Art of War":7,"PureWater":0,"StrikeDummy":11},{"Nunchaku":4,"NeowsBlessing":0,"Art of War":4,"PureWater":0,"StrikeDummy":4},{"Nunchaku":9,"NeowsBlessing":0,"Art of War":9,"PureWater":0,"StrikeDummy":9}]},"card_choices":[{"not_picked":["Indignation","Swivel"],"picked":"FlurryOfBlows","floor":1},{"not_picked":["Halt","Evaluate"],"picked":"Vengeance","floor":2},{"not_picked":["Crescendo","Protect"],"picked":"Meditate","floor":3},{"not_picked":["SashWhip","FollowUp"],"picked":"FlurryOfBlows","floor":7}],"player_experience":4008471,"relics_obtained":[{"floor":7,"key":"Art of War"},{"floor":9,"key":"Nunchaku"},{"floor":11,"key":"StrikeDummy"}],"event_choices":[{"cards_removed":["Defend_P"],"damage_healed":0,"gold_gain":0,"player_choice":"Card Removal","damage_taken":7,"max_hp_gain":0,"max_hp_loss":0,"event_name":"Golden Wing","floor":4,"gold_loss":0},{"damage_healed":0,"gold_gain":0,"player_choice":"Donut","damage_taken":0,"max_hp_gain":5,"max_hp_loss":0,"event_name":"Big Fish","floor":5,"gold_loss":0},{"damage_healed":0,"gold_gain":0,"player_choice":"Ignored","damage_taken":0,"max_hp_gain":0,"max_hp_loss":0,"event_name":"Shining Light","floor":8,"gold_loss":0}],"is_beta":false,"boss_relics":[],"items_purged_floors":[6],"is_endless":false,"potions_floor_spawned":[1,2,3],"killed_by":"Gremlin Nob","ascension_level":18}}