{"host":"1z4hbl9vfqrhg136","time":1612055007,"event":{"mods":["BaseMod","Minty Spire (QoL Compilation)"],"gold_per_floor":[109,109,109,34,6,6,32,32,57,69,86,115,115,115,115,115,115],"floor_reached":16,"language":"ENG","playtime":921,"items_purged":[],"score":212,"play_id":"5ceaa4ff-0639-4cab-b3f7-834be25cb18f","local_time":"20210131010327","is_ascension_mode":true,"campfire_choices":[{"data":"Neutralize","floor":6,"key":"SMITH"},{"floor":8,"key":"REST"},{"data":"Predator","floor":13,"key":"SMITH"},{"floor":15,"key":"REST"}],"circlet_count":0,"master_deck":["AscendersBane","Strike_G","Strike_G","Strike_G","Strike_G","Defend_G","Defend_G","Defend_G","Defend_G","Survivor","Neutralize+1","Envenom","Leg Sweep","Dodge and Roll","Predator+1","All Out Attack","Blade Dance","Backstab"],"relics":["Ring of the Snake","The Specimen","Oddly Smooth Stone","Juzu Bracelet","CeramicFish"],"acts_visited":["Exordium"],"potions_floor_usage":[7,16],"damage_taken":[{"damage":1,"enemies":"Cultist","floor":1,"turns":4},{"damage":40,"enemies":"Gremlin Nob","floor":7,"turns":6},{"damage":0,"enemies":"Jaw Worm","floor":10,"turns":8},{"damage":0,"enemies":"2 Louse","floor":11,"turns":2},{"damage":9,"enemies":"Lagavulin","floor":12,"turns":9},{"damage":39,"enemies":"Slime Boss","floor":16,"turns":8}],"seed_played":"8706003702807395229","potions_obtained":[{"floor":1,"key":"CunningPotion"},{"floor":10,"key":"EssenceOfSteel"}],"is_trial":false,"path_per_floor":["M","?","?","?","$","R","E","R","T","M","M","E","R","?","R","B"],"character_chosen":"THE_SILENT","items_purchased":["Dodge and Roll"],"campfire_rested":2,"item_purchase_floors":[5],"current_hp_per_floor":[58,51,51,51,51,51,11,30,30,30,30,21,21,16,35,0,0],"gold":115,"neow_bonus":"ONE_RANDOM_RARE_CARD","is_daily":false,"chose_seed":false,"campfire_upgraded":2,"win_rate":0.0,"timestamp":1612055007,"path_taken":["M","?","?","?","$","R","E","R","T","M","M","E","R","?","R","BOSS"],"items_purchased_type":["Card"],"build_version":"2020-12-22","purchased_purges":0,"victory":false,"max_hp_per_floor":[66,66,66,66,66,66,66,66,66,66,66,66,66,66,66,66,66],"card_choices":[{"not_picked":["Dagger Throw","Backflip"],"picked":"Leg Sweep","floor":1},{"not_picked":["Setup","Deadly Poison"],"picked":"Predator","floor":7},{"not_picked":["Sucker Punch","Calculated Gamble"],"picked":"All Out Attack","floor":10},{"not_picked":["Backflip","Bane"],"picked":"Blade Dance","floor":11},{"not_picked":["Calculated Gamble","Flying Knee"],"picked":"Backstab","floor":12}],"player_experience":1929523,"relics_obtained":[{"floor":7,"key":"The Specimen"},{"floor":9,"key":"Oddly Smooth Stone"},{"floor":12,"key":"Juzu Bracelet"}],"event_choices":[{"cards_removed":["Defend_G"],"damage_healed":0,"gold_gain":0,"player_choice":"Card Removal","damage_taken":7,"max_hp_gain":0,"max_hp_loss":0,"event_name":"Golden Wing","floor":2,"gold_loss":0},{"damage_healed":0,"gold_gain":0,"player_choice":"Ignored","damage_taken":0,"max_hp_gain":0,"max_hp_loss":0,"event_name":"Liars Game","floor":3,"gold_loss":0},{"cards_removed":["Strike_G"],"damage_healed":0,"gold_gain":0,"player_choice":"Card Removal","damage_taken":0,"max_hp_gain":0,"max_hp_loss":0,"event_name":"The Cleric","floor":4,"gold_loss":75},{"damage_healed":0,"gold_gain":0,"player_choice":"Success","damage_taken":5,"relics_obtained":["CeramicFish"],"max_hp_gain":0,"max_hp_loss":0,"event_name":"Scrap Ooze","floor":14,"gold_loss":0}],"is_beta":false,"boss_relics":[],"items_purged_floors":[],"is_endless":false,"potions_floor_spawned":[1,10],"killed_by":"Slime Boss","ascension_level":20}}