{"host":"i4vlfbz13gs2xtdj","time":1612078586,"event":{"mods":["2.2 Compatiblity","AchievementEnabler","Act Like it!","Aspiration","BaseMod","Better Altar","Better Match","Better Note","Better Sensory Stone","Better Skull","Better Third Choice","BetterRewards","Colored Map","Elementarium","Energized Spire","Fox Events","Friendly Minions","GifTheSpireLib","Halation","Hubris","Infinite Spire","Jedi Mod","Minty Spire (QoL Compilation)","Pale of the Ancients","Potionbrewer","Replay The Spire","Shop Mod","Somnambulant","Spikes Relics","StSLib","Stuff the Spire","The Jungle","The Marked","The Sage","Trackpad"],"gold_per_floor":[109,188,188,213,229,229,259,6,33,47,62,88,114,132,132,233,310,323,335,335,335,355,387,387,413,490,16,16,32,32,32,32,67,67,164,241,253,304,304,317,6,39,54,72,149,149,184,184,198,46,46,46,46,46,46,81,81],"floor_reached":58,"language":"ENG","playtime":6141,"items_purged":["potionbrewer:PotionbrewerStrike","ReplayTheSpireMod:Splinters","potionbrewer:PotionbrewerStrike"],"score":1541,"play_id":"b81e4a90-1138-4984-8630-4fcb9965dbc8","local_time":"20210131023626","is_ascension_mode":true,"campfire_choices":[{"floor":6,"key":"REST"},{"data":"Sucker Punch","floor":15,"key":"SMITH"},{"floor":24,"key":"REST"},{"floor":32,"key":"RECALL"},{"floor":48,"key":"DIG"},{"floor":51,"key":"DIG"},{"floor":54,"key":"DIG"}],"circlet_count":0,"master_deck":["potionbrewer:PotionbrewerStrike","potionbrewer:PotionbrewerStrike","potionbrewer:PotionbrewerDefend","potionbrewer:PotionbrewerDefend","potionbrewer:PotionbrewerDefend","potionbrewer:PotionbrewerDefend","potionbrewer:Collect","Dagger Throw","potionbrewer:TwoForOne+1","potionbrewer:Backhand","potionbrewer:Toxicity","Sucker Punch+1","potionbrewer:QuickStep","potionbrewer:ChemicalSpill","potionbrewer:Brandish","potionbrewer:FlashPowder","potionbrewer:Hoarder","potionbrewer:LeftoverSpecimen","potionbrewer:ChainReaction+1","infinitespire:Collect","infinitespire:Execution","potionbrewer:LabJournal+1","infinitespire:Punishment","potionbrewer:PrivateReserves+1","potionbrewer:AnotherRound","potionbrewer:FortifiedSerum+1","Pot Of Greed","Pot Of Greed","Pot Of Greed","potionbrewer:Toxicity","potionbrewer:Catalyze+1","Iron Wave+1","Outmaneuver","infinitespire:Punishment","infinitespire:Menacing","potionbrewer:CausticBarrier+1"],"relics":["potionbrewer:PotionKit","ClockworkSouvenir","trackpad:SappingStone","trackpad:GuardianSpirit","trackpad:ZombieHeart","hubris:DisguiseKit","Orichalcum","halation:SwordOfLegend","Akabeko","Potion Belt","potionbrewer:Keyblade","infinitespire:Lucky Rock","StuffTheSpire:Mouthbags","foxEvents:LuckyCharm","jedi:hotpepper","Blue Doll","hubris:PeanutButter","Pocketwatch","Iron Hammer","Juzu Bracelet","MiniBlackHole","jedi:windupbox","Grinning Jar","aspiration:IroncladSkillbook","hubris:FunFungus","Shovel","Blood Vial","hubris:Icosahedron","trackpad:ToughGloves","sagemod:Blowpipe","Guide Book","hubris:Zylophone","hubris:DeckOfHolding","Toy Ornithopter"],"acts_visited":["Exordium","Exordium","TheBeyond","TheEnding"],"potions_floor_usage":[1,5,7,10,11,12,12,12,12,14,16,16,16,16,16,18,18,19,19,19,19,20,22,22,23,23,23,25,33,33,35,35,35,35,38,38,42,43,43,44,47,47,49,52,52,52,52,52,57,57,57],"damage_taken":[{"damage":1,"enemies":"Small Slimes","floor":1,"turns":4},{"damage":10,"enemies":"Jaw Worm","floor":5,"turns":5},{"damage":27,"enemies":"Gremlin Nob","floor":7,"turns":5},{"damage":1,"enemies":"2 Louse","floor":10,"turns":2},{"damage":1,"enemies":"Blue Slaver","floor":11,"turns":2},{"damage":12,"enemies":"Lagavulin","floor":12,"turns":6},{"damage":6,"enemies":"Colosseum Slavers","floor":13,"turns":3},{"damage":11,"enemies":"Large Slime","floor":14,"turns":5},{"damage":12,"enemies":"Fading Forest","floor":16,"turns":11},{"damage":5,"enemies":"theJungle:Flameango_and_Byrd","floor":18,"turns":6},{"damage":2,"enemies":"theJungle:GiantWrat","floor":19,"turns":4},{"damage":0,"enemies":"theJungle:JungleHuntersEncounter","floor":20,"turns":2},{"damage":24,"enemies":"theJungle:Snecko_Cultist_And_Trap","floor":22,"turns":4},{"damage":31,"enemies":"Nightmare","floor":23,"turns":7},{"damage":12,"enemies":"theJungle:2_Phrogs","floor":25,"turns":5},{"damage":0,"enemies":"theJungle:Lyon","floor":29,"turns":2},{"damage":0,"enemies":"theJungle:MamaSnecko","floor":33,"turns":3},{"damage":0,"enemies":"theJungle:QueenSpyder","floor":35,"turns":4},{"damage":0,"enemies":"3 Shapes","floor":37,"turns":3},{"damage":22,"enemies":"2 Orb Walkers","floor":38,"turns":4},{"damage":0,"enemies":"Orb Walker","floor":40,"turns":2},{"damage":6,"enemies":"Nightmare","floor":42,"turns":3},{"damage":0,"enemies":"Spire Growth","floor":43,"turns":3},{"damage":23,"enemies":"4 Shapes","floor":44,"turns":4},{"damage":0,"enemies":"R_Hoarder","floor":47,"turns":5},{"damage":0,"enemies":"Jaw Worm Horde","floor":49,"turns":4},{"damage":12,"enemies":"Replay:Hell Engine","floor":52,"turns":6},{"damage":0,"enemies":"Shield and Spear","floor":56,"turns":4},{"damage":59,"enemies":"The Heart","floor":57,"turns":6}],"seed_played":"2903373985144187471","potions_obtained":[{"floor":2,"key":"Milkshake"},{"floor":7,"key":"GamblersBrew"},{"floor":11,"key":"BlessingOfTheForge"},{"floor":13,"key":"Dexterity Potion"},{"floor":14,"key":"potionbrewer:CleansingPotion"},{"floor":18,"key":"Explosive Potion"},{"floor":19,"key":"Regen Potion"},{"floor":25,"key":"FearPotion"},{"floor":34,"key":"PowerPotion"},{"floor":34,"key":"jedi:holywater"},{"floor":38,"key":"Fire Potion"},{"floor":42,"key":"Block Potion"},{"floor":47,"key":"ColorlessPotion"},{"floor":56,"key":"GamblersBrew"}],"is_trial":false,"path_per_floor":["M","?","?","T","M","R","E","$","T","M","M","E","?","M","R","B",null,"M","M","M","AVR","M","NM","R","E","T","$","?","M","PTL","PTL","R","E","R_BF","B",null,"M","?","?","M","$","NM","M","M","T","?","E","R","M","$","R","B",null,"R","$","E","B",null],"character_chosen":"POTIONBREWER","items_purchased":["ClockworkSouvenir","trackpad:SappingStone","trackpad:GuardianSpirit","hubris:DisguiseKit","Orichalcum","potionbrewer:Keyblade","Juzu Bracelet","MiniBlackHole","jedi:windupbox","potionbrewer:FortifiedSerum+1","Shovel","Guide Book"],"campfire_rested":2,"item_purchase_floors":[0,0,0,0,0,8,27,27,27,27,41,50],"current_hp_per_floor":[28,28,28,28,19,48,22,22,22,23,23,12,8,25,37,35,65,62,61,61,61,44,14,53,43,43,43,47,48,48,48,54,55,58,59,76,79,63,63,68,68,67,74,61,61,61,69,89,92,92,92,85,93,93,93,95,53],"gold":81,"neow_bonus":"","is_daily":false,"chose_seed":false,"campfire_upgraded":1,"win_rate":0.0,"timestamp":1612078586,"path_taken":["M","?","?","?","M","R","E","$","T","M","?","E","?","M","R","BOSS","M","M","M","AVR","M","NM","R","E","T","$","?","M","PTL","PTL","R","E","R_BF","BOSS","M","?","?","M","$","NM","M","M","T","?","E","R","M","$","R","BOSS","R","$","E","BOSS"],"items_purchased_type":["Relic","Relic","Relic","Relic","Relic","Relic","Relic","Relic","Relic","Card","Relic","Relic"],"build_version":"2020-12-22","purchased_purges":3,"victory":true,"max_hp_per_floor":[77,77,77,77,78,78,79,79,79,81,82,83,85,87,87,87,65,67,68,68,68,70,71,71,73,73,73,73,74,74,74,74,75,75,76,76,79,81,81,82,82,83,84,88,88,88,89,89,92,92,92,93,93,93,93,95,96],"card_choices":[{"not_picked":["potionbrewer:QuickStep","potionbrewer:VolatileSolution","potionbrewer:Brandish","StuffTheSpire:Shiver"],"picked":"SKIP","floor":1},{"not_picked":["potionbrewer:FlareUp","potionbrewer:PrivateReserves","potionbrewer:DigDeep"],"picked":"Dagger Throw","floor":2},{"not_picked":["potionbrewer:Discombobulate","potionbrewer:UnstableFormula","hubris:SlightOfHand"],"picked":"potionbrewer:Backhand","floor":5},{"not_picked":["potionbrewer:UnstableFormula","potionbrewer:CausticBarrier","Outmaneuver"],"picked":"potionbrewer:Toxicity","floor":7},{"not_picked":["potionbrewer:TestSubject","potionbrewer:CausticBarrier","potionbrewer:Biohazard"],"picked":"Sucker Punch","floor":10},{"not_picked":["potionbrewer:LabAccident","potionbrewer:FortifiedSerum","Sucker Punch"],"picked":"potionbrewer:QuickStep","floor":11},{"not_picked":["potionbrewer:EquivalentExchange","potionbrewer:TimeBomb","PiercingWail"],"picked":"potionbrewer:Brandish","floor":12},{"not_picked":["potionbrewer:IronHeart","potionbrewer:ChemicalShroud","StuffTheSpire:Injection"],"picked":"potionbrewer:FlashPowder","floor":14},{"not_picked":["potionbrewer:Accelerant","potionbrewer:Bribery","jedi:rejectivetoxin"],"picked":"potionbrewer:Hoarder","floor":16},{"not_picked":["potionbrewer:ChemicalRage","potionbrewer:BlindingSpray","Poisoned Stab","potionbrewer:Prototype"],"picked":"potionbrewer:LeftoverSpecimen","floor":18},{"not_picked":["potionbrewer:ExplosiveReaction","potionbrewer:CausticBarrier","Cloak And Dagger","potionbrewer:Prototype"],"picked":"potionbrewer:ChainReaction+1","floor":19},{"not_picked":["potionbrewer:OneTwoPunch","potionbrewer:FlashPowder","PiercingWail"],"picked":"potionbrewer:LabJournal+1","floor":22},{"not_picked":["infinitespire:Execution","infinitespire:SevenWalls"],"picked":"infinitespire:Punishment","floor":23},{"not_picked":["potionbrewer:MicrobeSpray","potionbrewer:BlindingSpray+1","StuffTheSpire:Sprint","potionbrewer:Prototype"],"picked":"potionbrewer:PrivateReserves+1","floor":23},{"not_picked":["potionbrewer:TestFormula","potionbrewer:TestSubject+1","infinitespire:Neurotoxin","potionbrewer:Prototype"],"picked":"potionbrewer:AnotherRound","floor":25},{"not_picked":["potionbrewer:TimeBomb+1","potionbrewer:OneTwoPunch","potionbrewer:UnstableFormula","Poisoned Stab","potionbrewer:Prototype"],"picked":"SKIP","floor":29},{"not_picked":["potionbrewer:UnstableFormula","potionbrewer:LabAccident","Sucker Punch","potionbrewer:Prototype"],"picked":"potionbrewer:Toxicity","floor":33},{"not_picked":["potionbrewer:BeatDown","potionbrewer:Transmute","Doppelganger"],"picked":"potionbrewer:Catalyze","floor":35},{"not_picked":["Flex+1","potionbrewer:ChemicalRage","potionbrewer:ChainReaction+1","Deflect"],"picked":"Iron Wave+1","floor":37},{"not_picked":["potionbrewer:CrossReference+1","StuffTheSpire:Pyroclast+1","potionbrewer:CausticBarrier+1","StuffTheSpire:Incineration","potionbrewer:Prototype"],"picked":"Outmaneuver","floor":38},{"not_picked":["Anger+1","jedi:hate+1","potionbrewer:Brandish","Life Link","Endless Agony","potionbrewer:Prototype"],"picked":"SKIP","floor":40},{"not_picked":["infinitespire:Fortify","infinitespire:Oblivion"],"picked":"infinitespire:Menacing","floor":42},{"not_picked":["ReplayReversal+1","potionbrewer:TestFormula","Fire Breathing+1","StuffTheSpire:ClusterCrunch"],"picked":"potionbrewer:CausticBarrier+1","floor":42},{"not_picked":["Rage+1","potionbrewer:QuickStep+1","StuffTheSpire:Slingshot+1","potionbrewer:CausticBarrier","Sucker Punch"],"picked":"SKIP","floor":43},{"not_picked":["ReplayTheSpireMod:Corrosion Curse","potionbrewer:Brandish","jedi:suffering","Flex+1","ReplayTheSpireMod:Speed Training"],"picked":"SKIP","floor":44},{"not_picked":["Sever Soul+1","StuffTheSpire:TitanForm","Replay:Many Hands","potionbrewer:Contingency","All Out Attack","potionbrewer:Prototype"],"picked":"SKIP","floor":47},{"not_picked":["potionbrewer:Spark+1","Warcry+1","ReplayTheSpireMod:Muscle Training","Armaments+1","Underhanded Strike","potionbrewer:Prototype"],"picked":"SKIP","floor":49},{"not_picked":["Shrug It Off+1","Havoc","Warcry+1","Life Link","Acrobatics","potionbrewer:Prototype"],"picked":"SKIP","floor":56}],"player_experience":242133,"relics_obtained":[{"floor":4,"key":"Akabeko"},{"floor":7,"key":"Potion Belt"},{"floor":9,"key":"infinitespire:Lucky Rock"},{"floor":12,"key":"StuffTheSpire:Mouthbags"},{"floor":13,"key":"foxEvents:LuckyCharm"},{"floor":23,"key":"hubris:PeanutButter"},{"floor":25,"key":"Pocketwatch"},{"floor":26,"key":"Iron Hammer"},{"floor":33,"key":"Grinning Jar"},{"floor":38,"key":"hubris:FunFungus"},{"floor":42,"key":"Blood Vial"},{"floor":47,"key":"trackpad:ToughGloves"},{"floor":48,"key":"sagemod:Blowpipe"},{"floor":51,"key":"hubris:Zylophone"},{"floor":54,"key":"hubris:DeckOfHolding"},{"floor":56,"key":"Toy Ornithopter"}],"event_choices":[{"damage_healed":0,"gold_gain":1,"player_choice":"4","damage_taken":0,"max_hp_gain":0,"max_hp_loss":0,"event_name":"betterStone:BetterStone","floor":3,"gold_loss":0,"cards_obtained":["potionbrewer:TwoForOne"]},{"damage_healed":4,"gold_gain":0,"player_choice":"LEAVE ","damage_taken":0,"relics_obtained":[],"max_hp_gain":0,"max_hp_loss":0,"event_name":"betterSkull:BetterSkull","floor":28,"gold_loss":0,"cards_upgraded":[]},{"damage_healed":0,"gold_gain":0,"player_choice":"Fight","damage_taken":0,"max_hp_gain":0,"max_hp_loss":0,"event_name":"Mysterious Sphere","floor":38,"gold_loss":0},{"damage_healed":0,"gold_gain":0,"player_choice":"Copied","damage_taken":0,"max_hp_gain":0,"max_hp_loss":0,"event_name":"Duplicator","floor":39,"gold_loss":0,"cards_obtained":["infinitespire:Punishment"]}],"is_beta":false,"boss_relics":[{"not_picked":["energizedSpire:MagnifyingGlass","Pandora\u0027s Box"],"picked":"jedi:hotpepper"},{"not_picked":["hubris:HollowSoul","Painkiller Herb"],"picked":"aspiration:IroncladSkillbook"}],"items_purged_floors":[0,8,21],"is_endless":false,"potions_floor_spawned":[7,11,13,14,18,19,25,38,42,47,56],"ascension_level":1}}