{"host":"4cz9gr89nglr7k8k","time":1612123142,"event":{"mods":["BaseMod","Minty Spire (QoL Compilation)","Relic Stats","Slay-I"],"gold_per_floor":[109,109,109,124,67,67,14,14,14,14,26,26,26,39,39,114,114,126,51,69,43,43,43,70,70,70,90,90,100,117,127,127,127,127],"floor_reached":33,"language":"DEU","playtime":780,"items_purged":[],"score":510,"play_id":"45be67ae-fc21-49dd-ba54-9329598ec77a","local_time":"20210131205902","is_ascension_mode":true,"campfire_choices":[{"floor":6,"key":"REST"},{"data":"Cleave","floor":8,"key":"SMITH"},{"data":"Cleave","floor":10,"key":"SMITH"},{"data":"Spot Weakness","floor":12,"key":"SMITH"},{"data":"Flex","floor":15,"key":"SMITH"},{"floor":23,"key":"REST"},{"floor":32,"key":"REST"}],"circlet_count":0,"master_deck":["AscendersBane","Strike_R","Strike_R","Strike_R+1","Strike_R","Strike_R","Defend_R","Defend_R","Defend_R+1","Defend_R","Bash","Cleave+1","Anger","Cleave+1","Flex+1","Spot Weakness+1","Clash","Offering","Clothesline","Whirlwind","Whirlwind+1","Perfected Strike","Heavy Blade","Writhe","Clothesline","Wild Strike+1","Clothesline","Berserk"],"relics":["Burning Blood","Happy Flower","Mercury Hourglass","Champion Belt","Mark of Pain","Bottled Lightning","FossilizedHelix","White Beast Statue"],"acts_visited":["Exordium","TheCity"],"potions_floor_usage":[24,24,24,27,33,33,33],"damage_taken":[{"damage":10,"enemies":"Small Slimes","floor":1,"turns":4},{"damage":9,"enemies":"2 Louse","floor":4,"turns":2},{"damage":1,"enemies":"Cultist","floor":11,"turns":3},{"damage":10,"enemies":"Red Slaver","floor":14,"turns":2},{"damage":38,"enemies":"The Guardian","floor":16,"turns":8},{"damage":34,"enemies":"2 Thieves","floor":18,"turns":3},{"damage":22,"enemies":"Spheric Guardian","floor":20,"turns":4},{"damage":7,"enemies":"Slavers","floor":24,"turns":2},{"damage":13,"enemies":"Snecko","floor":27,"turns":4},{"damage":18,"enemies":"Snake Plant","floor":29,"turns":3},{"damage":5,"enemies":"Centurion and Healer","floor":30,"turns":3},{"damage":25,"enemies":"Sentry and Sphere","floor":31,"turns":4},{"damage":109,"enemies":"Champ","floor":33,"turns":7}],"seed_played":"-7082381851179117854","potions_obtained":[{"floor":3,"key":"Energy Potion"},{"floor":3,"key":"EntropicBrew"},{"floor":18,"key":"Strength Potion"},{"floor":27,"key":"Fruit Juice"},{"floor":29,"key":"EssenceOfSteel"},{"floor":30,"key":"EntropicBrew"}],"is_trial":false,"path_per_floor":["M","?","?","M","$","R","$","R","T","R","M","R","T","M","R","B",null,"M","$","M","$","?","R","E","?","T","M","?","M","M","M","R","B"],"character_chosen":"IRONCLAD","items_purchased":["Cleave","Flex","Whirlwind","Perfected Strike"],"campfire_rested":3,"item_purchase_floors":[5,7,19,21],"current_hp_per_floor":[64,41,41,38,38,60,60,60,60,60,65,65,65,61,61,29,64,36,36,20,20,20,42,41,41,41,39,55,43,44,25,49,0,0],"gold":127,"neow_bonus":"RANDOM_COMMON_RELIC","is_daily":false,"chose_seed":false,"campfire_upgraded":4,"win_rate":0.0,"timestamp":1612123142,"path_taken":["M","?","?","?","?","R","$","R","T","R","M","R","?","?","R","BOSS","M","$","?","?","?","R","E","?","T","M","?","M","M","M","R","BOSS"],"items_purchased_type":["Card","Card","Card","Card"],"build_version":"2020-12-22","purchased_purges":0,"victory":false,"max_hp_per_floor":[75,75,75,75,75,75,75,75,75,75,75,75,75,75,75,75,75,75,75,75,75,75,75,75,75,75,80,80,80,80,80,80,80,80],"relic_stats":{"Happy Flower":[16],"counters":[13,49],"Champion Belt":[8],"obtain_stats":[{"Happy Flower":0,"Mark of Pain":17,"Champion Belt":13,"Bottled Lightning":24,"Burning Blood":0,"FossilizedHelix":25,"White Beast Statue":26,"Mercury Hourglass":9},{"Happy Flower":0,"Mark of Pain":5,"Champion Belt":3,"Bottled Lightning":8,"Burning Blood":0,"FossilizedHelix":8,"White Beast Statue":8,"Mercury Hourglass":2},{"Happy Flower":0,"Mark of Pain":19,"Champion Belt":9,"Bottled Lightning":28,"Burning Blood":0,"FossilizedHelix":28,"White Beast Statue":28,"Mercury Hourglass":6}],"Burning Blood":72,"Mercury Hourglass":[117]},"card_choices":[{"not_picked":["Feel No Pain","True Grit"],"picked":"Cleave","floor":1},{"not_picked":["Flex","True Grit"],"picked":"Anger","floor":4},{"not_picked":["Battle Trance","Shrug It Off"],"picked":"Spot Weakness","floor":11},{"not_picked":["Rampage","Shrug It Off"],"picked":"Clash","floor":14},{"not_picked":["Corruption","Barricade"],"picked":"Offering","floor":16},{"not_picked":["Sever Soul","True Grit"],"picked":"Clothesline","floor":18},{"not_picked":["Evolve","Sentinel"],"picked":"Whirlwind+1","floor":20},{"not_picked":["Headbutt","Blood for Blood+1"],"picked":"Heavy Blade","floor":24},{"not_picked":["Headbutt","Heavy Blade"],"picked":"Clothesline","floor":27},{"not_picked":["Pommel Strike","Cleave"],"picked":"Wild Strike+1","floor":29},{"not_picked":["True Grit","Shrug It Off"],"picked":"Clothesline","floor":30},{"not_picked":["Sentinel","Heavy Blade"],"picked":"Berserk","floor":31}],"player_experience":1533045,"relics_obtained":[{"floor":9,"key":"Mercury Hourglass"},{"floor":13,"key":"Champion Belt"},{"floor":24,"key":"Bottled Lightning"},{"floor":26,"key":"White Beast Statue"}],"event_choices":[{"damage_healed":0,"gold_gain":0,"player_choice":"Entered Light","damage_taken":23,"max_hp_gain":0,"max_hp_loss":0,"event_name":"Shining Light","floor":2,"gold_loss":0,"cards_upgraded":["Strike_R","Defend_R"]},{"damage_healed":0,"gold_gain":0,"player_choice":"Got Potions","damage_taken":0,"max_hp_gain":0,"max_hp_loss":0,"event_name":"Lab","floor":3,"gold_loss":0},{"damage_healed":0,"gold_gain":0,"player_choice":"Ignored","damage_taken":0,"max_hp_gain":0,"max_hp_loss":0,"event_name":"Cursed Tome","floor":22,"gold_loss":0},{"damage_healed":0,"gold_gain":0,"player_choice":"Opened","damage_taken":0,"relics_obtained":["FossilizedHelix"],"max_hp_gain":0,"max_hp_loss":0,"event_name":"The Mausoleum","floor":25,"gold_loss":0,"cards_obtained":["Writhe"]},{"damage_healed":16,"gold_gain":0,"player_choice":"Heal","damage_taken":0,"max_hp_gain":0,"max_hp_loss":0,"event_name":"The Library","floor":28,"gold_loss":0}],"is_beta":false,"boss_relics":[{"not_picked":["Snecko Eye","Runic Pyramid"],"picked":"Mark of Pain"}],"items_purged_floors":[],"is_endless":false,"potions_floor_spawned":[18,27,29,30,31],"killed_by":"Champ","ascension_level":20}}