{"host":"aceejw9th3i5ney6","time":1612074559,"event":{"mods":["2.2 Compatiblity","A Penny For Your Troubles","Abigail Mod","AchievementEnabler","Act Like it!","Alarm Clock","AlwaysNeverKeys","Ascension Unlocker","Aspiration","BaseMod","Better Synergies","Better Third Choice","Better-Laid Plans","BetterRewards","Block Reminder","Card Forge","Chen","Colored Map","Colored Powertips","Conspire","Curses Come First","Defuse TimeMaze Blight","Downfall","Emptier Cage","Energized Spire","Evolution","Exacting","Friendly Minions","Gensokyo","Gold Saver","Gremlin Mod","HololiveMod","Hubris","Koishi","Luminous","Magitek Elite","Minty Spire (QoL Compilation)","Onozuka Komachi Mod","Permanent Neow","Poor People Problems","Practice Mode","Quick Restart","Railgun Mod","Random Character Button","Reimu??????","Relic Filter","Relic Sorter","Relic Stats","Remilia_Scarlet Moed?????·?????3.3.5","Reorder Act Four","SIMod","Shop Mod","StSLib","The Administrix","TheHeartMod","Trackpad","Unceasing Turn Reminder","Voiceroid Mod","WarShipGirlsR/????R mod","Yakumo Yukari mod","Youmu??????","Yuyuko","slay the spire mod where everything is the same but ironclad has a cowboy hat","??????REMEMod"],"gold_per_floor":[1271,1201,586,566,578,578,607,635,635,635,635,635,446,446,446,551,551,570,450,292,542,542,542,542,542,542,542,565,593,617,652,652,761,761,786,841,415,415,415,415,440,514,514,554,554,554,554,573,573,581,581,581,581,619,627],"floor_reached":56,"language":"ENG","playtime":3481,"items_purged":[],"score":1490,"play_id":"e558a3b4-fdbe-4fee-b261-d09fc77a4d75","local_time":"20210131012919","is_ascension_mode":false,"campfire_choices":[{"data":"Gensokyo:ManorOfTheDishes","floor":6,"key":"SMITH"},{"data":"RemiliaMod:CFx","floor":12,"key":"SMITH"},{"data":"RemiliaMod:CJNWYXD2","floor":15,"key":"SMITH"},{"data":"RemiliaMod:CNLCSZL","floor":23,"key":"SMITH"},{"data":"RemiliaMod:CPXsg","floor":32,"key":"SMITH"},{"data":"RemiliaMod:CJNGSYD","floor":40,"key":"SMITH"},{"data":"RemiliaMod:CAattack","floor":47,"key":"SMITH"},{"data":"RemiliaMod:CSlAttack","floor":49,"key":"SMITH"},{"data":"Sadistic Nature","floor":53,"key":"SMITH"}],"circlet_count":0,"master_deck":["RemiliaMod:Scratch","RemiliaMod:Scratch","RemiliaMod:Scratch+1","RemiliaMod:Scratch+1","RemiliaMod:Defend","RemiliaMod:CNLCSZL+1","RemiliaMod:CAattack+1","RemiliaMod:CJNGSYD+1","Gensokyo:ManorOfTheDishes+1","RemiliaMod:CJNWYXD2+1","RemiliaMod:CFx+1","RemiliaMod:CPXsg+1","RemiliaMod:CD6B","RemiliaMod:CPZQ+1","Pain","RemiliaMod:CWYRF","Reflex+1","conspire:PoisonWeapons","Deadly Poison","Gensokyo:FourOfAKind","Gensokyo:FourOfAKind","Gensokyo:FourOfAKind","Gensokyo:FourOfAKind","Shame","RemiliaMod:CJNWYXD","RemiliaMod:CJNWYXD","RemiliaMod:CSlAttack+1","RemiliaMod:CPHwYb+1","RemiliaMod:CFPLL+1","RemiliaMod:CD6B","Sadistic Nature+1","RemiliaMod:CJNWYXD2","RemiliaMod:CMABianfuzhen","RemiliaMod:CJNFWZL","RemiliaMod:CFHGJ"],"relics":["RemiliaMod:RXiangDui","RemiliaMod:RFkXt","Seething Fire","Anvil of the Gods","Juzu Bracelet","trackpad:WindUpAutoDealer","RemiliaMod:RWYXT","Hammer of Thor","EVO:Axolotl","REME_ComplimentaryCards","hubris:AstralHammer","Sling","trackpad:AdjectivePendant","Gensokyo:Companionship","InkBottle","Orichalcum","Blue Candle","Mastiff:ReiMu","Gensokyo:LunaticRedEyes","Pear","SacredBark","Gensokyo:LionMask","trackpad:PocketGalaxy","Gensokyo:ChorusOfJoy","hubris:DeckOfHolding","trackpad:PetRock","trackpad:HandOfMidas","REME_DuelDisc","Nunchaku","Ancient Tea Set","hubris:Reverence","Toy Ornithopter","hubris:Towel","Hololive_LightStick"],"acts_visited":["Exordium","Gensokyo:Gensokyo","Gensokyo:Gensokyoer","TheEnding"],"potions_floor_usage":[30,31,31,50,55,55],"damage_taken":[{"damage":0,"enemies":"Gensokyo:2_Kodama","floor":1,"turns":5},{"damage":0,"enemies":"Gensokyo:Gryphon","floor":5,"turns":7},{"damage":0,"enemies":"Gensokyo:Mamizou","floor":7,"turns":8},{"damage":0,"enemies":"Gensokyo:Python","floor":8,"turns":3},{"damage":7,"enemies":"Gensokyo:Kokoro","floor":16,"turns":12},{"damage":1,"enemies":"Gensokyo:CosmicMonolith","floor":18,"turns":4},{"damage":2,"enemies":"Gensokyo:2_Gloops","floor":29,"turns":4},{"damage":1,"enemies":"Gensokyo:Slime_Group","floor":30,"turns":4},{"damage":22,"enemies":"Gensokyo:Koishi","floor":31,"turns":4},{"damage":3,"enemies":"Gensokyo:Kaguya","floor":33,"turns":5},{"damage":0,"enemies":"Gensokyo:3_Bats","floor":35,"turns":3},{"damage":6,"enemies":"Gensokyo:AncientGuardian","floor":36,"turns":4},{"damage":12,"enemies":"Gensokyo:Sharpion","floor":41,"turns":3},{"damage":0,"enemies":"Gensokyo:Kasen","floor":42,"turns":3},{"damage":0,"enemies":"Gensokyo:Marisa","floor":44,"turns":2},{"damage":4,"enemies":"Gensokyo:AtlasGolem","floor":48,"turns":4},{"damage":5,"enemies":"Gensokyo:Yuyuko","floor":50,"turns":7},{"damage":2,"enemies":"Shield and Spear","floor":54,"turns":4},{"damage":29,"enemies":"NeowBoss","floor":55,"turns":5}],"seed_played":"616925978875617241","potions_obtained":[{"floor":5,"key":"Swift Potion"},{"floor":8,"key":"GamblersBrew"},{"floor":16,"key":"EssenceOfSteel"},{"floor":30,"key":"Dexterity Potion"},{"floor":30,"key":"champ:CounterPotion"},{"floor":33,"key":"Fire Potion"},{"floor":36,"key":"bronze:BurnAndBuffPotion"},{"floor":44,"key":"Strength Potion"}],"is_trial":false,"path_per_floor":["M","?","COS","?","M","R","E","M","T","?","?","R","$","?","R","B",null,"M","?","COS","?","?","R","?","?","T","?","T","M","M","E","R","B",null,"M","M","$","?","?","R","M","E","T","E","?","?","R","M","R","B",null,"$","R","E","B",null],"character_chosen":"Remilia_Scarlet_Modee","items_purchased":["Mastiff:ReiMu","RemiliaMod:CPZQ","Sadistic Nature","Nunchaku","RemiliaMod:CJNWYXD2"],"campfire_rested":0,"item_purchase_floors":[13,13,37,37,37],"current_hp_per_floor":[68,68,68,68,68,68,68,68,68,55,50,50,50,50,50,63,78,78,78,78,74,74,74,74,52,52,52,52,52,52,33,33,52,52,52,52,52,52,52,52,44,50,50,54,54,54,54,54,54,54,54,54,54,54,54],"gold":627,"neow_bonus":"ONE_RARE_RELIC","is_daily":false,"chose_seed":false,"campfire_upgraded":9,"win_rate":0.0,"timestamp":1612074559,"path_taken":["M","?","COS","?","M","R","E","M","T","?","?","R","$","?","R","BOSS","M","?","COS","?","?","R","?","?","T","?","?","M","M","E","R","BOSS","M","M","$","?","?","R","M","E","T","E","?","?","R","M","R","BOSS","$","R","E","BOSS"],"items_purchased_type":["Relic","Card","Card","Relic","Card"],"build_version":"2020-12-22","purchased_purges":0,"victory":true,"max_hp_per_floor":[68,68,68,68,68,68,68,68,68,68,68,68,68,68,68,78,78,78,78,78,74,74,74,74,52,52,52,52,52,52,52,52,52,52,52,52,52,52,52,52,52,54,54,54,54,54,54,54,54,54,54,54,54,54,54],"relic_stats":{"Nunchaku":[8],"counters":[19,89],"Blue Candle":[11],"Juzu Bracelet":4,"Orichalcum":[138],"obtain_stats":[{"Gensokyo:ChorusOfJoy":24,"SacredBark":17,"trackpad:PetRock":28,"Hammer of Thor":0,"REME_DuelDisc":34,"Juzu Bracelet":0,"EVO:Axolotl":0,"Sling":3,"Ancient Tea Set":42,"Gensokyo:LunaticRedEyes":14,"trackpad:PocketGalaxy":20,"Frozen Eye":31,"Nunchaku":37,"Gensokyo:Companionship":8,"hubris:AstralHammer":0,"Mastiff:ReiMu":13,"Gensokyo:LionMask":19,"RemiliaMod:RWYXT":0,"hubris:DeckOfHolding":26,"trackpad:AdjectivePendant":7,"InkBottle":9,"Pear":16,"trackpad:HandOfMidas":31,"Blue Candle":11,"RemiliaMod:RFkXt":0,"Seething Fire":0,"RemiliaMod:RXiangDui":0,"Orichalcum":10,"hubris:Towel":46,"Hololive_LightStick":54,"Anvil of the Gods":0,"trackpad:WindUpAutoDealer":16,"Toy Ornithopter":44,"REME_ComplimentaryCards":0,"hubris:Reverence":43},{"Gensokyo:ChorusOfJoy":6,"SacredBark":5,"trackpad:PetRock":6,"Hammer of Thor":0,"REME_DuelDisc":10,"Juzu Bracelet":0,"EVO:Axolotl":0,"Sling":1,"Ancient Tea Set":14,"Gensokyo:LunaticRedEyes":4,"trackpad:PocketGalaxy":6,"Frozen Eye":8,"Nunchaku":12,"Gensokyo:Companionship":4,"hubris:AstralHammer":0,"Mastiff:ReiMu":4,"Gensokyo:LionMask":6,"RemiliaMod:RWYXT":0,"hubris:DeckOfHolding":6,"trackpad:AdjectivePendant":3,"InkBottle":4,"Pear":5,"trackpad:HandOfMidas":9,"Blue Candle":4,"RemiliaMod:RFkXt":0,"Seething Fire":0,"RemiliaMod:RXiangDui":0,"Orichalcum":4,"hubris:Towel":15,"Hololive_LightStick":18,"Anvil of the Gods":0,"trackpad:WindUpAutoDealer":5,"Toy Ornithopter":15,"REME_ComplimentaryCards":0,"hubris:Reverence":14},{"Gensokyo:ChorusOfJoy":39,"SacredBark":35,"trackpad:PetRock":39,"Hammer of Thor":0,"REME_DuelDisc":55,"Juzu Bracelet":0,"EVO:Axolotl":0,"Sling":5,"Ancient Tea Set":67,"Gensokyo:LunaticRedEyes":23,"trackpad:PocketGalaxy":39,"Frozen Eye":46,"Nunchaku":62,"Gensokyo:Companionship":21,"hubris:AstralHammer":0,"Mastiff:ReiMu":23,"Gensokyo:LionMask":39,"RemiliaMod:RWYXT":0,"hubris:DeckOfHolding":39,"trackpad:AdjectivePendant":20,"InkBottle":23,"Pear":26,"trackpad:HandOfMidas":50,"Blue Candle":23,"RemiliaMod:RFkXt":0,"Seething Fire":0,"RemiliaMod:RXiangDui":0,"Orichalcum":23,"hubris:Towel":69,"Hololive_LightStick":84,"Anvil of the Gods":0,"trackpad:WindUpAutoDealer":24,"Toy Ornithopter":69,"REME_ComplimentaryCards":0,"hubris:Reverence":67}],"InkBottle":[56],"Toy Ornithopter":0},"card_choices":[{"not_picked":["RemiliaMod:CFPMJ","RemiliaMod:CJNSP"],"picked":"RemiliaMod:CJNGSYD","floor":1},{"not_picked":["RemiliaMod:CJNXRFZ","RemiliaMod:CPJHZZ"],"picked":"RemiliaMod:CJNWYXD2","floor":5},{"not_picked":["RemiliaMod:CMADBY","RemiliaMod:CPXsg"],"picked":"RemiliaMod:CFx","floor":7},{"not_picked":["RemiliaMod:CPFWZL","RemiliaMod:CXXSJ"],"picked":"RemiliaMod:CPXsg","floor":7},{"not_picked":["RemiliaMod:CPFWZL","RemiliaMod:CJNGSYD"],"picked":"RemiliaMod:CD6B","floor":8},{"not_picked":["RemiliaMod:CFHFY","RemiliaMod:CJNHS"],"picked":"RemiliaMod:CWYRF","floor":16},{"not_picked":["RemiliaMod:CJNJQFY","RemiliaMod:CJNMJFZ"],"picked":"RemiliaMod:CMPC","floor":18},{"not_picked":["RemiliaMod:CXXSJ","RemiliaMod:CDB"],"picked":"RemiliaMod:CJNWYXD","floor":29},{"not_picked":["RemiliaMod:CJDB","RemiliaMod:CPYSNL"],"picked":"RemiliaMod:CJNWYXD","floor":30},{"not_picked":["RemiliaMod:CD6B","RemiliaMod:CJNMJFZ+1"],"picked":"RemiliaMod:CSlAttack","floor":31},{"not_picked":["RemiliaMod:CJNNPSJ","RemiliaMod:CYYRS"],"picked":"RemiliaMod:CPHwYb","floor":33},{"not_picked":["RemiliaMod:CJNXRFZ","RemiliaMod:CJDB"],"picked":"RemiliaMod:CFPLL+1","floor":35},{"not_picked":["RemiliaMod:CJNYSFZ+1","RemiliaMod:CJNMJFZ"],"picked":"RemiliaMod:CD6B","floor":36},{"not_picked":["RemiliaMod:CD6B+1","RemiliaMod:CZXSJ+1"],"picked":"RemiliaMod:CMABianfuzhen","floor":41},{"not_picked":["RemiliaMod:CJNYSFZ","RemiliaMod:CJNMJFZ+1","RemiliaMod:CFPMJ+1"],"picked":"SKIP","floor":42},{"not_picked":["RemiliaMod:CSlAttack+1","RemiliaMod:CPYSNL+1"],"picked":"RemiliaMod:CJNFWZL","floor":44},{"not_picked":["RemiliaMod:CD6B","RemiliaMod:CJNSJDF+1","RemiliaMod:CPFWZL"],"picked":"SKIP","floor":48},{"not_picked":["RemiliaMod:CFPDMJ","RemiliaMod:CJNSP"],"picked":"RemiliaMod:CFHGJ","floor":54}],"player_experience":252832,"relics_obtained":[{"floor":7,"key":"trackpad:AdjectivePendant"},{"floor":9,"key":"InkBottle"},{"floor":26,"key":"hubris:DeckOfHolding"},{"floor":28,"key":"trackpad:PetRock"},{"floor":31,"key":"trackpad:HandOfMidas"},{"floor":42,"key":"Ancient Tea Set"},{"floor":43,"key":"hubris:Reverence"},{"floor":44,"key":"Toy Ornithopter"},{"floor":54,"key":"Hololive_LightStick"}],"event_choices":[{"damage_healed":0,"gold_gain":0,"player_choice":"Leave","damage_taken":0,"max_hp_gain":0,"max_hp_loss":0,"event_name":"conspire:Investor","floor":45,"gold_loss":0}],"is_beta":false,"boss_relics":[{"not_picked":["Empty Cage","energizedSpire:DeadBattery"],"picked":"SacredBark"},{"not_picked":["hubris:ScarierMask","Astrolabe"],"picked":"REME_DuelDisc"}],"items_purged_floors":[],"is_endless":false,"potions_floor_spawned":[5,8,16,30,36,44],"ascension_level":0}}