{"host":"92ge7uk92o4z80va","time":1612121327,"event":{"mods":["AchievementEnabler","Act Like it!","BaseMod","Better Third Choice","BetterRewards","Curses Come First","Evolution","Hubris","Infinite Spire","Lobotomy","LobotomyExtend","Marisa????????","Minty Spire (QoL Compilation)","Quick Restart","Replay The Spire","Robot Space Explorer","Spire Arcade","StSLib","The Blue Laboratory","The Bug Knight","The Runesmith"],"gold_per_floor":[119,136,149,36,47,81,81,45,45,45,58,58,58,77,77,172,172,182,30,30,47,59,59,94,112,137,137,52,83,94,119,119,222,222,246,24,0,11,11,11,35,35,35,35,47,94,122,45,45,55],"floor_reached":51,"language":"ENG","playtime":2097,"items_purged":[],"score":867,"play_id":"9e157980-5fbf-443c-a050-226421c0b143","local_time":"20210131142847","is_ascension_mode":false,"campfire_choices":[{"data":"Loop","floor":7,"key":"SMITH"},{"floor":12,"key":"REST"},{"data":"hubris:PowerSurge","floor":15,"key":"SMITH"},{"floor":23,"key":"REST"},{"floor":27,"key":"REST"},{"floor":40,"key":"DIG"},{"floor":44,"key":"REST"},{"floor":49,"key":"REST"}],"circlet_count":0,"master_deck":["Strike_B","Strike_B","Strike_B","Strike_B","Defend_B","Defend_B","Defend_B","Defend_B+1","Zap","Dualcast","Static Discharge+1","Glacier+1","Loop+1","Reinforced Body","Redo+1","White Noise","Go for the Eyes","Amplify","Darkness","Chaos","Zap","Reinforced Body","hubris:PowerSurge+1","Echo Form","CurseOfTheBell","Tempest","Cold Snap","Streamline","Creative AI","Crystallizer+1","Panic Button+1","hubris:DoWhile","Darkness+1","Hologram+1","Barrage"],"relics":["Cracked Core","EVO:Axolotl","FossilizedHelix","Raider\u0027s Mask","Pocketwatch","LetterFromLob","ReplayTheSpireMod:TigerMarble","Eternal Feather","hubris:Towel","RedMistMask","Replay:Grab Bag","Fusion Hammer","Busted Crown","Calling Bell","War Paint","infinitespire:SolderingIron","infinitespire:Joker Card","Blood Vial","infinitespire:Midas Blood","Bronze Scales","Replay:Multitool","Replay:Bottled Steam","hubris:Backtick","Chemical X","Membership Card","Lantern","Red Mask","Replay:Wax Seal","Girya","Toxic Egg 2","TheAbacus"],"acts_visited":["Exordium","TheCity","TheBeyond"],"potions_floor_usage":[29,29,45,47,50,50,50],"damage_taken":[{"damage":5,"enemies":"Small Slimes","floor":1,"turns":3},{"damage":0,"enemies":"Cultist","floor":2,"turns":3},{"damage":0,"enemies":"Jaw Worm","floor":3,"turns":6},{"damage":0,"enemies":"2 Fungi Beasts","floor":5,"turns":4},{"damage":9,"enemies":"Gremlin Nob","floor":6,"turns":6},{"damage":1,"enemies":"Blue Slaver","floor":11,"turns":3},{"damage":0,"enemies":"Looter","floor":14,"turns":3},{"damage":13,"enemies":"Fading Forest","floor":16,"turns":11},{"damage":8,"enemies":"Shell Parasite","floor":18,"turns":4},{"damage":0,"enemies":"Spheric Guardian","floor":21,"turns":2},{"damage":0,"enemies":"Snecko","floor":22,"turns":3},{"damage":0,"enemies":"Gremlin Leader","floor":24,"turns":4},{"damage":17,"enemies":"Snake Plant","floor":25,"turns":3},{"damage":16,"enemies":"Slavers","floor":29,"turns":3},{"damage":0,"enemies":"Centurion and Healer","floor":30,"turns":2},{"damage":15,"enemies":"Chosen and Byrds","floor":31,"turns":4},{"damage":23,"enemies":"hubris:MusketHawk","floor":33,"turns":6},{"damage":22,"enemies":"3 Darklings","floor":35,"turns":3},{"damage":0,"enemies":"3 Shapes","floor":38,"turns":3},{"damage":35,"enemies":"3 Darklings","floor":41,"turns":3},{"damage":40,"enemies":"Transient","floor":45,"turns":5},{"damage":0,"enemies":"R_Hoarder","floor":47,"turns":7},{"damage":51,"enemies":"Donu and Deca","floor":50,"turns":4}],"seed_played":"-2572490102363409331","potions_obtained":[{"floor":3,"key":"blueLaboratory:AbyssPotion"},{"floor":5,"key":"blueLaboratory:RelayPotion"},{"floor":11,"key":"blueLaboratory:FrostheartPotion"},{"floor":14,"key":"DistilledChaos"},{"floor":31,"key":"SkillPotion"},{"floor":33,"key":"Explosive Potion"},{"floor":46,"key":"blueLaboratory:FruitPreserves"},{"floor":46,"key":"DuplicationPotion"},{"floor":47,"key":"Energy Potion"}],"is_trial":false,"path_per_floor":["M","M","M","$","M","E","R","$","T","?","M","R","?","M","R","B",null,"M","$","M","M","M","R","E","M","T","R","?","E","M","M","R","B",null,"M","$","?","M","?","R","M","?","T","R","M","?","E","$","R","B",null],"character_chosen":"DEFECT","items_purchased":["Raider\u0027s Mask","Static Discharge+1","Redo+1","White Noise","Darkness","Blood Vial","Membership Card","Lantern","TheAbacus"],"campfire_rested":5,"item_purchase_floors":[0,0,4,4,8,19,36,36,48],"current_hp_per_floor":[35,35,35,35,35,26,26,26,26,26,25,59,59,59,71,58,75,67,67,67,69,71,75,75,58,58,75,75,59,61,48,75,52,75,53,53,53,55,55,73,40,40,40,75,35,17,37,37,75,24],"gold":59,"neow_bonus":"","is_daily":false,"chose_seed":false,"campfire_upgraded":2,"win_rate":0.0,"timestamp":1612121327,"path_taken":["M","M","M","$","M","E","R","$","T","?","?","R","?","M","R","BOSS","M","$","M","M","M","R","E","M","T","R","?","E","M","M","R","BOSS","M","$","?","M","?","R","M","?","T","R","M","?","E","?","R","BOSS"],"items_purchased_type":["Relic","Card","Card","Card","Card","Relic","Relic","Card","Relic"],"build_version":"2020-12-22","purchased_purges":0,"victory":true,"max_hp_per_floor":[75,75,75,75,75,75,75,75,75,75,75,75,75,75,75,75,75,75,75,75,75,75,75,75,75,75,75,75,75,75,75,75,75,75,75,75,75,75,75,75,75,75,75,75,75,75,75,75,75,75],"card_choices":[{"not_picked":["Go for the Eyes","Melter"],"picked":"Glacier","floor":1},{"not_picked":["Go for the Eyes","Coolheaded"],"picked":"Loop","floor":2},{"not_picked":["Barrage","Steam"],"picked":"Reinforced Body","floor":3},{"not_picked":["Rebound","Heatsinks"],"picked":"Go for the Eyes","floor":5},{"not_picked":["Beam Cell","Coolheaded"],"picked":"Amplify","floor":6},{"not_picked":["Hologram","Gash"],"picked":"Reinforced Body","floor":11},{"not_picked":["Barrage","Ball Lightning"],"picked":"hubris:PowerSurge","floor":14},{"not_picked":["Mirror Shield","Multi-Cast"],"picked":"Echo Form","floor":16},{"not_picked":[],"picked":"Tempest","floor":18},{"not_picked":[],"picked":"Cold Snap","floor":21},{"not_picked":[],"picked":"Streamline","floor":22},{"not_picked":["Streamline"],"picked":"SKIP","floor":24},{"not_picked":[],"picked":"Creative AI","floor":25},{"not_picked":["Stack"],"picked":"SKIP","floor":29},{"not_picked":[],"picked":"Crystallizer+1","floor":30},{"not_picked":[],"picked":"Panic Button","floor":31},{"not_picked":[],"picked":"hubris:DoWhile","floor":33},{"not_picked":["Skim+1"],"picked":"SKIP","floor":35},{"not_picked":["Crystallizer+1"],"picked":"SKIP","floor":38},{"not_picked":[],"picked":"Darkness+1","floor":41},{"not_picked":[],"picked":"Hologram+1","floor":45},{"not_picked":[],"picked":"Barrage","floor":46},{"not_picked":["Rebound"],"picked":"SKIP","floor":47}],"player_experience":39493,"relics_obtained":[{"floor":1,"key":"LetterFromLob"},{"floor":6,"key":"ReplayTheSpireMod:TigerMarble"},{"floor":9,"key":"Eternal Feather"},{"floor":16,"key":"RedMistMask"},{"floor":17,"key":"War Paint"},{"floor":17,"key":"infinitespire:SolderingIron"},{"floor":17,"key":"infinitespire:Joker Card"},{"floor":24,"key":"infinitespire:Midas Blood"},{"floor":26,"key":"Bronze Scales"},{"floor":29,"key":"Replay:Bottled Steam"},{"floor":40,"key":"Replay:Wax Seal"},{"floor":43,"key":"Toxic Egg 2"}],"event_choices":[{"damage_healed":0,"gold_gain":0,"player_choice":"2 cards matched","damage_taken":0,"max_hp_gain":0,"max_hp_loss":0,"event_name":"Match and Keep!","floor":10,"gold_loss":0,"cards_obtained":["Chaos","Zap"]},{"damage_healed":0,"gold_gain":0,"player_choice":"Obtained Relic","damage_taken":0,"relics_obtained":["Replay:Multitool"],"max_hp_gain":0,"max_hp_loss":0,"event_name":"Addict","floor":28,"gold_loss":85},{"damage_healed":0,"gold_gain":0,"player_choice":"Paid","damage_taken":0,"relics_obtained":["Red Mask"],"max_hp_gain":0,"max_hp_loss":0,"event_name":"Tomb of Lord Red Mask","floor":37,"gold_loss":24}],"is_beta":false,"boss_relics":[{"not_picked":["hubris:RunicObelisk","ReplayTheSpireMod:DimensionalGlitch"],"picked":"Replay:Grab Bag"},{"not_picked":["ChewingGum","ReplayTheSpireMod:Onyx Gauntlets"],"picked":"Fusion Hammer"},{"not_picked":["Cursed Key","Abe\u0027s Treasure"],"picked":"Busted Crown"},{"not_picked":["FrozenCore","Snecko Eye"],"picked":"Calling Bell"},{"not_picked":["Tiny House","Runic Pyramid"],"picked":"hubris:Backtick"}],"items_purged_floors":[],"is_endless":false,"potions_floor_spawned":[3,5,11,14,16,18,29,31,33,47],"ascension_level":0}}