{"host":"qgrlfjrqk9z96gfi","time":1612060020,"event":{"mods":["BaseMod","Block Reminder","Colored Map","Custom Start","DeckTracker","Minty Spire (QoL Compilation)"],"gold_per_floor":[115,21,21,35,35,370,380,406,486,499,21,21,35,47,47,123,123,135,146,146,161,161,161,195,195,195],"floor_reached":25,"language":"ENG","playtime":646,"items_purged":[],"score":516,"play_id":"55326230-5a4a-4d21-b36c-f509aedd77e6","local_time":"20210130162700","is_ascension_mode":true,"campfire_choices":[{"floor":12.0,"key":"REST"},{"data":"Footwork","floor":15.0,"key":"SMITH"},{"floor":23,"key":"REST"}],"circlet_count":0,"master_deck":["AscendersBane","Strike_G","Strike_G","Strike_G","Strike_G","Defend_G","Defend_G","Defend_G","Defend_G","Defend_G","Survivor","Neutralize","Skewer","Reflex","Deadly Poison","Footwork+1","Die Die Die","Dagger Throw","Endless Agony","Sadistic Nature+1","A Thousand Cuts+1","Well Laid Plans+1","Blade Dance","Adrenaline","Noxious Fumes+1","Blade Dance","Deflect+1","Adrenaline"],"relics":["Ring of the Snake","NeowsBlessing","Old Coin","Bronze Scales","Letter Opener","Membership Card","Frozen Egg 2","Philosopher\u0027s Stone","The Courier"],"acts_visited":["Exordium","TheCity"],"potions_floor_usage":[21,24],"damage_taken":[{"damage":0.0,"enemies":"Jaw Worm","floor":1.0,"turns":1.0},{"damage":0.0,"enemies":"Cultist","floor":4.0,"turns":1.0},{"damage":0.0,"enemies":"Gremlin Nob","floor":6.0,"turns":1.0},{"damage":12.0,"enemies":"Small Slimes","floor":7.0,"turns":4.0},{"damage":14.0,"enemies":"Lagavulin","floor":8.0,"turns":7.0},{"damage":10.0,"enemies":"Red Slaver","floor":10.0,"turns":4.0},{"damage":0.0,"enemies":"Gremlin Gang","floor":13.0,"turns":2.0},{"damage":5.0,"enemies":"Large Slime","floor":14.0,"turns":5.0},{"damage":19.0,"enemies":"The Guardian","floor":16.0,"turns":11.0},{"damage":16.0,"enemies":"Shell Parasite","floor":18.0,"turns":3.0},{"damage":11.0,"enemies":"2 Thieves","floor":19.0,"turns":3.0},{"damage":13,"enemies":"3 Cultists","floor":21,"turns":3},{"damage":20,"enemies":"Book of Stabbing","floor":24,"turns":4},{"damage":13,"enemies":"Snake Plant","floor":25,"turns":1}],"seed_played":"5980595192428897387","potions_obtained":[{"floor":4.0,"key":"CultistPotion"},{"floor":6.0,"key":"BlessingOfTheForge"},{"floor":16.0,"key":"Fire Potion"},{"floor":18.0,"key":"Swift Potion"},{"floor":21,"key":"Strength Potion"}],"is_trial":false,"path_per_floor":["M","$","?","M","?","E","M","E","T","M","$","R","M","M","R","B",null,"M","M","?","M","?","R","E","M"],"character_chosen":"THE_SILENT","items_purchased":["Reflex","Deadly Poison","Membership Card","Frozen Egg 2","Sadistic Nature+1","A Thousand Cuts+1"],"campfire_rested":2,"item_purchase_floors":[2,2,11,11,11,11],"current_hp_per_floor":[59,59,59,59,59,59,47,33,33,23,23,42,42,37,37,18,54,38,27,27,14,14,33,13,0,0],"gold":195,"neow_bonus":"THREE_ENEMY_KILL","is_daily":false,"chose_seed":false,"campfire_upgraded":1,"win_rate":0.0,"timestamp":1612060020,"path_taken":["M","$","?","?","?","E","M","E","T","M","$","R","?","M","R","BOSS","M","?","?","M","?","R","E","M"],"items_purchased_type":["Card","Card","Relic","Relic","Card","Card"],"build_version":"2020-12-22","purchased_purges":0,"victory":false,"max_hp_per_floor":[66,66,66,66,66,66,66,66,66,66,66,66,66,66,66,66,66,66,66,66,66,66,66,66,66,66],"card_choices":[{"not_picked":["Deadly Poison","Underhanded Strike"],"picked":"Skewer","floor":1.0},{"not_picked":["Prepared","Flying Knee"],"picked":"Footwork","floor":4.0},{"not_picked":["Dash","PiercingWail"],"picked":"Die Die Die","floor":6.0},{"not_picked":["Cloak And Dagger","Deflect"],"picked":"Dagger Throw","floor":7.0},{"not_picked":["Masterful Stab","Setup"],"picked":"Endless Agony","floor":8.0},{"not_picked":["Dagger Spray","Quick Slash","Bane"],"picked":"SKIP","floor":10.0},{"not_picked":["Masterful Stab","Outmaneuver"],"picked":"Well Laid Plans+1","floor":13.0},{"not_picked":["Predator","Flying Knee"],"picked":"Blade Dance","floor":14.0},{"not_picked":["Grand Finale","Die Die Die"],"picked":"Adrenaline","floor":16.0},{"not_picked":["Prepared","Acrobatics"],"picked":"Noxious Fumes+1","floor":18.0},{"not_picked":["Outmaneuver","Sucker Punch"],"picked":"Blade Dance","floor":19.0},{"not_picked":["Backflip","Slice"],"picked":"Deflect+1","floor":21},{"not_picked":["Underhanded Strike","Dash"],"picked":"Adrenaline","floor":24}],"player_experience":1089134,"relics_obtained":[{"floor":6.0,"key":"Old Coin"},{"floor":8.0,"key":"Bronze Scales"},{"floor":9.0,"key":"Letter Opener"},{"floor":24,"key":"The Courier"}],"event_choices":[{"damage_healed":0.0,"max_hp_gain":0.0,"max_hp_loss":0.0,"gold_gain":0.0,"event_name":"WeMeetAgain","player_choice":"Ignored","floor":3.0,"gold_loss":0.0,"damage_taken":0.0},{"cards_removed":["Strike_G"],"damage_healed":0.0,"max_hp_gain":0.0,"max_hp_loss":0.0,"gold_gain":0.0,"event_name":"Bonfire Elementals","player_choice":"Offered Basic","floor":5.0,"gold_loss":0.0,"damage_taken":0.0},{"damage_healed":0.0,"max_hp_gain":0.0,"max_hp_loss":0.0,"gold_gain":0.0,"event_name":"The Mausoleum","player_choice":"Ignored","floor":20.0,"gold_loss":0.0,"damage_taken":0.0},{"damage_healed":0,"gold_gain":0,"player_choice":"Ignored","damage_taken":0,"max_hp_gain":0,"max_hp_loss":0,"event_name":"Cursed Tome","floor":22,"gold_loss":0}],"is_beta":false,"boss_relics":[{"not_picked":["Ring of the Serpent","HoveringKite"],"picked":"Philosopher\u0027s Stone"}],"items_purged_floors":[],"is_endless":false,"potions_floor_spawned":[4,6,16,18,21],"killed_by":"Snake Plant","ascension_level":20}}