{"host":"61y0z9o9vf3ujftj","time":1612082433,"event":{"mods":["BaseMod","Colored Map","Colored Powertips","GifTheSpireLib","HexUI Lib","Highlight Path","Minty Spire (QoL Compilation)","Relic Stats","StSLib","ojb\u0027s Info Mod"],"gold_per_floor":[109,129,145,220,230,230,257,257,280,292,315,341,353,399,411,528,540,571,600,612,318,329,329,358,53,53,86,1,32,48,66,66,161,161,175,225,244,256,166,200,210,220,220,245,245,39,39,55,55,55],"floor_reached":51,"language":"ENG","playtime":3273,"items_purged":["Strike_R","Strike_R"],"score":1331,"play_id":"6f4536e2-4375-40f9-ba33-d5ea9ea8be9c","local_time":"20210131024033","is_ascension_mode":true,"campfire_choices":[{"data":"True Grit","floor":6.0,"key":"SMITH"},{"floor":8.0,"key":"REST"},{"data":"Bash","floor":13.0,"key":"SMITH"},{"data":"Clothesline","floor":15.0,"key":"SMITH"},{"floor":23.0,"key":"REST"},{"data":"Corruption","floor":32.0,"key":"SMITH"},{"data":"Feel No Pain","floor":45.0,"key":"SMITH"},{"floor":49,"key":"REST"}],"circlet_count":0,"master_deck":["AscendersBane","Strike_R+1","Strike_R+1","Defend_R","Defend_R+1","Defend_R","Defend_R","Bash+1","Whirlwind+1","Shrug It Off","Cleave","True Grit+1","Power Through","Clothesline+1","Shrug It Off","Corruption+1","Body Slam+1","Inflame","Whirlwind+1","Spot Weakness","Feel No Pain+1","Armaments+1","Double Tap","Sentinel+1","Shrug It Off+1","Limit Break","Feel No Pain","Madness","Madness"],"relics":["Black Star","Bag of Preparation","Happy Flower","MawBank","Pear","Vajra","Cursed Key","Chemical X","Oddly Smooth Stone","Ancient Tea Set","PreservedInsect","DollysMirror","Lantern","Whetstone","Letter Opener","Red Skull","Smiling Mask","Busted Crown","Dead Branch","HornCleat","Art of War","Bronze Scales","StrikeDummy"],"acts_visited":["TheCity","TheBeyond"],"potions_floor_usage":[50,50],"damage_taken":[{"damage":1.0,"enemies":"2 Louse","floor":1.0,"turns":3.0},{"damage":13.0,"enemies":"Jaw Worm","floor":2.0,"turns":4.0},{"damage":0.0,"enemies":"Cultist","floor":3.0,"turns":4.0},{"damage":8.0,"enemies":"Exordium Wildlife","floor":5.0,"turns":4.0},{"damage":30.0,"enemies":"Gremlin Nob","floor":7.0,"turns":5.0},{"damage":0.0,"enemies":"3 Louse","floor":11.0,"turns":1.0},{"damage":3.0,"enemies":"Blue Slaver","floor":12.0,"turns":4.0},{"damage":6.0,"enemies":"Lagavulin","floor":14.0,"turns":5.0},{"damage":23.0,"enemies":"Hexaghost","floor":16.0,"turns":13.0},{"damage":14.0,"enemies":"2 Thieves","floor":18.0,"turns":2.0},{"damage":0.0,"enemies":"3 Byrds","floor":19.0,"turns":4.0},{"damage":1.0,"enemies":"Snake Plant","floor":22.0,"turns":3.0},{"damage":0.0,"enemies":"Gremlin Leader","floor":24.0,"turns":6.0},{"damage":2.0,"enemies":"Slavers","floor":27.0,"turns":8.0},{"damage":0.0,"enemies":"Book of Stabbing","floor":29.0,"turns":2.0},{"damage":2.0,"enemies":"Chosen and Byrds","floor":30.0,"turns":4.0},{"damage":6.0,"enemies":"Centurion and Healer","floor":31.0,"turns":3.0},{"damage":25.0,"enemies":"Automaton","floor":33.0,"turns":6.0},{"damage":0.0,"enemies":"Orb Walker","floor":35.0,"turns":4.0},{"damage":0.0,"enemies":"Mind Bloom Boss Battle","floor":36.0,"turns":5.0},{"damage":0.0,"enemies":"3 Darklings","floor":37.0,"turns":1.0},{"damage":40.0,"enemies":"Writhing Mass","floor":38.0,"turns":6.0},{"damage":0.0,"enemies":"Giant Head","floor":40.0,"turns":6.0},{"damage":0.0,"enemies":"Maw","floor":41.0,"turns":6.0},{"damage":6.0,"enemies":"Jaw Worm Horde","floor":42.0,"turns":3.0},{"damage":0.0,"enemies":"Reptomancer","floor":44.0,"turns":1.0},{"damage":0,"enemies":"Writhing Mass","floor":48,"turns":2},{"damage":12,"enemies":"Awakened One","floor":50,"turns":5}],"seed_played":"1311920571312628536","potions_obtained":[{"floor":1.0,"key":"SpeedPotion"},{"floor":2.0,"key":"ElixirPotion"},{"floor":7.0,"key":"AttackPotion"},{"floor":12.0,"key":"Regen Potion"},{"floor":19.0,"key":"GamblersBrew"},{"floor":24.0,"key":"Fruit Juice"},{"floor":30.0,"key":"Explosive Potion"},{"floor":31.0,"key":"Dexterity Potion"},{"floor":33.0,"key":"Weak Potion"},{"floor":38.0,"key":"Block Potion"},{"floor":40.0,"key":"FearPotion"},{"floor":41.0,"key":"EssenceOfSteel"},{"floor":44.0,"key":"CultistPotion"}],"is_trial":false,"path_per_floor":["M","M","M","?","M","R","E","R","T","?","M","M","R","E","R","B",null,"M","M","?","$","M","R","E","$","T","E","?","E","M","M","R","B",null,"M","?","M","M","?","E","M","M","T","E","R","$","?","M","R","B",null],"character_chosen":"IRONCLAD","items_purchased":["Chemical X","Inflame","PreservedInsect","DollysMirror","Limit Break","Feel No Pain"],"campfire_rested":3,"item_purchase_floors":[21,21,25,25,46,46],"current_hp_per_floor":[71,58,58,47,39,39,9,33,33,33,33,30,30,34,34,11,70,56,56,38,38,37,65,65,65,65,63,63,68,66,60,60,35,84,84,84,84,44,44,59,59,53,53,53,53,53,40,40,70,58],"gold":55,"neow_bonus":"BOSS_RELIC","is_daily":false,"chose_seed":false,"campfire_upgraded":5,"win_rate":0.0,"timestamp":1612082433,"path_taken":["M","M","M","?","M","R","E","R","T","?","?","M","R","E","R","BOSS","M","M","?","$","M","R","E","$","T","E","?","E","M","M","R","BOSS","M","?","M","M","?","E","M","?","T","E","R","$","?","M","R","BOSS"],"items_purchased_type":["Relic","Card","Relic","Relic","Card","Card"],"build_version":"2020-12-22","purchased_purges":2,"victory":true,"max_hp_per_floor":[80,80,80,80,80,80,80,80,80,80,80,80,80,90,90,90,90,90,90,95,95,95,95,95,95,95,95,95,100,100,100,100,100,100,100,100,100,100,100,100,100,100,100,100,100,100,100,100,100,100],"relic_stats":{"Happy Flower":[33],"counters":[28,120],"Dead Branch":[76],"PreservedInsect":273,"Bag of Preparation":[46],"Whetstone":["Strike_R","Strike_R"],"Letter Opener":[121],"MawBank":144,"Cursed Key":0,"Smiling Mask":50,"Busted Crown":18,"Bronze Scales":[21],"Black Star":7,"Art of War":[1],"Chemical X":[30],"obtain_stats":[{"Lantern":27,"Pear":14,"Happy Flower":7,"Dead Branch":36,"Vajra":14,"Oddly Smooth Stone":24,"PreservedInsect":25,"Bag of Preparation":7,"Whetstone":27,"Letter Opener":28,"MawBank":9,"Cursed Key":17,"Ancient Tea Set":24,"Smiling Mask":29,"Burning Blood":0,"Busted Crown":34,"HornCleat":40,"DollysMirror":25,"Bronze Scales":44,"Black Star":0,"Art of War":40,"Chemical X":21,"StrikeDummy":44,"Red Skull":29},{"Lantern":14,"Pear":8,"Happy Flower":5,"Dead Branch":20,"Vajra":8,"Oddly Smooth Stone":13,"PreservedInsect":13,"Bag of Preparation":5,"Whetstone":14,"Letter Opener":14,"MawBank":5,"Cursed Key":9,"Ancient Tea Set":13,"Smiling Mask":15,"Burning Blood":0,"Busted Crown":18,"HornCleat":23,"DollysMirror":13,"Bronze Scales":26,"Black Star":0,"Art of War":23,"Chemical X":11,"StrikeDummy":26,"Red Skull":15},{"Lantern":66,"Pear":30,"Happy Flower":20,"Dead Branch":90,"Vajra":30,"Oddly Smooth Stone":58,"PreservedInsect":58,"Bag of Preparation":20,"Whetstone":66,"Letter Opener":66,"MawBank":20,"Cursed Key":43,"Ancient Tea Set":58,"Smiling Mask":68,"Burning Blood":0,"Busted Crown":81,"HornCleat":103,"DollysMirror":58,"Bronze Scales":113,"Black Star":0,"Art of War":103,"Chemical X":49,"StrikeDummy":113,"Red Skull":68}]},"card_choices":[{"not_picked":["Rupture","Cleave"],"picked":"Whirlwind","floor":1.0},{"not_picked":["Sword Boomerang","Ghostly Armor"],"picked":"Shrug It Off","floor":2.0},{"not_picked":["Metallicize","True Grit"],"picked":"Cleave","floor":3.0},{"not_picked":["Pummel","Pommel Strike"],"picked":"True Grit","floor":5.0},{"not_picked":["Entrench","Whirlwind","Warcry"],"picked":"SKIP","floor":7.0},{"not_picked":["Body Slam","Iron Wave"],"picked":"Power Through","floor":11.0},{"not_picked":["Bludgeon","Warcry"],"picked":"Clothesline","floor":12.0},{"not_picked":["Infernal Blade","Headbutt"],"picked":"Shrug It Off","floor":14.0},{"not_picked":["Feed","Double Tap"],"picked":"Corruption","floor":16.0},{"not_picked":["Clash","Wild Strike","Headbutt"],"picked":"SKIP","floor":18.0},{"not_picked":["Heavy Blade","Havoc"],"picked":"Body Slam+1","floor":19.0},{"not_picked":["Rage","Perfected Strike","Body Slam+1"],"picked":"SKIP","floor":22.0},{"not_picked":["Rampage+1","Brutality","True Grit"],"picked":"SKIP","floor":24.0},{"not_picked":["Carnage","Iron Wave"],"picked":"Spot Weakness","floor":27.0},{"not_picked":["Iron Wave","Thunderclap","Anger+1"],"picked":"SKIP","floor":29.0},{"not_picked":["Battle Trance","True Grit"],"picked":"Feel No Pain","floor":30.0},{"not_picked":["Rampage","Clash"],"picked":"Armaments+1","floor":31.0},{"not_picked":["Feed","Berserk"],"picked":"Double Tap","floor":33.0},{"not_picked":["Havoc+1"],"picked":"SKIP","floor":35.0},{"not_picked":["True Grit"],"picked":"SKIP","floor":37.0},{"not_picked":["Perfected Strike+1"],"picked":"SKIP","floor":38.0},{"not_picked":[],"picked":"Sentinel+1","floor":40.0},{"not_picked":[],"picked":"Shrug It Off+1","floor":41.0},{"not_picked":["Anger"],"picked":"SKIP","floor":42.0},{"not_picked":["Rupture+1"],"picked":"SKIP","floor":44.0},{"not_picked":["Sever Soul+1"],"picked":"SKIP","floor":48}],"player_experience":437814,"relics_obtained":[{"floor":7.0,"key":"Bag of Preparation"},{"floor":7.0,"key":"Happy Flower"},{"floor":9.0,"key":"MawBank"},{"floor":14.0,"key":"Pear"},{"floor":14.0,"key":"Vajra"},{"floor":24.0,"key":"Oddly Smooth Stone"},{"floor":24.0,"key":"Ancient Tea Set"},{"floor":27.0,"key":"Lantern"},{"floor":27.0,"key":"Whetstone"},{"floor":29.0,"key":"Red Skull"},{"floor":29.0,"key":"Smiling Mask"},{"floor":36.0,"key":"Dead Branch"},{"floor":40.0,"key":"HornCleat"},{"floor":40.0,"key":"Art of War"},{"floor":44.0,"key":"Bronze Scales"},{"floor":44.0,"key":"StrikeDummy"}],"event_choices":[{"damage_healed":0.0,"max_hp_gain":0.0,"max_hp_loss":0.0,"gold_gain":75.0,"event_name":"World of Goop","player_choice":"Gather Gold","floor":4.0,"gold_loss":0.0,"damage_taken":11.0},{"damage_healed":0.0,"max_hp_gain":0.0,"max_hp_loss":0.0,"gold_gain":0.0,"event_name":"Upgrade Shrine","player_choice":"Upgraded","floor":10.0,"gold_loss":0.0,"damage_taken":0.0,"cards_upgraded":["Whirlwind"]},{"damage_healed":0.0,"max_hp_gain":5.0,"max_hp_loss":0.0,"gold_gain":0.0,"event_name":"Forgotten Altar","player_choice":"Shed Blood","floor":20.0,"gold_loss":0.0,"damage_taken":23.0},{"damage_healed":0.0,"max_hp_gain":0.0,"max_hp_loss":0.0,"gold_gain":0.0,"event_name":"Addict","player_choice":"Obtained Relic","floor":28.0,"gold_loss":85.0,"damage_taken":0.0,"relics_obtained":["Letter Opener"]},{"damage_healed":0.0,"max_hp_gain":0.0,"max_hp_loss":0.0,"gold_gain":0.0,"event_name":"MindBloom","player_choice":"Fight","floor":36.0,"gold_loss":0.0,"damage_taken":0.0},{"cards_removed":["Strike_R"],"damage_healed":0.0,"max_hp_gain":0.0,"max_hp_loss":0.0,"gold_gain":0.0,"event_name":"Designer","player_choice":"Upgrade and Remove","floor":39.0,"gold_loss":90.0,"damage_taken":0.0,"cards_upgraded":["Defend_R"]},{"damage_healed":0.0,"max_hp_gain":0.0,"max_hp_loss":0.0,"gold_gain":0.0,"event_name":"Winding Halls","player_choice":"Embrace Madness","floor":47.0,"gold_loss":0.0,"damage_taken":13.0,"cards_obtained":["Madness","Madness"]}],"is_beta":false,"boss_relics":[{"not_picked":["Pandora\u0027s Box","SacredBark"],"picked":"Cursed Key"},{"not_picked":["Fusion Hammer","Tiny House"],"picked":"Busted Crown"}],"items_purged_floors":[21,46],"is_endless":false,"potions_floor_spawned":[1,2,7,12,19,24,30,31,33,38,40,41,42,44],"ascension_level":10}}