{"host":"6affnl2vk6en9o4b","time":1612106816,"event":{"mods":["AchievementEnabler","Aspiration","BaseMod","BetterRewards","Colored Powertips","Conspire","Downfall","Friendly Minions","Googly Eyes","Highlight Path","Hubris","Minty Spire (QoL Compilation)","Replay The Spire","StSLib","Trackpad","Unceasing Turn Reminder"],"gold_per_floor":[99,112,112,124,140,140,140,140],"floor_reached":6,"language":"ENG","playtime":228,"items_purged":[],"score":35,"play_id":"03b603aa-d461-4956-95b6-28db08e98cd9","local_time":"20210131152656","is_ascension_mode":false,"campfire_choices":[{"data":"bronze:CleanCode","floor":1,"key":"SMITH"}],"circlet_count":0,"master_deck":["bronze:Strike","bronze:Strike","bronze:Strike","bronze:Strike","bronze:Defend","bronze:Defend","bronze:Defend","bronze:Defend","bronze:Replicate","bronze:Goto","bronze:CleanCode+1","bronze:ClassDefault","bronze:BronzeArmor","bronze:OilSpill"],"relics":["bronze:BronzeCore","Spirit Poop"],"acts_visited":["Exordium"],"potions_floor_usage":[],"damage_taken":[{"damage":9,"enemies":"2 Louse","floor":2,"turns":3},{"damage":20,"enemies":"Cultist","floor":4,"turns":7},{"damage":3,"enemies":"Small Slimes","floor":5,"turns":4},{"damage":41,"enemies":"Gremlin Nob","floor":6,"turns":5}],"seed_played":"-2171329142333705140","potions_obtained":[{"floor":5,"key":"PowerPotion"}],"is_trial":false,"path_per_floor":["R","M","?","M","M","E"],"character_chosen":"THE_AUTOMATON","items_purchased":[],"campfire_rested":0,"item_purchase_floors":[],"current_hp_per_floor":[70,61,61,41,38,0,0,0],"gold":140,"neow_bonus":"THREE_RARE_CARDS","is_daily":false,"chose_seed":false,"campfire_upgraded":1,"win_rate":0.0,"timestamp":1612106816,"path_taken":["R","M","?","?","M","E"],"items_purchased_type":[],"build_version":"2020-12-22","purchased_purges":0,"victory":false,"max_hp_per_floor":[70,70,70,70,70,70,70,70],"card_choices":[{"not_picked":["bronze:FindAndReplace","bronze:ThunderWave"],"picked":"bronze:CleanCode","floor":0},{"not_picked":["bronze:Constructor","bronze:BitShift"],"picked":"bronze:ClassDefault","floor":2},{"not_picked":["bronze:BitShift","bronze:Turbo"],"picked":"bronze:BronzeArmor","floor":4},{"not_picked":["bronze:Repulsor","bronze:Allocate"],"picked":"bronze:OilSpill","floor":5}],"player_experience":238259,"relics_obtained":[],"event_choices":[{"cards_removed":["downfall:Aged"],"damage_healed":0,"gold_gain":0,"player_choice":"Offered Curse","damage_taken":0,"relics_obtained":["Spirit Poop"],"max_hp_gain":0,"max_hp_loss":0,"event_name":"Bonfire Elementals","floor":3,"gold_loss":0}],"is_beta":false,"boss_relics":[],"items_purged_floors":[],"is_endless":false,"potions_floor_spawned":[5],"killed_by":"Gremlin Nob","ascension_level":0}}