{"host":"lktusdb9orijgc6z","time":1612116526,"event":{"mods":["BaseMod","Bestiary","Colored Map","Colored Powertips","Minty Spire (QoL Compilation)","Permanent Neow","Quick Restart","Relic Stats","StSLib","everything is the same but u backflip on backflip","slay the spire mod where everything is the same but ironclad has a cowboy hat"],"gold_per_floor":[217,236,249,17,29,55,55,90,138,157,6,37,51,1,1,1,1],"floor_reached":16,"language":"ENG","playtime":475,"items_purged":[],"score":228,"play_id":"5c8454a6-f2bb-40c2-b594-20c3177a68d8","local_time":"20210131190846","is_ascension_mode":true,"campfire_choices":[{"data":"Whirlwind","floor":7,"key":"SMITH"},{"floor":15,"key":"REST"}],"circlet_count":0,"master_deck":["AscendersBane","Strike_R","Strike_R+1","Strike_R","Strike_R","Defend_R","Defend_R","Defend_R","Defend_R","Bash","Thunderclap+1","Anger","Immolate","Master of Strategy","Whirlwind+1","Hemokinesis","Feel No Pain","Corruption","Feel No Pain","Ghostly Armor","Shrug It Off","True Grit","Ghostly Armor","Clothesline"],"relics":["Burning Blood","Ancient Tea Set","Matryoshka","Dream Catcher","Strawberry","Whetstone"],"acts_visited":["Exordium"],"potions_floor_usage":[6,12,16,16],"damage_taken":[{"damage":5.0,"enemies":"Cultist","floor":1.0,"turns":5.0},{"damage":6,"enemies":"2 Louse","floor":2,"turns":2},{"damage":8,"enemies":"Small Slimes","floor":3,"turns":5},{"damage":6,"enemies":"Looter","floor":5,"turns":2},{"damage":55,"enemies":"Lagavulin","floor":6,"turns":6},{"damage":0,"enemies":"3 Sentries","floor":8,"turns":1},{"damage":0,"enemies":"Lots of Slimes","floor":10,"turns":1},{"damage":17,"enemies":"Gremlin Nob","floor":12,"turns":4},{"damage":7,"enemies":"Exordium Wildlife","floor":13,"turns":3},{"damage":73,"enemies":"Hexaghost","floor":16,"turns":11}],"seed_played":"4054540755464726869","potions_obtained":[{"floor":1.0,"key":"PowerPotion"},{"floor":2,"key":"Weak Potion"},{"floor":10,"key":"BlessingOfTheForge"},{"floor":12,"key":"Regen Potion"}],"is_trial":false,"path_per_floor":["M","M","M","$","M","E","R","E","T","M","$","E","M","?","R","B"],"character_chosen":"IRONCLAD","items_purchased":["Immolate","Master of Strategy","Feel No Pain","Ghostly Armor","Shrug It Off"],"campfire_rested":1,"item_purchase_floors":[4,4,11,11,11],"current_hp_per_floor":[73,73,71,71,71,22,22,28,35,41,41,30,29,29,55,0,0],"gold":1,"neow_bonus":"HUNDRED_GOLD","is_daily":false,"chose_seed":false,"campfire_upgraded":1,"win_rate":0.0,"timestamp":1612116526,"path_taken":["M","?","M","$","?","E","R","E","T","M","$","E","M","?","R","BOSS"],"items_purchased_type":["Card","Card","Card","Card","Card"],"build_version":"2020-12-22","purchased_purges":0,"victory":false,"max_hp_per_floor":[80,80,80,80,80,80,80,80,87,87,87,87,87,87,87,87,87],"relic_stats":{"Dream Catcher":1,"counters":[10,40],"Whetstone":["Strike_R","Thunderclap"],"obtain_stats":[{"Dream Catcher":9,"Matryoshka":8,"Strawberry":9,"Whetstone":12,"Ancient Tea Set":6,"Burning Blood":0},{"Dream Catcher":6,"Matryoshka":6,"Strawberry":6,"Whetstone":8,"Ancient Tea Set":5,"Burning Blood":0},{"Dream Catcher":21,"Matryoshka":21,"Strawberry":21,"Whetstone":26,"Ancient Tea Set":20,"Burning Blood":0}],"Burning Blood":54},"card_choices":[{"not_picked":["Seeing Red","Havoc"],"picked":"Thunderclap","floor":1.0},{"not_picked":["Perfected Strike","Clothesline"],"picked":"Anger","floor":2},{"not_picked":["Body Slam","Heavy Blade","Clash"],"picked":"SKIP","floor":3},{"not_picked":["Intimidate","Searing Blow"],"picked":"Whirlwind","floor":5},{"not_picked":["True Grit","Anger"],"picked":"Hemokinesis","floor":6},{"not_picked":["Cleave","Body Slam"],"picked":"Feel No Pain","floor":8},{"not_picked":["Pommel Strike","Metallicize"],"picked":"Corruption","floor":10},{"not_picked":["Thunderclap","Havoc"],"picked":"True Grit","floor":12},{"not_picked":["Whirlwind","Blood for Blood"],"picked":"Ghostly Armor","floor":13},{"not_picked":["Warcry","Flex"],"picked":"Clothesline","floor":15}],"player_experience":730023,"relics_obtained":[{"floor":6,"key":"Ancient Tea Set"},{"floor":8,"key":"Matryoshka"},{"floor":9,"key":"Dream Catcher"},{"floor":9,"key":"Strawberry"},{"floor":12,"key":"Whetstone"}],"event_choices":[{"cards_removed":["Strike_R"],"damage_healed":0,"gold_gain":0,"player_choice":"Card Removal","damage_taken":0,"max_hp_gain":0,"max_hp_loss":0,"event_name":"The Cleric","floor":14,"gold_loss":50}],"is_beta":false,"boss_relics":[],"items_purged_floors":[],"is_endless":false,"potions_floor_spawned":[1,2,10,12],"killed_by":"Hexaghost","ascension_level":11}}