{"host":"6gl4z8x6qhx9xtfj","time":1612060508,"event":{"mods":["2.2 Compatiblity","AchievementEnabler","BaseMod","Bestiary","Colored Map","Colored Powertips","Evolution","Minty Spire (QoL Compilation)","Quick Restart","Relic Stats","StSLib","SuperFastMode"],"gold_per_floor":[119,119,129,54,54,69,102,102,128,156,156,156,191,191,191,287,287,302,302,302,302,122,148,163,163,190,233,245,282,313,352,364,471,483,510,539,551,578,49,77,37,69,69,69,69,69,119,152,152,152],"floor_reached":51,"language":"RUS","playtime":2678,"items_purged":["ThirdEye","BowlingBash","BowlingBash"],"score":990,"play_id":"dc69f72c-a405-4087-b2bb-d01a03c51941","local_time":"20210131053508","is_ascension_mode":true,"campfire_choices":[{"data":"WheelKick","floor":8,"key":"SMITH"},{"data":"Eruption","floor":12,"key":"SMITH"},{"data":"LikeWater","floor":15,"key":"SMITH"},{"data":"Omniscience","floor":25,"key":"SMITH"},{"floor":32,"key":"REST"},{"data":"LessonLearned","floor":44,"key":"SMITH"},{"data":"LikeWater","floor":49,"key":"SMITH"}],"circlet_count":0,"master_deck":["BowlingBash+1","ThirdEye+1","ThirdEye+1","ThirdEye+1","Eruption+1","Vigilance+1","LikeWater+1","CarveReality+1","WheelKick+1","Protect+1","CutThroughFate+1","LessonLearned+1","Collect+1","Necronomicurse","RitualDagger+1","Ragnarok+1","Omniscience+1","Worship+1","Clumsy","CrushJoints+1","SashWhip","Consecrate+1","ReachHeaven+1","Scrawl","BattleHymn","Tantrum","LikeWater+1"],"relics":["PureWater","EVO:Axolotl","Darkstone Periapt","Strawberry","Dream Catcher","Regal Pillow","Ancient Tea Set","Pear","Cursed Key","Necronomicon","MutagenicStrength","Question Card","MawBank","Bag of Marbles","PreservedInsect","Omamori","SlaversCollar","Strange Spoon","Singing Bowl","Orichalcum","Oddly Smooth Stone","Whetstone","Dead Branch","Centennial Puzzle"],"acts_visited":["Exordium","TheCity","TheBeyond"],"potions_floor_usage":[31],"damage_taken":[{"damage":4,"enemies":"Jaw Worm","floor":1,"turns":4},{"damage":0,"enemies":"Cultist","floor":3,"turns":5},{"damage":0,"enemies":"2 Louse","floor":6,"turns":2},{"damage":11,"enemies":"3 Sentries","floor":7,"turns":6},{"damage":6,"enemies":"Gremlin Nob","floor":10,"turns":4},{"damage":0,"enemies":"Lagavulin","floor":13,"turns":4},{"damage":2,"enemies":"Slime Boss","floor":16,"turns":6},{"damage":0,"enemies":"Spheric Guardian","floor":18,"turns":2},{"damage":16,"enemies":"Book of Stabbing","floor":23,"turns":6},{"damage":0,"enemies":"3 Byrds","floor":24,"turns":2},{"damage":13,"enemies":"Gremlin Leader","floor":27,"turns":6},{"damage":2,"enemies":"Book of Stabbing","floor":29,"turns":4},{"damage":0,"enemies":"Snecko","floor":30,"turns":1},{"damage":32,"enemies":"Slavers","floor":31,"turns":5},{"damage":58,"enemies":"Automaton","floor":33,"turns":5},{"damage":4,"enemies":"Orb Walker","floor":35,"turns":4},{"damage":16,"enemies":"3 Shapes","floor":36,"turns":8},{"damage":16,"enemies":"Jaw Worm Horde","floor":38,"turns":4},{"damage":2,"enemies":"Nemesis","floor":40,"turns":3},{"damage":0,"enemies":"Giant Head","floor":42,"turns":2},{"damage":0,"enemies":"2 Orb Walkers","floor":47,"turns":1},{"damage":1,"enemies":"Reptomancer","floor":48,"turns":4},{"damage":22,"enemies":"Awakened One","floor":50,"turns":6}],"seed_played":"2870485417214109034","potions_obtained":[{"floor":3,"key":"SpeedPotion"},{"floor":7,"key":"Energy Potion"},{"floor":16,"key":"Regen Potion"},{"floor":31,"key":"EssenceOfSteel"},{"floor":48,"key":"Ambrosia"}],"is_trial":false,"path_per_floor":["M","?","M","$","T","M","E","R","T","E","?","R","E","?","R","B",null,"M","?","?","?","$","E","M","R","T","E","?","E","M","E","R","B",null,"M","M","?","M","$","E","$","E","T","R","?","$","?","E","R","B",null],"character_chosen":"WATCHER","items_purchased":["Ragnarok","Strange Spoon","Singing Bowl","Tantrum"],"campfire_rested":1,"item_purchase_floors":[22,39,39,41],"current_hp_per_floor":[79,79,79,79,79,79,75,75,75,69,57,57,67,47,47,45,100,100,90,90,84,84,68,68,68,74,61,61,59,59,41,89,31,112,108,92,92,76,76,76,76,76,76,76,76,76,78,79,79,57],"gold":152,"neow_bonus":"TEN_PERCENT_HP_BONUS","is_daily":false,"chose_seed":false,"campfire_upgraded":6,"win_rate":0.0,"timestamp":1612060508,"path_taken":["M","?","?","?","?","M","E","R","T","E","?","R","E","?","R","BOSS","M","?","?","?","$","E","M","R","T","E","?","E","M","E","R","BOSS","M","M","?","M","$","E","$","E","T","R","?","$","?","E","R","BOSS"],"items_purchased_type":["Card","Relic","Relic","Card"],"build_version":"2020-12-22","purchased_purges":3,"victory":true,"max_hp_per_floor":[83,83,83,83,83,83,90,90,90,90,90,90,100,100,100,100,100,100,106,106,106,106,106,106,106,112,112,112,112,112,112,112,112,112,112,112,112,112,112,114,114,114,114,114,108,108,110,112,112,112],"relic_stats":{"Darkstone Periapt":12,"Regal Pillow":15,"Singing Bowl":6,"counters":[23,94],"Dead Branch":[11],"PreservedInsect":269,"Whetstone":["Consecrate","Ragnarok"],"Orichalcum":[36],"Cursed Key":2,"Question Card":14,"MawBank":156,"Strange Spoon":[15],"Dream Catcher":1,"Centennial Puzzle":[3],"Necronomicon":[29],"obtain_stats":[{"Darkstone Periapt":5,"Regal Pillow":10,"Pear":13,"Singing Bowl":39,"Dead Branch":47,"Oddly Smooth Stone":42,"PreservedInsect":29,"Omamori":31,"EVO:Axolotl":0,"Whetstone":43,"Orichalcum":40,"Ancient Tea Set":11,"Cursed Key":17,"Question Card":23,"MawBank":26,"SlaversCollar":34,"Strange Spoon":39,"Dream Catcher":9,"Centennial Puzzle":48,"Strawberry":7,"MutagenicStrength":20,"Necronomicon":19,"Bag of Marbles":27,"PureWater":0},{"Darkstone Periapt":2,"Regal Pillow":5,"Pear":6,"Singing Bowl":18,"Dead Branch":21,"Oddly Smooth Stone":20,"PreservedInsect":12,"Omamori":14,"EVO:Axolotl":0,"Whetstone":20,"Orichalcum":19,"Ancient Tea Set":5,"Cursed Key":7,"Question Card":9,"MawBank":10,"SlaversCollar":15,"Strange Spoon":18,"Dream Catcher":4,"Centennial Puzzle":22,"Strawberry":4,"MutagenicStrength":8,"Necronomicon":8,"Bag of Marbles":11,"PureWater":0},{"Darkstone Periapt":9,"Regal Pillow":21,"Pear":25,"Singing Bowl":78,"Dead Branch":84,"Oddly Smooth Stone":83,"PreservedInsect":51,"Omamori":57,"EVO:Axolotl":0,"Whetstone":83,"Orichalcum":81,"Ancient Tea Set":21,"Cursed Key":31,"Question Card":39,"MawBank":41,"SlaversCollar":62,"Strange Spoon":78,"Dream Catcher":17,"Centennial Puzzle":88,"Strawberry":17,"MutagenicStrength":33,"Necronomicon":33,"Bag of Marbles":47,"PureWater":0}]},"card_choices":[{"not_picked":["Crescendo","Evaluate"],"picked":"LikeWater","floor":1},{"not_picked":["EmptyFist","SashWhip"],"picked":"WheelKick","floor":3},{"not_picked":["SashWhip","Wireheading"],"picked":"Protect","floor":6},{"not_picked":["PathToVictory","Protect","ClearTheMind"],"picked":"SKIP","floor":7},{"not_picked":["Brilliance","Crescendo"],"picked":"CutThroughFate","floor":10},{"not_picked":["Vengeance","ClearTheMind","WaveOfTheHand"],"picked":"SKIP","floor":13},{"not_picked":["ConjureBlade","Alpha"],"picked":"LessonLearned","floor":16},{"not_picked":["BowlingBash","Swivel","Collect"],"picked":"SKIP","floor":18},{"not_picked":["BowlingBash","Swivel"],"picked":"Collect","floor":18},{"not_picked":["Vengeance","Collect"],"picked":"Omniscience","floor":23},{"not_picked":["Pray+1","PathToVictory+1","Meditate"],"picked":"Worship","floor":24},{"not_picked":["Halt","InnerPeace+1","FlurryOfBlows","Perseverance"],"picked":"SKIP","floor":27},{"not_picked":["Halt+1","Ragnarok","Adaptation"],"picked":"CrushJoints+1","floor":29},{"not_picked":["Crescendo","WindmillStrike","Prostrate"],"picked":"SashWhip","floor":30},{"not_picked":["ThirdEye","Halt","EmptyFist"],"picked":"Consecrate","floor":31},{"not_picked":["Wireheading","ThirdEye","CarveReality"],"picked":"ReachHeaven","floor":32},{"not_picked":["Judgement","Alpha","LessonLearned"],"picked":"Scrawl","floor":33},{"not_picked":["Consecrate+1","EmptyBody","Protect","ClearTheMind"],"picked":"SKIP","floor":35},{"not_picked":["Consecrate+1","EmptyBody","Protect","ClearTheMind"],"picked":"SKIP","floor":35},{"not_picked":["WindmillStrike+1","FlurryOfBlows","Indignation+1"],"picked":"BattleHymn","floor":36},{"not_picked":["CrushJoints+1","SignatureMove","Meditate","EmptyMind+1"],"picked":"SKIP","floor":38},{"not_picked":["Protect+1","Perseverance","FollowUp","EmptyMind+1"],"picked":"Singing Bowl","floor":40},{"not_picked":["Pray","ClearTheMind","DeceiveReality+1"],"picked":"LikeWater","floor":42},{"not_picked":["ForeignInfluence+1","Perseverance","WaveOfTheHand+1","ReachHeaven+1"],"picked":"Singing Bowl","floor":47},{"not_picked":["ReachHeaven","Evaluate","PathToVictory","ThirdEye"],"picked":"Singing Bowl","floor":48}],"player_experience":85898,"relics_obtained":[{"floor":5,"key":"Darkstone Periapt"},{"floor":7,"key":"Strawberry"},{"floor":9,"key":"Dream Catcher"},{"floor":10,"key":"Regal Pillow"},{"floor":13,"key":"Pear"},{"floor":19,"key":"Necronomicon"},{"floor":23,"key":"Question Card"},{"floor":26,"key":"MawBank"},{"floor":27,"key":"Bag of Marbles"},{"floor":29,"key":"PreservedInsect"},{"floor":31,"key":"Omamori"},{"floor":40,"key":"Orichalcum"},{"floor":42,"key":"Oddly Smooth Stone"},{"floor":43,"key":"Whetstone"},{"floor":47,"key":"Dead Branch"},{"floor":48,"key":"Centennial Puzzle"}],"event_choices":[{"damage_healed":0,"gold_gain":0,"cards_transformed":["BowlingBash"],"player_choice":"Transformed","damage_taken":0,"max_hp_gain":0,"max_hp_loss":0,"event_name":"Transmorgrifier","floor":2,"gold_loss":0,"cards_obtained":["CarveReality"]},{"damage_healed":0,"gold_gain":0,"player_choice":"Success","damage_taken":12,"relics_obtained":["Ancient Tea Set"],"max_hp_gain":0,"max_hp_loss":0,"event_name":"Scrap Ooze","floor":11,"gold_loss":0},{"damage_healed":0,"gold_gain":0,"player_choice":"Entered Light","damage_taken":20,"max_hp_gain":0,"max_hp_loss":0,"event_name":"Shining Light","floor":14,"gold_loss":0,"cards_upgraded":["CutThroughFate","ThirdEye"]},{"damage_healed":0,"gold_gain":0,"player_choice":"Obtained Book","damage_taken":16,"max_hp_gain":0,"max_hp_loss":0,"event_name":"Cursed Tome","floor":19,"gold_loss":0},{"damage_healed":0,"gold_gain":0,"player_choice":"Inject Mutagens","damage_taken":0,"relics_obtained":["MutagenicStrength"],"max_hp_gain":0,"max_hp_loss":0,"event_name":"Drug Dealer","floor":20,"gold_loss":0},{"damage_healed":0,"gold_gain":0,"player_choice":"Joined the Cult","damage_taken":6,"max_hp_gain":0,"max_hp_loss":0,"event_name":"Nest","floor":21,"gold_loss":0,"cards_obtained":["RitualDagger"]},{"damage_healed":0,"gold_gain":0,"player_choice":"Simplicity","damage_taken":0,"max_hp_gain":0,"max_hp_loss":0,"event_name":"Back to Basics","floor":28,"gold_loss":0,"cards_upgraded":[]},{"damage_healed":0,"gold_gain":0,"player_choice":"Ignored","damage_taken":0,"max_hp_gain":0,"max_hp_loss":0,"event_name":"Tomb of Lord Red Mask","floor":37,"gold_loss":0},{"damage_healed":0,"gold_gain":0,"player_choice":"Max HP","damage_taken":0,"max_hp_gain":0,"max_hp_loss":6,"event_name":"Winding Halls","floor":45,"gold_loss":0},{"damage_healed":0,"gold_gain":0,"player_choice":"Fight","damage_taken":0,"max_hp_gain":0,"max_hp_loss":0,"event_name":"Mysterious Sphere","floor":47,"gold_loss":0}],"is_beta":false,"boss_relics":[{"not_picked":["Snecko Eye","Busted Crown"],"picked":"Cursed Key"},{"not_picked":["Astrolabe","Tiny House"],"picked":"SlaversCollar"}],"items_purged_floors":[4,22,39],"is_endless":false,"potions_floor_spawned":[3,7,16,29,31,33,35,38,48],"ascension_level":1}}