{"host":"5gzbaq21mzbu77pn","time":1612062907,"event":{"mods":["2.2 Compatiblity","Aspiration","Bard","Bartender","BaseMod","Beaked The Cultist","BetterRewards","Colored Powertips","Conspire","Downfall","Energized Spire","GifTheSpireLib","Gold Saver","Gremlin Mod","GungeonMod","Hubris","Infinite Spire","Koishi","Magitek Elite","Minty Spire (QoL Compilation)","Quick Restart","Replay The Spire","Shop Mod","StSLib","Stuff the Spire","Synergy Search","The Blackbeard","The Clintock","The Cursed","The Disciple","The Hayseed","The Poker Player","The Saiyan","The Senshi","TheBandit"],"gold_per_floor":[99,119,133,148,158,158,158,178,213,213,229,248,248,40,57,160,160,160,179,179,179,196,196,275,275,304,304,317,317,217,228,240,344,344,344,360,126,176,222,222,222,222,242,270,283,298,298,248,267,267],"floor_reached":51,"language":"ENG","playtime":4782,"items_purged":["hubris:Disease","hubris:Disease"],"score":751,"play_id":"56ee0d0b-26c1-4c5b-a16f-808d4c89be99","local_time":"20210131041507","is_ascension_mode":false,"campfire_choices":[{"floor":1,"key":"DIG"},{"data":"champ:Taunt","floor":6,"key":"SMITH"},{"floor":13,"key":"REST"},{"data":"infinitespire:Execution","floor":18,"key":"SMITH"},{"data":"champ:StanceDance","floor":23,"key":"SMITH"},{"data":"champ:HoldFirm","floor":25,"key":"SMITH"},{"data":"champ:Shatter","floor":30,"key":"SMITH"},{"data":"champ:DancingMaster","floor":35,"key":"SMITH"},{"floor":40,"key":"REST"},{"data":"champ:FanOfKnives","floor":47,"key":"SMITH"}],"circlet_count":0,"master_deck":["champ:Strike","champ:Strike","champ:Strike","champ:Strike","champ:Defend","champ:Defend","champ:Defend","champ:Defend","champ:Execute","champ:Taunt+1","champ:Backstep","champ:BringItOn","champ:FlashCut","champ:GutPunch","champ:SetATrap","champ:Shatter","champ:BerserkersShout","champ:ArenaPreparation","champ:IronFortress+1","champ:StanceDance+1","champ:FlashCut","expansioncontent:PrepareCrush","champ:IronFortress","champ:HoldFirm+1","ReplayTheSpireMod:Compounding Headache","champ:TripleStrike","Good Instincts","infinitespire:Execution+1","champ:HeartStrike+1","infinitespire:Collect","infinitespire:Starlight","champ:Shatter+1","infinitespire:FinalStrike","champ:PreemptiveStrike","champ:PreciseThrust+1","champ:DancingMaster+1","champ:FanOfKnives+1","champ:BladeFlurry+1","champ:FlashCut+1","champ:RecklessLeap","champ:ShieldSlam","champ:EnGarde+1","champ:Strike","champ:IgnorePain","hubris:Fate","champ:GutPunch+1"],"relics":["champ:ChampionCrown","Vajra","infinitespire:EmpoweringShard","ReplayTheSpireMod:Lightbulb","Du-Vu Doll","BargainBundle","ReplayTheSpireMod:SealedPack","hubris:Towel","Dream Catcher","DemoMod:RiddleOfLead","infinitespire:CheckeredPen","StuffTheSpire:ForceGauntlet","downfall:HeartBlessingGreen","HandDrill","StuffTheSpire:Nightcore","Replay:Multitool","hubris:ToyBattleship","Mango","energizedSpire:HugeHouse","Tintinnabulum"],"acts_visited":["Exordium","TheCity","TheBeyond"],"potions_floor_usage":[9,9,9,15,16,16,16,33,33,36,37,44,46,50],"damage_taken":[{"damage":10,"enemies":"2 Louse","floor":2,"turns":2},{"damage":20,"enemies":"Cultist","floor":3,"turns":3},{"damage":15,"enemies":"Jaw Worm","floor":4,"turns":3},{"damage":14,"enemies":"3 Louse","floor":5,"turns":3},{"damage":12,"enemies":"Red Slaver","floor":8,"turns":3},{"damage":27,"enemies":"Lagavulin","floor":9,"turns":7},{"damage":3,"enemies":"2 Fungi Beasts","floor":11,"turns":2},{"damage":29,"enemies":"Large Slime","floor":12,"turns":7},{"damage":15,"enemies":"downfall:FleeingMerchant","floor":14,"turns":4},{"damage":0,"enemies":"Exordium Thugs","floor":15,"turns":3},{"damage":47,"enemies":"SI_SHIV_ARCHETYPE","floor":16,"turns":8},{"damage":24,"enemies":"Spheric Guardian","floor":19,"turns":4},{"damage":0,"enemies":"Chosen","floor":22,"turns":3},{"damage":16,"enemies":"Slavers","floor":26,"turns":5},{"damage":28,"enemies":"Snecko","floor":28,"turns":4},{"damage":7,"enemies":"Cultist and Chosen","floor":31,"turns":4},{"damage":10,"enemies":"Chosen and Byrds","floor":32,"turns":4},{"damage":51,"enemies":"DF_ARCHETYPE_CLAW","floor":33,"turns":7},{"damage":1,"enemies":"3 Shapes","floor":36,"turns":5},{"damage":5,"enemies":"downfall:FleeingMerchant","floor":37,"turns":4},{"damage":31,"enemies":"downfall:FleeingMerchant","floor":38,"turns":5},{"damage":41,"enemies":"2 Orb Walkers","floor":39,"turns":4},{"damage":34,"enemies":"3 Darklings","floor":43,"turns":3},{"damage":10,"enemies":"Reptomancer","floor":44,"turns":5},{"damage":0,"enemies":"Jaw Worm Horde","floor":45,"turns":2},{"damage":30,"enemies":"Transient","floor":46,"turns":5},{"damage":0,"enemies":"4 Shapes","floor":49,"turns":2},{"damage":33,"enemies":"IC_BLOCK_ARCHETYPE","floor":50,"turns":7}],"seed_played":"1486625633157758108","potions_obtained":[{"floor":4,"key":"DemoMod:LeadSkinPotion"},{"floor":5,"key":"DuplicationPotion"},{"floor":8,"key":"AttackPotion"},{"floor":15,"key":"bronze:BurnAndBuffPotion"},{"floor":28,"key":"Adrenaline Potion"},{"floor":31,"key":"hexamod:SoulburnPotion"},{"floor":33,"key":"Fire Potion"},{"floor":36,"key":"Fire Potion"},{"floor":43,"key":"ColorlessPotion"},{"floor":44,"key":"champ:OpenerPotion"},{"floor":49,"key":"champ:OpenerPotion"}],"is_trial":false,"path_per_floor":["R","M","M","M","M","R","T","M","E","?","M","M","R","$","M","B",null,"R","M","?","AVR","M","R","T","R","E","?","M","?","R","M","M","B",null,"R","M","$","?","?","R","T","?","M","E","M","M","R","AVR","M","B",null],"character_chosen":"THE_CHAMP","items_purchased":["BargainBundle","champ:IronFortress+1","champ:StanceDance","champ:FlashCut","expansioncontent:PrepareCrush","Adrenaline Potion","champ:CounterPotion","hexamod:SoulburnPotion","HandDrill"],"campfire_rested":2,"item_purchase_floors":[14,14,14,14,14,14,14,14,37],"current_hp_per_floor":[90,90,90,85,81,81,81,79,67,76,73,59,86,86,86,69,90,90,76,76,100,100,100,100,100,89,89,61,71,71,69,74,33,100,100,99,99,93,52,82,82,82,68,82,82,77,77,77,78,76],"gold":267,"neow_bonus":"RANDOM_COMMON_RELIC","is_daily":false,"chose_seed":false,"campfire_upgraded":7,"win_rate":0.0,"timestamp":1612062907,"path_taken":["R","M","M","M","M","R","T","M","E","?","M","?","R","$","M","BOSS","R","M","?","AVR","M","R","T","R","E","?","M","?","R","?","M","BOSS","R","M","$","?","?","R","T","?","M","E","?","M","R","AVR","M","BOSS"],"items_purchased_type":["Relic","Card","Card","Card","Card","Potion","Potion","Potion","Relic"],"build_version":"2020-12-22","purchased_purges":2,"victory":true,"max_hp_per_floor":[90,90,90,90,90,90,90,90,90,90,90,90,90,90,90,90,90,90,90,90,100,100,100,100,100,100,100,100,100,100,100,100,100,100,100,100,100,100,100,100,100,100,100,114,114,114,114,109,109,109],"card_choices":[{"not_picked":["champ:GladiatorStyle","champ:PerfectedStrike"],"picked":"champ:Backstep","floor":2},{"not_picked":["champ:ArenaPreparation","champ:CrookedStrike"],"picked":"champ:BringItOn","floor":3},{"not_picked":["champ:Backstep","champ:RecklessLeap"],"picked":"champ:FlashCut","floor":4},{"not_picked":["champ:BladeFlurry","champ:EnGarde"],"picked":"champ:GutPunch","floor":5},{"not_picked":["champ:BladeFlurry","champ:Backstep"],"picked":"champ:SetATrap","floor":8},{"not_picked":["champ:BladeFlurry","champ:FancyFootwork"],"picked":"champ:Shatter","floor":9},{"not_picked":["champ:GutPunch","champ:EnragedBash"],"picked":"champ:BerserkersShout","floor":11},{"not_picked":["champ:EnragedBash","champ:RecklessLeap"],"picked":"champ:TornadoPunch","floor":12},{"not_picked":["champ:Parry","champ:MurderStrike"],"picked":"champ:ArenaPreparation","floor":14},{"not_picked":["champ:StanceDance","champ:CrownThrow"],"picked":"champ:IronFortress","floor":15},{"not_picked":["champ:DancingMaster","champ:StrikeOfGenius"],"picked":"champ:HoldFirm","floor":16},{"not_picked":["champ:HeavySlash","champ:IgnorePain"],"picked":"champ:TripleStrike","floor":17},{"not_picked":["Flash of Steel","ReplayTheSpireMod:Trickstab"],"picked":"Good Instincts","floor":17},{"not_picked":["infinitespire:SevenWalls","infinitespire:Fortify"],"picked":"infinitespire:Execution","floor":17},{"not_picked":["champ:BerserkersShout","champ:StanceDance+1"],"picked":"champ:HeartStrike+1","floor":19},{"not_picked":["champ:FlashCut","champ:Shatter","champ:AdrenalArmor+1"],"picked":"SKIP","floor":22},{"not_picked":["champ:CrookedStrike","champ:EnGarde"],"picked":"champ:Shatter","floor":26},{"not_picked":["hubris:InfiniteBlow+1","Replay:Fractal Strike"],"picked":"infinitespire:FinalStrike","floor":27},{"not_picked":["champ:FocusedDefense","champ:ArenaPreparation+1"],"picked":"champ:PreemptiveStrike","floor":28},{"not_picked":["champ:SetATrap","champ:PreemptiveStrike+1","champ:AdrenalArmor"],"picked":"SKIP","floor":31},{"not_picked":["champ:HeavySlash","champ:BringItOn"],"picked":"champ:PreciseThrust+1","floor":32},{"not_picked":["champ:StrikeOfGenius","champ:SwordThrow"],"picked":"champ:DancingMaster","floor":33},{"not_picked":["champ:Shatter+1","champ:FlashCut+1","champ:EnGarde"],"picked":"SKIP","floor":36},{"not_picked":["champ:Circumvent+1","champ:Lariat"],"picked":"champ:FanOfKnives","floor":37},{"not_picked":["champ:Shatter+1","champ:AdrenalArmor"],"picked":"champ:BladeFlurry+1","floor":38},{"not_picked":["champ:Circumvent","champ:SkillfulDodge"],"picked":"champ:FlashCut+1","floor":39},{"not_picked":["champ:CrownThrow+1","champ:TornadoPunch+1"],"picked":"champ:RecklessLeap","floor":40},{"not_picked":["champ:BringItOn","champ:AdrenalArmor+1","champ:Circumvent"],"picked":"SKIP","floor":43},{"not_picked":["champ:Circumvent+1","champ:Lariat","champ:RisingSlash+1"],"picked":"SKIP","floor":44},{"not_picked":["champ:RapidStrikes","champ:FanOfKnives","champ:DefensiveShout"],"picked":"SKIP","floor":45},{"not_picked":["champ:BerserkersShout","champ:Backstep+1"],"picked":"champ:EnGarde+1","floor":46},{"not_picked":["champ:Shatter+1","champ:CrookedStrike+1"],"picked":"champ:GutPunch+1","floor":49}],"player_experience":892717,"relics_obtained":[{"floor":1,"key":"infinitespire:EmpoweringShard"},{"floor":7,"key":"ReplayTheSpireMod:Lightbulb"},{"floor":9,"key":"Du-Vu Doll"},{"floor":24,"key":"infinitespire:CheckeredPen"},{"floor":26,"key":"StuffTheSpire:ForceGauntlet"},{"floor":38,"key":"StuffTheSpire:Nightcore"},{"floor":39,"key":"Replay:Multitool"},{"floor":41,"key":"hubris:ToyBattleship"},{"floor":44,"key":"Mango"}],"event_choices":[{"damage_healed":0,"gold_gain":0,"player_choice":"Fight","damage_taken":0,"max_hp_gain":0,"max_hp_loss":0,"event_name":"Mysterious Sphere","floor":39,"gold_loss":0}],"is_beta":false,"boss_relics":[{"not_picked":["Busted Crown","conspire:SpecialSausage"],"picked":"ReplayTheSpireMod:SealedPack"},{"not_picked":["aspiration:FutureDiary","StuffTheSpire:RunicHypercube","Coffee Dripper"]}],"items_purged_floors":[37,48],"is_endless":false,"potions_floor_spawned":[4,5,8,15,28,31,33,36,43,44,49],"ascension_level":0}}