{"host":"03gh5aw7xaqhv7p2","time":1612109747,"event":{"mods":["BaseMod","Colored Powertips","Infinite Spire","Minty Spire (QoL Compilation)","StSLib"],"gold_per_floor":[115,115,75,89,106,106,161,192,192,192,6,33,33,33,33,104,104,119,139,64,84,84,84,115,115,142,142,170,190,201,232,232,305,305,321,337,337,351,371,371,401,401,401,401,401,401],"floor_reached":45,"language":"ENG","playtime":2374,"items_purged":["Strike_P"],"score":1128,"play_id":"140ea473-147d-4924-af8b-d45d9d838fc4","local_time":"20210131171547","is_ascension_mode":true,"campfire_choices":[{"data":"Tantrum","floor":6,"key":"SMITH"},{"data":"Vigilance","floor":10,"key":"SMITH"},{"data":"Defend_P","floor":15,"key":"SMITH"},{"floor":23,"key":"REST"},{"floor":25,"key":"REST"},{"floor":32,"key":"REST"},{"floor":40,"key":"REST"},{"floor":42,"key":"REST"},{"floor":44,"key":"REST"}],"circlet_count":0,"master_deck":["AscendersBane","Strike_P","Defend_P+1","Defend_P","Defend_P","Eruption+1","Vigilance+1","Tantrum+1","FlyingSleeves","Wallop","EmptyFist+1","Vault","DeceiveReality+1","DeceiveReality","FlyingSleeves+1","Halt","BattleHymn","LessonLearned","ThirdEye+1","Evaluate"],"relics":["PureWater","infinitespire:Eraser","Vajra","Damaru","infinitespire:Golems Mask","Fusion Hammer","MutagenicStrength","TungstenRod","Anchor","Eternal Feather","Red Mask","Sozu","infinitespire:Satchel","infinitespire:CheckeredPen"],"acts_visited":["Exordium","TheCity","TheBeyond"],"potions_floor_usage":[7,7,16,21,28,28,31,38],"damage_taken":[{"damage":7,"enemies":"Small Slimes","floor":1,"turns":4},{"damage":0,"enemies":"Cultist","floor":4,"turns":3},{"damage":0,"enemies":"Jaw Worm","floor":5,"turns":3},{"damage":2,"enemies":"3 Sentries","floor":7,"turns":6},{"damage":12,"enemies":"Lagavulin","floor":8,"turns":3},{"damage":0,"enemies":"Gremlin Nob","floor":12,"turns":2},{"damage":0,"enemies":"The Guardian","floor":16,"turns":7},{"damage":1,"enemies":"Shell Parasite","floor":18,"turns":3},{"damage":0,"enemies":"2 Thieves","floor":19,"turns":3},{"damage":16,"enemies":"Shelled Parasite and Fungi","floor":21,"turns":5},{"damage":9,"enemies":"Gremlin Leader","floor":24,"turns":4},{"damage":1,"enemies":"Slavers","floor":28,"turns":5},{"damage":0,"enemies":"Centurion and Healer","floor":29,"turns":3},{"damage":0,"enemies":"Cultist and Chosen","floor":30,"turns":5},{"damage":19,"enemies":"Masked Bandits","floor":31,"turns":4},{"damage":48,"enemies":"Collector","floor":33,"turns":9},{"damage":0,"enemies":"3 Darklings","floor":35,"turns":4},{"damage":3,"enemies":"Orb Walker","floor":36,"turns":3},{"damage":6,"enemies":"3 Darklings","floor":38,"turns":4},{"damage":15,"enemies":"Maw","floor":39,"turns":6},{"damage":95,"enemies":"Reptomancer","floor":41,"turns":7},{"damage":0,"enemies":"infinitespire:Three Voidlings","floor":45,"turns":4},{"damage":75,"enemies":"Nightmare_Alpha","floor":45,"turns":6}],"seed_played":"-5225334292098016261","potions_obtained":[{"floor":3,"key":"SteroidPotion"},{"floor":3,"key":"StancePotion"},{"floor":7,"key":"StancePotion"},{"floor":16,"key":"Dexterity Potion"},{"floor":24,"key":"SteroidPotion"},{"floor":29,"key":"FairyPotion"},{"floor":30,"key":"Strength Potion"},{"floor":33,"key":"Weak Potion"}],"is_trial":false,"path_per_floor":["M","?","?","M","M","R","?","E","T","R","$","E","?","$","R","B",null,"M","M","?","M","?","R","E","R","T","?","E","M","M","?","R","B",null,"M","M","?","M","M","R","E","R","T","R","?"],"character_chosen":"WATCHER","items_purchased":["EmptyFist","Block Potion"],"campfire_rested":6,"item_purchase_floors":[11,11],"current_hp_per_floor":[36,18,18,18,18,18,16,4,4,4,4,4,4,4,4,4,52,51,51,51,35,35,55,46,66,66,66,65,65,65,46,68,20,56,56,53,53,47,32,64,18,50,50,68,0,0],"gold":401,"neow_bonus":"REMOVE_TWO","is_daily":false,"chose_seed":false,"campfire_upgraded":3,"win_rate":0.0,"timestamp":1612109747,"path_taken":["M","?","?","?","M","R","?","E","T","R","$","E","?","?","R","BOSS","M","M","?","M","?","R","E","R","T","?","E","M","?","?","R","BOSS","M","M","?","M","M","R","E","R","T","R","?"],"items_purchased_type":["Card","Potion"],"build_version":"2020-12-22","purchased_purges":1,"victory":false,"max_hp_per_floor":[68,68,68,68,68,68,68,68,68,68,68,68,68,68,68,68,68,68,68,68,68,68,68,68,68,68,68,68,68,68,68,68,68,68,68,68,68,68,68,68,68,68,68,68,68,68],"card_choices":[{"not_picked":["SashWhip","PathToVictory"],"picked":"Tantrum","floor":1},{"not_picked":["EmptyBody","Protect","Consecrate"],"picked":"SKIP","floor":4},{"not_picked":["EmptyFist","Crescendo","LikeWater"],"picked":"SKIP","floor":5},{"not_picked":["CutThroughFate","Meditate"],"picked":"FlyingSleeves","floor":7},{"not_picked":["EmptyBody","ThirdEye"],"picked":"Wallop","floor":8},{"not_picked":["LikeWater","FollowUp","ReachHeaven"],"picked":"SKIP","floor":12},{"not_picked":["LikeWater","FollowUp","ReachHeaven"],"picked":"SKIP","floor":12},{"not_picked":["Alpha","Omniscience"],"picked":"Vault","floor":16},{"not_picked":["Protect","BowlingBash","FlurryOfBlows"],"picked":"SKIP","floor":18},{"not_picked":["Study","Protect"],"picked":"Indignation","floor":19},{"not_picked":["JustLucky","Weave+1"],"picked":"DeceiveReality","floor":21},{"not_picked":["ClearTheMind","Meditate"],"picked":"DeceiveReality","floor":24},{"not_picked":["Consecrate","FlyingSleeves","PathToVictory+1"],"picked":"SKIP","floor":28},{"not_picked":["Consecrate","FlyingSleeves","PathToVictory+1"],"picked":"SKIP","floor":28},{"not_picked":["Prostrate","PathToVictory"],"picked":"FlyingSleeves+1","floor":29},{"not_picked":["CutThroughFate","Wireheading"],"picked":"Halt","floor":30},{"not_picked":["WindmillStrike","Pray"],"picked":"BattleHymn","floor":31},{"not_picked":["Blasphemy","MasterReality"],"picked":"LessonLearned","floor":33},{"not_picked":["Crescendo","FlurryOfBlows","WaveOfTheHand"],"picked":"SKIP","floor":35},{"not_picked":["JustLucky","Ragnarok"],"picked":"ThirdEye+1","floor":36},{"not_picked":["Protect","FlyingSleeves"],"picked":"Evaluate","floor":38},{"not_picked":["Pray","FlurryOfBlows","Crescendo"],"picked":"SKIP","floor":39},{"not_picked":["Sanctity","CarveReality+1","PathToVictory"],"picked":"SKIP","floor":41}],"player_experience":1950397,"relics_obtained":[{"floor":7,"key":"Vajra"},{"floor":8,"key":"Damaru"},{"floor":12,"key":"infinitespire:Golems Mask"},{"floor":24,"key":"TungstenRod"},{"floor":26,"key":"Anchor"},{"floor":28,"key":"Eternal Feather"},{"floor":31,"key":"Red Mask"},{"floor":41,"key":"infinitespire:Satchel"},{"floor":43,"key":"infinitespire:CheckeredPen"}],"event_choices":[{"damage_healed":0,"gold_gain":0,"player_choice":"Success","damage_taken":18,"relics_obtained":["infinitespire:Eraser"],"max_hp_gain":0,"max_hp_loss":0,"event_name":"Scrap Ooze","floor":2,"gold_loss":0},{"damage_healed":0,"gold_gain":0,"player_choice":"Bought 3 Potions","damage_taken":0,"max_hp_gain":0,"max_hp_loss":0,"event_name":"The Woman in Blue","floor":3,"gold_loss":0},{"damage_healed":0,"gold_gain":0,"player_choice":"Searched \u00271\u0027 times","damage_taken":0,"max_hp_gain":0,"max_hp_loss":0,"event_name":"Dead Adventurer","floor":7,"gold_loss":0},{"damage_healed":0,"gold_gain":0,"player_choice":"Ignored","damage_taken":0,"max_hp_gain":0,"max_hp_loss":0,"event_name":"Golden Wing","floor":13,"gold_loss":0},{"cards_removed":["Strike_P"],"damage_healed":0,"gold_gain":0,"player_choice":"Gave Gold","damage_taken":0,"max_hp_gain":0,"max_hp_loss":0,"event_name":"Beggar","floor":20,"gold_loss":75},{"damage_healed":0,"gold_gain":0,"player_choice":"Inject Mutagens","damage_taken":0,"relics_obtained":["MutagenicStrength"],"max_hp_gain":0,"max_hp_loss":0,"event_name":"Drug Dealer","floor":22,"gold_loss":0},{"damage_healed":0,"gold_gain":0,"player_choice":"Ignored","damage_taken":0,"max_hp_gain":0,"max_hp_loss":0,"event_name":"Vampires","floor":27,"gold_loss":0},{"damage_healed":0,"gold_gain":0,"player_choice":"Fought Bandits","damage_taken":0,"max_hp_gain":0,"max_hp_loss":0,"event_name":"Masked Bandits","floor":31,"gold_loss":0},{"cards_removed":["Indignation"],"damage_healed":0,"gold_gain":0,"player_choice":"Removed Skill","damage_taken":0,"max_hp_gain":0,"max_hp_loss":0,"event_name":"Falling","floor":37,"gold_loss":0}],"is_beta":false,"boss_relics":[{"not_picked":["infinitespire:Cupcake","Calling Bell"],"picked":"Fusion Hammer"},{"not_picked":["Coffee Dripper","SlaversCollar"],"picked":"Sozu"}],"items_purged_floors":[11],"is_endless":false,"potions_floor_spawned":[4,5,7,16,18,24,29,30,33,38,41],"killed_by":"Nightmare_Alpha","ascension_level":20}}