{"host":"qhn6g0owdgjb77rz","time":1612101280,"event":{"mods":["BaseMod","BetterRewards","Colored Map","Downfall","Minty Spire (QoL Compilation)","Relic Sorter","StSLib"],"gold_per_floor":[99,99,99,99,99,125,125,25,50,50,50,68,88,119,139,139,139,139],"floor_reached":16,"language":"ENG","playtime":674,"items_purged":[],"score":148,"play_id":"ceaf2623-f1e0-44b6-bb76-e52efd2008b7","local_time":"20210131225440","is_ascension_mode":true,"campfire_choices":[{"floor":1,"key":"RECALL"},{"data":"bronze:InfiniteLoop","floor":8,"key":"SMITH"},{"data":"bronze:Replicate","floor":10,"key":"SMITH"}],"circlet_count":0,"master_deck":["bronze:Strike","bronze:Strike","bronze:Strike","bronze:Strike","bronze:Defend","bronze:Defend","bronze:Defend","bronze:Defend","bronze:Replicate+1","bronze:Goto","bronze:WildBeam","bronze:InfiniteLoop+1","bronze:ItsAFeature","bronze:Deprecate","bronze:BronzeArmor","bronze:Shield"],"relics":["bronze:BronzeCore","downfall:HeartsMalice","FossilizedHelix","Singing Bowl","downfall:HeartBlessingGreen","Eternal Feather","Blue Candle","The Courier"],"acts_visited":["Exordium"],"potions_floor_usage":[12,15,16,16],"damage_taken":[{"damage":0,"enemies":"Cultist","floor":2,"turns":1},{"damage":0,"enemies":"2 Louse","floor":3,"turns":1},{"damage":0,"enemies":"Jaw Worm","floor":5,"turns":1},{"damage":41,"enemies":"Lagavulin","floor":6,"turns":8},{"damage":8,"enemies":"Gremlin Nob","floor":9,"turns":4},{"damage":0,"enemies":"Exordium Thugs","floor":12,"turns":2},{"damage":0,"enemies":"Blue Slaver","floor":13,"turns":2},{"damage":0,"enemies":"Lagavulin","floor":14,"turns":8},{"damage":0,"enemies":"3 Louse","floor":15,"turns":1},{"damage":37,"enemies":"DF_ARCHETYPE_STREAMLINE","floor":16,"turns":10}],"seed_played":"6814174974599616153","potions_obtained":[{"floor":6,"key":"bronze:FreeFunctionsPotion"},{"floor":9,"key":"SneckoOil"},{"floor":12,"key":"Block Potion"},{"floor":13,"key":"Explosive Potion"},{"floor":14,"key":"BlessingOfTheForge"}],"is_trial":false,"path_per_floor":["R","M","M","?","M","E","T","R","E","R","T","M","M","E","M","B"],"character_chosen":"THE_AUTOMATON","items_purchased":[],"campfire_rested":0,"item_purchase_floors":[],"current_hp_per_floor":[70,70,70,75,75,34,34,34,28,34,34,34,34,34,34,0,0,0],"gold":139,"neow_bonus":"THREE_ENEMY_KILL","is_daily":false,"chose_seed":false,"campfire_upgraded":2,"win_rate":0.0,"timestamp":1612101280,"path_taken":["R","M","?","?","M","E","T","R","E","R","?","M","?","E","M","BOSS"],"items_purchased_type":[],"build_version":"2020-12-22","purchased_purges":0,"victory":false,"max_hp_per_floor":[70,70,70,75,75,75,75,75,77,77,77,77,77,77,77,77,77,77],"card_choices":[{"not_picked":["bronze:Turbo","bronze:Constructor","bronze:CloningBeam"],"picked":"SKIP","floor":2},{"not_picked":["bronze:WhirlingStrike","bronze:Safeguard"],"picked":"bronze:WildBeam","floor":3},{"not_picked":["bronze:WhirlingStrike","bronze:Constructor"],"picked":"bronze:InfiniteLoop","floor":5},{"not_picked":["bronze:BitShift","bronze:Optimize","bronze:Constructor"],"picked":"SKIP","floor":6},{"not_picked":["bronze:Overheat","bronze:DarkDash","bronze:Refactor"],"picked":"Singing Bowl","floor":9},{"not_picked":["bronze:Optimize","bronze:CleanCode"],"picked":"bronze:ItsAFeature","floor":12},{"not_picked":["bronze:Backtrace","bronze:BitShift"],"picked":"bronze:Deprecate","floor":13},{"not_picked":["bronze:CloningBeam","bronze:Deprecate"],"picked":"bronze:BronzeArmor","floor":14},{"not_picked":["bronze:DelayedSlice","bronze:Deprecate"],"picked":"bronze:Shield","floor":15}],"player_experience":646967,"relics_obtained":[{"floor":6,"key":"FossilizedHelix"},{"floor":7,"key":"Singing Bowl"},{"floor":9,"key":"Eternal Feather"},{"floor":11,"key":"Blue Candle"},{"floor":14,"key":"The Courier"}],"event_choices":[{"damage_healed":0,"gold_gain":0,"player_choice":"Donut","damage_taken":0,"max_hp_gain":5,"max_hp_loss":0,"event_name":"Big Fish","floor":4,"gold_loss":0}],"is_beta":false,"boss_relics":[],"items_purged_floors":[],"is_endless":false,"potions_floor_spawned":[6,9,12,13,14],"killed_by":"DF_ARCHETYPE_STREAMLINE","ascension_level":1}}