{"host":"627up2rvtmm0cf0r","time":1612080050,"event":{"mods":["ATMod(°¢èªMod)","Act Like it!","BaseMod","Better Vampires","CapriCore","Card Filter","Card Forge","Colored Powertips","DeckTracker","Dota2Spire","Downfall","Energized Spire","Friendly Minions","Highlight Path","Infinite Spire","Jedi Mod","Minty Spire (QoL Compilation)","MostiFishMod","Permanent Neow","Practice Mode","Quick Restart","Relic Stats","Reliquary","Shop Mod","Spicy Shops","StSLib","SuperFastMode","TestMod","¡¾ÒÅÎï¿¨ÅÆ¡¿REMEMod","óô»ðÖ¸ÄÏ"],"gold_per_floor":[99,140,177,177,177,216,239,22,22,81,66,108,300,409,453,581,581,581,650,650,694,694,505,505,505,305,402,444,540,670,762,851,1035,1035,810,976,1079,1079,45,139,139,194,237,292,439,544,667,467,505,555,555,611,386,192,333,361],"floor_reached":57,"language":"ZHS","playtime":1697,"items_purged":["champ:Strike","champ:Strike","champ:Strike","champ:Strike","champ:Execute","HandOfGreed+1","champ:Defend","testmod-WeaknessCounterattack","champ:Defend"],"score":1864,"play_id":"1d90c105-3e81-4697-ab98-b62bb60df5fe","local_time":"20210131160050","is_ascension_mode":true,"campfire_choices":[{"data":"HandOfGreed","floor":1,"key":"SMITH"},{"data":"AT_KingSlayer","floor":18,"key":"SMITH"},{"floor":26,"key":"RECALL"}],"circlet_count":0,"master_deck":["champ:Defend","champ:Defend","champ:Taunt","AT_KingSlayer+1","champ:UltimateStance+1","champ:FanOfKnives","champ:ShieldSlam+1","expansioncontent:QuickStudy+1"],"relics":["champ:ChampionCrown","Hammer of Thor","Seething Fire","Anvil of the Gods","DaveBox","testmod-TestBox","REME_ComplimentaryCards","AT_ATBox","AT_SeraphEmbrace","testmod-ArcanaOfDestiny","ShadowXiaoBlade","champ:LiftRelic","AT_MibuBalloonWealth","White Beast Statue","Ice Cream","testmod-CasingShield","jedi:hotpepper","Prayer Wheel","reliquary:WritOfMandamus","BrkXgEgg","Civilization","Akabeko","testmod-Acrobat","downfall:HeartBlessingGreen","downfall:HeartBlessingBlue","testmod-AssaultLearning","Runic Dome","downfall:HeartBlessingRed","champ:BerserkersGuideToSlaughter","TimeFreeze","ClockworkSouvenir","ImprovedEquipment","Vajra","Bottled Flame","reliquary:IridiumChain","reliquary:RoseTintedGlasses","Toxic Egg 2","Dota2Spire:Vanguard"],"acts_visited":["Exordium","TheCity","TheBeyond","TheEnding"],"potions_floor_usage":[13],"damage_taken":[{"damage":10,"enemies":"Small Slimes","floor":2,"turns":2},{"damage":0,"enemies":"2 Louse","floor":3,"turns":2},{"damage":13,"enemies":"Jaw Worm","floor":6,"turns":2},{"damage":20,"enemies":"downfall:FleeingMerchant","floor":8,"turns":4},{"damage":24,"enemies":"Lagavulin","floor":10,"turns":4},{"damage":15,"enemies":"downfall:FleeingMerchant","floor":11,"turns":4},{"damage":0,"enemies":"Blue Slaver","floor":12,"turns":2},{"damage":10,"enemies":"Gremlin Gang","floor":13,"turns":6},{"damage":0,"enemies":"3 Sentries","floor":14,"turns":4},{"damage":0,"enemies":"Blue Slaver","floor":15,"turns":2},{"damage":36,"enemies":"WA_ARCHETYPE_RETAIN","floor":16,"turns":6},{"damage":0,"enemies":"Spheric Guardian","floor":19,"turns":2},{"damage":18,"enemies":"Shell Parasite","floor":21,"turns":2},{"damage":0,"enemies":"downfall:FleeingMerchant","floor":23,"turns":1},{"damage":5,"enemies":"Centurion and Healer","floor":27,"turns":3},{"damage":0,"enemies":"Snake Plant","floor":28,"turns":1},{"damage":0,"enemies":"Chosen and Byrds","floor":29,"turns":2},{"damage":10,"enemies":"Slavers","floor":30,"turns":2},{"damage":0,"enemies":"Sentry and Sphere","floor":31,"turns":1},{"damage":5,"enemies":"Centurion and Healer","floor":32,"turns":4},{"damage":65,"enemies":"DF_ARCHETYPE_CLAW","floor":33,"turns":5},{"damage":10,"enemies":"3 Darklings","floor":36,"turns":2},{"damage":30,"enemies":"infinitespire:Three Voidlings","floor":37,"turns":2},{"damage":5,"enemies":"3 Shapes","floor":40,"turns":3},{"damage":0,"enemies":"Nemesis","floor":42,"turns":1},{"damage":0,"enemies":"Writhing Mass","floor":43,"turns":1},{"damage":0,"enemies":"Giant Head","floor":44,"turns":2},{"damage":5,"enemies":"3 Darklings","floor":45,"turns":2},{"damage":0,"enemies":"Reptomancer","floor":46,"turns":1},{"damage":0,"enemies":"4 Shapes","floor":47,"turns":2},{"damage":0,"enemies":"Maw","floor":49,"turns":1},{"damage":0,"enemies":"IC_BLOCK_ARCHETYPE","floor":50,"turns":1},{"damage":0,"enemies":"downfall:CharBossMerchant","floor":52,"turns":1},{"damage":59,"enemies":"downfall:NeowBoss","floor":55,"turns":7},{"damage":0,"enemies":"downfall:NeowBossFinal","floor":56,"turns":2}],"seed_played":"-1261592107261107426","potions_obtained":[{"floor":3,"key":"jedi:StrikingPotion"},{"floor":10,"key":"Weak Potion"},{"floor":11,"key":"testmod-EscapePotion"},{"floor":13,"key":"testmod-SpacePotion"},{"floor":14,"key":"infinitespire:BlackPotion"},{"floor":15,"key":"EssenceOfSteel"},{"floor":31,"key":"jedi:wingpotion"},{"floor":40,"key":"Dota2Spire:HealingSalve"},{"floor":43,"key":"testmod-TimePotion"}],"is_trial":false,"path_per_floor":["R","M","M","?","?","M","T","$","?","E","$","M","M","E","M","B",null,"R","M","AVR","M","?","$","T","T","R","M","M","M","E","M","M","B",null,"R","M","?","AVR","$","M","T","E","M","E","M","E","M","$","M","B",null,"E","$","R","B","B",null],"character_chosen":"THE_CHAMP","items_purchased":["White Beast Statue","BrkXgEgg","Civilization","Akabeko","TimeFreeze","ClockworkSouvenir","ImprovedEquipment","Vajra","testmod-WeaknessCounterattack","expansioncontent:QuickStudy+1"],"campfire_rested":0,"item_purchase_floors":[8,23,23,23,39,39,39,39,39,54],"current_hp_per_floor":[90,90,90,90,90,87,87,87,64,50,50,50,45,45,45,29,67,67,67,67,59,59,59,59,59,64,65,67,70,73,76,79,62,90,90,93,96,96,96,99,99,102,105,108,111,114,117,117,120,123,123,126,126,126,125,132],"gold":361,"neow_bonus":"RANDOM_COMMON_RELIC","is_daily":false,"chose_seed":false,"campfire_upgraded":2,"win_rate":0.0,"timestamp":1612080050,"path_taken":["R","M","M","?","?","M","T","$","?","E","?","?","M","E","M","BOSS","R","M","AVR","?","?","$","T","?","R","M","M","M","E","M","M","BOSS","R","M","?","AVR","?","M","T","E","M","E","?","E","M","?","M","BOSS","E","$","R","BOSS","BOSS"],"items_purchased_type":["Relic","Relic","Relic","Relic","Relic","Relic","Relic","Relic","Card","Card"],"build_version":"2020-12-22","purchased_purges":9,"victory":true,"max_hp_per_floor":[90,90,90,90,90,90,90,90,90,90,90,90,90,90,90,90,67,67,67,67,67,67,67,67,67,72,73,75,78,81,84,87,90,90,90,93,96,96,96,99,99,102,105,108,111,114,117,117,120,123,123,126,126,126,129,132],"relic_stats":{"counters":[35,89],"Prayer Wheel":12,"obtain_stats":[{"Ice Cream":10,"AT_SeraphEmbrace":33,"AT_ATBox":0,"DaveBox":0,"AT_MibuBalloonWealth":7,"Vajra":39,"champ:ChampionCrown":0,"downfall:HeartBlessingGreen":26,"Hammer of Thor":0,"Dota2Spire:Vanguard":52,"AT_ArchangelStaff":0,"testmod-CasingShield":14,"ClockworkSouvenir":39,"Civilization":23,"downfall:HeartBlessingBlue":26,"Prayer Wheel":20,"reliquary:RoseTintedGlasses":44,"champ:BerserkersGuideToSlaughter":38,"Toxic Egg 2":46,"testmod-ArcanaOfDestiny":0,"testmod-TestBox":0,"downfall:HeartBlessingRed":35,"ImprovedEquipment":39,"ShadowXiaoBlade":0,"BrkXgEgg":23,"Seething Fire":0,"TimeFreeze":39,"White Beast Statue":8,"Akabeko":23,"reliquary:IridiumChain":42,"Runic Dome":34,"Bottled Flame":41,"jedi:hotpepper":17,"Anvil of the Gods":0,"champ:LiftRelic":4,"testmod-Acrobat":25,"testmod-AssaultLearning":30,"reliquary:WritOfMandamus":20,"REME_ComplimentaryCards":0},{"Ice Cream":5,"AT_SeraphEmbrace":21,"AT_ATBox":0,"DaveBox":0,"AT_MibuBalloonWealth":3,"Vajra":23,"champ:ChampionCrown":0,"downfall:HeartBlessingGreen":14,"Hammer of Thor":0,"Dota2Spire:Vanguard":33,"AT_ArchangelStaff":0,"testmod-CasingShield":9,"ClockworkSouvenir":23,"Civilization":14,"downfall:HeartBlessingBlue":14,"Prayer Wheel":12,"reliquary:RoseTintedGlasses":27,"champ:BerserkersGuideToSlaughter":23,"Toxic Egg 2":29,"testmod-ArcanaOfDestiny":0,"testmod-TestBox":0,"downfall:HeartBlessingRed":21,"ImprovedEquipment":23,"ShadowXiaoBlade":0,"BrkXgEgg":14,"Seething Fire":0,"TimeFreeze":23,"White Beast Statue":4,"Akabeko":14,"reliquary:IridiumChain":25,"Runic Dome":21,"Bottled Flame":24,"jedi:hotpepper":11,"Anvil of the Gods":0,"champ:LiftRelic":2,"testmod-Acrobat":14,"testmod-AssaultLearning":18,"reliquary:WritOfMandamus":12,"REME_ComplimentaryCards":0},{"Ice Cream":14,"AT_SeraphEmbrace":59,"AT_ATBox":0,"DaveBox":0,"AT_MibuBalloonWealth":6,"Vajra":65,"champ:ChampionCrown":0,"downfall:HeartBlessingGreen":43,"Hammer of Thor":0,"Dota2Spire:Vanguard":80,"AT_ArchangelStaff":0,"testmod-CasingShield":30,"ClockworkSouvenir":65,"Civilization":43,"downfall:HeartBlessingBlue":43,"Prayer Wheel":40,"reliquary:RoseTintedGlasses":72,"champ:BerserkersGuideToSlaughter":65,"Toxic Egg 2":75,"testmod-ArcanaOfDestiny":0,"testmod-TestBox":0,"downfall:HeartBlessingRed":61,"ImprovedEquipment":65,"ShadowXiaoBlade":0,"BrkXgEgg":43,"Seething Fire":0,"TimeFreeze":65,"White Beast Statue":10,"Akabeko":43,"reliquary:IridiumChain":69,"Runic Dome":61,"Bottled Flame":68,"jedi:hotpepper":38,"Anvil of the Gods":0,"champ:LiftRelic":4,"testmod-Acrobat":43,"testmod-AssaultLearning":51,"reliquary:WritOfMandamus":40,"REME_ComplimentaryCards":0}]},"card_choices":[{"not_picked":["champ:EnGarde","champ:Duel","champ:DefensiveStyle"],"picked":"SKIP","floor":2},{"not_picked":["champ:PerfectedStrike","champ:StanceDance","champ:Backstep"],"picked":"SKIP","floor":3},{"not_picked":["champ:BladeFlurry","champ:Parry","champ:DefensiveShout"],"picked":"SKIP","floor":6},{"not_picked":["champ:IgnorePain","champ:SkillfulDodge","champ:DeathBlow"],"picked":"SKIP","floor":8},{"not_picked":["champ:CalledShot","champ:AdrenalArmor","champ:Circumvent"],"picked":"SKIP","floor":10},{"not_picked":["champ:EnragedBash","champ:EnGarde","champ:IgnorePain"],"picked":"SKIP","floor":11},{"not_picked":["champ:DeathBlow","champ:BladeFlurry","champ:StanceDance"],"picked":"SKIP","floor":12},{"not_picked":["champ:BringItOn","champ:FalseCounter","champ:PerfectedStrike"],"picked":"SKIP","floor":13},{"not_picked":["champ:BladeFlurry","champ:Shatter","champ:PerfectedStrike"],"picked":"SKIP","floor":14},{"not_picked":["champ:BringItOn","champ:Circumvent","champ:CrownThrow"],"picked":"SKIP","floor":15},{"not_picked":["champ:BerserkersShout","champ:PerfectedStrike","champ:Duel"],"picked":"SKIP","floor":19},{"not_picked":["champ:Encircle","champ:HeartStrike","champ:EndlessRage"],"picked":"SKIP","floor":21},{"not_picked":["champ:PerfectedStrike","champ:Haymaker","champ:CalledShot"],"picked":"SKIP","floor":21},{"not_picked":["champ:CrownThrow","champ:SetATrap","champ:Backstep+1"],"picked":"SKIP","floor":23},{"not_picked":["champ:RapidStrikes","champ:PerfectedStrike+1","champ:Duel"],"picked":"SKIP","floor":27},{"not_picked":["champ:TornadoPunch","champ:FocusedDefense","champ:FancyFootwork"],"picked":"SKIP","floor":27},{"not_picked":["champ:FocusedDefense","champ:PreciseThrust","champ:GutPunch"],"picked":"SKIP","floor":28},{"not_picked":["champ:CalledShot+1","champ:FlashCut","champ:CrookedStrike"],"picked":"SKIP","floor":28},{"not_picked":["champ:FalseCounter","champ:StanceDance","champ:Shatter"],"picked":"SKIP","floor":29},{"not_picked":["champ:ArenaPreparation+1","champ:TornadoPunch","champ:Parry"],"picked":"SKIP","floor":29},{"not_picked":["champ:UltimateStance+1","champ:CrownThrow+1","champ:DeathBlow+1"],"picked":"SKIP","floor":30},{"not_picked":["champ:CrownThrow+1","champ:DeathBlow+1"],"picked":"champ:UltimateStance+1","floor":30},{"not_picked":["champ:BerserkersShout","champ:CrownThrow+1","champ:PreciseThrust"],"picked":"SKIP","floor":31},{"not_picked":["champ:Haymaker","champ:Backstep","champ:AdrenalArmor"],"picked":"SKIP","floor":31},{"not_picked":["champ:Parry+1","champ:EnGarde","champ:PerfectedStrike+1"],"picked":"SKIP","floor":32},{"not_picked":["champ:CrownThrow","champ:EnGarde","champ:ShieldWall"],"picked":"SKIP","floor":32},{"not_picked":["champ:CrownThrow+1","champ:Shatter","champ:PreciseThrust"],"picked":"SKIP","floor":36},{"not_picked":["champ:BringItOn","champ:Circumvent+1","champ:PreciseThrust"],"picked":"SKIP","floor":36},{"not_picked":["champ:Duel","champ:Endure+1"],"picked":"champ:FanOfKnives","floor":40},{"not_picked":["champ:EndlessRage+1","champ:HeartStrike","champ:ShieldWall+1"],"picked":"SKIP","floor":40},{"not_picked":["champ:Backstep","champ:GladiatorStyle","champ:FocusedBerserking+1"],"picked":"SKIP","floor":42},{"not_picked":["champ:BladeFlurry","champ:GutPunch","champ:Haymaker+1"],"picked":"SKIP","floor":43},{"not_picked":["champ:RecklessLeap+1","champ:Haymaker+1","champ:PerfectedStrike+1"],"picked":"SKIP","floor":43},{"not_picked":["champ:Duel","champ:DancingMaster+1"],"picked":"champ:ShieldSlam+1","floor":44},{"not_picked":["champ:StanceDance","champ:ViciousMockery+1","champ:FanOfKnives+1"],"picked":"SKIP","floor":45},{"not_picked":["champ:CrownThrow+1","champ:EnGarde","champ:BerserkersShout"],"picked":"SKIP","floor":45},{"not_picked":["champ:FanOfKnives","champ:BerserkersShout+1","champ:ViciousMockery+1"],"picked":"SKIP","floor":46},{"not_picked":["champ:CrownThrow+1","champ:DeathBlow","champ:ViciousMockery+1"],"picked":"SKIP","floor":47},{"not_picked":["champ:AdrenalArmor+1","champ:BerserkersShout+1","champ:BringItOn+1"],"picked":"SKIP","floor":47},{"not_picked":["champ:BladeFlurry","champ:BerserkersShout+1","champ:FlashCut+1"],"picked":"SKIP","floor":49},{"not_picked":["champ:PreciseThrust","champ:EnGarde+1","champ:CrownThrow"],"picked":"SKIP","floor":49},{"not_picked":["champ:TornadoPunch","champ:Duel+1","champ:EnragedBash"],"picked":"SKIP","floor":52}],"player_experience":130072,"relics_obtained":[{"floor":7,"key":"AT_MibuBalloonWealth"},{"floor":10,"key":"Ice Cream"},{"floor":14,"key":"testmod-CasingShield"},{"floor":25,"key":"testmod-Acrobat"},{"floor":30,"key":"testmod-AssaultLearning"},{"floor":41,"key":"Bottled Flame"},{"floor":42,"key":"reliquary:IridiumChain"},{"floor":44,"key":"reliquary:RoseTintedGlasses"},{"floor":46,"key":"Toxic Egg 2"},{"floor":52,"key":"Dota2Spire:Vanguard"}],"event_choices":[],"is_beta":false,"boss_relics":[{"not_picked":["testmod-KeyOfTheVoid","ExusiaiGun"],"picked":"jedi:hotpepper"},{"not_picked":["OneHitWonderSystem","REME_ChargedStone"],"picked":"Runic Dome"}],"items_purged_floors":[8,20,23,35,38,39,39,48,53],"is_endless":false,"potions_floor_spawned":[3,10,11,12,13,14,15,16,19,21,23,27,28,29,30,31,32,33,36,37,40,42,43,44,45,46,47,49,52],"ascension_level":1}}