{"host":"5v9rfzf5qju8k9wy","time":1612083314,"event":{"mods":["Act Like it!","Arknights The Spire","BaseMod","Gensokyo","Marisa£®ÏF”Í°°ƒß¿Ì…≥£©","Minty Spire (QoL Compilation)","Reimu£®≤©¿ˆ¡È√Œ£©","Remilia£®¿Ÿ√◊¿Ú—«£©","Replay The Spire","StSLib","The Administrix","Youmu£®ªÍ∆«—˝√Œ£©"],"gold_per_floor":[115,140,140,150,163,198,217,237,262,262,2,21,21,56,56,154,154,165,177,427,387,144,169,169,199,223,223,51,21,21,38,38,139,139,158,86,86,96,96,96,112,89,113,113,113,124,124,139,139,139,139,139,14,48,48],"floor_reached":56,"language":"ZHS","playtime":4801,"items_purged":["Injury","Poor:ReiMu","BizarrenessOfSixRealms"],"score":1128,"play_id":"fc672286-df0b-44e5-8bc7-a5f25bc4ecb7","local_time":"20210131165514","is_ascension_mode":false,"campfire_choices":[{"floor":10.0,"key":"REST"},{"data":"1","floor":27.0,"key":"LIFT"},{"data":"2","floor":30.0,"key":"LIFT"},{"data":"SuddenPhantomFormationSlashOfKarmicWind","floor":32.0,"key":"SMITH"},{"data":"SpiritMediumsBind","floor":40.0,"key":"SMITH"},{"data":"SpiritCuttingSword","floor":44.0,"key":"SMITH"},{"floor":47.0,"key":"RECALL"},{"data":"Master of Strategy","floor":49.0,"key":"SMITH"},{"data":"3","floor":52.0,"key":"LIFT"}],"circlet_count":0,"master_deck":["Strike_YM","Strike_YM+1","Strike_YM+1","Defend_YM+1","WheelOfPainOfLivingAndDead","SpiritMediumsBind+1","SlashOfMeditation+1","HellGodSword+1","DispleasureOfTheSevenHakus","ConstancyOfTheConventionalTruth","SlashOfDepartureFromHesitation+1","Master of Strategy","Master of Strategy+1","Mayhem+1","TwoHundredYojanaInOneSlash+1","CrescentMoonSlash+1","WickedSoul","ReplayTheSpireMod:Splinters","CrescentMoonSlash+1","SanzenSekai+1","HellFireSword","HeavenlyHaloSlash+1","LowerRealmReflectionSlash+1","CherryBlossomFlashing+1","SuddenPhantomFormationSlashOfKarmicWind+1","ObsessionWithThePresentWorld+1","VoidnessSword","SlashOfAscensionToBuddhahood+1","SpiritCuttingSword+1","HeartExcerptSlash+1"],"relics":["HalfPhantom","Gremlin Food","Molten Egg 2","PreservedInsect","Whetstone","Replay:Baseball","ReplayTheSpireMod:ShopPack","Roukanken","ReplayTheSpireMod:Lightbulb","Gensokyo:CelestialsFlawlessClothing","Kintsugi","WingedGreaves","Bronze Scales","Girya","Centennial Puzzle","Busted Crown","Gensokyo:EmptyGrave","Lizard Tail","Replay:Towering Pillar of Hats","ReplayTheSpireMod:Shallot"],"acts_visited":["Gensokyo:Gensokyo","Gensokyo:Gensokyoer","Gensokyo:Gensokyoest","TheEnding"],"potions_floor_usage":[55,55,55],"damage_taken":[{"damage":0.0,"enemies":"Gensokyo:3_Fairies","floor":1.0,"turns":5.0},{"damage":26.0,"enemies":"Gensokyo:Cirno","floor":2.0,"turns":9.0},{"damage":4.0,"enemies":"Gensokyo:Python","floor":4.0,"turns":4.0},{"damage":0.0,"enemies":"Gensokyo:2_Kodama","floor":5.0,"turns":3.0},{"damage":10.0,"enemies":"Gensokyo:Cirno","floor":6.0,"turns":7.0},{"damage":0.0,"enemies":"Gensokyo:LivingMonolith","floor":7.0,"turns":3.0},{"damage":4.0,"enemies":"Gensokyo:Kitsune","floor":8.0,"turns":4.0},{"damage":0.0,"enemies":"Gensokyo:2_Rabbits","floor":12.0,"turns":5.0},{"damage":1.0,"enemies":"Gensokyo:Mamizou","floor":14.0,"turns":6.0},{"damage":3.0,"enemies":"Gensokyo:Kokoro","floor":16.0,"turns":11.0},{"damage":18.0,"enemies":"Gensokyo:3_Dogs","floor":18.0,"turns":6.0},{"damage":2.0,"enemies":"Gensokyo:2_Gloops","floor":19.0,"turns":3.0},{"damage":11.0,"enemies":"Gensokyo:Koishi","floor":23.0,"turns":5.0},{"damage":2.0,"enemies":"Gensokyo:Reisen","floor":25.0,"turns":3.0},{"damage":11.0,"enemies":"Gensokyo:Mirror_and_Dog","floor":31.0,"turns":3.0},{"damage":41.0,"enemies":"Gensokyo:Kaguya","floor":33.0,"turns":7.0},{"damage":8.0,"enemies":"Gensokyo:AncientGuardian","floor":35.0,"turns":3.0},{"damage":10.0,"enemies":"Gensokyo:3_Boulders","floor":38.0,"turns":3.0},{"damage":4.0,"enemies":"Gensokyo:SeedOfUnknown","floor":41.0,"turns":4.0},{"damage":17.0,"enemies":"Gensokyo:4_Bats","floor":46.0,"turns":2.0},{"damage":12.0,"enemies":"Gensokyo:Rafflesia","floor":48.0,"turns":5.0},{"damage":5.0,"enemies":"Gensokyo:Yuyuko","floor":50.0,"turns":7.0},{"damage":5.0,"enemies":"Shield and Spear","floor":54.0,"turns":4.0},{"damage":116,"enemies":"The Heart","floor":55,"turns":8}],"seed_played":"-3868841918687196364","potions_obtained":[{"floor":1.0,"key":"Venom Potion"},{"floor":2.0,"key":"Venom Potion"},{"floor":8.0,"key":"Swift Potion"},{"floor":18.0,"key":"FairyPotion"},{"floor":19.0,"key":"DuplicationPotion"},{"floor":46.0,"key":"Fire Potion"},{"floor":48.0,"key":"Dexterity Potion"},{"floor":54.0,"key":"Strength Potion"}],"is_trial":false,"path_per_floor":["M","?","?","M","M","E","M","M","T","R","COS","M","$","E","R","B",null,"M","M","?","?","$","E","?","E","T","R","$","COS","R","M","R","B",null,"M","COS","?","M","?","R","M","$","T","R","$","M","R","M","R","B",null,"R","$","E","B",null],"character_chosen":"YOUMU","items_purchased":["HellFireSword","HeavenlyHaloSlash+1","LowerRealmReflectionSlash+1","SuddenPhantomFormationSlashOfKarmicWind","SpiritCuttingSword"],"campfire_rested":1,"item_purchase_floors":[22,22,22,28,42],"current_hp_per_floor":[75,49,49,45,45,35,35,31,31,53,53,53,53,52,34,31,75,57,55,55,55,55,44,44,42,42,42,42,42,42,31,31,21,71,63,63,63,53,27,60,56,56,56,56,56,39,39,27,27,27,66,66,66,61,46],"gold":48,"neow_bonus":"RANDOM_COMMON_RELIC","is_daily":false,"chose_seed":false,"campfire_upgraded":4,"win_rate":0.0,"timestamp":1612083314,"path_taken":["M","?","?","M","M","E","M","M","T","R","COS","?","$","E","R","BOSS","M","M","?","?","$","E","?","E","T","R","?","COS","R","?","R","BOSS","M","COS","?","M","?","R","M","$","T","R","?","?","R","?","R","BOSS","R","$","E","BOSS"],"items_purchased_type":["Card","Card","Card","Card","Card"],"build_version":"2020-12-22","purchased_purges":3,"victory":true,"max_hp_per_floor":[75,75,75,75,75,75,75,75,75,75,75,75,75,75,75,75,75,75,75,71,71,71,71,71,71,71,71,71,71,71,71,71,71,71,71,71,66,66,66,66,66,66,66,66,66,66,66,66,66,66,66,66,66,66,66],"card_choices":[{"not_picked":["BizarrenessOfSixRealms","HiganSword"],"picked":"SpiritMediumsBind","floor":1.0},{"not_picked":["BizarrenessOfSixRealms","CherryBlossomFlashing+1"],"picked":"SlashOfMeditation+1","floor":2.0},{"not_picked":["SwordOfBindingDesires","PretaSword+1"],"picked":"HellGodSword+1","floor":4.0},{"not_picked":["ThreeKonsSevenHakus","DoubleWheelOfPain"],"picked":"DispleasureOfTheSevenHakus","floor":5.0},{"not_picked":["HumanKnowledgeSword+1","HiganSword"],"picked":"BizarrenessOfSixRealms","floor":6.0},{"not_picked":["FastingOfTheYoungPreta","HellGodSword+1"],"picked":"ConstancyOfTheConventionalTruth","floor":7.0},{"not_picked":["SlashOfAscensionToBuddhahood+1","CherryBlossomFlashing+1"],"picked":"SlashOfDepartureFromHesitation+1","floor":8.0},{"not_picked":["Chrysalis","Crow Ritual"],"picked":"Master of Strategy","floor":11.0},{"not_picked":["Dark Shackles","Survey Options"],"picked":"Master of Strategy","floor":11.0},{"not_picked":["Enlightenment","Swift Strike"],"picked":"Mayhem","floor":11.0},{"not_picked":["DeadlyForm","LifeCuttingSword+1"],"picked":"TwoHundredYojanaInOneSlash+1","floor":12.0},{"not_picked":["LifeCuttingSword+1","PhosphoricSlash+1"],"picked":"CrescentMoonSlash+1","floor":14.0},{"not_picked":["SlashOfTheEternalFuture+1","ASingleThoughtAndInfiniteKalpas+1"],"picked":"WickedSoul","floor":16.0},{"not_picked":["SlashOfDelusionalInnerEye+1","ConstancyOfTheConventionalTruth"],"picked":"CrescentMoonSlash+1","floor":18.0},{"not_picked":["LowerRealmReflectionSlash+1","FlashingScatteredFlowers+1"],"picked":"SanzenSekai+1","floor":19.0},{"not_picked":["HumanKnowledgeSword+1","SlashOfTheEternalFuture+1","WickedSoul"],"picked":"SKIP","floor":23.0},{"not_picked":["PhosphoricSlash+1","HellGodSword+1"],"picked":"CherryBlossomFlashing+1","floor":25.0},{"not_picked":["ConstancyOfTheConventionalTruth","SpiritCuttingSword"],"picked":"ObsessionWithThePresentWorld+1","floor":31.0},{"not_picked":["ReincarnationSword","CherryBlossomSword"],"picked":"VoidnessSword","floor":33.0},{"not_picked":[],"picked":"SlashOfAscensionToBuddhahood+1","floor":35.0},{"not_picked":["FlashingScatteredFlowers+1"],"picked":"SKIP","floor":38.0},{"not_picked":["CrescentMoonSlash+1"],"picked":"SKIP","floor":41.0},{"not_picked":["DispleasureOfTheSevenHakus+1"],"picked":"SKIP","floor":46.0},{"not_picked":["DispleasureOfTheSevenHakus"],"picked":"SKIP","floor":48.0},{"not_picked":[],"picked":"HeartExcerptSlash+1","floor":54.0}],"player_experience":112324,"relics_obtained":[{"floor":2.0,"key":"Molten Egg 2"},{"floor":6.0,"key":"Whetstone"},{"floor":9.0,"key":"Replay:Baseball"},{"floor":14.0,"key":"ReplayTheSpireMod:Lightbulb"},{"floor":23.0,"key":"Bronze Scales"},{"floor":25.0,"key":"Girya"},{"floor":26.0,"key":"Centennial Puzzle"},{"floor":54.0,"key":"ReplayTheSpireMod:Shallot"}],"event_choices":[],"is_beta":false,"boss_relics":[{"not_picked":["Coffee Dripper","Pandora\u0027s Box"],"picked":"Kintsugi"},{"not_picked":["Replay:Drink Me","Honey Jar"],"picked":"Busted Crown"}],"items_purged_floors":[22,28,53],"is_endless":false,"potions_floor_spawned":[1,2,8,18,19,46,48,54],"ascension_level":0}}