{"host":"sc0o2qwpf9j16a4i","time":1612098339,"event":{"mods":["AchievementEnabler","BaseMod","BetterRewards","Block Reminder","Colored Map","Colored Powertips","Custom Start","Highlight Path","Minty Spire (QoL Compilation)","Relic Stats"],"gold_per_floor":[110,128,128,148,22,57,84,84,110,122,136,150,6,19,19,119,119,135,135,146,146,165,190,219,219,246,276,306,320,8,31,43,151,163,185,197,197],"floor_reached":36,"language":"ENG","playtime":1298,"items_purged":[],"score":879,"play_id":"e31c1fa3-152b-4163-acb0-c6d1dbce1df0","local_time":"20210131150539","daily_mods":["Insanity","Vintage","DeadlyEvents"],"is_ascension_mode":false,"campfire_choices":[{"floor":8,"key":"REST"},{"data":"Worship","floor":15,"key":"SMITH"},{"floor":25,"key":"REST"},{"data":"Omniscience","floor":32,"key":"SMITH"}],"circlet_count":0,"master_deck":["EmptyMind","Evaluate","ThirdEye","FlurryOfBlows","WaveOfTheHand","ClearTheMind","CrushJoints","BowlingBash","FlurryOfBlows","ThirdEye","Swivel","Conclude","FlyingSleeves","CrushJoints","ClearTheMind","FollowUp","FollowUp","WindmillStrike","Evaluate","InnerPeace","FollowUp","Study","Conclude","BowlingBash","Perseverance","BowlingBash","FlurryOfBlows","FollowUp","FlurryOfBlows","CrushJoints","Protect","CutThroughFate","ThirdEye","SashWhip+1","Nirvana","SignatureMove","ClearTheMind","Protect","Vengeance","CutThroughFate","BowlingBash","Crescendo+1","Conclude","Wireheading","Consecrate","ThirdEye","Halt+1","Indignation","Writhe","Worship+1","Worship","DeceiveReality","Consecrate","Omniscience+1","ReachHeaven+1","FlyingSleeves+1","Alpha+1","Ghostly","Ghostly","Ghostly","Ghostly","Ghostly","CrushJoints+1","CutThroughFate+1","Consecrate+1","ClearTheMind+1","Consecrate+1"],"relics":["PureWater","Dream Catcher","War Paint","Pantograph","Bird Faced Urn","Turnip","Whetstone","TungstenRod","Molten Egg 2","StrikeDummy","Damaru","PreservedInsect","Astrolabe","Smiling Mask","Meat on the Bone","Tiny Chest","Bag of Preparation","Happy Flower","Vajra","Singing Bowl","Blood Vial","Bottled Tornado","Shuriken","MawBank","Busted Crown","Boot"],"acts_visited":["Exordium","TheCity","TheBeyond"],"potions_floor_usage":[22,23,23,23,24,33,33,33,36],"damage_taken":[{"damage":0,"enemies":"Cultist","floor":1,"turns":2},{"damage":8,"enemies":"Jaw Worm","floor":2,"turns":3},{"damage":0,"enemies":"2 Louse","floor":4,"turns":2},{"damage":10,"enemies":"3 Sentries","floor":6,"turns":5},{"damage":16,"enemies":"Gremlin Nob","floor":7,"turns":3},{"damage":0,"enemies":"Looter","floor":10,"turns":3},{"damage":0,"enemies":"3 Louse","floor":11,"turns":2},{"damage":0,"enemies":"2 Fungi Beasts","floor":12,"turns":2},{"damage":0,"enemies":"Large Slime","floor":14,"turns":4},{"damage":0,"enemies":"Slime Boss","floor":16,"turns":5},{"damage":12,"enemies":"Shell Parasite","floor":18,"turns":5},{"damage":6,"enemies":"Spheric Guardian","floor":20,"turns":5},{"damage":24,"enemies":"Snake Plant","floor":22,"turns":5},{"damage":0,"enemies":"Book of Stabbing","floor":23,"turns":5},{"damage":0,"enemies":"Gremlin Leader","floor":24,"turns":3},{"damage":9,"enemies":"Book of Stabbing","floor":27,"turns":6},{"damage":0,"enemies":"Gremlin Leader","floor":28,"turns":4},{"damage":3,"enemies":"Cultist and Chosen","floor":29,"turns":4},{"damage":38,"enemies":"Automaton","floor":33,"turns":7},{"damage":0,"enemies":"3 Shapes","floor":35,"turns":3},{"damage":48,"enemies":"2 Orb Walkers","floor":36,"turns":2}],"seed_played":"4782152837612038210","potions_obtained":[{"floor":1,"key":"StancePotion"},{"floor":6,"key":"StancePotion"},{"floor":7,"key":"EntropicBrew"},{"floor":23,"key":"AttackPotion"},{"floor":24,"key":"Ancient Potion"},{"floor":27,"key":"StancePotion"},{"floor":33,"key":"ColorlessPotion"}],"is_trial":true,"path_per_floor":["M","M","?","M","$","E","E","R","T","M","M","M","$","M","R","B",null,"M","?","M","?","M","E","E","R","T","E","E","M","$","T","R","B",null,"M","?"],"character_chosen":"WATCHER","items_purchased":["Worship","Explosive Potion","Damaru","Shuriken","Consecrate+1"],"campfire_rested":2,"item_purchase_floors":[5,5,13,30,30],"current_hp_per_floor":[72,64,64,64,64,54,38,59,59,61,61,61,61,63,63,72,72,62,50,48,38,26,26,26,37,37,31,33,32,32,32,32,18,42,42,0,0],"gold":197,"neow_bonus":"","is_daily":false,"chose_seed":false,"campfire_upgraded":2,"win_rate":0.0,"timestamp":1612098339,"path_taken":["M","M","?","M","$","E","?","R","T","M","?","M","?","M","R","BOSS","M","?","M","?","?","E","?","R","T","E","?","?","$","?","R","BOSS","M","?"],"items_purchased_type":["Card","Potion","Relic","Relic","Card"],"build_version":"2020-12-22","purchased_purges":0,"victory":false,"max_hp_per_floor":[72,72,72,72,72,72,72,72,72,72,72,72,72,72,72,72,72,72,77,77,38,38,38,38,38,38,40,40,40,40,40,40,42,42,42,42,42],"relic_stats":{"Happy Flower":[8],"Singing Bowl":4,"counters":[21,80],"Astrolabe":["ReachHeaven","FlyingSleeves","Alpha"],"PreservedInsect":174,"Bag of Preparation":[14],"Whetstone":["SashWhip","JustLucky"],"War Paint":["Crescendo","Halt"],"Smiling Mask":0,"MawBank":60,"Boot":[0],"Blood Vial":4,"Dream Catcher":2,"Busted Crown":0,"Shuriken":[9],"Pantograph":15,"Bird Faced Urn":[15],"Tiny Chest":1,"Turnip":[15],"obtain_stats":[{"Singing Bowl":27,"Vajra":26,"Bag of Preparation":23,"Whetstone":9,"Bottled Tornado":29,"Smiling Mask":18,"Boot":35,"Blood Vial":28,"Dream Catcher":1,"Pantograph":4,"Tiny Chest":22,"Happy Flower":24,"Astrolabe":17,"Damaru":13,"PreservedInsect":14,"War Paint":2,"MawBank":31,"Busted Crown":34,"Shuriken":30,"Bird Faced Urn":6,"Molten Egg 2":11,"Turnip":7,"PureWater":0,"StrikeDummy":12,"TungstenRod":10,"Meat on the Bone":20},{"Singing Bowl":16,"Vajra":15,"Bag of Preparation":14,"Whetstone":5,"Bottled Tornado":18,"Smiling Mask":11,"Boot":20,"Blood Vial":17,"Dream Catcher":1,"Pantograph":3,"Tiny Chest":13,"Happy Flower":15,"Astrolabe":10,"Damaru":8,"PreservedInsect":9,"War Paint":2,"MawBank":18,"Busted Crown":19,"Shuriken":18,"Bird Faced Urn":4,"Molten Egg 2":7,"Turnip":5,"PureWater":0,"StrikeDummy":8,"TungstenRod":6,"Meat on the Bone":12},{"Singing Bowl":60,"Vajra":54,"Bag of Preparation":51,"Whetstone":15,"Bottled Tornado":68,"Smiling Mask":36,"Boot":78,"Blood Vial":64,"Dream Catcher":2,"Pantograph":7,"Tiny Chest":46,"Happy Flower":54,"Astrolabe":31,"Damaru":22,"PreservedInsect":26,"War Paint":5,"MawBank":68,"Busted Crown":75,"Shuriken":68,"Bird Faced Urn":12,"Molten Egg 2":20,"Turnip":15,"PureWater":0,"StrikeDummy":22,"TungstenRod":18,"Meat on the Bone":41}],"TungstenRod":41,"Meat on the Bone":24},"card_choices":[{"not_picked":["PathToVictory","Consecrate"],"picked":"Worship","floor":6},{"not_picked":["Perseverance","Prostrate"],"picked":"DeceiveReality","floor":7},{"not_picked":["BowlingBash","FlurryOfBlows"],"picked":"Consecrate","floor":8},{"not_picked":["DevaForm","Judgement"],"picked":"Omniscience","floor":16},{"not_picked":["EmptyBody","JustLucky+1"],"picked":"CrushJoints+1","floor":23},{"not_picked":["Prostrate+1","Indignation"],"picked":"CutThroughFate+1","floor":24},{"not_picked":["Nirvana","Evaluate"],"picked":"Consecrate+1","floor":25},{"not_picked":["ReachHeaven+1","Halt","Scrawl"],"picked":"Singing Bowl","floor":27},{"not_picked":["CutThroughFate+1","Wireheading"],"picked":"ClearTheMind+1","floor":28},{"not_picked":["ConjureBlade","Alpha","Ragnarok+1"],"picked":"Singing Bowl","floor":33}],"player_experience":1116005,"relics_obtained":[{"floor":1,"key":"Dream Catcher"},{"floor":2,"key":"War Paint"},{"floor":4,"key":"Pantograph"},{"floor":6,"key":"Bird Faced Urn"},{"floor":7,"key":"Turnip"},{"floor":9,"key":"Whetstone"},{"floor":10,"key":"TungstenRod"},{"floor":11,"key":"Molten Egg 2"},{"floor":12,"key":"StrikeDummy"},{"floor":14,"key":"PreservedInsect"},{"floor":18,"key":"Smiling Mask"},{"floor":20,"key":"Meat on the Bone"},{"floor":22,"key":"Tiny Chest"},{"floor":23,"key":"Bag of Preparation"},{"floor":24,"key":"Happy Flower"},{"floor":26,"key":"Vajra"},{"floor":27,"key":"Singing Bowl"},{"floor":28,"key":"Blood Vial"},{"floor":29,"key":"Bottled Tornado"},{"floor":31,"key":"MawBank"},{"floor":35,"key":"Boot"}],"event_choices":[{"damage_healed":0,"gold_gain":0,"player_choice":"2 cards matched","damage_taken":0,"max_hp_gain":0,"max_hp_loss":0,"event_name":"Match and Keep!","floor":3,"gold_loss":0,"cards_obtained":["Indignation","Writhe"]},{"damage_healed":0,"gold_gain":0,"player_choice":"Shed Blood","damage_taken":18,"max_hp_gain":5,"max_hp_loss":0,"event_name":"Forgotten Altar","floor":19,"gold_loss":0},{"damage_healed":0,"gold_gain":0,"player_choice":"Became a Ghost","damage_taken":0,"max_hp_gain":0,"max_hp_loss":39,"event_name":"Ghosts","floor":21,"gold_loss":0,"cards_obtained":["Ghostly","Ghostly","Ghostly","Ghostly","Ghostly"]},{"damage_healed":0,"gold_gain":0,"player_choice":"Fight","damage_taken":0,"max_hp_gain":0,"max_hp_loss":0,"event_name":"Mysterious Sphere","floor":36,"gold_loss":0}],"is_beta":false,"boss_relics":[{"not_picked":["Philosopher\u0027s Stone","Runic Pyramid"],"picked":"Astrolabe"},{"not_picked":["SacredBark","Cursed Key"],"picked":"Busted Crown"}],"items_purged_floors":[],"is_endless":false,"potions_floor_spawned":[1,6,7,12,16,23,24,27,29,33],"killed_by":"2 Orb Walkers","ascension_level":0}}