{"host":"dowi7cgbhepuzvpj","time":1612052977,"event":{"mods":["AchievementEnabler","BaseMod","Keyboard Shortcuts","Minty Spire (QoL Compilation)","Permanent Neow","Quick Restart","StSLib","SuperFastMode"],"gold_per_floor":[130,55,107,144,196,249,249,280,280,280,280,280,51,145,145,145,145],"floor_reached":16,"language":"KOR","playtime":564,"items_purged":["Strike_G"],"score":220,"play_id":"a6b9a47f-2ac2-4366-be21-a1810d5bd126","local_time":"20210131092937","is_ascension_mode":true,"campfire_choices":[{"floor":7.0,"key":"REST"},{"data":"Neutralize","floor":10.0,"key":"SMITH"},{"data":"Footwork","floor":15,"key":"SMITH"}],"circlet_count":0,"master_deck":["AscendersBane","Strike_G","Strike_G+1","Defend_G","Defend_G","Defend_G","Defend_G","Defend_G","Survivor","Neutralize+1","HandOfGreed+1","Backflip","Blade Dance","PiercingWail","Accuracy","Cloak And Dagger","Footwork+1"],"relics":["Ring of the Snake","Oddly Smooth Stone","Vajra","Unceasing Top","Whetstone","Kunai","Membership Card"],"acts_visited":["Exordium"],"potions_floor_usage":[],"damage_taken":[{"damage":5.0,"enemies":"Jaw Worm","floor":1.0,"turns":5.0},{"damage":0.0,"enemies":"2 Louse","floor":3.0,"turns":6.0},{"damage":0.0,"enemies":"Cultist","floor":4.0,"turns":4.0},{"damage":6.0,"enemies":"2 Fungi Beasts","floor":5.0,"turns":5.0},{"damage":30.0,"enemies":"Gremlin Nob","floor":6.0,"turns":5.0},{"damage":29.0,"enemies":"Lagavulin","floor":8.0,"turns":6.0},{"damage":6,"enemies":"3 Louse","floor":14,"turns":6},{"damage":6,"enemies":"Hexaghost","floor":16,"turns":10}],"seed_played":"5853941064991484281","potions_obtained":[{"floor":1.0,"key":"Regen Potion"},{"floor":4.0,"key":"Ancient Potion"},{"floor":6.0,"key":"Explosive Potion"},{"floor":14,"key":"Energy Potion"}],"is_trial":false,"path_per_floor":["M","?","M","M","M","E","R","E","T","R","?","?","$","M","R","B"],"character_chosen":"THE_SILENT","items_purchased":["Membership Card","Footwork"],"campfire_rested":1,"item_purchase_floors":[13,13],"current_hp_per_floor":[39,39,39,39,33,3,22,8,8,8,8,8,8,2,2,0,0],"gold":145,"neow_bonus":"RANDOM_COLORLESS_2","is_daily":false,"chose_seed":false,"campfire_upgraded":2,"win_rate":0.0,"timestamp":1612052977,"path_taken":["M","?","M","M","M","E","R","E","T","R","?","?","$","?","R","BOSS"],"items_purchased_type":["Relic","Card"],"build_version":"2020-12-22","purchased_purges":1,"victory":false,"max_hp_per_floor":[66,66,66,66,66,66,66,66,66,66,66,66,66,66,66,66,66],"card_choices":[{"not_picked":["Magnetism","Panache"],"picked":"HandOfGreed","floor":0.0},{"not_picked":["Bane","Sucker Punch"],"picked":"Backflip","floor":1.0},{"not_picked":["Acrobatics","Catalyst"],"picked":"Blade Dance","floor":3.0},{"not_picked":["Acrobatics","Poisoned Stab"],"picked":"PiercingWail","floor":4.0},{"not_picked":["All Out Attack","Riddle With Holes"],"picked":"Accuracy","floor":5.0},{"not_picked":["Skewer","Blur"],"picked":"Cloak And Dagger","floor":6.0},{"not_picked":["Quick Slash","Dagger Spray","Flechettes"],"picked":"SKIP","floor":8.0},{"not_picked":["Deadly Poison","Distraction","Underhanded Strike"],"picked":"SKIP","floor":14}],"player_experience":854039,"relics_obtained":[{"floor":6.0,"key":"Unceasing Top"},{"floor":8.0,"key":"Whetstone"},{"floor":9.0,"key":"Kunai"}],"event_choices":[{"cards_removed":["Strike_G"],"damage_healed":0.0,"max_hp_gain":0.0,"max_hp_loss":0.0,"gold_gain":0.0,"event_name":"The Cleric","player_choice":"Card Removal","floor":2.0,"gold_loss":75.0,"damage_taken":0.0},{"damage_healed":0,"gold_gain":0,"player_choice":"Searched \u00270\u0027 times","damage_taken":0,"max_hp_gain":0,"max_hp_loss":0,"event_name":"Dead Adventurer","floor":11,"gold_loss":0},{"cards_removed":["Strike_G"],"damage_healed":0,"gold_gain":0,"player_choice":"Offered Basic","damage_taken":0,"max_hp_gain":0,"max_hp_loss":0,"event_name":"Bonfire Elementals","floor":12,"gold_loss":0}],"is_beta":false,"boss_relics":[],"items_purged_floors":[13],"is_endless":false,"potions_floor_spawned":[1,4,6,14],"killed_by":"Hexaghost","ascension_level":20}}