{"host":"gzk4gkgy3zij1c51","time":1612101341,"event":{"mods":["BaseMod","Colored Map","Downfall","Highlight Path","Marked Mod","Minty Spire (QoL Compilation)","Relic Stats","StSLib","everything is the same but u backflip on backflip"],"gold_per_floor":[123,155,167,190,258,270,315,327,339,351,351],"floor_reached":10,"language":"ENG","playtime":464,"items_purged":[],"score":79,"play_id":"3305bcd2-f57c-4e47-800c-6c8f37684584","local_time":"20210131135541","is_ascension_mode":true,"campfire_choices":[{"data":"Quick Slash","floor":6.0,"key":"SMITH"},{"data":"Concentrate","floor":8.0,"key":"SMITH"}],"circlet_count":0,"master_deck":["Strike_G","Strike_G","Strike_G","Strike_G","Strike_G","Defend_G","Defend_G","Defend_G","Defend_G","Defend_G","Survivor","Neutralize","Quick Slash+1","Dash","Eviscerate","Concentrate+1"],"relics":["Ring of the Snake","MawBank","Matryoshka","Snake Skull","Tingsha"],"acts_visited":["Exordium"],"potions_floor_usage":[],"damage_taken":[{"damage":0.0,"enemies":"Jaw Worm","floor":1.0,"turns":4.0},{"damage":0.0,"enemies":"Small Slimes","floor":2.0,"turns":3.0},{"damage":0.0,"enemies":"Cultist","floor":4.0,"turns":4.0},{"damage":60.0,"enemies":"Lagavulin","floor":7.0,"turns":10.0},{"damage":15,"enemies":"3 Sentries","floor":10,"turns":4}],"seed_played":"5848739953123350884","potions_obtained":[{"floor":2.0,"key":"Ancient Potion"}],"is_trial":false,"path_per_floor":["M","M","?","M","?","R","E","R","T","E"],"character_chosen":"THE_SILENT","items_purchased":[],"campfire_rested":0,"item_purchase_floors":[],"current_hp_per_floor":[70,70,75,75,75,75,15,15,15,0,0],"gold":351,"neow_bonus":"RANDOM_COMMON_RELIC","is_daily":false,"chose_seed":false,"campfire_upgraded":2,"win_rate":0.0,"timestamp":1612101341,"path_taken":["M","M","?","M","?","R","E","R","T","E"],"items_purchased_type":[],"build_version":"2020-12-22","purchased_purges":0,"victory":false,"max_hp_per_floor":[70,70,75,75,75,75,75,75,75,75,75],"relic_stats":{"counters":[5,25],"Tingsha":[6],"Snake Skull":[0],"MawBank":120,"obtain_stats":[{"Matryoshka":7,"Tingsha":9,"Snake Skull":9,"MawBank":0,"Ring of the Snake":0},{"Matryoshka":4,"Tingsha":4,"Snake Skull":4,"MawBank":0,"Ring of the Snake":0},{"Matryoshka":21,"Tingsha":21,"Snake Skull":21,"MawBank":0,"Ring of the Snake":0}],"Ring of the Snake":[10]},"card_choices":[{"not_picked":["Acrobatics","Slice"],"picked":"Quick Slash","floor":1.0},{"not_picked":["Riddle With Holes","PiercingWail"],"picked":"Dash","floor":2.0},{"not_picked":["Poisoned Stab","Underhanded Strike"],"picked":"Eviscerate","floor":4.0},{"not_picked":["Bane","Phantasmal Killer"],"picked":"Concentrate","floor":7.0}],"player_experience":1101356,"relics_obtained":[{"floor":7.0,"key":"Matryoshka"},{"floor":9.0,"key":"Snake Skull"},{"floor":9.0,"key":"Tingsha"}],"event_choices":[{"damage_healed":0.0,"max_hp_gain":5.0,"max_hp_loss":0.0,"gold_gain":0.0,"event_name":"Big Fish","player_choice":"Donut","floor":3.0,"gold_loss":0.0,"damage_taken":0.0},{"damage_healed":0.0,"max_hp_gain":0.0,"max_hp_loss":0.0,"gold_gain":56.0,"event_name":"Golden Wing","player_choice":"Gained Gold","floor":5.0,"gold_loss":0.0,"damage_taken":0.0}],"is_beta":false,"boss_relics":[],"items_purged_floors":[],"is_endless":false,"potions_floor_spawned":[2],"killed_by":"3 Sentries","ascension_level":4}}