{"host":"y1oqg7uy0jc6f5mb","time":1612118274,"event":{"mods":["BaseMod","Better Altar","Better Match","Better Note","Better Sensory Stone","Better Skull","Better Third Choice","Colored Map","Colored Powertips","Custom Start","Downfall","Highlight Path","Ironclad Rager","Minty Spire (QoL Compilation)","Permanent Neow","Quick Restart","Relic Stats","Replay The Spire","Shop Mod","StSLib"],"gold_per_floor":[210,66,83,358,375,375,20,20,20,30,30,63,73,143,143,248,248,258,288,37,53,66,96,96,96,96,96,96,96,111,143,143,239,239,259,277,277,327,9,39,39,54,103,103,103,131,131,6,6,6],"floor_reached":51,"language":"ENG","playtime":5049,"items_purged":["Strike_P","Regret","Defend_P","Strike_P+1","Defend_P"],"score":896,"play_id":"c9eacd19-2156-458a-97c7-86c55bd670ac","local_time":"20210201023754","is_ascension_mode":true,"campfire_choices":[{"data":"Eruption","floor":6.0,"key":"SMITH"},{"data":"LessonLearned","floor":8.0,"key":"SMITH"},{"data":"Replay:DivineShield","floor":11.0,"key":"SMITH"},{"data":"Conclude","floor":15.0,"key":"SMITH"},{"floor":24.0,"key":"REST"},{"data":"Wallop","floor":27.0,"key":"SMITH"},{"floor":29.0,"key":"RECALL"},{"data":"Strike_P","floor":32.0,"key":"PURGE"},{"data":"Alpha","floor":41.0,"key":"SMITH"},{"data":"LikeWater","floor":44.0,"key":"SMITH"},{"data":"ReplayTheSpireMod:Private Reserves","floor":47.0,"key":"SMITH"}],"circlet_count":0,"master_deck":["Defend_P+1","Eruption+1","Vigilance","Replay:DivineShield+1","Conclude+1","Crescendo","Wallop+1","LessonLearned+1","FollowUp+1","Consecrate+1","Sanctity","Ragnarok+1","ThirdEye+1","Nirvana","ClearTheMind+1","FlurryOfBlows+1","LessonLearned+1","DeceiveReality+1","Collect+1","InnerPeace","Protect+1","FlurryOfBlows","Alpha+1","ReachHeaven+1","FearNoEvil+1","ReplayTheSpireMod:Private Reserves+1","Bandage Up","LikeWater+1","FlurryOfBlows","Consecrate","Replay:Cycle","Pray"],"relics":["HolyWater","Membership Card","Bag of Preparation","Boot","HornCleat","Replay:Bottled Snecko","Red Mask","Happy Flower","DollysMirror","Counterbalance","Replay:Ringing Soul","WingedGreaves","Replay:Wax Seal","Sozu","CaptainsWheel","Shuriken","Replay:Baseball","TungstenRod","Strawberry","Orichalcum"],"acts_visited":["Exordium","TheCity","TheBeyond"],"potions_floor_usage":[],"damage_taken":[{"damage":7.0,"enemies":"Cultist","floor":1.0,"turns":3.0},{"damage":0.0,"enemies":"2 Louse","floor":3.0,"turns":1.0},{"damage":3.0,"enemies":"Small Slimes","floor":5.0,"turns":3.0},{"damage":9.0,"enemies":"3 Louse","floor":10.0,"turns":2.0},{"damage":0.0,"enemies":"Gremlin Nob","floor":12.0,"turns":2.0},{"damage":0.0,"enemies":"Blue Slaver","floor":13.0,"turns":2.0},{"damage":19.0,"enemies":"Hexaghost","floor":16.0,"turns":6.0},{"damage":22.0,"enemies":"2 Thieves","floor":18.0,"turns":2.0},{"damage":0.0,"enemies":"Masked Bandits","floor":19.0,"turns":2.0},{"damage":0.0,"enemies":"Spheric Guardian","floor":21.0,"turns":3.0},{"damage":4.0,"enemies":"Snecko","floor":22.0,"turns":3.0},{"damage":16.0,"enemies":"Replay:Snechameleon","floor":23.0,"turns":5.0},{"damage":1.0,"enemies":"3 Cultists","floor":30.0,"turns":5.0},{"damage":5.0,"enemies":"Book of Stabbing","floor":31.0,"turns":4.0},{"damage":45.0,"enemies":"Champ","floor":33.0,"turns":18.0},{"damage":13.0,"enemies":"3 Darklings","floor":35.0,"turns":4.0},{"damage":3.0,"enemies":"3 Shapes","floor":36.0,"turns":5.0},{"damage":7.0,"enemies":"Mind Bloom Boss Battle","floor":38.0,"turns":5.0},{"damage":14.0,"enemies":"Reptomancer","floor":40.0,"turns":5.0},{"damage":1.0,"enemies":"Jaw Worm Horde","floor":42.0,"turns":4.0},{"damage":29.0,"enemies":"R_Hoarder","floor":46.0,"turns":7.0},{"damage":2,"enemies":"Time Eater","floor":50,"turns":8}],"seed_played":"-446932768948093411","potions_obtained":[{"floor":5.0,"key":"PowerPotion"},{"floor":10.0,"key":"Swift Potion"},{"floor":13.0,"key":"Venom Potion"},{"floor":21.0,"key":"DuplicationPotion"},{"floor":22.0,"key":"ColorlessPotion"},{"floor":23.0,"key":"hexamod:SoulburnPotion"},{"floor":30.0,"key":"Venom Potion"},{"floor":31.0,"key":"Swift Potion"},{"floor":33.0,"key":"hexamod:SoulburnPotion"}],"is_trial":false,"path_per_floor":["M","$","M","?","M","R","$","R","T","M","R","E","M","T","R","B",null,"M","?","$","M","M","E","R","?","T","R","T","R","M","E","R_BF","B",null,"M","M","?","?","$","E","R","M","T","R","?","E","R","$","R_BF","B",null],"character_chosen":"WATCHER","items_purchased":["Conclude","Membership Card","LessonLearned","Bag of Preparation","FollowUp","ClearTheMind","FlurryOfBlows","Happy Flower","DollysMirror","Shuriken","Replay:Baseball","LikeWater","Replay:Cycle"],"campfire_rested":1,"item_purchase_floors":[2,7,7,7,7,20,20,20,20,39,39,39,48],"current_hp_per_floor":[65,65,65,65,62,62,62,62,62,53,53,53,53,53,53,34,72,50,50,50,50,46,30,51,51,51,51,51,51,53,51,51,9,81,71,71,74,71,74,67,67,70,77,77,77,55,55,58,61,63],"gold":6,"neow_bonus":"HUNDRED_GOLD","is_daily":false,"chose_seed":false,"campfire_upgraded":8,"win_rate":0.0,"timestamp":1612118274,"path_taken":["M","?","M","?","M","R","$","R","T","?","R","E","M","?","R","BOSS","M","?","$","M","M","E","R","?","T","R","?","R","M","E","R_BF","BOSS","M","M","?","?","$","E","R","M","T","R","?","E","R","$","R_BF","BOSS"],"items_purchased_type":["Card","Relic","Card","Relic","Card","Card","Card","Relic","Relic","Relic","Relic","Card","Card"],"build_version":"2020-12-22","purchased_purges":5,"victory":true,"max_hp_per_floor":[72,72,72,72,72,72,72,72,72,72,72,72,72,72,72,72,72,72,72,72,72,72,72,72,72,72,72,72,72,75,78,78,81,81,84,87,90,90,93,96,96,96,103,103,103,106,106,109,112,112],"relic_stats":{"Sozu":3,"Happy Flower":[25],"counters":[22,99],"Shuriken":[12],"Bag of Preparation":[38],"Orichalcum":[0],"Boot":[32],"obtain_stats":[{"Happy Flower":20,"Counterbalance":23,"Bag of Preparation":7,"Orichalcum":46,"Boot":9,"Sozu":34,"Replay:Ringing Soul":26,"CaptainsWheel":38,"Replay:Baseball":39,"HornCleat":12,"DollysMirror":20,"Shuriken":39,"Strawberry":43,"HolyWater":17,"WingedGreaves":28,"Red Mask":19,"Membership Card":7,"Replay:Bottled Snecko":14,"PureWater":0,"Replay:Wax Seal":31,"TungstenRod":40},{"Happy Flower":9,"Counterbalance":12,"Bag of Preparation":3,"Orichalcum":21,"Boot":3,"Sozu":15,"Replay:Ringing Soul":12,"CaptainsWheel":18,"Replay:Baseball":18,"HornCleat":5,"DollysMirror":9,"Shuriken":18,"Strawberry":20,"HolyWater":7,"WingedGreaves":12,"Red Mask":9,"Membership Card":3,"Replay:Bottled Snecko":6,"PureWater":0,"Replay:Wax Seal":14,"TungstenRod":19},{"Happy Flower":23,"Counterbalance":34,"Bag of Preparation":7,"Orichalcum":91,"Boot":7,"Sozu":61,"Replay:Ringing Soul":34,"CaptainsWheel":75,"Replay:Baseball":75,"HornCleat":11,"DollysMirror":23,"Shuriken":75,"Strawberry":84,"HolyWater":19,"WingedGreaves":34,"Red Mask":23,"Membership Card":7,"Replay:Bottled Snecko":13,"PureWater":0,"Replay:Wax Seal":43,"TungstenRod":80}],"TungstenRod":5},"card_choices":[{"not_picked":["ThirdEye","Consecrate"],"picked":"Replay:DivineShield","floor":1.0},{"not_picked":["CarveReality","JustLucky"],"picked":"Crescendo","floor":3.0},{"not_picked":["FlyingSleeves","Evaluate"],"picked":"Wallop","floor":5.0},{"not_picked":["SandsOfTime","CrushJoints"],"picked":"Consecrate","floor":10.0},{"not_picked":["Prostrate","CrushJoints"],"picked":"Sanctity","floor":12.0},{"not_picked":["FlyingSleeves","CrushJoints","JustLucky"],"picked":"SKIP","floor":13.0},{"not_picked":["Omniscience","Replay:AllIn"],"picked":"Ragnarok","floor":16.0},{"not_picked":["Halt","Protect"],"picked":"ThirdEye+1","floor":18.0},{"not_picked":["JustLucky","Halt"],"picked":"Nirvana","floor":19.0},{"not_picked":["ConjureBlade","EmptyBody"],"picked":"DeceiveReality+1","floor":21.0},{"not_picked":["SashWhip+1","BattleHymn"],"picked":"Collect+1","floor":22.0},{"not_picked":["Wallop","Prostrate+1"],"picked":"InnerPeace","floor":23.0},{"not_picked":["Meditate","Fasting2"],"picked":"Protect+1","floor":30.0},{"not_picked":["Consecrate","Nirvana"],"picked":"FlurryOfBlows","floor":31.0},{"not_picked":["Scrawl","DevaForm"],"picked":"Alpha","floor":33.0},{"not_picked":["JustLucky+1","CrushJoints+1"],"picked":"ReachHeaven+1","floor":35.0},{"not_picked":["Replay:Battleflow","BowlingBash+1"],"picked":"FearNoEvil+1","floor":36.0},{"not_picked":["Good Instincts","Trip"],"picked":"ReplayTheSpireMod:Private Reserves","floor":37.0},{"not_picked":["Trip","PanicButton"],"picked":"Bandage Up","floor":37.0},{"not_picked":["Fasting2","Replay:AtTheReady"],"picked":"FlurryOfBlows","floor":40.0},{"not_picked":["Crescendo","WindmillStrike+1","Protect"],"picked":"SKIP","floor":42.0},{"not_picked":["ConjureBlade","Replay:Anticipation+1"],"picked":"Consecrate","floor":46.0}],"player_experience":288926,"relics_obtained":[{"floor":9.0,"key":"Boot"},{"floor":12.0,"key":"HornCleat"},{"floor":14.0,"key":"Replay:Bottled Snecko"},{"floor":19.0,"key":"Red Mask"},{"floor":23.0,"key":"Counterbalance"},{"floor":26.0,"key":"Replay:Ringing Soul"},{"floor":28.0,"key":"WingedGreaves"},{"floor":31.0,"key":"Replay:Wax Seal"},{"floor":38.0,"key":"CaptainsWheel"},{"floor":40.0,"key":"TungstenRod"},{"floor":43.0,"key":"Strawberry"},{"floor":46.0,"key":"Orichalcum"}],"event_choices":[{"damage_healed":0.0,"max_hp_gain":0.0,"max_hp_loss":0.0,"gold_gain":275.0,"event_name":"Golden Shrine","player_choice":"Desecrate","floor":4.0,"gold_loss":0.0,"damage_taken":0.0,"cards_obtained":["Regret"]},{"damage_healed":0.0,"max_hp_gain":0.0,"max_hp_loss":0.0,"gold_gain":0.0,"event_name":"Masked Bandits","player_choice":"Fought Bandits","floor":19.0,"gold_loss":0.0,"damage_taken":0.0},{"damage_healed":0.0,"max_hp_gain":0.0,"max_hp_loss":0.0,"gold_gain":3.0,"event_name":"betterStone:BetterStone","player_choice":"1","floor":37.0,"gold_loss":0.0,"damage_taken":0.0},{"damage_healed":0.0,"max_hp_gain":0.0,"max_hp_loss":0.0,"gold_gain":0.0,"event_name":"MindBloom","player_choice":"Fight","floor":38.0,"gold_loss":0.0,"damage_taken":0.0},{"cards_removed":["Strike_P"],"damage_healed":0.0,"max_hp_gain":0.0,"max_hp_loss":0.0,"gold_gain":0.0,"event_name":"Bonfire Elementals","player_choice":"Offered Basic","floor":45.0,"gold_loss":0.0,"damage_taken":0.0}],"is_beta":false,"boss_relics":[{"not_picked":["Replay:Drink Me","Philosopher\u0027s Stone"],"picked":"HolyWater"},{"not_picked":["Pandora\u0027s Box","Empty Cage"],"picked":"Sozu"}],"items_purged_floors":[2,7,20,39,48],"is_endless":false,"potions_floor_spawned":[5,10,13,21,22,23,30,31,33,36,40,42],"ascension_level":3}}