{"host":"guzbs4v8630hpsy6","time":1612069492,"event":{"mods":["2.2 Compatiblity","AchievementEnabler","BaseMod","Block Reminder","Highlight Path","Minty Spire (QoL Compilation)","Relic Stats","SuperFastMode"],"gold_per_floor":[111,121,121,135,100,129,129,161,161,176,193,173,186,111,111,185,185,197,217,217,231,248,276,294,294,294,41,41,59,159,184,184,184,184],"floor_reached":33,"language":"ENG","playtime":993,"items_purged":["Strike_B"],"score":523,"play_id":"5bc29908-f9b2-4213-835a-fc3fb679756c","local_time":"20210131130452","is_ascension_mode":true,"campfire_choices":[{"data":"Doom and Gloom","floor":7,"key":"SMITH"},{"data":"Zap","floor":15,"key":"SMITH"},{"data":"Self Repair","floor":25,"key":"SMITH"},{"data":"Multi-Cast","floor":32,"key":"SMITH"}],"circlet_count":0,"master_deck":["AscendersBane","Strike_B","Defend_B","Defend_B","Defend_B","Defend_B","Zap+1","Dualcast","Glacier","Doom and Gloom+1","Conserve Battery","Sweeping Beam","White Noise","Core Surge","Genetic Algorithm","Self Repair+1","Multi-Cast+1","Hologram","Turbo","Chill","Sunder","Recycle"],"relics":["Cracked Core","Pear","Cables","Strawberry","Bag of Preparation","Coffee Dripper","Pen Nib","TungstenRod","Symbiotic Virus","WingedGreaves","Shuriken","InkBottle"],"acts_visited":["Exordium","TheCity"],"potions_floor_usage":[6,8,23,24,33],"damage_taken":[{"damage":1.0,"enemies":"Cultist","floor":1.0,"turns":3.0},{"damage":11.0,"enemies":"Small Slimes","floor":2.0,"turns":5.0},{"damage":18.0,"enemies":"Jaw Worm","floor":4.0,"turns":4.0},{"damage":32,"enemies":"Gremlin Nob","floor":6,"turns":4},{"damage":11,"enemies":"3 Sentries","floor":8,"turns":6},{"damage":1,"enemies":"Exordium Wildlife","floor":10,"turns":3},{"damage":0,"enemies":"Exordium Thugs","floor":11,"turns":5},{"damage":5,"enemies":"2 Fungi Beasts","floor":13,"turns":2},{"damage":3,"enemies":"Slime Boss","floor":16,"turns":7},{"damage":1,"enemies":"Chosen","floor":18,"turns":4},{"damage":28,"enemies":"3 Byrds","floor":19,"turns":4},{"damage":10,"enemies":"Cultist and Chosen","floor":21,"turns":5},{"damage":19,"enemies":"3 Cultists","floor":22,"turns":5},{"damage":29,"enemies":"Slavers","floor":23,"turns":5},{"damage":19,"enemies":"Centurion and Healer","floor":24,"turns":6},{"damage":0,"enemies":"Snecko","floor":29,"turns":3},{"damage":0,"enemies":"Colosseum Slavers","floor":30,"turns":4},{"damage":8,"enemies":"Colosseum Nobs","floor":30,"turns":3},{"damage":26,"enemies":"Book of Stabbing","floor":31,"turns":7},{"damage":21,"enemies":"Collector","floor":33,"turns":6}],"seed_played":"-2623988042765806112","potions_obtained":[{"floor":0.0,"key":"FocusPotion"},{"floor":0.0,"key":"SkillPotion"},{"floor":2.0,"key":"DistilledChaos"},{"floor":12,"key":"FairyPotion"},{"floor":13,"key":"SpeedPotion"},{"floor":22,"key":"LiquidMemories"},{"floor":23,"key":"Block Potion"},{"floor":24,"key":"BlessingOfTheForge"}],"is_trial":false,"path_per_floor":["M","M","T","M","?","E","R","E","T","M","M","?","M","$","R","B",null,"M","M","?","M","M","E","M","R","T","$","?","M","?","E","R","B"],"character_chosen":"DEFECT","items_purchased":["Symbiotic Virus"],"campfire_rested":0,"item_purchase_floors":[27],"current_hp_per_floor":[63,52,62,44,64,32,32,28,28,27,27,27,22,22,22,19,71,70,42,42,39,27,40,28,28,28,28,28,38,30,14,14,0,0],"gold":184,"neow_bonus":"THREE_SMALL_POTIONS","is_daily":false,"chose_seed":false,"campfire_upgraded":4,"win_rate":0.0,"timestamp":1612069492,"path_taken":["M","M","?","M","?","E","R","E","T","M","?","?","M","?","R","BOSS","M","M","?","M","?","E","M","R","T","?","?","?","?","E","R","BOSS"],"items_purchased_type":["Relic"],"build_version":"2020-12-22","purchased_purges":1,"victory":false,"max_hp_per_floor":[71,71,81,81,81,81,81,88,88,88,88,88,88,88,88,88,88,88,88,88,88,88,88,88,88,88,88,88,88,88,88,88,88,88],"relic_stats":{"counters":[20,91],"Shuriken":[0],"Pen Nib":[3],"Bag of Preparation":[30],"obtain_stats":[{"Pear":3,"Shuriken":30,"Strawberry":8,"Pen Nib":23,"WingedGreaves":30,"Bag of Preparation":9,"Coffee Dripper":17,"Cracked Core":0,"Symbiotic Virus":27,"TungstenRod":26,"InkBottle":31,"Cables":6},{"Pear":2,"Shuriken":18,"Strawberry":5,"Pen Nib":14,"WingedGreaves":18,"Bag of Preparation":5,"Coffee Dripper":9,"Cracked Core":0,"Symbiotic Virus":15,"TungstenRod":15,"InkBottle":19,"Cables":4},{"Pear":8,"Shuriken":78,"Strawberry":22,"Pen Nib":62,"WingedGreaves":78,"Bag of Preparation":22,"Coffee Dripper":39,"Cracked Core":0,"Symbiotic Virus":68,"TungstenRod":68,"InkBottle":85,"Cables":16}],"TungstenRod":8,"InkBottle":[2],"Cables":[60,23,15,22,0]},"card_choices":[{"not_picked":["Gash","Auto Shields","Scrape"],"picked":"SKIP","floor":1.0},{"not_picked":["Stack","Consume","Auto Shields"],"picked":"SKIP","floor":2.0},{"not_picked":["Storm","Gash"],"picked":"Glacier","floor":4.0},{"not_picked":["Sweeping Beam","Sunder"],"picked":"Doom and Gloom","floor":6},{"not_picked":["Steam Power","Machine Learning"],"picked":"Conserve Battery","floor":8},{"not_picked":["Stack","Barrage"],"picked":"Sweeping Beam","floor":10},{"not_picked":["Beam Cell","Gash"],"picked":"White Noise","floor":11},{"not_picked":["Leap","Conserve Battery","Stack"],"picked":"SKIP","floor":13},{"not_picked":["Seek","Multi-Cast"],"picked":"Core Surge","floor":16},{"not_picked":["Ball Lightning","Conserve Battery"],"picked":"Genetic Algorithm","floor":18},{"not_picked":["Sunder","Scrape"],"picked":"Self Repair","floor":19},{"not_picked":["Gash","Static Discharge"],"picked":"Multi-Cast","floor":21},{"not_picked":["BootSequence","Gash"],"picked":"Hologram","floor":22},{"not_picked":["Hello World+1","Chaos"],"picked":"Turbo","floor":23},{"not_picked":["Beam Cell","Go for the Eyes"],"picked":"Chill","floor":24},{"not_picked":["Blizzard","Rip and Tear+1","Storm+1"],"picked":"SKIP","floor":29},{"not_picked":["Barrage","Gash+1"],"picked":"Recycle","floor":31}],"player_experience":570597,"relics_obtained":[{"floor":3.0,"key":"Pear"},{"floor":6,"key":"Cables"},{"floor":8,"key":"Strawberry"},{"floor":9,"key":"Bag of Preparation"},{"floor":23,"key":"Pen Nib"},{"floor":26,"key":"TungstenRod"},{"floor":30,"key":"WingedGreaves"},{"floor":30,"key":"Shuriken"},{"floor":31,"key":"InkBottle"}],"event_choices":[{"damage_healed":20.0,"max_hp_gain":0.0,"max_hp_loss":0.0,"gold_gain":0.0,"event_name":"The Cleric","player_choice":"Healed","floor":5.0,"gold_loss":35.0,"damage_taken":0.0},{"damage_healed":0,"gold_gain":0,"player_choice":"Bought 1 Potion","damage_taken":0,"max_hp_gain":0,"max_hp_loss":0,"event_name":"The Woman in Blue","floor":12,"gold_loss":0},{"cards_removed":["Strike_B"],"damage_healed":0,"gold_gain":0,"player_choice":"Offered Basic","damage_taken":0,"max_hp_gain":0,"max_hp_loss":0,"event_name":"Bonfire Elementals","floor":20,"gold_loss":0},{"damage_healed":0,"gold_gain":0,"cards_transformed":["Strike_B"],"player_choice":"Transformed","damage_taken":0,"max_hp_gain":0,"max_hp_loss":0,"event_name":"Transmorgrifier","floor":28,"gold_loss":0,"cards_obtained":["Sunder"]},{"damage_healed":0,"gold_gain":0,"player_choice":"Fight","damage_taken":0,"max_hp_gain":0,"max_hp_loss":0,"event_name":"Colosseum","floor":30,"gold_loss":0},{"damage_healed":0,"gold_gain":0,"player_choice":"Fought Nobs","damage_taken":0,"max_hp_gain":0,"max_hp_loss":0,"event_name":"Colosseum","floor":30,"gold_loss":0}],"is_beta":false,"boss_relics":[{"not_picked":["Philosopher\u0027s Stone","Busted Crown"],"picked":"Coffee Dripper"}],"items_purged_floors":[14],"is_endless":false,"potions_floor_spawned":[2,4,13,21,22,23,24],"killed_by":"Collector","ascension_level":15}}