{"host":"h3ybbam5olp21xet","time":1612113328,"event":{"mods":["BaseMod","BetterRewards","Downfall","Hermit","Hubris","Infinite Spire","Minty Spire (QoL Compilation)","Replay The Spire","StSLib","The Bug Knight","The Cursed"],"gold_per_floor":[110,40,40,91,109,134,134,149,149,192,220,220,240,263,263,263,263],"floor_reached":16,"language":"ENG","playtime":578,"items_purged":[],"score":112,"play_id":"cf77e553-1abb-4c22-91b3-b1f17d37d61c","local_time":"20210131111528","is_ascension_mode":false,"campfire_choices":[{"data":"hermit:CursedWeapon","floor":7,"key":"SMITH"},{"data":"hermit:GoldenBullet","floor":12,"key":"SMITH"},{"floor":15,"key":"REST"}],"circlet_count":0,"master_deck":["hermit:Strike_Hermit","hermit:Strike_Hermit","hermit:Strike_Hermit","hermit:Strike_Hermit","hermit:Defend_Hermit","hermit:Defend_Hermit","hermit:Defend_Hermit","hermit:Defend_Hermit","hermit:Snapshot","hermit:Covet","hermit:Snipe","hermit:CursedWeapon+1","ReplayTheSpireMod:Splinters","hermit:Quickdraw","hermit:Quickdraw","hermit:Enervate","hermit:WideOpen","hermit:GoldenBullet+1","hermit:Midnight","hermit:Glare","hermit:Combo+1"],"relics":["hermit:Momento","hubris:Towel","Onion Ring","Gremlin Food","Pen Nib","CeramicFish"],"acts_visited":["Exordium"],"potions_floor_usage":[6],"damage_taken":[{"damage":1,"enemies":"Cultist","floor":1,"turns":3},{"damage":0,"enemies":"Small Slimes","floor":5,"turns":2},{"damage":10,"enemies":"Gremlin Nob","floor":6,"turns":3},{"damage":2,"enemies":"2 Louse","floor":8,"turns":1},{"damage":26,"enemies":"3 Sentries","floor":10,"turns":5},{"damage":0,"enemies":"Blue Slaver","floor":11,"turns":1},{"damage":2,"enemies":"Exordium Wildlife","floor":13,"turns":2},{"damage":4,"enemies":"Large Slime","floor":14,"turns":2},{"damage":52,"enemies":"Hexaghost","floor":16,"turns":7}],"seed_played":"2156044538447044427","potions_obtained":[{"floor":4,"key":"SmokeBomb"},{"floor":5,"key":"hexamod:SoulburnPotion"},{"floor":10,"key":"hexamod:SoulburnPotion"},{"floor":13,"key":"Guardian:BlockOnCardUsePotion"},{"floor":14,"key":"SteroidPotion"}],"is_trial":false,"path_per_floor":["M","$","?","?","M","E","R","M","T","E","M","R","M","M","R","B"],"character_chosen":"HERMIT","items_purchased":["hermit:CursedWeapon"],"campfire_rested":1,"item_purchase_floors":[2],"current_hp_per_floor":[74,74,74,74,74,64,64,62,62,36,36,36,34,30,52,0,0],"gold":263,"neow_bonus":"","is_daily":false,"chose_seed":false,"campfire_upgraded":2,"win_rate":0.0,"timestamp":1612113328,"path_taken":["M","$","?","?","M","E","R","M","T","E","M","R","M","M","R","BOSS"],"items_purchased_type":["Card"],"build_version":"2020-12-22","purchased_purges":0,"victory":false,"max_hp_per_floor":[75,75,75,75,75,75,75,75,75,75,75,75,75,75,75,75,75],"card_choices":[{"not_picked":["hermit:Cheat","hermit:WideOpen"],"picked":"hermit:Snipe","floor":1},{"not_picked":["hermit:HoleUp","hermit:Ricochet"],"picked":"hermit:Quickdraw","floor":4},{"not_picked":["hermit:Brawl","hermit:SprayPray"],"picked":"hermit:Quickdraw","floor":5},{"not_picked":["hermit:Combo","hermit:CalledShot"],"picked":"hermit:Enervate","floor":6},{"not_picked":["hermit:HoleUp","hermit:Manifest"],"picked":"hermit:WideOpen","floor":8},{"not_picked":["hermit:TrackingShot","hermit:Ricochet"],"picked":"hermit:GoldenBullet","floor":10},{"not_picked":["hermit:TakeCover","hermit:Horror"],"picked":"hermit:Midnight","floor":11},{"not_picked":["hermit:Misfire","hermit:Maintenance"],"picked":"hermit:Glare","floor":13},{"not_picked":["hermit:Coalescence","hermit:Snipe"],"picked":"hermit:Combo","floor":14}],"player_experience":630800,"relics_obtained":[{"floor":4,"key":"Onion Ring"},{"floor":6,"key":"Gremlin Food"},{"floor":9,"key":"Pen Nib"},{"floor":10,"key":"CeramicFish"}],"event_choices":[],"is_beta":false,"boss_relics":[],"items_purged_floors":[],"is_endless":false,"potions_floor_spawned":[5,10,13,14],"killed_by":"Hexaghost","ascension_level":0}}