{"host":"p9t7qd83igtcp2bh","time":1612071278,"event":{"mods":["2.2 Compatiblity","AchievementEnabler","BaseMod","Colored Map","Colored Powertips","Custom Start","DeckTracker","Keyboard Shortcuts","Minty Spire (QoL Compilation)","Permanent Neow","Spicy Shops","StSLib","SuperFastMode","everything is the same but u backflip on backflip"],"gold_per_floor":[117,128,128,128,128,128,147,147,170,204,220,200,200,67,67,67,67],"floor_reached":16,"language":"KOR","playtime":271,"items_purged":[],"score":196,"play_id":"9dafa76d-168c-4e97-956b-65552807ba59","local_time":"20210131143438","is_ascension_mode":true,"campfire_choices":[{"data":"Dramatic Entrance","floor":6,"key":"SMITH"},{"data":"Armaments","floor":8,"key":"SMITH"},{"data":"Wild Strike","floor":13,"key":"SMITH"},{"data":"Dark Embrace","floor":15,"key":"SMITH"}],"circlet_count":0,"master_deck":["AscendersBane","Strike_R","Strike_R","Strike_R","Strike_R+1","Strike_R","Defend_R","Defend_R","Defend_R","Defend_R","Bash+1","Dramatic Entrance+1","Wild Strike+1","Power Through","Armaments+1","True Grit+1","Dark Embrace+1"],"relics":["Burning Blood","Ancient Tea Set","Vajra","Toxic Egg 2","InkBottle"],"acts_visited":["Exordium"],"potions_floor_usage":[16,16],"damage_taken":[{"damage":4,"enemies":"Jaw Worm","floor":1,"turns":3},{"damage":7,"enemies":"Small Slimes","floor":2,"turns":2},{"damage":0,"enemies":"2 Louse","floor":7,"turns":1},{"damage":8,"enemies":"Gremlin Nob","floor":10,"turns":3},{"damage":8,"enemies":"Exordium Wildlife","floor":11,"turns":5},{"damage":53,"enemies":"Slime Boss","floor":16,"turns":8}],"seed_played":"-2172763872641084767","potions_obtained":[{"floor":2,"key":"Ancient Potion"},{"floor":10,"key":"Regen Potion"},{"floor":12,"key":"BlessingOfTheForge"}],"is_trial":false,"path_per_floor":["M","M","?","?","?","R","M","R","T","E","M","?","R","$","R","B"],"character_chosen":"IRONCLAD","items_purchased":["InkBottle"],"campfire_rested":0,"item_purchase_floors":[14],"current_hp_per_floor":[70,69,46,46,28,28,34,34,34,32,30,30,30,30,30,0,0],"gold":67,"neow_bonus":"RANDOM_COLORLESS","is_daily":false,"chose_seed":false,"campfire_upgraded":4,"win_rate":0.0,"timestamp":1612071278,"path_taken":["M","M","?","?","?","R","M","R","T","E","?","?","R","$","R","BOSS"],"items_purchased_type":["Relic"],"build_version":"2020-12-22","purchased_purges":0,"victory":false,"max_hp_per_floor":[75,75,75,75,75,75,75,75,75,75,75,75,75,75,75,75,75],"card_choices":[{"not_picked":["Good Instincts","Swift Strike"],"picked":"Dramatic Entrance","floor":0},{"not_picked":["Rage","Burning Pact"],"picked":"Wild Strike","floor":1},{"not_picked":["Armaments","Wild Strike"],"picked":"Power Through","floor":2},{"not_picked":["Spot Weakness","True Grit"],"picked":"Armaments","floor":7},{"not_picked":["Anger","Feed"],"picked":"True Grit+1","floor":10},{"not_picked":["Clash","Disarm+1"],"picked":"Dark Embrace","floor":11}],"player_experience":701980,"relics_obtained":[{"floor":9,"key":"Vajra"},{"floor":10,"key":"Toxic Egg 2"}],"event_choices":[{"damage_healed":0,"gold_gain":0,"player_choice":"Entered Light","damage_taken":23,"max_hp_gain":0,"max_hp_loss":0,"event_name":"Shining Light","floor":3,"gold_loss":0,"cards_upgraded":["Bash","Strike_R"]},{"damage_healed":0,"gold_gain":0,"player_choice":"Ignored","damage_taken":0,"max_hp_gain":0,"max_hp_loss":0,"event_name":"Liars Game","floor":4,"gold_loss":0},{"damage_healed":0,"gold_gain":0,"player_choice":"Success","damage_taken":18,"relics_obtained":["Ancient Tea Set"],"max_hp_gain":0,"max_hp_loss":0,"event_name":"Scrap Ooze","floor":5,"gold_loss":0},{"damage_healed":0,"gold_gain":0,"player_choice":"Bought 1 Potion","damage_taken":0,"max_hp_gain":0,"max_hp_loss":0,"event_name":"The Woman in Blue","floor":12,"gold_loss":0}],"is_beta":false,"boss_relics":[],"items_purged_floors":[],"is_endless":false,"potions_floor_spawned":[2,10],"killed_by":"Slime Boss","ascension_level":20}}