{"host":"2e3z4r48quhw80cc","time":1612070236,"event":{"mods":["BaseMod","Minty Spire (QoL Compilation)","Quick Restart","StSLib","SuperFastMode"],"gold_per_floor":[115,115,135,150,150,150,175,175,244,275,295,220,250,250,250,349,349,359,359,212,212,228,254,271,271,298,308,308,322,338,338,338,441,441,459,459,116,116,130,130,163,163,163,183,183,217,217,227,227,227],"floor_reached":51,"language":"KOR","playtime":3421,"items_purged":["Writhe","Defend_G"],"score":958,"play_id":"7f3a0dbf-d098-47eb-ac21-aa3ab22d7847","local_time":"20210131141716","is_ascension_mode":true,"campfire_choices":[{"floor":6.0,"key":"DIG"},{"data":"Bouncing Flask","floor":8.0,"key":"SMITH"},{"floor":15.0,"key":"REST"},{"floor":28.0,"key":"REST"},{"data":"Envenom","floor":32.0,"key":"SMITH"},{"floor":40.0,"key":"REST"},{"floor":42.0,"key":"DIG"},{"floor":47.0,"key":"DIG"},{"floor":49,"key":"REST"}],"circlet_count":0,"master_deck":["Strike_G","Strike_G+1","Strike_G","Defend_G","Defend_G+1","Survivor","Neutralize","Heel Hook","Noxious Fumes","Bouncing Flask+1","Well Laid Plans+1","Backflip","Escape Plan","Adrenaline","Deflect","Crippling Poison","Adrenaline","After Image","Prepared+1","Adrenaline","Envenom+1","Accuracy","Bullet Time","Deflect+1","Catalyst","After Image"],"relics":["Ring of the Serpent","Shovel","Vajra","Omamori","Ninja Scroll","Orichalcum","Juzu Bracelet","Calling Bell","Dream Catcher","Mercury Hourglass","Calipers","Orrery","Happy Flower","Regal Pillow","Singing Bowl","Question Card","Nunchaku","Meat on the Bone","Potion Belt","Kunai"],"acts_visited":["Exordium","TheCity","TheBeyond"],"potions_floor_usage":[50,50,50],"damage_taken":[{"damage":5.0,"enemies":"Jaw Worm","floor":1.0,"turns":5.0},{"damage":0.0,"enemies":"Small Slimes","floor":3.0,"turns":4.0},{"damage":1.0,"enemies":"Cultist","floor":4.0,"turns":4.0},{"damage":2.0,"enemies":"Lagavulin","floor":7.0,"turns":7.0},{"damage":23.0,"enemies":"Gremlin Nob","floor":10.0,"turns":4.0},{"damage":3.0,"enemies":"Looter","floor":11.0,"turns":3.0},{"damage":9.0,"enemies":"Lagavulin","floor":13.0,"turns":7.0},{"damage":6.0,"enemies":"Hexaghost","floor":16.0,"turns":8.0},{"damage":11.0,"enemies":"Shell Parasite","floor":18.0,"turns":5.0},{"damage":9.0,"enemies":"2 Thieves","floor":22.0,"turns":4.0},{"damage":46.0,"enemies":"Gremlin Leader","floor":23.0,"turns":9.0},{"damage":3.0,"enemies":"Shelled Parasite and Fungi","floor":24.0,"turns":6.0},{"damage":8.0,"enemies":"Snecko","floor":27.0,"turns":5.0},{"damage":5.0,"enemies":"Sentry and Sphere","floor":29.0,"turns":6.0},{"damage":0.0,"enemies":"Cultist and Chosen","floor":30.0,"turns":5.0},{"damage":19.0,"enemies":"Collector","floor":33.0,"turns":8.0},{"damage":19.0,"enemies":"3 Darklings","floor":35.0,"turns":4.0},{"damage":3.0,"enemies":"Orb Walker","floor":39.0,"turns":3.0},{"damage":0.0,"enemies":"Giant Head","floor":41.0,"turns":7.0},{"damage":0.0,"enemies":"3 Darklings","floor":44.0,"turns":5.0},{"damage":17.0,"enemies":"Nemesis","floor":46.0,"turns":5.0},{"damage":6.0,"enemies":"Transient","floor":48.0,"turns":5.0},{"damage":25,"enemies":"Awakened One","floor":50,"turns":20}],"seed_played":"3014834317196440247","potions_obtained":[{"floor":1.0,"key":"Energy Potion"},{"floor":3.0,"key":"FairyPotion"},{"floor":4.0,"key":"Poison Potion"},{"floor":23.0,"key":"Dexterity Potion"},{"floor":27.0,"key":"Fire Potion"},{"floor":30.0,"key":"BlessingOfTheForge"},{"floor":33.0,"key":"Block Potion"},{"floor":39.0,"key":"LiquidBronze"},{"floor":46.0,"key":"DistilledChaos"}],"is_trial":false,"path_per_floor":["M","?","M","M","?","R","E","R","T","E","M","$","E","?","R","B",null,"M","?","$","?","M","E","M","?","T","M","R","M","M","?","R","B",null,"M","?","$","?","M","R","E","R","T","M","?","E","R","M","R","B",null],"character_chosen":"THE_SILENT","items_purchased":["Orrery","Singing Bowl"],"campfire_rested":4,"item_purchase_floors":[20,37],"current_hp_per_floor":[58,44,44,43,43,43,41,41,41,18,15,15,6,6,27,21,58,47,47,47,47,38,21,18,18,18,10,46,41,41,41,41,22,58,39,39,39,39,36,72,74,74,74,74,74,57,57,53,78,53],"gold":227,"neow_bonus":"ONE_RARE_RELIC","is_daily":false,"chose_seed":false,"campfire_upgraded":2,"win_rate":0.0,"timestamp":1612070236,"path_taken":["M","?","M","M","?","R","E","R","T","E","?","$","E","?","R","BOSS","M","?","$","?","M","E","M","?","T","M","R","M","M","?","R","BOSS","M","?","$","?","M","R","E","R","T","M","?","E","R","M","R","BOSS"],"items_purchased_type":["Relic","Relic"],"build_version":"2020-12-22","purchased_purges":2,"victory":true,"max_hp_per_floor":[70,70,70,70,70,70,70,70,70,70,70,70,70,70,70,70,70,70,70,70,70,70,70,70,70,70,70,70,70,70,70,70,70,70,70,70,70,70,70,72,74,74,74,74,74,74,74,76,78,78],"card_choices":[{"not_picked":["Choke","Distraction"],"picked":"Heel Hook","floor":1.0},{"not_picked":["Blade Dance","PiercingWail"],"picked":"Noxious Fumes","floor":3.0},{"not_picked":["Distraction","Infinite Blades"],"picked":"Bouncing Flask","floor":4.0},{"not_picked":["Predator","Slice"],"picked":"Backflip","floor":7.0},{"not_picked":["Dagger Throw","Riddle With Holes","Sucker Punch"],"picked":"SKIP","floor":10.0},{"not_picked":["Accuracy","Outmaneuver"],"picked":"Escape Plan","floor":11.0},{"not_picked":["Night Terror","Poisoned Stab","Blade Dance"],"picked":"SKIP","floor":13.0},{"not_picked":["Bullet Time","Tools of the Trade"],"picked":"Adrenaline","floor":16.0},{"not_picked":["Underhanded Strike","Dagger Spray","Bane"],"picked":"SKIP","floor":18.0},{"not_picked":["Dodge and Roll","Poisoned Stab+1"],"picked":"Deflect","floor":20.0},{"not_picked":["Unload","Bane"],"picked":"Crippling Poison","floor":20.0},{"not_picked":["Phantasmal Killer","Predator","Underhanded Strike"],"picked":"SKIP","floor":22.0},{"not_picked":["Prepared","Dash"],"picked":"After Image","floor":23.0},{"not_picked":["Backstab+1","Noxious Fumes+1"],"picked":"Prepared+1","floor":24.0},{"not_picked":["Slice","Noxious Fumes","Infinite Blades"],"picked":"SKIP","floor":27.0},{"not_picked":["Prepared","Slice"],"picked":"Adrenaline","floor":28.0},{"not_picked":["Dagger Spray","Bane","PiercingWail+1"],"picked":"SKIP","floor":29.0},{"not_picked":["Escape Plan","All Out Attack","Distraction"],"picked":"SKIP","floor":30.0},{"not_picked":["Doppelganger","Phantasmal Killer"],"picked":"Bullet Time","floor":33.0},{"not_picked":["Outmaneuver","Sucker Punch+1","Dagger Spray+1"],"picked":"SKIP","floor":35.0},{"not_picked":["Prepared","Poisoned Stab+1"],"picked":"Deflect+1","floor":39.0},{"not_picked":["Deadly Poison","Outmaneuver","Backstab"],"picked":"Singing Bowl","floor":40.0},{"not_picked":["Calculated Gamble+1","Predator+1","Dagger Spray+1"],"picked":"Singing Bowl","floor":41.0},{"not_picked":["Distraction+1","Cloak And Dagger+1","Reflex+1"],"picked":"Catalyst","floor":44.0},{"not_picked":["Reflex","Quick Slash+1","Grand Finale"],"picked":"After Image","floor":46.0},{"not_picked":["Quick Slash","Deadly Poison","Bane","Sucker Punch"],"picked":"Singing Bowl","floor":48.0},{"not_picked":["Finisher+1","Calculated Gamble+1","Slice+1","Heel Hook+1"],"picked":"Singing Bowl","floor":49}],"player_experience":87187,"relics_obtained":[{"floor":6.0,"key":"Vajra"},{"floor":7.0,"key":"Omamori"},{"floor":9.0,"key":"Ninja Scroll"},{"floor":10.0,"key":"Orichalcum"},{"floor":13.0,"key":"Juzu Bracelet"},{"floor":17.0,"key":"Dream Catcher"},{"floor":17.0,"key":"Mercury Hourglass"},{"floor":17.0,"key":"Calipers"},{"floor":23.0,"key":"Happy Flower"},{"floor":26.0,"key":"Regal Pillow"},{"floor":41.0,"key":"Question Card"},{"floor":42.0,"key":"Nunchaku"},{"floor":43.0,"key":"Meat on the Bone"},{"floor":46.0,"key":"Potion Belt"},{"floor":47.0,"key":"Kunai"}],"event_choices":[{"damage_healed":0.0,"max_hp_gain":0.0,"max_hp_loss":0.0,"gold_gain":0.0,"event_name":"Shining Light","player_choice":"Entered Light","floor":2.0,"gold_loss":0.0,"damage_taken":14.0,"cards_upgraded":["Strike_G","Defend_G"]},{"damage_healed":0.0,"max_hp_gain":0.0,"max_hp_loss":0.0,"gold_gain":0.0,"cards_transformed":["Strike_G"],"event_name":"Transmorgrifier","player_choice":"Transformed","floor":5.0,"gold_loss":0.0,"damage_taken":0.0,"cards_obtained":["Well Laid Plans"]},{"damage_healed":0.0,"max_hp_gain":0.0,"max_hp_loss":0.0,"gold_gain":0.0,"event_name":"Scrap Ooze","player_choice":"Fled","floor":14.0,"gold_loss":0.0,"damage_taken":0.0},{"damage_healed":0.0,"max_hp_gain":0.0,"max_hp_loss":0.0,"gold_gain":0.0,"event_name":"Ghosts","player_choice":"Ignored","floor":19.0,"gold_loss":0.0,"damage_taken":0.0},{"damage_healed":0.0,"max_hp_gain":0.0,"max_hp_loss":0.0,"gold_gain":0.0,"event_name":"Duplicator","player_choice":"Copied","floor":21.0,"gold_loss":0.0,"damage_taken":0.0,"cards_obtained":["Adrenaline"]},{"damage_healed":0.0,"max_hp_gain":0.0,"max_hp_loss":0.0,"gold_gain":0.0,"event_name":"Vampires","player_choice":"Ignored","floor":25.0,"gold_loss":0.0,"damage_taken":0.0},{"damage_healed":0.0,"max_hp_gain":0.0,"max_hp_loss":0.0,"gold_gain":0.0,"cards_transformed":["Defend_G","Defend_G"],"event_name":"Drug Dealer","player_choice":"Became Test Subject","floor":31.0,"gold_loss":0.0,"damage_taken":0.0,"cards_obtained":["Envenom","Accuracy"]},{"cards_removed":["Strike_G"],"damage_healed":0.0,"max_hp_gain":0.0,"max_hp_loss":0.0,"gold_gain":0.0,"event_name":"Falling","player_choice":"Removed Attack","floor":36.0,"gold_loss":0.0,"damage_taken":0.0},{"damage_healed":0.0,"max_hp_gain":0.0,"max_hp_loss":0.0,"gold_gain":0.0,"event_name":"Upgrade Shrine","player_choice":"Upgraded","floor":38.0,"gold_loss":0.0,"damage_taken":0.0,"cards_upgraded":["Well Laid Plans"]},{"damage_healed":0.0,"max_hp_gain":0.0,"max_hp_loss":0.0,"gold_gain":0.0,"event_name":"Tomb of Lord Red Mask","player_choice":"Ignored","floor":45.0,"gold_loss":0.0,"damage_taken":0.0}],"is_beta":false,"boss_relics":[{"not_picked":["Runic Pyramid","Coffee Dripper"],"picked":"Calling Bell"},{"not_picked":["Black Star","WristBlade"],"picked":"Ring of the Serpent"}],"items_purged_floors":[12,37],"is_endless":false,"potions_floor_spawned":[1,3,4,10,11,23,27,29,30,33,39,46],"ascension_level":6}}