{"host":"1pkwkj8mkn7raipg","time":1612084702,"event":{"mods":["BaseMod","LagranYue(拉格朗・月)","Minty Spire (QoL Compilation)","Replay The Spire","StSLib","TestMod"],"gold_per_floor":[111,111,111,111,7,7,27,62,89,89,125,143,158,194,194,288,288,309,67,82,82,101,136,1135,1168,1168,1218,997,1122,1136,1167,1167,1261,1261,1279,1297,1310,1100,1115,1115,1146,1146,1146,1146,1146,1169,903,947,947,947,947,947,543,586,586],"floor_reached":56,"language":"ZHS","playtime":1846,"items_purged":["Voices","Hemokinesis+1","Inflame","Dual Wield","Immolate+1"],"score":2194,"play_id":"04ac0e15-a20c-41bd-a693-12c382ca2961","local_time":"20210131171822","is_ascension_mode":true,"campfire_choices":[{"data":"True Grit","floor":6.0,"key":"SMITH"},{"data":"True Grit","floor":15.0,"key":"SMITH"},{"data":"Pommel Strike","floor":32.0,"key":"SMITH"},{"data":"Limit Break","floor":40.0,"key":"SMITH"},{"floor":44.0,"key":"RECALL"},{"data":"Demonic Infusion","floor":49.0,"key":"SMITH"},{"data":"Double Tap","floor":52,"key":"SMITH"}],"circlet_count":0,"master_deck":["AscendersBane","Strike_R","Strike_R+1","Strike_R","Strike_R","True Grit+1","True Grit+1","Pommel Strike+1","Perfected Strike+1","Feed+1","Twin Strike+1","ReplayTheSpireMod:Limb From Limb+1","Perfected Strike+1","Limit Break+1","Twin Strike+1","Inflame+1","Double Tap+1","Demonic Infusion+1","Impervious+1","Pommel Strike+1","ReplayTheSpireMod:Strike From Hell+1","ReplayTheSpireMod:Necrogeddon+1","Burning Pact"],"relics":["Burning Blood","testmod-TestBox","LagranYue:RandomDrawCardRelic","testmod-HeartOfStrike","Ring of Peace","Ring of Hypnosis","Anchor","Golden Idol","testmod-ArcanaOfDestiny","Molten Egg 2","testmod-TurbochargingSystem","Smiling Mask","Pear","Mummified Hand","testmod-IndustrialRevolution","Replay:PocketPolymizer","Divine Protection","testmod-Hope","testmod-TimeTraveler","PreservedInsect","Replay:Bottled Steam","Bottled Flame","Replay:WaspNest","Replay:Baseball","testmod-Justice","Guide Book","Replay:Bottled Flurry"],"acts_visited":["Exordium","TheCity","TheBeyond","TheEnding"],"potions_floor_usage":[50,55],"damage_taken":[{"damage":0.0,"enemies":"Cultist","floor":1.0,"turns":2.0},{"damage":0.0,"enemies":"Jaw Worm","floor":7.0,"turns":2.0},{"damage":4.0,"enemies":"3 Sentries","floor":8.0,"turns":7.0},{"damage":0.0,"enemies":"Lagavulin","floor":11.0,"turns":5.0},{"damage":0.0,"enemies":"2 Louse","floor":12.0,"turns":2.0},{"damage":0.0,"enemies":"Large Slime","floor":13.0,"turns":3.0},{"damage":0.0,"enemies":"Gremlin Nob","floor":14.0,"turns":2.0},{"damage":0.0,"enemies":"Fading Forest","floor":16.0,"turns":11.0},{"damage":7.0,"enemies":"Spheric Guardian","floor":18.0,"turns":4.0},{"damage":0.0,"enemies":"Chosen","floor":20.0,"turns":2.0},{"damage":6.0,"enemies":"Snecko","floor":22.0,"turns":3.0},{"damage":9.0,"enemies":"Book of Stabbing","floor":23.0,"turns":4.0},{"damage":0.0,"enemies":"Slavers","floor":25.0,"turns":3.0},{"damage":0.0,"enemies":"Colosseum Slavers","floor":29.0,"turns":3.0},{"damage":3.0,"enemies":"Colosseum Nobs","floor":29.0,"turns":3.0},{"damage":0.0,"enemies":"Centurion and Healer","floor":30.0,"turns":3.0},{"damage":0.0,"enemies":"Book of Stabbing","floor":31.0,"turns":3.0},{"damage":7.0,"enemies":"Automaton","floor":33.0,"turns":5.0},{"damage":0.0,"enemies":"3 Shapes","floor":35.0,"turns":3.0},{"damage":0.0,"enemies":"Orb Walker","floor":36.0,"turns":1.0},{"damage":0.0,"enemies":"Maw","floor":37.0,"turns":3.0},{"damage":0.0,"enemies":"Spire Growth","floor":39.0,"turns":3.0},{"damage":9.0,"enemies":"Nemesis","floor":41.0,"turns":3.0},{"damage":21.0,"enemies":"Sphere and 2 Shapes","floor":46.0,"turns":4.0},{"damage":7.0,"enemies":"Reptomancer","floor":48.0,"turns":4.0},{"damage":21,"enemies":"Replay:Hell Engine","floor":50,"turns":5},{"damage":42,"enemies":"Shield and Spear","floor":54,"turns":5},{"damage":8,"enemies":"The Heart","floor":55,"turns":2}],"seed_played":"-3274931460140868718","potions_obtained":[{"floor":1.0,"key":"ColorlessPotion"},{"floor":12.0,"key":"LiquidMemories"},{"floor":13.0,"key":"Adrenaline Potion"},{"floor":14.0,"key":"Regen Potion"},{"floor":25.0,"key":"Dexterity Potion"},{"floor":41.0,"key":"Fruit Juice"},{"floor":46.0,"key":"Dexterity Potion"}],"is_trial":false,"path_per_floor":["M","?","?","?","$","R","M","E","T","?","E","M","M","E","R","B",null,"M","$","M","?","M","E","?","E","T","?","$","?","M","E","R","B",null,"M","M","M","$","M","R","E","T","T","R","?","M","$","E","R","B",null,"R","$","E","B",null],"character_chosen":"IRONCLAD","items_purchased":["True Grit","testmod-TurbochargingSystem","Inflame","testmod-IndustrialRevolution","PreservedInsect","Replay:Baseball","ReplayTheSpireMod:Strike From Hell+1","Guide Book","ReplayTheSpireMod:Necrogeddon+1"],"campfire_rested":0,"item_purchase_floors":[5,19,19,28,38,47,47,53,53],"current_hp_per_floor":[74,74,74,74,74,74,75,75,75,49,55,61,67,73,73,75,75,78,78,79,79,79,80,80,97,97,97,97,97,101,101,101,104,105,109,109,109,109,109,109,111,111,111,111,111,96,96,95,95,80,106,106,106,77,121],"gold":586,"neow_bonus":"REMOVE_CARD","is_daily":false,"chose_seed":false,"campfire_upgraded":6,"win_rate":0.0,"timestamp":1612084702,"path_taken":["M","?","?","?","$","R","M","E","T","?","E","M","?","E","R","BOSS","M","$","M","?","M","E","?","E","T","?","$","?","?","E","R","BOSS","M","?","M","$","M","R","E","?","T","R","?","M","$","E","R","BOSS","R","$","E","BOSS"],"items_purchased_type":["Card","Relic","Card","Relic","Relic","Relic","Card","Relic","Card"],"build_version":"2020-12-22","purchased_purges":5,"victory":true,"max_hp_per_floor":[75,75,75,75,75,75,75,75,75,75,75,75,75,75,75,75,75,79,79,79,79,79,83,83,97,97,97,97,97,101,101,101,105,105,109,109,109,109,109,109,114,114,114,114,114,114,114,114,114,114,114,114,114,121,121],"card_choices":[{"not_picked":["Flame Barrier","Bloodletting","Wild Strike"],"picked":"SKIP","floor":1.0},{"not_picked":["Headbutt","Blood for Blood"],"picked":"True Grit","floor":7.0},{"not_picked":["ReplayTheSpireMod:Strike From Hell","Exhume"],"picked":"Pommel Strike","floor":8.0},{"not_picked":["Clash","Pommel Strike"],"picked":"Perfected Strike","floor":11.0},{"not_picked":["ReplayReversal","Massacre","Rupture"],"picked":"SKIP","floor":12.0},{"not_picked":["Body Slam","Impervious","Heavy Blade"],"picked":"SKIP","floor":13.0},{"not_picked":["Heavy Blade+1","Combust","Sever Soul+1"],"picked":"SKIP","floor":14.0},{"not_picked":["Havoc+1","Wild Strike+1"],"picked":"Twin Strike+1","floor":18.0},{"not_picked":["Life Link","Disarm"],"picked":"ReplayTheSpireMod:Limb From Limb+1","floor":20.0},{"not_picked":["Massacre+1","Clothesline+1"],"picked":"Bloodletting","floor":22.0},{"not_picked":["Flex","Armaments"],"picked":"Perfected Strike+1","floor":23.0},{"not_picked":["Havoc","Headbutt+1","Perfected Strike+1"],"picked":"SKIP","floor":25.0},{"not_picked":["Anger+1","Shockwave"],"picked":"Limit Break","floor":29.0},{"not_picked":["Replay:Undeath\u0027s Touch+1","Warcry"],"picked":"Twin Strike+1","floor":30.0},{"not_picked":["ReplayTheSpireMod:Limb From Limb+1","Thunderclap+1"],"picked":"Inflame+1","floor":31.0},{"not_picked":["Offering","Limit Break"],"picked":"Demonic Infusion","floor":33.0},{"not_picked":["Battle Trance","Replay:Undeath\u0027s Touch+1","True Grit"],"picked":"SKIP","floor":35.0},{"not_picked":["Perfected Strike+1","Sword Boomerang+1"],"picked":"Dual Wield","floor":36.0},{"not_picked":["True Grit","ReplayTheSpireMod:Limb From Limb+1","Body Slam+1"],"picked":"SKIP","floor":37.0},{"not_picked":["ReplayTheSpireMod:Stacked","Headbutt+1","Combust"],"picked":"SKIP","floor":39.0},{"not_picked":["Thunderclap+1","Wild Strike+1"],"picked":"Pommel Strike+1","floor":41.0},{"not_picked":["Clash+1","Dropkick+1","Wild Strike+1"],"picked":"SKIP","floor":46.0},{"not_picked":["Fiend Fire+1","Perfected Strike+1","Feel No Pain"],"picked":"SKIP","floor":48.0},{"not_picked":["Replay:Undeath\u0027s Touch+1","Clothesline+1"],"picked":"Burning Pact","floor":54}],"player_experience":392838,"relics_obtained":[{"floor":4.0,"key":"Ring of Peace"},{"floor":4.0,"key":"Ring of Hypnosis"},{"floor":8.0,"key":"Anchor"},{"floor":11.0,"key":"testmod-ArcanaOfDestiny"},{"floor":14.0,"key":"Molten Egg 2"},{"floor":23.0,"key":"Smiling Mask"},{"floor":25.0,"key":"Pear"},{"floor":26.0,"key":"Mummified Hand"},{"floor":29.0,"key":"Replay:PocketPolymizer"},{"floor":29.0,"key":"Divine Protection"},{"floor":31.0,"key":"testmod-Hope"},{"floor":41.0,"key":"Replay:Bottled Steam"},{"floor":42.0,"key":"Bottled Flame"},{"floor":43.0,"key":"Replay:WaspNest"},{"floor":48.0,"key":"testmod-Justice"},{"floor":54,"key":"Replay:Bottled Flurry"}],"event_choices":[{"damage_healed":0.0,"max_hp_gain":0.0,"max_hp_loss":0.0,"gold_gain":0.0,"event_name":"Living Wall","player_choice":"Grow","floor":3.0,"gold_loss":0.0,"damage_taken":0.0,"cards_upgraded":["Strike_R"]},{"damage_healed":0.0,"max_hp_gain":0.0,"max_hp_loss":0.0,"gold_gain":0.0,"event_name":"Golden Idol","player_choice":"Take Damage","floor":10.0,"gold_loss":0.0,"damage_taken":26.0,"relics_obtained":["Golden Idol"]},{"damage_healed":0.0,"max_hp_gain":0.0,"max_hp_loss":0.0,"gold_gain":0.0,"event_name":"Ghosts","player_choice":"Ignored","floor":21.0,"gold_loss":0.0,"damage_taken":0.0},{"damage_healed":0.0,"max_hp_gain":0.0,"max_hp_loss":0.0,"gold_gain":999.0,"event_name":"恩洛斯的盘子","player_choice":"Sell","floor":24.0,"relics_lost":["Astrolabe"],"gold_loss":0.0,"damage_taken":0.0},{"damage_healed":0.0,"max_hp_gain":0.0,"max_hp_loss":0.0,"gold_gain":50.0,"event_name":"Nest","player_choice":"Stole From Cult","floor":27.0,"gold_loss":0.0,"damage_taken":0.0},{"damage_healed":0.0,"max_hp_gain":0.0,"max_hp_loss":0.0,"gold_gain":0.0,"event_name":"Colosseum","player_choice":"Fight","floor":29.0,"gold_loss":0.0,"damage_taken":0.0},{"damage_healed":0.0,"max_hp_gain":0.0,"max_hp_loss":0.0,"gold_gain":0.0,"event_name":"Colosseum","player_choice":"Fought Nobs","floor":29.0,"gold_loss":0.0,"damage_taken":0.0},{"damage_healed":0.0,"max_hp_gain":0.0,"max_hp_loss":0.0,"gold_gain":0.0,"event_name":"Tomb of Lord Red Mask","player_choice":"Ignored","floor":45.0,"gold_loss":0.0,"damage_taken":0.0}],"is_beta":false,"boss_relics":[{"not_picked":["Pandora\u0027s Box","Electric Blood"],"picked":"Astrolabe"},{"not_picked":["Busted Crown","Ring of Chaos"],"picked":"testmod-TimeTraveler"}],"items_purged_floors":[5,28,38,47,53],"is_endless":false,"potions_floor_spawned":[1,12,13,14,18,25,29,31,33,36,39,41,46],"ascension_level":18}}