{"host":"dscols65uipasqd2","time":1612063377,"event":{"mods":["2.2 Compatiblity","AchievementEnabler","Aspiration","BaseMod","Colored Powertips","Downfall","Energized Spire","GifTheSpireLib","Hermit","Hubris","Infinite Spire","JesterMod","Jorbs\u0027s Wanderer Trilogy","Magitek Elite","Marisa????????","Minty Spire (QoL Compilation)","Rare Cards Sparkle","Replay The Spire","StSLib","Stuff the Spire","The Cursed","The Disciple","The Hierophant","The Judge","The Jungle","TheFirefly"],"gold_per_floor":[99,99,99,114,114,148,148,40,40,60,70,3,3,3,16,121,121,21,40,57,73,73,24,24,38,38,38,88,88,104,118,135,135,135,135],"floor_reached":33,"language":"ENG","playtime":1576,"items_purged":[],"score":272,"play_id":"bc91e291-f7e9-4c31-bce4-e8271f23b989","local_time":"20210130222257","is_ascension_mode":false,"campfire_choices":[{"data":"sneckomod:SnekBite","floor":1,"key":"SMITH"},{"floor":9,"key":"RECALL"},{"floor":13,"key":"REST"},{"floor":27,"key":"REST"},{"floor":29,"key":"REST"}],"circlet_count":0,"master_deck":["sneckomod:Strike","sneckomod:Strike","sneckomod:Strike","sneckomod:Defend","sneckomod:Defend","sneckomod:TailWhip","sneckomod:SnekBite+1","sneckomod:Unknown","sneckomod:Unknown","sneckomod:QuickBite","sneckomod:IronFang","sneckomod:Nope","sneckomod:UnknownVulnerable","sneckomod:SlitherStrike","sneckomod:QuickMove","sneckomod:ImprovisedGuard","Lento","sneckomod:UnendingSupply","sneckomod:ImprovisedGuard","sneckomod:UnknownRareAttack","Battle Trance","sneckomod:RainOfDice+1","sneckomod:UnknownClassBLUE+1","sneckomod:Unknown1Cost+1","Forgetful","sneckomod:UnknownVulnerable","sneckomod:CheapStock","StuffTheSpire:TitanForm","sneckomod:QuickMove+1","sneckomod:DiceCrush+1","sneckomod:Unknown1Cost+1"],"relics":["sneckomod:SuperSneckoSoul","Strawberry","StuffTheSpire:RedRose","Shuriken","hubris:MysteriousPyramids","Replay:Baseball","downfall:HeartBlessingRed","Replay:WaspNest","MutagenicStrength"],"acts_visited":["Exordium","TheCity"],"potions_floor_usage":[6,6,12,16,16,16,33,33],"damage_taken":[{"damage":11,"enemies":"Small Slimes","floor":4,"turns":4},{"damage":3,"enemies":"Gremlin Nob","floor":6,"turns":2},{"damage":10,"enemies":"downfall:FleeingMerchant","floor":8,"turns":4},{"damage":21,"enemies":"2 Louse","floor":10,"turns":2},{"damage":0,"enemies":"Cultist","floor":11,"turns":2},{"damage":11,"enemies":"downfall:FleeingMerchant","floor":12,"turns":4},{"damage":2,"enemies":"2 Fungi Beasts","floor":15,"turns":3},{"damage":50,"enemies":"DF_ARCHETYPE_STREAMLINE","floor":16,"turns":9},{"damage":7,"enemies":"Chosen","floor":19,"turns":4},{"damage":19,"enemies":"3 Byrds","floor":20,"turns":3},{"damage":33,"enemies":"Centurion and Healer","floor":21,"turns":6},{"damage":0,"enemies":"downfall:FleeingMerchant","floor":23,"turns":4},{"damage":21,"enemies":"Snake Plant","floor":25,"turns":4},{"damage":15,"enemies":"Snecko","floor":30,"turns":4},{"damage":43,"enemies":"Shelled Parasite and Fungi","floor":31,"turns":5},{"damage":11,"enemies":"Cultist and Chosen","floor":32,"turns":7},{"damage":11,"enemies":"SI_MIRROR_ARCHETYPE","floor":33,"turns":6}],"seed_played":"4934251894473464389","potions_obtained":[{"floor":4,"key":"BlessingOfTheForge"},{"floor":5,"key":"downfall:CursedFountainPotion"},{"floor":10,"key":"Fire Potion"},{"floor":11,"key":"SkillPotion"},{"floor":15,"key":"Dexterity Potion"},{"floor":18,"key":"Cursed Concoction"},{"floor":18,"key":"champ:CounterPotion"},{"floor":19,"key":"GamblersBrew"},{"floor":21,"key":"hexamod:SoulburnPotion"},{"floor":30,"key":"EssenceOfSteel"}],"is_trial":false,"path_per_floor":["R","?","?","M","?","E","T","$","R","M","M","$","R","?","M","B",null,"R","M","M","M","?","$","T","M","?","R","T","R","M","M","M","B"],"character_chosen":"THE_SNECKO","items_purchased":["sneckomod:SlitherStrike","sneckomod:UnknownDraw","hexamod:SoulburnPotion","sneckomod:UnknownVulnerable"],"campfire_rested":3,"item_purchase_floors":[8,8,12,23],"current_hp_per_floor":[90,97,97,86,86,83,83,73,73,52,52,46,75,75,73,23,97,97,90,71,38,38,38,38,17,17,46,46,75,60,17,6,0,0,0],"gold":135,"neow_bonus":"THREE_CARDS","is_daily":false,"chose_seed":false,"campfire_upgraded":1,"win_rate":0.0,"timestamp":1612063377,"path_taken":["R","?","?","M","?","E","T","$","R","M","?","$","R","?","M","BOSS","R","M","M","M","?","?","T","M","?","R","?","R","M","M","M","BOSS"],"items_purchased_type":["Card","Card","Potion","Card"],"build_version":"2020-12-22","purchased_purges":0,"victory":false,"max_hp_per_floor":[90,97,97,97,97,97,97,97,97,97,97,97,97,97,97,97,97,97,97,97,97,97,97,97,97,97,97,97,97,97,97,97,97,97,97],"card_choices":[{"not_picked":["sneckomod:UnknownDraw","sneckomod:UnknownCommonAttack"],"picked":"sneckomod:QuickBite","floor":0},{"not_picked":["sneckomod:DiceCrush","sneckomod:RainOfDice"],"picked":"sneckomod:IronFang","floor":4},{"not_picked":["sneckomod:SoulRoll","sneckomod:TrashToTreasure"],"picked":"sneckomod:Nope","floor":6},{"not_picked":["sneckomod:Cheat","sneckomod:TrashToTreasure"],"picked":"sneckomod:UnknownVulnerable","floor":8},{"not_picked":["sneckomod:UnknownCommonSkill","sneckomod:UnknownDraw"],"picked":"sneckomod:QuickMove","floor":10},{"not_picked":["sneckomod:DiceCrush","sneckomod:UnknownStrength"],"picked":"sneckomod:ImprovisedGuard","floor":11},{"not_picked":["sneckomod:UnknownDraw","sneckomod:SoulDraw"],"picked":"sneckomod:UnendingSupply","floor":12},{"not_picked":["sneckomod:UnknownVulnerable","sneckomod:UnknownBlock"],"picked":"sneckomod:ImprovisedGuard","floor":15},{"not_picked":["sneckomod:Cheat","sneckomod:Mudshield"],"picked":"sneckomod:UnknownRareAttack","floor":16},{"not_picked":["sneckomod:UnknownClassBLESSING","sneckomod:UnknownWeak+1"],"picked":"sneckomod:RainOfDice+1","floor":19},{"not_picked":["sneckomod:SoulDraw","sneckomod:Memorize"],"picked":"sneckomod:UnknownClassBLUE+1","floor":20},{"not_picked":["sneckomod:UnendingSupply","sneckomod:SoulCleanse+1"],"picked":"sneckomod:Unknown1Cost+1","floor":21},{"not_picked":["sneckomod:UnknownExhaust","sneckomod:UnknownColorless"],"picked":"sneckomod:Unknown3Cost","floor":23},{"not_picked":["sneckomod:SnekBeam","sneckomod:DiceBlock"],"picked":"sneckomod:CheapStock","floor":25},{"not_picked":["sneckomod:WideSting","sneckomod:ImprovisedGuard"],"picked":"sneckomod:QuickMove+1","floor":30},{"not_picked":["sneckomod:CheapStock","sneckomod:UnknownDraw"],"picked":"sneckomod:DiceCrush+1","floor":31},{"not_picked":["sneckomod:DefensiveFlair","sneckomod:SoulDraw"],"picked":"sneckomod:Unknown1Cost+1","floor":32}],"player_experience":509383,"relics_obtained":[{"floor":2,"key":"Strawberry"},{"floor":6,"key":"Shuriken"},{"floor":7,"key":"hubris:MysteriousPyramids"},{"floor":24,"key":"Replay:WaspNest"}],"event_choices":[{"damage_healed":0,"gold_gain":0,"player_choice":"Box","damage_taken":0,"relics_obtained":["Replay:Baseball"],"max_hp_gain":0,"max_hp_loss":0,"event_name":"Big Fish","floor":14,"gold_loss":0,"cards_obtained":["Regret"]},{"damage_healed":0,"gold_gain":0,"player_choice":"Inject Mutagens","damage_taken":0,"relics_obtained":["MutagenicStrength"],"max_hp_gain":0,"max_hp_loss":0,"event_name":"Drug Dealer","floor":26,"gold_loss":0}],"is_beta":false,"boss_relics":[{"not_picked":["StuffTheSpire:RunicConfusion","Tiny House"],"picked":"sneckomod:SuperSneckoSoul"}],"items_purged_floors":[],"is_endless":false,"potions_floor_spawned":[4,10,11,15,19,21,30],"killed_by":"SI_MIRROR_ARCHETYPE","ascension_level":0}}