{"host":"qeogwbudlaqzb6hy","time":1612054084,"event":{"mods":["BaseMod","Downfall","Minty Spire (QoL Compilation)","StSLib"],"gold_per_floor":[99,99,99,99,112,126,174,193,193,207,207,0,0,300,314,416,416,416,428,441,474,474,474,474,474],"floor_reached":23,"language":"ENG","playtime":2030,"items_purged":[],"score":179,"play_id":"7b758779-cf1b-4fd3-a37e-7f3ae81dc90c","local_time":"20210131104804","is_ascension_mode":false,"campfire_choices":[{"data":"hexamod:Sear","floor":1,"key":"SMITH"},{"data":"hexamod:ForkedFlame","floor":9,"key":"SMITH"},{"data":"hexamod:EmpoweredFlame","floor":11,"key":"SMITH"},{"data":"Apotheosis","floor":18,"key":"SMITH"}],"circlet_count":0,"master_deck":["hexamod:Strike","hexamod:Strike","hexamod:Strike","hexamod:Defend","hexamod:Defend","hexamod:Defend","hexamod:Defend","hexamod:Sear+1","hexamod:Float","hexamod:EmpoweredFlame+1","hexamod:SwordOfDarkness","hexamod:ForkedFlame+1","hexamod:SkipABeat","hexamod:Firestarter","hexamod:BurningTouch","hexamod:ShieldOfDarkness","hexamod:SpectersWail","Apotheosis+1","downfall:Icky","downfall:Icky","hexamod:VolcanoVisage","hexamod:WildfireWeapon","hexamod:Incineration","hexamod:ShieldOfDarkness+1","hexamod:EmpoweredFlame","Writhe"],"relics":["hexamod:SpiritBrand","downfall:HeartsMalice","MealTicket","SlaversCollar","Red Mask","Frozen Egg 2"],"acts_visited":["Exordium","TheCity"],"potions_floor_usage":[21,21],"damage_taken":[{"damage":0,"enemies":"Small Slimes","floor":2,"turns":1},{"damage":0,"enemies":"Jaw Worm","floor":3,"turns":1},{"damage":0,"enemies":"2 Louse","floor":4,"turns":1},{"damage":4,"enemies":"Blue Slaver","floor":5,"turns":4},{"damage":8,"enemies":"Exordium Wildlife","floor":6,"turns":4},{"damage":6,"enemies":"Red Slaver","floor":8,"turns":3},{"damage":0,"enemies":"2 Fungi Beasts","floor":10,"turns":3},{"damage":0,"enemies":"downfall:FleeingMerchant","floor":12,"turns":4},{"damage":2,"enemies":"Blue Slaver","floor":15,"turns":4},{"damage":7,"enemies":"IC_STATUS_ARCHETYPE","floor":16,"turns":6},{"damage":13,"enemies":"Shell Parasite","floor":19,"turns":6},{"damage":10,"enemies":"Chosen","floor":20,"turns":4},{"damage":27,"enemies":"Masked Bandits","floor":21,"turns":4},{"damage":21,"enemies":"Shelled Parasite and Fungi","floor":23,"turns":2}],"seed_played":"-2252098373903411709","potions_obtained":[{"floor":5,"key":"Fire Potion"},{"floor":6,"key":"SpeedPotion"},{"floor":15,"key":"Regen Potion"},{"floor":16,"key":"hexamod:DoubleChargePotion"},{"floor":21,"key":"DuplicationPotion"}],"is_trial":false,"path_per_floor":["R","M","M","M","M","M","T","M","R","M","R","$","?","?","M","B",null,"R","M","M","?","?","M"],"character_chosen":"THE_SPIRIT","items_purchased":["Apotheosis"],"campfire_rested":0,"item_purchase_floors":[12],"current_hp_per_floor":[70,70,70,70,66,58,58,52,52,52,52,67,67,67,65,58,70,70,57,47,20,20,0,0,0],"gold":474,"neow_bonus":"THREE_ENEMY_KILL","is_daily":false,"chose_seed":false,"campfire_upgraded":4,"win_rate":0.0,"timestamp":1612054084,"path_taken":["R","M","M","M","M","M","T","M","R","M","R","$","?","?","M","BOSS","R","M","M","?","?","?"],"items_purchased_type":["Card"],"build_version":"2020-12-22","purchased_purges":0,"victory":false,"max_hp_per_floor":[70,70,70,70,70,70,70,70,70,70,70,70,70,70,70,70,70,70,70,70,70,70,70,70,70],"card_choices":[{"not_picked":["hexamod:PhantomFireball","hexamod:ThermalTransfer"],"picked":"hexamod:EmpoweredFlame","floor":2},{"not_picked":["hexamod:GhostOfSpirePast","hexamod:AdvancingGuard"],"picked":"hexamod:SwordOfDarkness","floor":3},{"not_picked":["hexamod:HeatMetal","hexamod:ShieldOfDarkness"],"picked":"hexamod:ForkedFlame","floor":4},{"not_picked":["hexamod:BurningTouch","hexamod:FastForward"],"picked":"hexamod:SkipABeat","floor":5},{"not_picked":["hexamod:Haunt","hexamod:NightmareStrike"],"picked":"hexamod:Firestarter","floor":6},{"not_picked":["hexamod:BacktrackSmack","hexamod:FastForward"],"picked":"hexamod:BurningTouch","floor":8},{"not_picked":["hexamod:AdvancingGuard","hexamod:BacktrackSmack"],"picked":"hexamod:ShieldOfDarkness","floor":10},{"not_picked":["hexamod:HeatMetal","hexamod:GhostLash"],"picked":"hexamod:SpectersWail","floor":12},{"not_picked":["hexamod:PhantomFireball","hexamod:Again"],"picked":"hexamod:VolcanoVisage","floor":15},{"not_picked":["hexamod:FifthSeal","hexamod:SearingWound"],"picked":"hexamod:WildfireWeapon","floor":16},{"not_picked":["hexamod:NightmareGuise","hexamod:SwordOfDarkness+1"],"picked":"hexamod:Incineration","floor":19},{"not_picked":["hexamod:Hexaguard","hexamod:ThirdSeal"],"picked":"hexamod:ShieldOfDarkness+1","floor":20},{"not_picked":["hexamod:SwordOfDarkness","hexamod:ThermalTransfer"],"picked":"hexamod:EmpoweredFlame","floor":21}],"player_experience":345789,"relics_obtained":[{"floor":7,"key":"MealTicket"},{"floor":21,"key":"Red Mask"}],"event_choices":[{"cards_removed":["hexamod:Strike"],"damage_healed":0,"gold_gain":0,"player_choice":"Forget","damage_taken":0,"max_hp_gain":0,"max_hp_loss":0,"event_name":"Living Wall","floor":13,"gold_loss":0},{"damage_healed":0,"gold_gain":0,"player_choice":"Fought Bandits","damage_taken":0,"max_hp_gain":0,"max_hp_loss":0,"event_name":"Masked Bandits","floor":21,"gold_loss":0}],"is_beta":false,"boss_relics":[{"not_picked":["Tiny House","SacredBark"],"picked":"SlaversCollar"}],"items_purged_floors":[],"is_endless":false,"potions_floor_spawned":[5,6,15,16,19,21],"killed_by":"Shelled Parasite and Fungi","ascension_level":0}}