{"host":"m4qpn8a4h7jhbw2f","time":1612136004,"event":{"mods":["BaseMod","Colored Map","Colored Powertips","Highlight Path","Minty Spire (QoL Compilation)","Rare Cards Sparkle","Relic Stats"],"gold_per_floor":[112,112,130,55,55,84,84,102,102,102,177,197,224,224,224,327,327,343,253,153,73,84,96,96,124,124,124,124,140,15,33,33,130,130,142,155,171,21,21,21,50,60,83,83,83,101,151,151,151,151],"floor_reached":51,"language":"ENG","playtime":4488,"items_purged":["Regret","Strike_R","Strike_R","Strike_R"],"score":746,"play_id":"b119cc1d-ff60-489c-801f-2ffb2e59018b","local_time":"20210131183324","is_ascension_mode":true,"campfire_choices":[{"data":"Uppercut","floor":7,"key":"SMITH"},{"data":"Flex","floor":10,"key":"SMITH"},{"floor":15,"key":"REST"},{"floor":24,"key":"REST"},{"floor":27,"key":"REST"},{"floor":32,"key":"REST"},{"data":"Barricade","floor":40,"key":"SMITH"},{"floor":44,"key":"REST"},{"data":"Madness","floor":49,"key":"SMITH"}],"circlet_count":0,"master_deck":["Strike_R+1","Strike_R","Defend_R+1","Defend_R+1","Defend_R","Defend_R","Bash","Violence","Uppercut+1","Flex+1","Limit Break+1","Body Slam+1","Whirlwind+1","Flex","Barricade+1","Iron Wave+1","Carnage+1","Pommel Strike+1","Bloodletting+1","Body Slam+1","Impervious","Metallicize","Shrug It Off","Offering","Power Through+1","Metallicize","Entrench","Madness+1","Madness+1","Second Wind+1","Ghostly Armor"],"relics":["Black Blood","Molten Egg 2","Juzu Bracelet","Bronze Scales","Sundial","Anchor","War Paint","Runic Pyramid","White Beast Statue","Self Forming Clay","Blood Vial","Smiling Mask","TungstenRod"],"acts_visited":["Exordium","TheCity","TheBeyond"],"potions_floor_usage":[6,16,16,16,25,29,31,35,36,42,47,47],"damage_taken":[{"damage":7,"enemies":"2 Louse","floor":1,"turns":2},{"damage":12,"enemies":"Jaw Worm","floor":3,"turns":3},{"damage":18,"enemies":"Gremlin Nob","floor":6,"turns":4},{"damage":9,"enemies":"Cultist","floor":8,"turns":5},{"damage":10,"enemies":"Exordium Thugs","floor":12,"turns":3},{"damage":9,"enemies":"3 Sentries","floor":13,"turns":3},{"damage":51,"enemies":"The Guardian","floor":16,"turns":11},{"damage":33,"enemies":"Shell Parasite","floor":18,"turns":7},{"damage":22,"enemies":"2 Thieves","floor":22,"turns":3},{"damage":25,"enemies":"Shelled Parasite and Fungi","floor":23,"turns":5},{"damage":35,"enemies":"Book of Stabbing","floor":25,"turns":5},{"damage":5,"enemies":"Snecko","floor":29,"turns":3},{"damage":3,"enemies":"Centurion and Healer","floor":31,"turns":4},{"damage":20,"enemies":"Champ","floor":33,"turns":9},{"damage":24,"enemies":"3 Darklings","floor":35,"turns":4},{"damage":9,"enemies":"3 Shapes","floor":36,"turns":3},{"damage":21,"enemies":"Sphere and 2 Shapes","floor":37,"turns":7},{"damage":18,"enemies":"Nemesis","floor":41,"turns":9},{"damage":34,"enemies":"Transient","floor":42,"turns":5},{"damage":7,"enemies":"Jaw Worm Horde","floor":46,"turns":4},{"damage":6,"enemies":"Mind Bloom Boss Battle","floor":47,"turns":7},{"damage":44,"enemies":"Donu and Deca","floor":50,"turns":13}],"seed_played":"-1633414212817588455","potions_obtained":[{"floor":1,"key":"ColorlessPotion"},{"floor":6,"key":"EssenceOfSteel"},{"floor":8,"key":"GamblersBrew"},{"floor":13,"key":"Regen Potion"},{"floor":22,"key":"Swift Potion"},{"floor":25,"key":"SneckoOil"},{"floor":29,"key":"Swift Potion"},{"floor":31,"key":"SpeedPotion"},{"floor":33,"key":"AttackPotion"},{"floor":35,"key":"Block Potion"},{"floor":36,"key":"ColorlessPotion"},{"floor":37,"key":"Fire Potion"},{"floor":41,"key":"BloodPotion"},{"floor":42,"key":"Swift Potion"},{"floor":46,"key":"Regen Potion"},{"floor":47,"key":"BlessingOfTheForge"}],"is_trial":false,"path_per_floor":["M","?","M","$","?","E","R","M","T","R","?","M","E","T","R","B",null,"M","?","$","$","M","M","R","E","T","R","?","M","$","M","R","B",null,"M","M","M","$","?","R","E","M","T","R","?","M","?","?","R","B",null],"character_chosen":"IRONCLAD","items_purchased":["Carnage+1"],"campfire_rested":5,"item_purchase_floors":[21],"current_hp_per_floor":[79,79,73,73,61,49,49,46,46,46,35,31,28,28,52,22,80,53,53,53,53,37,18,42,13,13,37,37,38,38,41,65,51,80,68,71,62,62,52,52,46,26,26,50,50,57,80,80,80,48],"gold":151,"neow_bonus":"RANDOM_COLORLESS_2","is_daily":false,"chose_seed":false,"campfire_upgraded":4,"win_rate":0.0,"timestamp":1612136004,"path_taken":["M","?","M","$","?","E","R","M","T","R","?","M","E","?","R","BOSS","M","?","?","$","M","M","R","E","T","R","?","M","?","M","R","BOSS","M","M","M","$","?","R","E","M","T","R","?","M","?","?","R","BOSS"],"items_purchased_type":["Card"],"build_version":"2020-12-22","purchased_purges":4,"victory":true,"max_hp_per_floor":[80,80,80,80,80,80,80,80,80,80,80,80,80,80,80,80,80,80,80,80,80,80,80,80,80,80,80,80,80,80,80,80,80,80,80,80,80,80,80,80,80,80,80,80,80,80,80,80,80,80],"relic_stats":{"Blood Vial":6,"counters":[22,119],"Sundial":[10],"Self Forming Clay":[87],"Bronze Scales":[302],"Black Blood":180,"Juzu Bracelet":2,"War Paint":["Defend_R","Defend_R"],"Smiling Mask":0,"obtain_stats":[{"Self Forming Clay":26,"Black Blood":34,"Juzu Bracelet":5,"War Paint":14,"Smiling Mask":43,"Burning Blood":0,"White Beast Statue":25,"Blood Vial":41,"Anchor":13,"Sundial":9,"Bronze Scales":6,"Molten Egg 2":2,"TungstenRod":47,"Runic Pyramid":17},{"Self Forming Clay":11,"Black Blood":14,"Juzu Bracelet":2,"War Paint":6,"Smiling Mask":19,"Burning Blood":0,"White Beast Statue":11,"Blood Vial":18,"Anchor":6,"Sundial":4,"Bronze Scales":3,"Molten Egg 2":1,"TungstenRod":21,"Runic Pyramid":7},{"Self Forming Clay":51,"Black Blood":67,"Juzu Bracelet":5,"War Paint":20,"Smiling Mask":95,"Burning Blood":0,"White Beast Statue":51,"Blood Vial":90,"Anchor":20,"Sundial":14,"Bronze Scales":9,"Molten Egg 2":2,"TungstenRod":106,"Runic Pyramid":31}],"TungstenRod":6},"card_choices":[{"not_picked":["Panache","Magnetism"],"picked":"Violence","floor":0},{"not_picked":["True Grit","Iron Wave"],"picked":"Uppercut","floor":1},{"not_picked":["Armaments","Thunderclap+1"],"picked":"Flex","floor":3},{"not_picked":["Inflame","Blood for Blood+1"],"picked":"Limit Break","floor":6},{"not_picked":["Perfected Strike+1","Hemokinesis+1"],"picked":"Body Slam+1","floor":8},{"not_picked":["Sentinel","Rage"],"picked":"Whirlwind+1","floor":12},{"not_picked":["Cleave+1","Feel No Pain"],"picked":"Flex","floor":13},{"not_picked":["Reaper+1","Exhume"],"picked":"Barricade","floor":16},{"not_picked":["Warcry","Dark Embrace"],"picked":"Iron Wave+1","floor":18},{"not_picked":["Burning Pact","Warcry"],"picked":"Pommel Strike+1","floor":22},{"not_picked":["Shockwave","Disarm+1"],"picked":"Bloodletting+1","floor":23},{"not_picked":["Blood for Blood+1","Anger+1"],"picked":"Body Slam+1","floor":25},{"not_picked":["Sentinel","Pommel Strike+1"],"picked":"Metallicize","floor":29},{"not_picked":["Shockwave","Warcry"],"picked":"Shrug It Off","floor":31},{"not_picked":["Brutality","Immolate+1"],"picked":"Offering","floor":33},{"not_picked":["Body Slam+1","Feel No Pain"],"picked":"Power Through+1","floor":35},{"not_picked":["Burning Pact","Whirlwind+1"],"picked":"Metallicize","floor":36},{"not_picked":["Clothesline+1","Flex+1"],"picked":"Entrench","floor":37},{"not_picked":["Pommel Strike+1","Feed+1","Carnage+1"],"picked":"SKIP","floor":41},{"not_picked":["Thunderclap+1","Heavy Blade+1","Anger+1"],"picked":"SKIP","floor":42},{"not_picked":["Clothesline+1","Thunderclap+1"],"picked":"Second Wind+1","floor":46},{"not_picked":["Flex+1","Clash+1"],"picked":"Ghostly Armor","floor":47}],"player_experience":205321,"relics_obtained":[{"floor":6,"key":"Bronze Scales"},{"floor":9,"key":"Sundial"},{"floor":13,"key":"Anchor"},{"floor":14,"key":"War Paint"},{"floor":25,"key":"White Beast Statue"},{"floor":26,"key":"Self Forming Clay"},{"floor":41,"key":"Blood Vial"},{"floor":43,"key":"Smiling Mask"},{"floor":47,"key":"TungstenRod"}],"event_choices":[{"damage_healed":0,"gold_gain":0,"player_choice":"Box","damage_taken":0,"relics_obtained":["Molten Egg 2"],"max_hp_gain":0,"max_hp_loss":0,"event_name":"Big Fish","floor":2,"gold_loss":0,"cards_obtained":["Regret"]},{"damage_healed":0,"gold_gain":0,"player_choice":"Success","damage_taken":12,"relics_obtained":["Juzu Bracelet"],"max_hp_gain":0,"max_hp_loss":0,"event_name":"Scrap Ooze","floor":5,"gold_loss":0},{"damage_healed":0,"gold_gain":75,"player_choice":"Gather Gold","damage_taken":11,"max_hp_gain":0,"max_hp_loss":0,"event_name":"World of Goop","floor":11,"gold_loss":0},{"cards_removed":["Normality"],"damage_healed":0,"gold_gain":0,"player_choice":"Upgrade and Remove","damage_taken":0,"max_hp_gain":0,"max_hp_loss":0,"event_name":"Designer","floor":19,"gold_loss":90,"cards_upgraded":["Strike_R"]},{"damage_healed":0,"gold_gain":0,"player_choice":"1 cards matched","damage_taken":0,"max_hp_gain":0,"max_hp_loss":0,"event_name":"Match and Keep!","floor":28,"gold_loss":0,"cards_obtained":["Impervious"]},{"damage_healed":0,"gold_gain":0,"player_choice":"Embrace Madness","damage_taken":10,"max_hp_gain":0,"max_hp_loss":0,"event_name":"Winding Halls","floor":39,"gold_loss":0,"cards_obtained":["Madness","Madness"]},{"damage_healed":0,"gold_gain":0,"player_choice":"Forge","damage_taken":0,"max_hp_gain":0,"max_hp_loss":0,"event_name":"Accursed Blacksmith","floor":45,"gold_loss":0,"cards_upgraded":["Madness"]},{"damage_healed":0,"gold_gain":0,"player_choice":"Fight","damage_taken":0,"max_hp_gain":0,"max_hp_loss":0,"event_name":"MindBloom","floor":47,"gold_loss":0},{"damage_healed":0,"gold_gain":0,"player_choice":"Upgraded","damage_taken":0,"max_hp_gain":0,"max_hp_loss":0,"event_name":"Upgrade Shrine","floor":48,"gold_loss":0,"cards_upgraded":["Limit Break"]}],"is_beta":false,"boss_relics":[{"not_picked":["Tiny House","Runic Cube"],"picked":"Runic Pyramid"},{"not_picked":["Busted Crown","Fusion Hammer"],"picked":"Black Blood"}],"items_purged_floors":[4,20,30,38],"is_endless":false,"potions_floor_spawned":[1,6,8,13,22,25,29,31,33,35,36,37,41,42,46,47],"ascension_level":2}}