{"host":"i0avyit1s6jb1siw","time":1612095232,"event":{"mods":["BaseMod","DeckTracker","Dota2Spire","Highlight Path","Minty Spire (QoL Compilation)","Quick Restart","StSLib","SuperFastMode"],"gold_per_floor":[11,30,50,65,83,83,111,111,111,125,125,136,136,156,156,156,156,228,228,273,323,330,54,104,104,70,117,143,189,289,349,349,445,502,522,522,522,629,629,645,716,816,302,346,346,346,346],"floor_reached":46,"language":"ENG","playtime":1532,"items_purged":["Strike_G"],"score":1003,"play_id":"84cf90cf-ed97-4324-92a2-c68b214d8e1d","local_time":"20210131131352","is_ascension_mode":true,"campfire_choices":[{"data":"Deadly Poison","floor":6,"key":"SMITH"},{"data":"Neutralize","floor":8,"key":"SMITH"},{"data":"Cloak And Dagger","floor":11,"key":"SMITH"},{"data":"After Image","floor":16,"key":"SMITH"},{"floor":17,"key":"REST"},{"floor":25,"key":"REST"},{"data":"Blade Dance","floor":32,"key":"SMITH"},{"data":"Well Laid Plans","floor":36,"key":"SMITH"},{"data":"Blade Dance","floor":37,"key":"SMITH"},{"floor":45,"key":"REST"}],"circlet_count":0,"master_deck":["AscendersBane","Strike_G+1","Strike_G","Strike_G","Strike_G","Defend_G+1","Defend_G","Defend_G","Defend_G","Defend_G","Survivor","Neutralize+1","All Out Attack","Poisoned Stab","Deadly Poison+1","PiercingWail","Well Laid Plans+1","Cloak And Dagger+1","Blade Dance+1","After Image+1","CurseOfTheBell","Blade Dance+1","Malaise","Calculated Gamble","Terror+1","Deflect","PiercingWail"],"relics":["Ring of the Snake","Dead Branch","Dota2Spire:ArmletOfMordiggian","SsserpentHead","Calling Bell","Dota2Spire:HandOfMidas","Dota2Spire:BlackKingBar","Girya","Dota2Spire:BladeMail","Meat on the Bone","Boot","Bag of Marbles","Darkstone Periapt","Ninja Scroll","Black Star","Kunai","TwistedFunnel"],"acts_visited":["Exordium","TheCity","TheBeyond"],"potions_floor_usage":[18,24,33],"damage_taken":[{"damage":0,"enemies":"2 Louse","floor":1,"turns":4},{"damage":0,"enemies":"Small Slimes","floor":2,"turns":4},{"damage":0,"enemies":"Cultist","floor":3,"turns":3},{"damage":7,"enemies":"Exordium Thugs","floor":4,"turns":4},{"damage":0,"enemies":"Blue Slaver","floor":5,"turns":4},{"damage":12,"enemies":"Lagavulin","floor":7,"turns":7},{"damage":7,"enemies":"Exordium Wildlife","floor":10,"turns":5},{"damage":0,"enemies":"Exordium Thugs","floor":12,"turns":3},{"damage":0,"enemies":"Gremlin Gang","floor":14,"turns":2},{"damage":29,"enemies":"Slime Boss","floor":18,"turns":9},{"damage":25,"enemies":"Chosen","floor":20,"turns":6},{"damage":10,"enemies":"2 Thieves","floor":22,"turns":5},{"damage":7,"enemies":"Snecko","floor":24,"turns":6},{"damage":10,"enemies":"Snake Plant","floor":27,"turns":7},{"damage":22,"enemies":"Book of Stabbing","floor":31,"turns":8},{"damage":1,"enemies":"Centurion and Healer","floor":33,"turns":5},{"damage":28,"enemies":"Slavers","floor":34,"turns":5},{"damage":0,"enemies":"Cultist and Chosen","floor":35,"turns":4},{"damage":32,"enemies":"Automaton","floor":38,"turns":7},{"damage":7,"enemies":"3 Darklings","floor":40,"turns":3},{"damage":1,"enemies":"3 Shapes","floor":41,"turns":13},{"damage":9,"enemies":"3 Darklings","floor":44,"turns":5},{"damage":60,"enemies":"Reptomancer","floor":46,"turns":6}],"seed_played":"168651920305318249","potions_obtained":[{"floor":1,"key":"CunningPotion"},{"floor":7,"key":"Energy Potion"},{"floor":20,"key":"LiquidMemories"},{"floor":31,"key":"SpeedPotion"},{"floor":38,"key":"Regen Potion"},{"floor":41,"key":"CultistPotion"}],"is_trial":false,"path_per_floor":["M","M","M","M","M","R","E","R","T","M","R","M","?","M","?","R","R","B",null,"M","T","M","$","M","R","$","M","T","T","?","E","R","M","E","M","R","R","B",null,"M","M","?","$","M","R","E"],"character_chosen":"THE_SILENT","items_purchased":["Meat on the Bone","Calculated Gamble","Kunai","TwistedFunnel"],"campfire_rested":3,"item_purchase_floors":[23,26,43,43],"current_hp_per_floor":[59,59,59,52,52,52,40,40,40,33,33,33,13,13,13,13,32,3,50,25,25,15,15,20,39,39,41,41,41,41,31,31,42,26,38,38,38,18,54,47,46,46,46,37,56,0,0],"gold":346,"neow_bonus":"ONE_RARE_RELIC","is_daily":false,"chose_seed":true,"campfire_upgraded":7,"win_rate":0.0,"timestamp":1612095232,"path_taken":["M","M","M","M","M","R","E","R","T","M","R","M","?","M","?","R","R","BOSS","M","?","M","$","M","R","?","M","T","T","?","E","R","?","E","M","R","R","BOSS","M","M","?","$","M","R","E"],"items_purchased_type":["Relic","Card","Relic","Relic"],"build_version":"2020-12-22","purchased_purges":1,"victory":false,"max_hp_per_floor":[66,66,66,66,66,66,66,66,66,66,66,66,66,66,66,66,66,66,66,66,66,66,66,66,66,66,66,66,66,66,66,66,66,66,66,66,66,66,66,66,66,66,66,66,66,66,66],"card_choices":[{"not_picked":["Choke","Underhanded Strike"],"picked":"All Out Attack","floor":1},{"not_picked":["Deflect","Poisoned Stab","Bane"],"picked":"SKIP","floor":2},{"not_picked":["Deflect","Bane"],"picked":"Poisoned Stab","floor":2},{"not_picked":["Footwork","Accuracy","Caltrops"],"picked":"SKIP","floor":3},{"not_picked":["Bane","Dodge and Roll"],"picked":"Deadly Poison","floor":4},{"not_picked":["Outmaneuver","Dodge and Roll"],"picked":"PiercingWail","floor":5},{"not_picked":["Deflect","Well Laid Plans","Outmaneuver"],"picked":"SKIP","floor":7},{"not_picked":["Deflect","Outmaneuver"],"picked":"Well Laid Plans","floor":7},{"not_picked":["Dagger Throw","A Thousand Cuts"],"picked":"Cloak And Dagger","floor":10},{"not_picked":["Deflect","Outmaneuver"],"picked":"Blade Dance","floor":12},{"not_picked":["Blade Dance","Cloak And Dagger"],"picked":"After Image","floor":14},{"not_picked":["Deflect","Deadly Poison"],"picked":"Blade Dance","floor":20},{"not_picked":["Backflip","Underhanded Strike"],"picked":"Malaise","floor":22},{"not_picked":["Acrobatics","Blade Dance","Tactician"],"picked":"SKIP","floor":24},{"not_picked":["Well Laid Plans","Noxious Fumes","Underhanded Strike"],"picked":"SKIP","floor":27},{"not_picked":["Backflip+1","Blade Dance"],"picked":"Terror+1","floor":31},{"not_picked":["Dagger Spray","Dodge and Roll","Doppelganger"],"picked":"SKIP","floor":33},{"not_picked":["Blade Dance+1","Dodge and Roll"],"picked":"Deflect","floor":34},{"not_picked":["Calculated Gamble+1","Flying Knee"],"picked":"PiercingWail","floor":35},{"not_picked":["PiercingWail","Flying Knee","Dagger Spray"],"picked":"SKIP","floor":40},{"not_picked":["Prepared+1","Deadly Poison","Sucker Punch"],"picked":"SKIP","floor":41},{"not_picked":["Flying Knee","Infinite Blades","Bullet Time"],"picked":"SKIP","floor":44}],"player_experience":2389332,"relics_obtained":[{"floor":7,"key":"Dota2Spire:ArmletOfMordiggian"},{"floor":19,"key":"Dota2Spire:HandOfMidas"},{"floor":19,"key":"Dota2Spire:BlackKingBar"},{"floor":19,"key":"Girya"},{"floor":21,"key":"Dota2Spire:BladeMail"},{"floor":28,"key":"Boot"},{"floor":29,"key":"Bag of Marbles"},{"floor":31,"key":"Darkstone Periapt"},{"floor":34,"key":"Ninja Scroll"}],"event_choices":[{"damage_healed":0,"gold_gain":0,"player_choice":"Entered Light","damage_taken":20,"max_hp_gain":0,"max_hp_loss":0,"event_name":"Shining Light","floor":13,"gold_loss":0,"cards_upgraded":["Strike_G","Defend_G"]},{"damage_healed":0,"gold_gain":0,"player_choice":"Trade","damage_taken":0,"relics_obtained":["SsserpentHead"],"max_hp_gain":0,"max_hp_loss":0,"event_name":"FaceTrader","floor":15,"gold_loss":0},{"damage_healed":0,"gold_gain":50,"player_choice":"Stole From Cult","damage_taken":0,"max_hp_gain":0,"max_hp_loss":0,"event_name":"Nest","floor":30,"gold_loss":0},{"damage_healed":0,"gold_gain":50,"player_choice":"Pray","damage_taken":0,"max_hp_gain":0,"max_hp_loss":0,"event_name":"Golden Shrine","floor":42,"gold_loss":0}],"is_beta":false,"boss_relics":[{"not_picked":["SacredBark","Runic Pyramid"],"picked":"Calling Bell"},{"not_picked":["Runic Dome","Tiny House"],"picked":"Black Star"}],"items_purged_floors":[43],"is_endless":false,"potions_floor_spawned":[1,7,12,14,20,31,38,41],"killed_by":"Reptomancer","ascension_level":20}}