{"host":"g7mkzn6qfoxkk5sz","time":1612090444,"event":{"mods":["BaseMod","Colored Map","Colored Powertips","Downfall","Hermit","Marisa????????","Minty Spire (QoL Compilation)","StSLib","The Animator","The Bug Knight","The Servant 0.9.4"],"gold_per_floor":[99,116,136,42,58,58,109,109,142,142,157,176,76,76,86,86,86,86],"floor_reached":16,"language":"ENG","playtime":1320,"items_purged":[],"score":102,"play_id":"ae25e780-1373-4941-a110-b0c044be0f49","local_time":"20210131125404","is_ascension_mode":false,"campfire_choices":[{"data":"champ:Taunt","floor":1,"key":"SMITH"},{"data":"champ:TornadoPunch","floor":6,"key":"SMITH"},{"floor":10,"key":"RECALL"},{"data":"champ:AdrenalArmor","floor":13,"key":"SMITH"}],"circlet_count":0,"master_deck":["champ:Strike","champ:Strike+1","champ:Strike","champ:Defend","champ:Defend","champ:Defend","champ:Defend","champ:Execute+1","champ:Taunt+1","champ:PreemptiveStrike","champ:RecklessLeap","champ:GutPunch","champ:TornadoPunch+1","champ:SkillfulDodge","champ:Taunt+1","champ:AdrenalArmor+1","champ:Duel","champ:FocusedBerserking","champ:Backstep"],"relics":["champ:ChampionCrown","Whetstone","Vajra","downfall:HeartBlessingRed"],"acts_visited":["Exordium"],"potions_floor_usage":[4,4],"damage_taken":[{"damage":20,"enemies":"Small Slimes","floor":2,"turns":5},{"damage":20,"enemies":"Cultist","floor":3,"turns":4},{"damage":10,"enemies":"downfall:FleeingMerchant","floor":4,"turns":4},{"damage":0,"enemies":"2 Louse","floor":5,"turns":2},{"damage":72,"enemies":"Lagavulin","floor":9,"turns":6},{"damage":10,"enemies":"2 Fungi Beasts","floor":11,"turns":2},{"damage":32,"enemies":"Blue Slaver","floor":12,"turns":3},{"damage":22,"enemies":"Exordium Wildlife","floor":15,"turns":4},{"damage":75,"enemies":"DF_ARCHETYPE_STREAMLINE","floor":16,"turns":14}],"seed_played":"-6271273203228721641","potions_obtained":[{"floor":2,"key":"AttackPotion"},{"floor":3,"key":"Fire Potion"},{"floor":11,"key":"AttackPotion"},{"floor":12,"key":"hexamod:SoulburnPotion"}],"is_trial":false,"path_per_floor":["R","M","M","$","M","R","T","?","E","R","M","M","R","?","M","B"],"character_chosen":"THE_CHAMP","items_purchased":["champ:TornadoPunch","champ:SkillfulDodge"],"campfire_rested":0,"item_purchase_floors":[4,4],"current_hp_per_floor":[99,94,94,94,94,94,94,94,57,57,57,50,50,50,43,0,0,0],"gold":86,"neow_bonus":"TEN_PERCENT_HP_BONUS","is_daily":false,"chose_seed":false,"campfire_upgraded":3,"win_rate":0.0,"timestamp":1612090444,"path_taken":["R","M","M","$","M","R","T","?","E","R","M","?","R","?","M","BOSS"],"items_purchased_type":["Card","Card"],"build_version":"2020-12-22","purchased_purges":0,"victory":false,"max_hp_per_floor":[99,99,99,99,99,99,99,99,99,99,99,99,99,99,99,99,99,99],"card_choices":[{"not_picked":["champ:PerfectedStrike","champ:HeartStrike"],"picked":"champ:PreemptiveStrike","floor":2},{"not_picked":["champ:CrownThrow","champ:Endure"],"picked":"champ:RecklessLeap","floor":3},{"not_picked":["champ:DefensiveShout","champ:ShieldSlam"],"picked":"champ:GutPunch","floor":4},{"not_picked":["champ:RapidStrikes","champ:TornadoPunch","champ:FalseCounter"],"picked":"SKIP","floor":5},{"not_picked":["champ:Endure","champ:Improvising"],"picked":"champ:AdrenalArmor","floor":9},{"not_picked":["champ:GutPunch","champ:SetATrap"],"picked":"champ:Duel","floor":11},{"not_picked":["champ:TornadoPunch","champ:Backstep"],"picked":"champ:FocusedBerserking","floor":12},{"not_picked":["champ:AdrenalArmor","champ:FancyFootwork"],"picked":"champ:Backstep","floor":15}],"player_experience":455421,"relics_obtained":[{"floor":7,"key":"Whetstone"},{"floor":9,"key":"Vajra"}],"event_choices":[{"cards_removed":["champ:Strike"],"damage_healed":0,"gold_gain":0,"player_choice":"Card Removal","damage_taken":0,"max_hp_gain":0,"max_hp_loss":0,"event_name":"The Cleric","floor":14,"gold_loss":0}],"is_beta":false,"boss_relics":[],"items_purged_floors":[],"is_endless":false,"potions_floor_spawned":[2,3,11,12],"killed_by":"DF_ARCHETYPE_STREAMLINE","ascension_level":0}}