{"host":"k7udt7atmcuzf6l0","time":1612118573,"event":{"mods":["AchievementEnabler","BaseMod","BetterRewards","Colored Map","Colored Powertips","Highlight Path","Minty Spire (QoL Compilation)","Quick Restart","Rare Cards Sparkle","Relic Stats","StSLib","UnlockEverythingMod"],"gold_per_floor":[209,384,394,1,19,19,38,38,86,161,189,205,205,218,218,218,218],"floor_reached":16,"language":"ZHS","playtime":350,"items_purged":[],"score":102,"play_id":"b7faec13-09f3-4b4b-b2ed-00d29181e601","local_time":"20210201024253","is_ascension_mode":false,"campfire_choices":[{"data":"Flex","floor":6.0,"key":"SMITH"},{"data":"Armaments","floor":8.0,"key":"SMITH"},{"data":"Berserk","floor":13,"key":"SMITH"},{"data":"Rage","floor":15,"key":"SMITH"}],"circlet_count":0,"master_deck":["Strike_R","Strike_R","Strike_R","Strike_R","Strike_R","Defend_R","Defend_R","Defend_R","Defend_R","Bash","Dropkick","Doubt","Flex+1","Armaments+1","Berserk+1","Rage+1","Iron Wave"],"relics":["Burning Blood","Vajra","Matryoshka","Bronze Scales","Lantern","Art of War"],"acts_visited":["Exordium"],"potions_floor_usage":[12,16],"damage_taken":[{"damage":7.0,"enemies":"2 Louse","floor":1.0,"turns":2.0},{"damage":10.0,"enemies":"Jaw Worm","floor":3.0,"turns":4.0},{"damage":1.0,"enemies":"Small Slimes","floor":5.0,"turns":4.0},{"damage":10.0,"enemies":"Looter","floor":7.0,"turns":3.0},{"damage":23.0,"enemies":"Lagavulin","floor":11.0,"turns":4.0},{"damage":3,"enemies":"Red Slaver","floor":12,"turns":3},{"damage":8,"enemies":"Exordium Wildlife","floor":14,"turns":3},{"damage":51,"enemies":"Hexaghost","floor":16,"turns":9}],"seed_played":"-6743474245880451507","potions_obtained":[{"floor":1.0,"key":"Strength Potion"},{"floor":3.0,"key":"Block Potion"},{"floor":11.0,"key":"SpeedPotion"},{"floor":12,"key":"SneckoOil"}],"is_trial":false,"path_per_floor":["M","?","M","$","M","R","M","R","T","?","E","M","R","M","R","B"],"character_chosen":"IRONCLAD","items_purchased":["Vajra","Matryoshka"],"campfire_rested":0,"item_purchase_floors":[4,4],"current_hp_per_floor":[79,79,75,75,80,80,76,76,76,65,48,51,51,49,49,0,0],"gold":218,"neow_bonus":"HUNDRED_GOLD","is_daily":false,"chose_seed":false,"campfire_upgraded":4,"win_rate":0.0,"timestamp":1612118573,"path_taken":["M","?","M","$","M","R","M","R","T","?","E","M","R","M","R","BOSS"],"items_purchased_type":["Relic","Relic"],"build_version":"2020-12-22","purchased_purges":0,"victory":false,"max_hp_per_floor":[80,80,80,80,80,80,80,80,80,80,80,80,80,80,80,80,80],"relic_stats":{"counters":[8,32],"Bronze Scales":[60],"Art of War":[1],"obtain_stats":[{"Lantern":9,"Matryoshka":4,"Bronze Scales":9,"Vajra":4,"Art of War":11,"Burning Blood":0},{"Lantern":4,"Matryoshka":2,"Bronze Scales":4,"Vajra":2,"Art of War":5,"Burning Blood":0},{"Lantern":13,"Matryoshka":6,"Bronze Scales":13,"Vajra":6,"Art of War":17,"Burning Blood":0}],"Burning Blood":42},"card_choices":[{"not_picked":["Body Slam","Havoc"],"picked":"Dropkick","floor":1.0},{"not_picked":["Second Wind","Cleave"],"picked":"Flex","floor":3.0},{"not_picked":["Warcry","Body Slam"],"picked":"Armaments","floor":5.0},{"not_picked":["Flex","Shrug It Off","True Grit"],"picked":"SKIP","floor":7.0},{"not_picked":["Flex","Metallicize"],"picked":"Berserk","floor":11.0},{"not_picked":["Carnage","Clothesline"],"picked":"Rage","floor":12},{"not_picked":["Thunderclap","Anger"],"picked":"Iron Wave","floor":14}],"player_experience":23554,"relics_obtained":[{"floor":9.0,"key":"Bronze Scales"},{"floor":9.0,"key":"Lantern"},{"floor":11.0,"key":"Art of War"}],"event_choices":[{"damage_healed":0.0,"max_hp_gain":0.0,"max_hp_loss":0.0,"gold_gain":175.0,"event_name":"Liars Game","player_choice":"AGREE","floor":2.0,"gold_loss":0.0,"damage_taken":0.0,"cards_obtained":["Doubt"]},{"damage_healed":0.0,"max_hp_gain":0.0,"max_hp_loss":0.0,"gold_gain":75.0,"event_name":"World of Goop","player_choice":"Gather Gold","floor":10.0,"gold_loss":0.0,"damage_taken":11.0}],"is_beta":false,"boss_relics":[],"items_purged_floors":[],"is_endless":false,"potions_floor_spawned":[1,3,11,12],"killed_by":"Hexaghost","ascension_level":0}}