{"host":"w7pthw6r6331n954","time":1612125151,"event":{"mods":["AchievementEnabler","BaseMod","BetterRewards","Colored Map","Colored Powertips","Custom Start","Hero for Fun","Jorbs\u0027s Wanderer Trilogy","Minty Spire (QoL Compilation)","Replay The Spire","Shop Mod","StSLib"],"gold_per_floor":[15,15,15,30,40,40,40,40,40,56,56,69,101,116,116,220,220,232,232,157,176,193,224,224,224,224,224,253,270,280,296,296,393,393,412,431,444,344,364,364,377,377,377,377,405,280,292,142,142,142,142,142,142,173,173],"floor_reached":56,"language":"ENG","playtime":713,"items_purged":["Hip_Strike","Defend_Y","Defend_Y","Defend_Y"],"score":1696,"play_id":"f58e50bd-f7dd-45e8-9c47-9017e4cbe27a","local_time":"20210131153231","is_ascension_mode":false,"campfire_choices":[{"floor":6,"key":"RECALL"},{"data":"Strike_Y","floor":11,"key":"SMITH"},{"data":"Strike_Y","floor":15,"key":"SMITH"},{"data":"Strike_Y","floor":24,"key":"SMITH"},{"data":"Strike_Y","floor":27,"key":"SMITH"},{"data":"Strike_Y","floor":32,"key":"SMITH"},{"floor":40,"key":"REST"},{"floor":49,"key":"REST"},{"floor":52,"key":"REST"}],"circlet_count":0,"master_deck":["Strike_Y+1","Strike_Y+1","Strike_Y+1","Strike_Y+1","Strike_Y+1","Defend_Y","Defend_Y"],"relics":["Replay:Bronze Core"],"acts_visited":["Exordium","TheCity","TheBeyond","TheEnding"],"potions_floor_usage":[],"damage_taken":[{"damage":0,"enemies":"Jaw Worm","floor":1,"turns":1},{"damage":0,"enemies":"2 Louse","floor":4,"turns":1},{"damage":0,"enemies":"Cultist","floor":5,"turns":1},{"damage":0,"enemies":"Exordium Thugs","floor":10,"turns":1},{"damage":0,"enemies":"Large Slime","floor":12,"turns":1},{"damage":0,"enemies":"Gremlin Nob","floor":13,"turns":1},{"damage":0,"enemies":"3 Louse","floor":14,"turns":2},{"damage":0,"enemies":"Hexaghost","floor":16,"turns":1},{"damage":0,"enemies":"3 Byrds","floor":18,"turns":2},{"damage":0,"enemies":"2 Thieves","floor":21,"turns":1},{"damage":0,"enemies":"Shelled Parasite and Fungi","floor":22,"turns":1},{"damage":0,"enemies":"Book of Stabbing","floor":23,"turns":1},{"damage":0,"enemies":"Replay:Snechameleon","floor":28,"turns":1},{"damage":0,"enemies":"Centurion and Healer","floor":29,"turns":1},{"damage":0,"enemies":"3 Cultists","floor":30,"turns":2},{"damage":0,"enemies":"Shelled Parasite and Fungi","floor":31,"turns":1},{"damage":0,"enemies":"Collector","floor":33,"turns":1},{"damage":0,"enemies":"3 Darklings","floor":35,"turns":1},{"damage":0,"enemies":"Orb Walker","floor":36,"turns":1},{"damage":0,"enemies":"Transient","floor":37,"turns":1},{"damage":0,"enemies":"Writhing Mass","floor":39,"turns":1},{"damage":0,"enemies":"Sphere and 2 Shapes","floor":41,"turns":1},{"damage":0,"enemies":"Nemesis","floor":45,"turns":1},{"damage":0,"enemies":"Jaw Worm Horde","floor":47,"turns":1},{"damage":0,"enemies":"Awakened One","floor":50,"turns":2},{"damage":0,"enemies":"Shield and Spear","floor":54,"turns":1},{"damage":0,"enemies":"The Heart","floor":55,"turns":3}],"seed_played":"-4512909506274601423","potions_obtained":[],"is_trial":false,"path_per_floor":["M","$","?","M","M","R","?","?","T","M","R","M","E","M","R","B",null,"M","?","$","M","M","E","R","?","T","R","E","M","M","M","R","B",null,"M","M","M","$","M","R","M","?","T","?","E","$","M","$","R","B",null,"R","$","E","B",null],"character_chosen":"OPM","items_purchased":[],"campfire_rested":3,"item_purchase_floors":[],"current_hp_per_floor":[999,999,999,999,999,999,999,999,999,999,999,999,999,999,999,999,999,999,999,999,999,999,999,999,999,999,999,999,999,999,999,999,999,999,999,999,999,999,999,999,999,949,949,949,949,949,949,949,949,949,949,949,949,949,949],"gold":173,"neow_bonus":"BOSS_RELIC","is_daily":false,"chose_seed":false,"campfire_upgraded":5,"win_rate":0.0,"timestamp":1612125151,"path_taken":["M","$","?","M","M","R","?","?","T","?","R","M","E","M","R","BOSS","M","?","$","M","?","E","R","?","T","R","E","M","M","M","R","BOSS","M","M","M","$","M","R","M","?","T","?","E","?","M","$","R","BOSS","R","$","E","BOSS"],"items_purchased_type":[],"build_version":"2020-12-22","purchased_purges":4,"victory":true,"max_hp_per_floor":[999,999,999,999,999,999,999,999,999,999,999,999,999,999,999,999,999,999,999,999,999,999,999,999,999,999,999,999,999,999,999,999,999,999,999,999,999,999,999,999,999,949,949,949,949,949,949,949,949,949,949,949,949,949,949],"card_choices":[{"not_picked":["Slap","Toss_Stone","Ignore"],"picked":"SKIP","floor":1},{"not_picked":["Yawn","Slap","Consecutive_Normal_Punch"],"picked":"SKIP","floor":4},{"not_picked":["Ignore","Consecutive_Normal_Punch","Wear_Disguise"],"picked":"SKIP","floor":5},{"not_picked":["Ignore","Slap","Side_Hop"],"picked":"SKIP","floor":10},{"not_picked":["Yawn","Side_Hop","Consecutive_Normal_Punch"],"picked":"SKIP","floor":12},{"not_picked":["Yawn","Serious_Punch","Hop"],"picked":"SKIP","floor":13},{"not_picked":["Wear_Disguise","Slap","Ignore"],"picked":"SKIP","floor":14},{"not_picked":["Toss_Stone","Wear_Disguise","Normal_Punch"],"picked":"SKIP","floor":18},{"not_picked":["Yawn","Slap","Side_Hop"],"picked":"SKIP","floor":21},{"not_picked":["Wear_Disguise","Consecutive_Normal_Punch","Do_Nothing"],"picked":"SKIP","floor":22},{"not_picked":["Consecutive_Normal_Punch","Yawn","Ignore"],"picked":"SKIP","floor":23},{"not_picked":["Normal_Punch","Yawn","Ignore+1"],"picked":"SKIP","floor":28},{"not_picked":["Side_Hop","Slap","Yawn+1"],"picked":"SKIP","floor":29},{"not_picked":["Slap","Toss_Stone","Yawn"],"picked":"SKIP","floor":30},{"not_picked":["Yawn","Ignore","Serious_Punch"],"picked":"SKIP","floor":31},{"not_picked":["Side_Hop+1","Do_Nothing+1","Consecutive_Normal_Punch"],"picked":"SKIP","floor":35},{"not_picked":["Slap+1","Hop","Side_Hop+1"],"picked":"SKIP","floor":36},{"not_picked":["Hop+1","Wear_Disguise","Yawn"],"picked":"SKIP","floor":37},{"not_picked":["Side_Hop","Yawn+1","Wear_Disguise"],"picked":"SKIP","floor":39},{"not_picked":["Consecutive_Normal_Punch+1","Ignore","Side_Hop+1"],"picked":"SKIP","floor":41},{"not_picked":["Ignore","Slap+1","Side_Hop+1"],"picked":"SKIP","floor":45},{"not_picked":["Yawn","Hop","Normal_Punch"],"picked":"SKIP","floor":47},{"not_picked":["Side_Hop+1","Get_Hopes_Up","Normal_Punch"],"picked":"SKIP","floor":54}],"player_experience":1192424,"relics_obtained":[],"event_choices":[{"damage_healed":0,"gold_gain":0,"player_choice":"Ignored","damage_taken":0,"max_hp_gain":0,"max_hp_loss":0,"event_name":"Transmorgrifier","floor":8,"gold_loss":0},{"damage_healed":0,"gold_gain":0,"player_choice":"1 cards matched","damage_taken":0,"max_hp_gain":0,"max_hp_loss":0,"event_name":"Match and Keep!","floor":19,"gold_loss":0,"cards_obtained":["Hip_Strike"]},{"damage_healed":0,"gold_gain":0,"player_choice":"Max HP","damage_taken":0,"max_hp_gain":0,"max_hp_loss":50,"event_name":"Winding Halls","floor":42,"gold_loss":0},{"damage_healed":0,"gold_gain":0,"player_choice":"Ignored","damage_taken":0,"max_hp_gain":0,"max_hp_loss":0,"event_name":"Mysterious Sphere","floor":44,"gold_loss":0}],"is_beta":false,"boss_relics":[{"not_picked":["Cursed Key","Replay:Drink Me","SlaversCollar"]},{"not_picked":["Ring of Chaos","Replay:Wanted Poster","Runic Pyramid"]}],"items_purged_floors":[20,38,46,48],"is_endless":false,"potions_floor_spawned":[10,12,14,16,18,23,28,33,35,37,41],"ascension_level":0}}