{"host":"gobyjzz6xbwq9f9i","time":1612131723,"event":{"mods":["AchievementEnabler","BaseMod","Bestiary","Colored Map","Minty Spire (QoL Compilation)","Relic Stats"],"gold_per_floor":[111,121,6,6,22,57,57,85,111,121,151,162,162,178,178,282,282,295,311,410,104,114,147,147,182,208,208,218,218,218,230,230,230,230],"floor_reached":33,"language":"ENG","playtime":1276,"items_purged":["Defend_P"],"score":428,"play_id":"fc97121c-b19f-4b53-a242-da489fff48a5","local_time":"20210131142203","is_ascension_mode":true,"campfire_choices":[{"data":"EmptyFist","floor":13,"key":"SMITH"},{"data":"Wallop","floor":15,"key":"SMITH"},{"data":"BowlingBash","floor":24,"key":"SMITH"},{"data":"Tantrum","floor":27,"key":"SMITH"},{"data":"Meditate","floor":30,"key":"SMITH"},{"data":"Adaptation","floor":32,"key":"SMITH"}],"circlet_count":0,"master_deck":["Strike_P","Strike_P+1","Strike_P","Strike_P+1","Defend_P","Defend_P","Defend_P","Eruption","Vigilance","CutThroughFate","CrushJoints","CarveReality","SandsOfTime","FearNoEvil","EmptyFist+1","ThirdEye","Wallop+1","Tantrum+1","BowlingBash+1","SpiritShield","Adaptation+1","Meditate+1","ThirdEye","ClearTheMind+1"],"relics":["SlaversCollar","Boot","Bag of Preparation","Toy Ornithopter","Dream Catcher","Coffee Dripper","Whetstone","PreservedInsect","StoneCalendar","Akabeko","MutagenicStrength"],"acts_visited":["Exordium","TheCity"],"potions_floor_usage":[6,11,23,33],"damage_taken":[{"damage":4,"enemies":"Small Slimes","floor":1,"turns":4},{"damage":2,"enemies":"Cultist","floor":2,"turns":3},{"damage":7,"enemies":"Jaw Worm","floor":5,"turns":2},{"damage":0,"enemies":"3 Sentries","floor":6,"turns":4},{"damage":0,"enemies":"Gremlin Nob","floor":8,"turns":2},{"damage":7,"enemies":"3 Louse","floor":10,"turns":3},{"damage":2,"enemies":"3 Sentries","floor":11,"turns":4},{"damage":3,"enemies":"Blue Slaver","floor":12,"turns":4},{"damage":3,"enemies":"Looter","floor":14,"turns":3},{"damage":22,"enemies":"The Guardian","floor":16,"turns":8},{"damage":0,"enemies":"Spheric Guardian","floor":18,"turns":2},{"damage":10,"enemies":"2 Thieves","floor":19,"turns":3},{"damage":0,"enemies":"Centurion and Healer","floor":22,"turns":4},{"damage":13,"enemies":"Book of Stabbing","floor":23,"turns":3},{"damage":2,"enemies":"Slavers","floor":25,"turns":3},{"damage":4,"enemies":"Cultist and Chosen","floor":28,"turns":3},{"damage":3,"enemies":"Shelled Parasite and Fungi","floor":31,"turns":2},{"damage":70,"enemies":"Automaton","floor":33,"turns":6}],"seed_played":"6930843675400400410","potions_obtained":[{"floor":1,"key":"Explosive Potion"},{"floor":4,"key":"Block Potion"},{"floor":4,"key":"Explosive Potion"},{"floor":8,"key":"Strength Potion"},{"floor":19,"key":"PowerPotion"},{"floor":23,"key":"Fire Potion"}],"is_trial":false,"path_per_floor":["M","M","$","?","M","E","$","E","T","M","E","M","R","M","R","B",null,"M","M","?","$","M","E","R","E","T","R","M","?","R","M","R","B"],"character_chosen":"WATCHER","items_purchased":["CarveReality","SandsOfTime","Whetstone","Meditate"],"campfire_rested":0,"item_purchase_floors":[3,3,21,21],"current_hp_per_floor":[68,66,66,66,59,59,59,59,59,52,55,52,52,49,49,27,72,72,62,62,62,62,54,54,52,52,52,48,48,48,45,45,0,0],"gold":230,"neow_bonus":"BOSS_RELIC","is_daily":false,"chose_seed":false,"campfire_upgraded":6,"win_rate":0.0,"timestamp":1612131723,"path_taken":["M","M","$","?","M","E","$","E","T","M","E","M","R","M","R","BOSS","M","?","?","$","M","E","R","E","T","R","M","?","R","M","R","BOSS"],"items_purchased_type":["Card","Card","Relic","Card"],"build_version":"2020-12-22","purchased_purges":1,"victory":false,"max_hp_per_floor":[72,72,72,72,72,72,72,72,72,72,72,72,72,72,72,72,72,72,72,72,72,72,72,72,72,72,72,72,72,72,72,72,72,72],"relic_stats":{"Dream Catcher":0,"counters":[18,63],"StoneCalendar":[0],"PreservedInsect":40,"Bag of Preparation":[26],"Whetstone":["Strike_P","Strike_P"],"Boot":[44],"obtain_stats":[{"SlaversCollar":0,"Dream Catcher":11,"MutagenicStrength":29,"StoneCalendar":25,"PreservedInsect":23,"Bag of Preparation":8,"Coffee Dripper":17,"Whetstone":21,"PureWater":0,"Boot":6,"Toy Ornithopter":9,"Akabeko":26},{"SlaversCollar":0,"Dream Catcher":7,"MutagenicStrength":16,"StoneCalendar":15,"PreservedInsect":14,"Bag of Preparation":5,"Coffee Dripper":10,"Whetstone":12,"PureWater":0,"Boot":4,"Toy Ornithopter":5,"Akabeko":15},{"SlaversCollar":0,"Dream Catcher":22,"MutagenicStrength":55,"StoneCalendar":52,"PreservedInsect":49,"Bag of Preparation":15,"Coffee Dripper":37,"Whetstone":42,"PureWater":0,"Boot":13,"Toy Ornithopter":15,"Akabeko":52}],"Toy Ornithopter":15},"card_choices":[{"not_picked":["Halt","SashWhip"],"picked":"CutThroughFate","floor":1},{"not_picked":["Consecrate","EmptyBody"],"picked":"CrushJoints","floor":2},{"not_picked":["LikeWater","BowlingBash"],"picked":"FearNoEvil","floor":5},{"not_picked":["MentalFortress","WreathOfFlame"],"picked":"EmptyFist","floor":6},{"not_picked":["Worship","Collect","EmptyFist"],"picked":"SKIP","floor":8},{"not_picked":["SashWhip","CarveReality"],"picked":"ThirdEye","floor":10},{"not_picked":["FlyingSleeves","Consecrate"],"picked":"Wallop","floor":11},{"not_picked":["Consecrate","Conclude"],"picked":"Tantrum","floor":12},{"not_picked":["Worship","Sanctity"],"picked":"BowlingBash","floor":14},{"not_picked":["Devotion","Ragnarok"],"picked":"SpiritShield","floor":16},{"not_picked":["FollowUp","Evaluate","BattleHymn"],"picked":"SKIP","floor":18},{"not_picked":["Worship","Protect"],"picked":"Adaptation","floor":19},{"not_picked":["LikeWater","SashWhip"],"picked":"ThirdEye","floor":22},{"not_picked":["ThirdEye","SashWhip","Consecrate"],"picked":"SKIP","floor":23},{"not_picked":["Judgement","EmptyBody","Crescendo"],"picked":"SKIP","floor":25},{"not_picked":["Prostrate","PathToVictory","ThirdEye"],"picked":"SKIP","floor":28},{"not_picked":["Consecrate+1","Evaluate"],"picked":"ClearTheMind+1","floor":31}],"player_experience":1242733,"relics_obtained":[{"floor":6,"key":"Boot"},{"floor":8,"key":"Bag of Preparation"},{"floor":9,"key":"Toy Ornithopter"},{"floor":11,"key":"Dream Catcher"},{"floor":23,"key":"PreservedInsect"},{"floor":25,"key":"StoneCalendar"},{"floor":26,"key":"Akabeko"}],"event_choices":[{"damage_healed":0,"gold_gain":0,"player_choice":"Got Potions","damage_taken":0,"max_hp_gain":0,"max_hp_loss":0,"event_name":"Lab","floor":4,"gold_loss":0},{"damage_healed":0,"gold_gain":99,"player_choice":"Stole From Cult","damage_taken":0,"max_hp_gain":0,"max_hp_loss":0,"event_name":"Nest","floor":20,"gold_loss":0},{"damage_healed":0,"gold_gain":0,"player_choice":"Inject Mutagens","damage_taken":0,"relics_obtained":["MutagenicStrength"],"max_hp_gain":0,"max_hp_loss":0,"event_name":"Drug Dealer","floor":29,"gold_loss":0}],"is_beta":false,"boss_relics":[{"not_picked":["Pandora\u0027s Box","Ectoplasm"],"picked":"Coffee Dripper"}],"items_purged_floors":[21],"is_endless":false,"potions_floor_spawned":[1,8,10,19,23,28],"killed_by":"Automaton","ascension_level":4}}