{"host":"zfh44j5h77tkupss","time":1612112615,"event":{"mods":["AchievementEnabler","BaseMod","Bestiary","Better Skull","Better Third Choice","Better Vampires","Colored Map","Colored Powertips","Highlight Path","Minty Spire (QoL Compilation)","Permanent Neow","Quick Restart","Rare Cards Sparkle","Relic Stats","StSLib"],"gold_per_floor":[116,116,129,129,143,14,14,44,44,44,67,17,28,45,45,141,141,156,176,192,192,192],"floor_reached":21,"language":"ENG","playtime":2660,"items_purged":["Strike_G","Defend_G"],"score":244,"play_id":"0f11233f-aa30-4555-a774-2a3fb3a15cc5","local_time":"20210131180335","is_ascension_mode":true,"campfire_choices":[{"floor":7.0,"key":"REST"},{"floor":10.0,"key":"REST"},{"floor":15.0,"key":"REST"}],"circlet_count":0,"master_deck":["Strike_G","Strike_G","Strike_G","Strike_G","Defend_G","Defend_G","Defend_G","Defend_G","Survivor","Neutralize","Terror","Dagger Throw","Corpse Explosion","Dagger Throw","Unload","Deadly Poison+1"],"relics":["Ring of the Snake","Turnip","Smiling Mask","Pen Nib","Strawberry","Question Card","Odd Mushroom","Busted Crown"],"acts_visited":["Exordium","TheCity"],"potions_floor_usage":[16],"damage_taken":[{"damage":2.0,"enemies":"Small Slimes","floor":1.0,"turns":3.0},{"damage":0.0,"enemies":"Cultist","floor":3.0,"turns":6.0},{"damage":0.0,"enemies":"2 Louse","floor":5.0,"turns":3.0},{"damage":30.0,"enemies":"Gremlin Nob","floor":8.0,"turns":4.0},{"damage":10.0,"enemies":"The Mushroom Lair","floor":11.0,"turns":3.0},{"damage":16.0,"enemies":"Exordium Wildlife","floor":13.0,"turns":3.0},{"damage":6.0,"enemies":"3 Louse","floor":14.0,"turns":2.0},{"damage":23,"enemies":"Slime Boss","floor":16,"turns":10},{"damage":3,"enemies":"Spheric Guardian","floor":18,"turns":3},{"damage":19,"enemies":"2 Thieves","floor":19,"turns":3},{"damage":13,"enemies":"Cultist and Chosen","floor":20,"turns":5},{"damage":29,"enemies":"Shelled Parasite and Fungi","floor":21,"turns":2}],"seed_played":"-6887738967183007568","potions_obtained":[{"floor":8.0,"key":"CultistPotion"},{"floor":11.0,"key":"Block Potion"},{"floor":13.0,"key":"SteroidPotion"},{"floor":14.0,"key":"Block Potion"},{"floor":16,"key":"Poison Potion"}],"is_trial":false,"path_per_floor":["M","?","M","?","M","$","R","E","T","R","?","$","M","M","R","B",null,"M","M","M","M"],"character_chosen":"THE_SILENT","items_purchased":["Corpse Explosion"],"campfire_rested":3,"item_purchase_floors":[6],"current_hp_per_floor":[43,28,28,16,16,16,37,14,14,37,27,27,11,5,28,5,59,56,37,24,0,0],"gold":192,"neow_bonus":"ONE_RARE_RELIC","is_daily":false,"chose_seed":false,"campfire_upgraded":0,"win_rate":0.0,"timestamp":1612112615,"path_taken":["M","?","?","?","M","$","R","E","T","R","?","$","M","M","R","BOSS","M","M","M","M"],"items_purchased_type":["Card"],"build_version":"2020-12-22","purchased_purges":2,"victory":false,"max_hp_per_floor":[70,70,70,70,70,70,70,77,77,77,77,77,77,77,77,77,77,77,77,77,77,77],"relic_stats":{"Busted Crown":6,"counters":[12,47],"Turnip":[14],"Pen Nib":[8],"Smiling Mask":75,"Question Card":7,"obtain_stats":[{"Busted Crown":17,"Strawberry":8,"Turnip":0,"Pen Nib":4,"Odd Mushroom":11,"Smiling Mask":2,"Question Card":9,"Ring of the Snake":0},{"Busted Crown":8,"Strawberry":4,"Turnip":0,"Pen Nib":2,"Odd Mushroom":5,"Smiling Mask":1,"Question Card":4,"Ring of the Snake":0},{"Busted Crown":34,"Strawberry":16,"Turnip":0,"Pen Nib":9,"Odd Mushroom":19,"Smiling Mask":3,"Question Card":16,"Ring of the Snake":0}],"Ring of the Snake":[24]},"card_choices":[{"not_picked":["Deflect","Dodge and Roll","Sucker Punch"],"picked":"SKIP","floor":1.0},{"not_picked":["Sucker Punch","Cloak And Dagger"],"picked":"Terror","floor":3.0},{"not_picked":["Tactician","Outmaneuver"],"picked":"Dagger Throw","floor":5.0},{"not_picked":["Outmaneuver","Night Terror","PiercingWail"],"picked":"SKIP","floor":8.0},{"not_picked":["Well Laid Plans","Underhanded Strike","Poisoned Stab","Terror"],"picked":"SKIP","floor":13.0},{"not_picked":["Prepared","Expertise","Quick Slash"],"picked":"Dagger Throw","floor":14.0},{"not_picked":["Grand Finale","Phantasmal Killer","A Thousand Cuts"],"picked":"Unload","floor":16},{"not_picked":["Bouncing Flask","Concentrate"],"picked":"SKIP","floor":18},{"not_picked":["Sucker Punch","Outmaneuver"],"picked":"SKIP","floor":19},{"not_picked":["Crippling Poison"],"picked":"Deadly Poison+1","floor":20}],"player_experience":326874,"relics_obtained":[{"floor":8.0,"key":"Strawberry"},{"floor":9.0,"key":"Question Card"},{"floor":11.0,"key":"Odd Mushroom"}],"event_choices":[{"damage_healed":0.0,"max_hp_gain":0.0,"max_hp_loss":0.0,"gold_gain":0.0,"event_name":"betterSkull:BetterSkull","player_choice":"RE ","floor":2.0,"gold_loss":0.0,"damage_taken":17.0,"cards_upgraded":[],"relics_obtained":["Smiling Mask"]},{"damage_healed":0.0,"max_hp_gain":0.0,"max_hp_loss":0.0,"gold_gain":0.0,"event_name":"betterThird:BetterScrap","player_choice":"Relic ","floor":4.0,"gold_loss":0.0,"damage_taken":12.0,"cards_obtained":["Infernal Blade"]},{"damage_healed":0.0,"max_hp_gain":0.0,"max_hp_loss":0.0,"gold_gain":0.0,"event_name":"Mushrooms","player_choice":"Fought Mushrooms","floor":11.0,"gold_loss":0.0,"damage_taken":0.0}],"is_beta":false,"boss_relics":[{"not_picked":["Calling Bell","Ring of the Serpent"],"picked":"Busted Crown"}],"items_purged_floors":[6,12],"is_endless":false,"potions_floor_spawned":[8,11,13,14,16,20],"killed_by":"Shelled Parasite and Fungi","ascension_level":7}}