{"host":"j0jjxssq479ixm8e","time":1612063516,"event":{"mods":["BaseMod","Better Note","Block Reminder","Minty Spire (QoL Compilation)","Rare Cards Sparkle","Relic Filter Mod","Reliquary","Replay The Spire","StSLib"],"gold_per_floor":[109,127,141,159,334,334,347,347,370,398,431,506,506,506,506,605,605,619,635,635,635,94,109,126,142,142,153,153,153,173,185,127,162,162,162,162],"floor_reached":35,"language":"ENG","playtime":2298,"items_purged":[],"score":281,"play_id":"098d6237-6851-4324-91f3-f8d9e4ef25a6","local_time":"20210130222516","is_ascension_mode":false,"campfire_choices":[{"data":"Zap","floor":6,"key":"SMITH"},{"floor":8,"key":"REST"},{"floor":13,"key":"REST"},{"floor":15,"key":"REST"},{"floor":26,"key":"REST"},{"floor":29,"key":"REST"},{"floor":34,"key":"REST"}],"circlet_count":0,"master_deck":["Strike_B","Strike_B","Strike_B","Strike_B","Defend_B","Defend_B","Defend_B","Defend_B","Zap+1","Dualcast","Beam Cell","Self Repair","Genetic Algorithm","Doom and Gloom","Doubt","BasicCrystalCard+1","Conserve Battery","Beam Cell","Creative AI","Streamline+1","Beam Cell","The Bomb","Hello World","ReplayTheSpireMod:Omega Cannon","ReplayTheSpireMod:Repulse","Go for the Eyes","Compile Driver+1","Steam+1","Sweeping Beam","Sunder+1","Static Discharge+1"],"relics":["Cracked Core","NeowsBlessing","reliquary:SharkskinSheath","Turnip","reliquary:SilkGlove","Inserter","Replay:Rubber Ducky","Mercury Hourglass","Replay:Mystery Machine"],"acts_visited":["Exordium","TheCity"],"potions_floor_usage":[11,16,24,25,27,31,35,35],"damage_taken":[{"damage":0,"enemies":"Small Slimes","floor":1,"turns":1},{"damage":0,"enemies":"2 Louse","floor":2,"turns":1},{"damage":0,"enemies":"Jaw Worm","floor":3,"turns":1},{"damage":13,"enemies":"Large Slime","floor":4,"turns":5},{"damage":30,"enemies":"Gremlin Gang","floor":7,"turns":5},{"damage":31,"enemies":"3 Sentries","floor":11,"turns":6},{"damage":25,"enemies":"Slime Boss","floor":16,"turns":6},{"damage":31,"enemies":"Shell Parasite","floor":18,"turns":5},{"damage":13,"enemies":"Spheric Guardian","floor":19,"turns":5},{"damage":18,"enemies":"3 Cultists","floor":23,"turns":4},{"damage":26,"enemies":"Cultist and Chosen","floor":24,"turns":5},{"damage":11,"enemies":"Snake Plant","floor":25,"turns":5},{"damage":10,"enemies":"Chosen and Byrds","floor":27,"turns":5},{"damage":27,"enemies":"Sentry and Sphere","floor":30,"turns":4},{"damage":17,"enemies":"Centurion and Healer","floor":31,"turns":6},{"damage":7,"enemies":"Replay:Snechameleon","floor":33,"turns":5},{"damage":39,"enemies":"Collector","floor":35,"turns":3}],"seed_played":"-8925016878921455335","potions_obtained":[{"floor":4,"key":"Toxic Potion"},{"floor":11,"key":"FocusPotion"},{"floor":16,"key":"Elixir"},{"floor":18,"key":"GamblersBrew"},{"floor":24,"key":"EssenceOfSteel"},{"floor":25,"key":"LifebloodPotion"},{"floor":30,"key":"FearPotion"},{"floor":33,"key":"Adrenaline Potion"}],"is_trial":false,"path_per_floor":["M","M","M","M","?","R","M","R","T","?","E","?","R","?","R","B",null,"M","M","PTL","PTL","$","M","M","M","R","M","T","R","M","M","$","E","R","B"],"character_chosen":"DEFECT","items_purchased":["Replay:Rubber Ducky","The Bomb","Hello World","ReplayTheSpireMod:Omega Cannon","Static Discharge+1"],"campfire_rested":6,"item_purchase_floors":[22,22,22,22,32],"current_hp_per_floor":[75,75,75,69,69,69,46,68,68,50,26,15,37,37,59,41,75,51,45,45,45,45,34,15,11,33,30,30,52,32,22,22,15,37,0,0],"gold":162,"neow_bonus":"THREE_ENEMY_KILL","is_daily":false,"chose_seed":false,"campfire_upgraded":1,"win_rate":0.0,"timestamp":1612063516,"path_taken":["M","M","M","M","?","R","M","R","T","?","E","?","R","?","R","BOSS","M","M","PTL","PTL","$","?","?","M","R","?","T","R","M","?","?","E","R","BOSS"],"items_purchased_type":["Relic","Card","Card","Card","Card"],"build_version":"2020-12-22","purchased_purges":0,"victory":false,"max_hp_per_floor":[75,75,75,75,75,75,75,75,75,75,75,75,75,75,75,75,75,75,75,75,75,75,75,75,75,75,75,75,75,75,75,75,75,75,75,75],"card_choices":[{"not_picked":["Redo","Sweeping Beam"],"picked":"Beam Cell","floor":1},{"not_picked":["Barrage","ReplaySort"],"picked":"Self Repair","floor":2},{"not_picked":["Compile Driver","Doom and Gloom"],"picked":"Genetic Algorithm","floor":3},{"not_picked":["Go for the Eyes","Meteor Strike"],"picked":"Doom and Gloom","floor":4},{"not_picked":["Ball Lightning","Panic Button"],"picked":"BasicCrystalCard","floor":7},{"not_picked":["Steam Power","FTL"],"picked":"Conserve Battery","floor":10},{"not_picked":["Coolheaded","Turbo"],"picked":"Beam Cell","floor":11},{"not_picked":["ReplayTheSpireMod:Fabricate Wheel","Rainbow"],"picked":"Creative AI","floor":16},{"not_picked":["Gash","Coolheaded"],"picked":"Streamline+1","floor":18},{"not_picked":["Hologram+1","Sweeping Beam"],"picked":"Beam Cell","floor":19},{"not_picked":["Turbo+1","Hologram"],"picked":"ReplayTheSpireMod:Repulse","floor":23},{"not_picked":["ReplayTheSpireMod:Reroute Power","Buffer"],"picked":"Go for the Eyes","floor":24},{"not_picked":["Barrage","Recycle+1"],"picked":"Compile Driver+1","floor":25},{"not_picked":["Beam Cell","Stack+1"],"picked":"Steam+1","floor":27},{"not_picked":["Go for the Eyes","Fusion"],"picked":"Sweeping Beam","floor":30},{"not_picked":["Genetic Algorithm","Meteor Strike"],"picked":"Sunder+1","floor":31},{"not_picked":["Cold Snap","Capacitor","Coolheaded+1"],"picked":"SKIP","floor":33}],"player_experience":244621,"relics_obtained":[{"floor":9,"key":"reliquary:SharkskinSheath"},{"floor":10,"key":"Turnip"},{"floor":11,"key":"reliquary:SilkGlove"},{"floor":28,"key":"Mercury Hourglass"},{"floor":33,"key":"Replay:Mystery Machine"}],"event_choices":[{"damage_healed":0,"gold_gain":175,"player_choice":"AGREE","damage_taken":0,"max_hp_gain":0,"max_hp_loss":0,"event_name":"Liars Game","floor":5,"gold_loss":0,"cards_obtained":["Doubt"]},{"damage_healed":0,"gold_gain":75,"player_choice":"Gather Gold","damage_taken":11,"max_hp_gain":0,"max_hp_loss":0,"event_name":"World of Goop","floor":12,"gold_loss":0},{"damage_healed":0,"gold_gain":0,"player_choice":"Forge","damage_taken":0,"max_hp_gain":0,"max_hp_loss":0,"event_name":"Accursed Blacksmith","floor":14,"gold_loss":0,"cards_upgraded":["BasicCrystalCard"]}],"is_beta":false,"boss_relics":[{"not_picked":["Kintsugi","Ectoplasm"],"picked":"Inserter"}],"items_purged_floors":[],"is_endless":false,"potions_floor_spawned":[4,11,16,18,24,25,30,33],"killed_by":"Collector","ascension_level":0}}