{"host":"zxkjcgzis4pm3za5","time":1612059884,"event":{"mods":["AchievementEnabler","Act Like it!","BaseMod","Colored Map","Colored Powertips","Friendly Minions","GifTheSpireLib","Minty Spire (QoL Compilation)","Quick Restart","RNG Fix","Random Character Button","Relic Filter Mod","Relic Sorter","Relic Stats","StSLib"],"gold_per_floor":[116,129,129,129,148,179,179,179,179],"floor_reached":8,"language":"ENG","playtime":272,"items_purged":[],"score":106,"play_id":"20b74f07-cd73-4c25-b017-94c2d7fa5816","local_time":"20210131075444","is_ascension_mode":true,"campfire_choices":[{"data":"Die Die Die","floor":7,"key":"SMITH"}],"circlet_count":0,"master_deck":["AscendersBane","Strike_G","Strike_G","Strike_G","Strike_G","Strike_G","Defend_G","Defend_G","Defend_G","Defend_G","Defend_G","Survivor","Neutralize","Dodge and Roll","Slice","Die Die Die+1","Flying Knee"],"relics":["Ring of the Snake","Dream Catcher","Golden Idol","Anchor"],"acts_visited":["Exordium"],"potions_floor_usage":[6],"damage_taken":[{"damage":10,"enemies":"Jaw Worm","floor":1,"turns":8},{"damage":4,"enemies":"Cultist","floor":2,"turns":5},{"damage":3,"enemies":"2 Louse","floor":5,"turns":4},{"damage":6,"enemies":"3 Sentries","floor":6,"turns":8},{"damage":50,"enemies":"Gremlin Nob","floor":8,"turns":4}],"seed_played":"-2131732570718679802","potions_obtained":[{"floor":2,"key":"Fire Potion"},{"floor":6,"key":"Dexterity Potion"}],"is_trial":false,"path_per_floor":["M","M","$","?","M","E","R","E"],"character_chosen":"THE_SILENT","items_purchased":[],"campfire_rested":0,"item_purchase_floors":[],"current_hp_per_floor":[49,45,45,45,42,36,36,0,0],"gold":179,"neow_bonus":"RANDOM_COMMON_RELIC","is_daily":false,"chose_seed":false,"campfire_upgraded":1,"win_rate":0.0,"timestamp":1612059884,"path_taken":["M","?","?","?","M","E","R","E"],"items_purchased_type":[],"build_version":"2020-12-22","purchased_purges":0,"victory":false,"max_hp_per_floor":[66,66,66,60,60,60,60,60,60],"relic_stats":{"Dream Catcher":0,"counters":[5,29],"Golden Idol":10,"obtain_stats":[{"Dream Catcher":0,"Anchor":6,"Golden Idol":4,"Ring of the Snake":0},{"Dream Catcher":0,"Anchor":4,"Golden Idol":2,"Ring of the Snake":0},{"Dream Catcher":0,"Anchor":25,"Golden Idol":13,"Ring of the Snake":0}],"Ring of the Snake":[10]},"card_choices":[{"not_picked":["PiercingWail","Prepared"],"picked":"Dodge and Roll","floor":1},{"not_picked":["Setup","PiercingWail"],"picked":"Slice","floor":2},{"not_picked":["Flechettes","Footwork"],"picked":"Die Die Die","floor":5},{"not_picked":["Eviscerate","Acrobatics"],"picked":"Flying Knee","floor":6}],"player_experience":295682,"relics_obtained":[{"floor":6,"key":"Anchor"}],"event_choices":[{"damage_healed":0,"gold_gain":0,"player_choice":"Lose Max HP","damage_taken":0,"relics_obtained":["Golden Idol"],"max_hp_gain":0,"max_hp_loss":6,"event_name":"Golden Idol","floor":4,"gold_loss":0}],"is_beta":false,"boss_relics":[],"items_purged_floors":[],"is_endless":false,"potions_floor_spawned":[2,6],"killed_by":"Gremlin Nob","ascension_level":18}}