{"host":"xm0tf1maiknh0fp9","time":1612102822,"event":{"mods":["BaseMod","Colored Map","Colored Powertips","Googly Eyes","Minty Spire (QoL Compilation)","Replay The Spire","StSLib"],"gold_per_floor":[113,288,288,304,317,317,334,334,360,360,375,375,407,407,407,504,504,520,445,463,312,326,326,326,351,351,351,376,404,404,435,435,449,449],"floor_reached":33,"language":"ENG","playtime":957,"items_purged":["Defend_P"],"score":402,"play_id":"91627376-e7f8-475f-90c4-a36b660623ae","local_time":"20210131092022","is_ascension_mode":true,"campfire_choices":[{"data":"Eruption","floor":6.0,"key":"SMITH"},{"data":"Vengeance","floor":8.0,"key":"SMITH"},{"data":"Strike_P","floor":10.0,"key":"SMITH"},{"data":"Strike_P","floor":12.0,"key":"SMITH"},{"floor":15.0,"key":"REST"},{"floor":23.0,"key":"REST"},{"floor":27.0,"key":"REST"},{"data":"Blasphemy","floor":32,"key":"SMITH"}],"circlet_count":0,"master_deck":["Strike_P+1","Strike_P+1","Defend_P","Defend_P","Eruption+1","Vigilance+1","Vengeance+1","Blasphemy+1","SandsOfTime+1","FollowUp+1","Adaptation"],"relics":["PureWater","NeowsBlessing","Centennial Puzzle","Tiny Chest","Garlic","Astrolabe","Omamori","Gremlin Food","Divine Protection","Replay:Bandana","Nilry\u0027s Codex"],"acts_visited":["Exordium","TheCity"],"potions_floor_usage":[],"damage_taken":[{"damage":0.0,"enemies":"Cultist","floor":1.0,"turns":1.0},{"damage":0.0,"enemies":"Small Slimes","floor":4.0,"turns":1.0},{"damage":0.0,"enemies":"2 Louse","floor":5.0,"turns":1.0},{"damage":7.0,"enemies":"Looter","floor":7.0,"turns":5.0},{"damage":11.0,"enemies":"Exordium Thugs","floor":11.0,"turns":4.0},{"damage":22.0,"enemies":"3 Sentries","floor":13.0,"turns":6.0},{"damage":31.0,"enemies":"Slime Boss","floor":16.0,"turns":8.0},{"damage":11.0,"enemies":"3 Byrds","floor":18.0,"turns":6.0},{"damage":22.0,"enemies":"2 Thieves","floor":20.0,"turns":2.0},{"damage":0.0,"enemies":"3 Cultists","floor":22.0,"turns":2.0},{"damage":0.0,"enemies":"Gremlin Leader","floor":25.0,"turns":2.0},{"damage":0.0,"enemies":"Replay:Snechameleon","floor":28.0,"turns":3.0},{"damage":0.0,"enemies":"Chosen and Byrds","floor":29.0,"turns":4.0},{"damage":0.0,"enemies":"Cultist and Chosen","floor":31.0,"turns":4.0},{"damage":77,"enemies":"Champ","floor":33,"turns":6}],"seed_played":"-777823149281613221","potions_obtained":[{"floor":4.0,"key":"BlessingOfTheForge"},{"floor":11.0,"key":"Adrenaline Potion"},{"floor":16.0,"key":"StancePotion"},{"floor":22.0,"key":"GamblersBrew"},{"floor":28.0,"key":"Elixir"}],"is_trial":false,"path_per_floor":["M","?","?","M","M","R","M","R","T","R","M","R","E","?","R","B",null,"M","?","M","$","M","R","T","E","T","R","E","M","?","M","R","B"],"character_chosen":"WATCHER","items_purchased":["Adaptation"],"campfire_rested":3,"item_purchase_floors":[21],"current_hp_per_floor":[72,72,72,72,72,72,65,65,65,65,54,54,32,25,46,15,72,61,61,39,39,39,60,60,60,60,72,72,72,56,56,56,0,0],"gold":449,"neow_bonus":"THREE_ENEMY_KILL","is_daily":false,"chose_seed":false,"campfire_upgraded":5,"win_rate":0.0,"timestamp":1612102822,"path_taken":["M","?","?","?","M","R","M","R","T","R","M","R","E","?","R","BOSS","M","?","M","?","M","R","?","E","T","R","E","?","?","M","R","BOSS"],"items_purchased_type":["Card"],"build_version":"2020-12-22","purchased_purges":1,"victory":false,"max_hp_per_floor":[72,72,72,72,72,72,72,72,72,72,72,72,72,72,72,72,72,72,72,72,72,72,72,72,72,72,72,72,72,72,72,72,72,72],"card_choices":[{"not_picked":["FollowUp","Replay:Vibes"],"picked":"Conclude","floor":1.0},{"not_picked":["Replay:BluntJabs","Halt","Consecrate"],"picked":"SKIP","floor":4.0},{"not_picked":["PathToVictory","Replay:AtTheReady"],"picked":"Vengeance","floor":5.0},{"not_picked":["Protect","Consecrate","Evaluate"],"picked":"SKIP","floor":7.0},{"not_picked":["Crescendo","Replay:AllIn","Replay:BluntJabs"],"picked":"SKIP","floor":11.0},{"not_picked":["Swivel","EmptyBody","Crescendo"],"picked":"SKIP","floor":13.0},{"not_picked":["MasterReality","Establishment"],"picked":"Blasphemy","floor":16.0},{"not_picked":["Replay:Hum","BowlingBash","Replay:Vibes"],"picked":"SKIP","floor":18.0},{"not_picked":["MentalFortress","Replay:Battleflow+1","Replay:ManipulateFuture"],"picked":"SKIP","floor":20.0},{"not_picked":["FearNoEvil","EmptyBody","MentalFortress+1"],"picked":"SKIP","floor":22.0},{"not_picked":["Replay:AtTheReady+1","Worship","Swivel"],"picked":"SKIP","floor":25.0},{"not_picked":["ClearTheMind+1","EmptyFist+1","ThirdEye+1"],"picked":"SKIP","floor":28.0},{"not_picked":["Replay:Vibes","Replay:BluntJabs+1","EmptyMind+1"],"picked":"SKIP","floor":29.0},{"not_picked":["EmptyFist","Replay:BluntJabs","FlurryOfBlows+1"],"picked":"SKIP","floor":31.0}],"player_experience":165830,"relics_obtained":[{"floor":9.0,"key":"Tiny Chest"},{"floor":13.0,"key":"Garlic"},{"floor":24.0,"key":"Omamori"},{"floor":25.0,"key":"Gremlin Food"},{"floor":26.0,"key":"Divine Protection"},{"floor":28.0,"key":"Replay:Bandana"},{"floor":30.0,"key":"Nilry\u0027s Codex"}],"event_choices":[{"damage_healed":0.0,"max_hp_gain":0.0,"max_hp_loss":0.0,"gold_gain":175.0,"event_name":"Liars Game","player_choice":"AGREE","floor":2.0,"gold_loss":0.0,"damage_taken":0.0,"cards_obtained":["Doubt"]},{"cards_removed":["Conclude"],"damage_healed":0.0,"max_hp_gain":0.0,"max_hp_loss":0.0,"gold_gain":0.0,"event_name":"WeMeetAgain","player_choice":"Gave Card","floor":3.0,"gold_loss":0.0,"damage_taken":0.0,"relics_obtained":["Centennial Puzzle"]},{"cards_removed":["Doubt"],"damage_healed":0.0,"max_hp_gain":0.0,"max_hp_loss":0.0,"gold_gain":0.0,"event_name":"Golden Wing","player_choice":"Card Removal","floor":14.0,"gold_loss":0.0,"damage_taken":7.0},{"cards_removed":["DeusExMachina"],"damage_healed":0.0,"max_hp_gain":0.0,"max_hp_loss":0.0,"gold_gain":0.0,"event_name":"Beggar","player_choice":"Gave Gold","floor":19.0,"gold_loss":75.0,"damage_taken":0.0},{"damage_healed":0.0,"max_hp_gain":0.0,"max_hp_loss":0.0,"gold_gain":0.0,"event_name":"Cursed Tome","player_choice":"Obtained Book","floor":30.0,"gold_loss":0.0,"damage_taken":16.0}],"is_beta":false,"boss_relics":[{"not_picked":["HolyWater","Replay:Grab Bag"],"picked":"Astrolabe"}],"items_purged_floors":[21],"is_endless":false,"potions_floor_spawned":[4,11,16,22,28],"killed_by":"Champ","ascension_level":4}}