{"host":"1z4hbl9vfqrhg136","time":1612131023,"event":{"mods":["BaseMod","Minty Spire (QoL Compilation)"],"gold_per_floor":[109,33,43,43,56,56,89,89,89,129,144,162,188,228,228,309,309,336,345,372,390,411,451,451,483,483,497,531,547,547,561,561,561,561],"floor_reached":33,"language":"ENG","playtime":2520,"items_purged":[],"score":704,"play_id":"58e1aa96-e371-4826-9afd-173e8254629d","local_time":"20210131221023","is_ascension_mode":true,"campfire_choices":[{"data":"Skewer","floor":6.0,"key":"SMITH"},{"data":"Neutralize","floor":8.0,"key":"SMITH"},{"data":"Backflip","floor":15.0,"key":"SMITH"},{"floor":24.0,"key":"REST"},{"floor":32,"key":"REST"}],"circlet_count":0,"master_deck":["AscendersBane","Strike_G","Strike_G","Strike_G","Strike_G","Defend_G","Defend_G","Defend_G","Defend_G","Survivor","Neutralize+1","Choke","Skewer+1","Backflip+1","Slice","Cloak And Dagger","Bouncing Flask","Die Die Die","Caltrops","Malaise","Noxious Fumes","J.A.X.","Ghostly","Ghostly","Ghostly","Neutralize+1","Unload+1","Deflect+1","Catalyst","PiercingWail"],"relics":["Ring of the Snake","Ninja Scroll","CeramicFish","Gremlin Horn","Molten Egg 2","Fusion Hammer","Singing Bowl","Smiling Mask","Matryoshka","Boot"],"acts_visited":["Exordium","TheCity"],"potions_floor_usage":[],"damage_taken":[{"damage":4.0,"enemies":"Small Slimes","floor":1.0,"turns":6.0},{"damage":1.0,"enemies":"Cultist","floor":3.0,"turns":4.0},{"damage":0.0,"enemies":"2 Louse","floor":5.0,"turns":2.0},{"damage":23.0,"enemies":"3 Sentries","floor":7.0,"turns":9.0},{"damage":7.0,"enemies":"Gremlin Nob","floor":10.0,"turns":3.0},{"damage":0.0,"enemies":"Blue Slaver","floor":11.0,"turns":1.0},{"damage":0.0,"enemies":"2 Fungi Beasts","floor":12.0,"turns":2.0},{"damage":0.0,"enemies":"Gremlin Gang","floor":13.0,"turns":1.0},{"damage":0.0,"enemies":"3 Sentries","floor":14.0,"turns":4.0},{"damage":10.0,"enemies":"The Guardian","floor":16.0,"turns":12.0},{"damage":9.0,"enemies":"Shell Parasite","floor":18.0,"turns":4.0},{"damage":0.0,"enemies":"2 Thieves","floor":22.0,"turns":3.0},{"damage":9.0,"enemies":"Slavers","floor":23.0,"turns":4.0},{"damage":14.0,"enemies":"Gremlin Leader","floor":25.0,"turns":8.0},{"damage":9.0,"enemies":"Centurion and Healer","floor":27.0,"turns":7.0},{"damage":3.0,"enemies":"Slavers","floor":28.0,"turns":3.0},{"damage":4.0,"enemies":"Snake Plant","floor":29.0,"turns":5.0},{"damage":2,"enemies":"Chosen and Byrds","floor":31,"turns":7},{"damage":68,"enemies":"Automaton","floor":33,"turns":6}],"seed_played":"9168393671695717415","potions_obtained":[{"floor":3.0,"key":"SpeedPotion"},{"floor":5.0,"key":"ColorlessPotion"},{"floor":10.0,"key":"GamblersBrew"},{"floor":13.0,"key":"FearPotion"},{"floor":14.0,"key":"DuplicationPotion"},{"floor":18.0,"key":"SteroidPotion"},{"floor":28.0,"key":"Regen Potion"}],"is_trial":false,"path_per_floor":["M","$","M","?","M","R","E","R","T","E","M","M","M","E","R","B",null,"M","?","?","?","M","E","R","E","T","M","E","M","?","M","R","B"],"character_chosen":"THE_SILENT","items_purchased":["Skewer"],"campfire_rested":2,"item_purchase_floors":[2],"current_hp_per_floor":[61,61,60,60,60,60,37,37,37,30,30,30,30,30,30,20,59,50,50,36,36,36,27,36,24,24,17,14,26,26,26,39,0,0],"gold":561,"neow_bonus":"TEN_PERCENT_HP_BONUS","is_daily":false,"chose_seed":false,"campfire_upgraded":3,"win_rate":0.0,"timestamp":1612131023,"path_taken":["M","$","M","?","M","R","E","R","T","E","M","M","?","E","R","BOSS","M","?","?","?","?","E","R","E","T","M","E","M","?","M","R","BOSS"],"items_purchased_type":["Card"],"build_version":"2020-12-22","purchased_purges":0,"victory":false,"max_hp_per_floor":[72,72,72,72,72,72,72,72,72,72,72,72,72,72,72,72,72,72,72,36,36,36,36,36,38,38,40,40,42,42,44,44,44,44],"card_choices":[{"not_picked":["Dodge and Roll","Deadly Poison"],"picked":"Choke","floor":1.0},{"not_picked":["Underhanded Strike","Deflect"],"picked":"Backflip","floor":3.0},{"not_picked":["Setup","Flechettes"],"picked":"Slice","floor":5.0},{"not_picked":["Underhanded Strike","Caltrops"],"picked":"Cloak And Dagger","floor":7.0},{"not_picked":["Blade Dance","Skewer"],"picked":"Bouncing Flask","floor":10.0},{"not_picked":["Acrobatics","Expertise","Dagger Throw"],"picked":"SKIP","floor":11.0},{"not_picked":["Bouncing Flask","Heel Hook","Quick Slash"],"picked":"SKIP","floor":12.0},{"not_picked":["Acrobatics","Skewer"],"picked":"Die Die Die","floor":13.0},{"not_picked":["Unload+1","PiercingWail"],"picked":"Caltrops","floor":14.0},{"not_picked":["Die Die Die+1","Unload+1"],"picked":"Malaise","floor":16.0},{"not_picked":["Quick Slash+1","Dodge and Roll"],"picked":"Noxious Fumes","floor":18.0},{"not_picked":["Slice+1","Masterful Stab+1"],"picked":"Deflect+1","floor":22.0},{"not_picked":["Bane+1","Dagger Throw+1"],"picked":"Catalyst","floor":23.0},{"not_picked":["Backflip","Catalyst","Prepared"],"picked":"Singing Bowl","floor":25.0},{"not_picked":["Bouncing Flask","Cloak And Dagger","Acrobatics"],"picked":"Singing Bowl","floor":27.0},{"not_picked":["Expertise","Phantasmal Killer"],"picked":"PiercingWail","floor":28.0},{"not_picked":["Cloak And Dagger","Deflect","Infinite Blades"],"picked":"Singing Bowl","floor":29.0},{"not_picked":["Backflip","Outmaneuver","Cloak And Dagger"],"picked":"Singing Bowl","floor":31}],"player_experience":1940265,"relics_obtained":[{"floor":7.0,"key":"Ninja Scroll"},{"floor":9.0,"key":"CeramicFish"},{"floor":10.0,"key":"Gremlin Horn"},{"floor":14.0,"key":"Molten Egg 2"},{"floor":23.0,"key":"Singing Bowl"},{"floor":25.0,"key":"Smiling Mask"},{"floor":26.0,"key":"Matryoshka"},{"floor":28.0,"key":"Boot"}],"event_choices":[{"cards_removed":["Defend_G"],"damage_healed":0.0,"max_hp_gain":0.0,"max_hp_loss":0.0,"gold_gain":0.0,"event_name":"Purifier","player_choice":"Purged","floor":4.0,"gold_loss":0.0,"damage_taken":0.0},{"damage_healed":0.0,"max_hp_gain":0.0,"max_hp_loss":0.0,"gold_gain":0.0,"event_name":"Drug Dealer","player_choice":"Obtain J.A.X.","floor":19.0,"gold_loss":0.0,"damage_taken":0.0,"cards_obtained":["J.A.X."]},{"damage_healed":0.0,"max_hp_gain":0.0,"max_hp_loss":36.0,"gold_gain":0.0,"event_name":"Ghosts","player_choice":"Became a Ghost","floor":20.0,"gold_loss":0.0,"damage_taken":0.0,"cards_obtained":["Ghostly","Ghostly","Ghostly"]},{"damage_healed":0.0,"max_hp_gain":0.0,"max_hp_loss":0.0,"gold_gain":0.0,"event_name":"Match and Keep!","player_choice":"2 cards matched","floor":21.0,"gold_loss":0.0,"damage_taken":0.0,"cards_obtained":["Neutralize","Unload"]},{"cards_removed":["Strike_G"],"damage_healed":0.0,"max_hp_gain":0.0,"max_hp_loss":0.0,"gold_gain":0.0,"event_name":"Bonfire Elementals","player_choice":"Offered Basic","floor":30.0,"gold_loss":0.0,"damage_taken":0.0}],"is_beta":false,"boss_relics":[{"not_picked":["Snecko Eye","Pandora\u0027s Box"],"picked":"Fusion Hammer"}],"items_purged_floors":[],"is_endless":false,"potions_floor_spawned":[3,5,10,13,14,18,22,28],"killed_by":"Automaton","ascension_level":20}}