{"host":"jak4ncvfzor9mys0","time":1612052384,"event":{"mods":["2.2 Compatiblity","AchievementEnabler","BaseMod","Better Altar","Better Match","Better Note","Better Sensory Stone","Better Skull","Better Third Choice","BetterRewards","Block Reminder","Colored Map","Colored Powertips","Dark Map","Energized Spire","Gold Saver","Hubris","Infinite Spire","Key Reminder","Minty Spire (QoL Compilation)","Rare Cards Sparkle","Red Circlet Mod","Relic Sorter","Relic Stats","Replay The Spire","Retaliation","Spicy Shops","StSLib","SuperFastMode","The Blue Laboratory"],"gold_per_floor":[124,47,57,100,100,128,128,161,187,187,203,222,247,262,262,363,313,331,331,348,358,373,373,385,385,385,395,395,408,442,454,454,581,581,581,438,492,492,492],"floor_reached":38,"language":"ENG","playtime":1580,"items_purged":["Strike_G"],"score":730,"play_id":"e993fbf6-99d8-4e59-80d1-f646cab6f42d","local_time":"20210130161944","is_ascension_mode":true,"campfire_choices":[{"data":"Finisher","floor":7,"key":"SMITH"},{"data":"Neutralize","floor":10,"key":"SMITH"},{"floor":15,"key":"REST"},{"floor":23,"key":"REST"},{"floor":25,"key":"REST"},{"data":"1","floor":28,"key":"LIFT"},{"data":"Blade Dance","floor":32,"key":"SMITH"},{"data":"A Thousand Cuts","floor":35,"key":"SMITH"}],"circlet_count":0,"master_deck":["Strike_G","Strike_G","Strike_G","Strike_G","Defend_G","Defend_G","Defend_G","Defend_G","Defend_G","Survivor","Neutralize+1","Finisher+1","ReplayTheSpireMod:Shiv Toss","Footwork","Blade Dance","Blade Dance+1","A Thousand Cuts+1","Strike_G","Escape Plan","infinitespire:Gouge","Backflip+1","Accuracy","CurseOfTheBell","Cloak And Dagger"],"relics":["Ring of the Snake","Girya","Pen Nib","NeowsBlessing","Singing Bowl","Strawberry","Smiling Mask","Mango","energizedSpire:HugeHouse","hubris:Backtick","Charon\u0027s Ashes","Centennial Puzzle","hubris:CuriousFeather","infinitespire:EvilPickle","Calling Bell","hubris:SlimyHat","Garlic","Torii","ClockworkSouvenir","Bottled Lightning"],"acts_visited":["Exordium","TheCity","TheEnding"],"potions_floor_usage":[8,13,13,24,29,29,30,30],"damage_taken":[{"damage":0,"enemies":"Jaw Worm","floor":1,"turns":1},{"damage":0,"enemies":"Small Slimes","floor":3,"turns":1},{"damage":0,"enemies":"3 Sentries","floor":6,"turns":1},{"damage":16,"enemies":"Lagavulin","floor":8,"turns":4},{"damage":0,"enemies":"Cultist","floor":11,"turns":4},{"damage":26,"enemies":"Gremlin Gang","floor":12,"turns":4},{"damage":20,"enemies":"Gremlin Nob","floor":13,"turns":4},{"damage":13,"enemies":"Blue Slaver","floor":14,"turns":3},{"damage":55,"enemies":"Fading Forest","floor":16,"turns":11},{"damage":41,"enemies":"Chosen","floor":18,"turns":7},{"damage":19,"enemies":"2 Thieves","floor":20,"turns":3},{"damage":11,"enemies":"Snake Plant","floor":21,"turns":3},{"damage":6,"enemies":"Centurion and Healer","floor":22,"turns":3},{"damage":7,"enemies":"3 Cultists","floor":24,"turns":4},{"damage":12,"enemies":"Sentry and Sphere","floor":27,"turns":4},{"damage":0,"enemies":"Snake Plant","floor":29,"turns":4},{"damage":3,"enemies":"Nightmare","floor":30,"turns":5},{"damage":7,"enemies":"3 Cultists","floor":31,"turns":3},{"damage":27,"enemies":"Pondfish","floor":33,"turns":10},{"damage":88,"enemies":"Shield and Spear","floor":37,"turns":6},{"damage":30,"enemies":"The Heart","floor":38,"turns":2}],"seed_played":"6764715721236578426","potions_obtained":[{"floor":1,"key":"blueLaboratory:HorrorPotion"},{"floor":3,"key":"LiquidMemories"},{"floor":5,"key":"Regen Potion"},{"floor":11,"key":"blueLaboratory:LouseDecoction"},{"floor":14,"key":"Languid Potion"},{"floor":20,"key":"Dexterity Potion"},{"floor":21,"key":"Explosive Potion"},{"floor":27,"key":"blueLaboratory:ForbiddenFruitJuice"},{"floor":29,"key":"blueLaboratory:NinjaPotion"}],"is_trial":false,"path_per_floor":["M","$","M","?","?","E","R","E","T","R","M","M","E","M","R","B",null,"M","AVR","M","M","M","R","M","R","T","M","R","M","NM","M","R","B",null,"R","$","E","B"],"character_chosen":"THE_SILENT","items_purchased":["Finisher","ClockworkSouvenir"],"campfire_rested":3,"item_purchase_floors":[2,36],"current_hp_per_floor":[70,70,70,72,72,79,79,65,65,65,65,41,40,29,58,11,94,55,55,38,27,23,53,48,78,78,68,68,94,93,88,88,63,100,100,100,12,0,0],"gold":492,"neow_bonus":"THREE_ENEMY_KILL","is_daily":false,"chose_seed":false,"campfire_upgraded":4,"win_rate":0.0,"timestamp":1612052384,"path_taken":["M","$","M","?","?","E","R","E","T","R","?","?","E","M","R","BOSS","M","AVR","M","M","M","R","M","R","T","M","R","M","NM","M","R","BOSS","R","$","E","BOSS"],"items_purchased_type":["Card","Relic"],"build_version":"2020-12-22","purchased_purges":1,"victory":false,"max_hp_per_floor":[70,70,70,72,72,79,79,81,81,81,81,83,97,99,99,99,94,96,96,98,98,100,100,102,102,102,104,104,94,96,98,98,100,100,100,100,100,100,100],"relic_stats":{"Centennial Puzzle":[30],"Singing Bowl":24,"Torii":2,"counters":[21,87],"Pen Nib":[23],"Charon\u0027s Ashes":[259],"Smiling Mask":0,"obtain_stats":[{"Girya":26,"NeowsBlessing":0,"Singing Bowl":4,"Torii":34,"Mango":13,"Pen Nib":9,"Charon\u0027s Ashes":19,"hubris:SlimyHat":34,"Smiling Mask":8,"ClockworkSouvenir":36,"infinitespire:EvilPickle":33,"Calling Bell":34,"Centennial Puzzle":19,"hubris:Backtick":19,"Strawberry":6,"hubris:CuriousFeather":30,"energizedSpire:HugeHouse":17,"Garlic":34,"Bottled Lightning":37,"Ring of the Snake":0},{"Girya":14,"NeowsBlessing":0,"Singing Bowl":2,"Torii":19,"Mango":7,"Pen Nib":4,"Charon\u0027s Ashes":10,"hubris:SlimyHat":19,"Smiling Mask":4,"ClockworkSouvenir":19,"infinitespire:EvilPickle":19,"Calling Bell":19,"Centennial Puzzle":10,"hubris:Backtick":10,"Strawberry":3,"hubris:CuriousFeather":17,"energizedSpire:HugeHouse":9,"Garlic":19,"Bottled Lightning":20,"Ring of the Snake":0},{"Girya":53,"NeowsBlessing":0,"Singing Bowl":2,"Torii":79,"Mango":19,"Pen Nib":7,"Charon\u0027s Ashes":40,"hubris:SlimyHat":79,"Smiling Mask":7,"ClockworkSouvenir":79,"infinitespire:EvilPickle":79,"Calling Bell":79,"Centennial Puzzle":40,"hubris:Backtick":40,"Strawberry":3,"hubris:CuriousFeather":66,"energizedSpire:HugeHouse":33,"Garlic":79,"Bottled Lightning":85,"Ring of the Snake":0}],"Ring of the Snake":[42]},"card_choices":[{"not_picked":["Deflect","Masterful Stab","Distraction"],"picked":"SKIP","floor":1},{"not_picked":["Draining Mist","Riddle With Holes"],"picked":"ReplayTheSpireMod:Shiv Toss","floor":3},{"not_picked":["ReplayTheSpireMod:Tripwire","Grand Finale","Finisher"],"picked":"Singing Bowl","floor":4},{"not_picked":["Caltrops","Outmaneuver"],"picked":"Slice","floor":4},{"not_picked":["Concentrate","Outmaneuver"],"picked":"Footwork","floor":6},{"not_picked":["Poisoned Stab","Expertise","ReplayTheSpireMod:Tripwire"],"picked":"Singing Bowl","floor":8},{"not_picked":["Underhanded Strike","Fluid Movement"],"picked":"Blade Dance","floor":11},{"not_picked":["Deflect","Bouncing Flask","Quick Slash"],"picked":"Singing Bowl","floor":12},{"not_picked":["hubris:TrickCloak","Sucker Punch"],"picked":"Blade Dance","floor":13},{"not_picked":["Crippling Poison","Predator","Hidden Blade"],"picked":"Singing Bowl","floor":14},{"not_picked":["Wraith Form v2","Phantasmal Killer"],"picked":"A Thousand Cuts","floor":16},{"not_picked":["Poisoned Stab","Flying Knee","hubris:SlightOfHand"],"picked":"Singing Bowl","floor":18},{"not_picked":["Concentrate+1","Flechettes","Expertise"],"picked":"Singing Bowl","floor":20},{"not_picked":["Masterful Stab+1","Dodge and Roll"],"picked":"Backflip+1","floor":21},{"not_picked":["Catalyst+1","Acrobatics+1","Poisoned Stab"],"picked":"Singing Bowl","floor":22},{"not_picked":["Flechettes","Deadly Poison","Sucker Punch"],"picked":"Singing Bowl","floor":24},{"not_picked":["Wraith Form v2","Riddle With Holes","Deadly Poison+1"],"picked":"Singing Bowl","floor":27},{"not_picked":["Acrobatics","PiercingWail+1"],"picked":"Accuracy","floor":29},{"not_picked":["Flying Knee","Slice+1","Leg Sweep"],"picked":"Singing Bowl","floor":30},{"not_picked":["Hidden Blade","Caltrops","Outmaneuver"],"picked":"Singing Bowl","floor":31},{"not_picked":["Glass Knife","Atom Bomb","infinitespire:Neurotoxin"],"picked":"Singing Bowl","floor":33},{"not_picked":["Hidden Blade+1","Deadly Poison+1"],"picked":"Cloak And Dagger","floor":37}],"player_experience":2797706,"relics_obtained":[{"floor":4,"key":"Singing Bowl"},{"floor":6,"key":"Strawberry"},{"floor":8,"key":"Smiling Mask"},{"floor":9,"key":"Pen Nib"},{"floor":13,"key":"Mango"},{"floor":26,"key":"Girya"},{"floor":30,"key":"hubris:CuriousFeather"},{"floor":34,"key":"hubris:SlimyHat"},{"floor":34,"key":"Garlic"},{"floor":34,"key":"Torii"},{"floor":37,"key":"Bottled Lightning"}],"event_choices":[{"damage_healed":0,"gold_gain":0,"player_choice":"Got Potions","damage_taken":0,"max_hp_gain":0,"max_hp_loss":0,"event_name":"Lab","floor":5,"gold_loss":0}],"is_beta":false,"boss_relics":[{"not_picked":["energizedSpire:StickyHand","hubris:GrandSneckoEye"],"picked":"energizedSpire:HugeHouse"},{"not_picked":["infinitespire:Cupcake","Philosopher\u0027s Stone"],"picked":"Calling Bell"}],"items_purged_floors":[19],"is_endless":true,"potions_floor_spawned":[1,3,11,12,14,20,21,22,27,29],"killed_by":"The Heart","ascension_level":3}}