{"host":"baiuyraednrljtmn","time":1612100887,"event":{"mods":["BaseMod","Colored Map","Colored Powertips","DeckTracker","Keyboard Shortcuts","Minty Spire (QoL Compilation)","Relic Stats","StSLib","SuperFastMode","everything is the same but u backflip on backflip"],"gold_per_floor":[18,18,32,51,62,62,212,228,302,312,152,165,176,176,176,250,250,263,282,182,182,6,6,6,6,56,81,27,46,46,46,46],"floor_reached":31,"language":"KOR","playtime":23738,"items_purged":["Doubt","Strike_P"],"score":494,"play_id":"4a6a2a1b-1291-46d1-a445-f27d3a63d78b","local_time":"20210131224807","is_ascension_mode":true,"campfire_choices":[{"data":"Eruption","floor":6.0,"key":"SMITH"},{"data":"SandsOfTime","floor":15.0,"key":"SMITH"},{"data":"Alpha","floor":23,"key":"SMITH"},{"floor":25,"key":"REST"},{"floor":30,"key":"REST"},{"data":"MentalFortress","floor":30,"key":"SMITH"}],"circlet_count":0,"master_deck":["AscendersBane","Strike_P","Defend_P","Defend_P","Defend_P","Eruption+1","Vigilance","Prostrate","Swivel","ThirdEye","FlurryOfBlows","MentalFortress+1","SandsOfTime+1","EmptyFist","CrushJoints","MentalFortress","Alpha+1","ThirdEye","Prostrate"],"relics":["HolyWater","TeardropLocket","Pen Nib","Turnip"],"acts_visited":["Exordium","TheCity"],"potions_floor_usage":[],"damage_taken":[{"damage":2.0,"enemies":"2 Louse","floor":1.0,"turns":4.0},{"damage":0.0,"enemies":"Cultist","floor":3.0,"turns":4.0},{"damage":0.0,"enemies":"Small Slimes","floor":4.0,"turns":4.0},{"damage":9.0,"enemies":"3 Louse","floor":5.0,"turns":8.0},{"damage":7.0,"enemies":"Blue Slaver","floor":8.0,"turns":6.0},{"damage":7.0,"enemies":"Exordium Thugs","floor":10.0,"turns":4.0},{"damage":0.0,"enemies":"2 Fungi Beasts","floor":12.0,"turns":5.0},{"damage":0.0,"enemies":"Blue Slaver","floor":13.0,"turns":4.0},{"damage":34.0,"enemies":"The Guardian","floor":16.0,"turns":9.0},{"damage":22.0,"enemies":"3 Byrds","floor":18.0,"turns":7.0},{"damage":0,"enemies":"Shell Parasite","floor":19,"turns":1},{"damage":30,"enemies":"Gremlin Leader","floor":27,"turns":5},{"damage":37,"enemies":"Sentry and Sphere","floor":29,"turns":5},{"damage":33,"enemies":"3 Cultists","floor":31,"turns":4}],"seed_played":"-406660745805108439","potions_obtained":[{"floor":1.0,"key":"Swift Potion"},{"floor":2.0,"key":"Fruit Juice"},{"floor":2.0,"key":"StancePotion"},{"floor":12.0,"key":"ColorlessPotion"},{"floor":16.0,"key":"FairyPotion"},{"floor":27,"key":"Swift Potion"}],"is_trial":false,"path_per_floor":["M","?","M","M","M","R","?","M","T","M","$","M","M","?","R","B",null,"M","M","$","?","$","R","$","R","T","E","$","M","R","M"],"character_chosen":"WATCHER","items_purchased":["SandsOfTime","Alpha","ThirdEye"],"campfire_rested":2,"item_purchase_floors":[11,22,28],"current_hp_per_floor":[59,64,64,64,55,55,55,48,48,41,41,41,41,41,41,7,57,35,35,35,35,35,35,35,56,56,26,26,10,31,0,0],"gold":46,"neow_bonus":"TRANSFORM_TWO_CARDS","is_daily":false,"chose_seed":false,"campfire_upgraded":4,"win_rate":0.0,"timestamp":1612100887,"path_taken":["M","?","M","M","?","R","?","M","T","M","$","M","M","?","R","BOSS","M","M","$","?","$","R","?","R","T","E","$","M","R","M"],"items_purchased_type":["Card","Card","Card"],"build_version":"2020-12-22","purchased_purges":2,"victory":false,"max_hp_per_floor":[68,73,73,73,73,73,73,73,73,73,73,73,73,73,73,73,73,73,73,73,73,73,73,73,73,73,73,73,73,73,73,73],"relic_stats":{"counters":[14,70],"Pen Nib":[2],"Turnip":[5],"obtain_stats":[{"HolyWater":17,"Pen Nib":26,"Turnip":27,"TeardropLocket":9,"PureWater":0},{"HolyWater":9,"Pen Nib":11,"Turnip":12,"TeardropLocket":5,"PureWater":0},{"HolyWater":48,"Pen Nib":56,"Turnip":61,"TeardropLocket":26,"PureWater":0}]},"card_choices":[{"not_picked":["Fasting2","Evaluate","Swivel"],"picked":"SKIP","floor":1.0},{"not_picked":["ReachHeaven","ThirdEye","FlyingSleeves"],"picked":"SKIP","floor":3.0},{"not_picked":["ClearTheMind","Consecrate"],"picked":"ThirdEye","floor":4.0},{"not_picked":["ClearTheMind","Crescendo"],"picked":"FlurryOfBlows","floor":5.0},{"not_picked":["Vengeance","CrushJoints"],"picked":"MentalFortress","floor":8.0},{"not_picked":["Consecrate","PathToVictory","Meditate"],"picked":"SKIP","floor":10.0},{"not_picked":["Brilliance","DeceiveReality"],"picked":"EmptyFist","floor":12.0},{"not_picked":["WreathOfFlame","Weave"],"picked":"CrushJoints","floor":13.0},{"not_picked":["ThirdEye","LikeWater","JustLucky"],"picked":"SKIP","floor":18.0},{"not_picked":["CrushJoints","Vengeance","WheelKick"],"picked":"SKIP","floor":19},{"not_picked":["Protect","Halt","BowlingBash"],"picked":"SKIP","floor":27},{"not_picked":["CutThroughFate","ClearTheMind"],"picked":"Prostrate","floor":29}],"player_experience":1431959,"relics_obtained":[{"floor":9.0,"key":"TeardropLocket"},{"floor":26,"key":"Pen Nib"},{"floor":27,"key":"Turnip"}],"event_choices":[{"damage_healed":0.0,"max_hp_gain":0.0,"max_hp_loss":0.0,"gold_gain":0.0,"event_name":"Lab","player_choice":"Got Potions","floor":2.0,"gold_loss":0.0,"damage_taken":0.0},{"damage_healed":0.0,"max_hp_gain":0.0,"max_hp_loss":0.0,"gold_gain":150.0,"event_name":"Liars Game","player_choice":"AGREE","floor":7.0,"gold_loss":0.0,"damage_taken":0.0,"cards_obtained":["Doubt"]},{"cards_removed":["Strike_P"],"damage_healed":0.0,"max_hp_gain":0.0,"max_hp_loss":0.0,"gold_gain":0.0,"event_name":"Living Wall","player_choice":"Forget","floor":14.0,"gold_loss":0.0,"damage_taken":0.0},{"damage_healed":0,"gold_gain":0,"player_choice":"Read","damage_taken":0,"max_hp_gain":0,"max_hp_loss":0,"event_name":"The Library","floor":21,"gold_loss":0,"cards_obtained":["MentalFortress"]}],"is_beta":false,"boss_relics":[{"not_picked":["Sozu","SlaversCollar"],"picked":"HolyWater"}],"items_purged_floors":[11,20],"is_endless":false,"potions_floor_spawned":[1,4,12,16,27],"killed_by":"3 Cultists","ascension_level":20}}