{"host":"k85tjwrh7mjrrc9a","time":1612129785,"event":{"mods":["AchievementEnabler","BaseMod","Colored Powertips","Highlight Path","Minty Spire (QoL Compilation)","Rare Cards Sparkle","StSLib"],"gold_per_floor":[109,109,28,46,17,45,45,101,125,67,81,112,112,112,112,187,187,204,204,204,32,82,82,108,108,108,118,130,144,90,50,50,122,122,141,141,141,156,172,172,172,188,235,20,50,66,84,27,27,27],"floor_reached":51,"language":"ENG","playtime":2705,"items_purged":[],"score":1292,"play_id":"9b67bb35-c588-43c6-99f1-6adf252e713a","local_time":"20210131164945","is_ascension_mode":true,"campfire_choices":[{"data":"Bash","floor":7.0,"key":"SMITH"},{"floor":13.0,"key":"REST"},{"data":"Evolve","floor":15.0,"key":"SMITH"},{"data":"Armaments","floor":23.0,"key":"SMITH"},{"floor":25.0,"key":"REST"},{"floor":32.0,"key":"REST"},{"floor":40.0,"key":"REST"},{"floor":49.0,"key":"REST"}],"circlet_count":0,"master_deck":["AscendersBane","Strike_R","Strike_R","Strike_R","Defend_R","Defend_R","Defend_R","Defend_R","Bash+1","Evolve+1","Shrug It Off","Thunderclap","Heavy Blade","Twin Strike","Cleave","Pommel Strike","Sentinel","Flame Barrier","Ghostly Armor","Limit Break","True Grit","Wild Strike","Armaments+1","Shockwave","Demon Form","Whirlwind","Heavy Blade","Heavy Blade+1","Battle Trance"],"relics":["Burning Blood","Regal Pillow","Prayer Wheel","Potion Belt","Blue Candle","Singing Bowl","Mark of Pain","Matryoshka","Orrery","Paper Frog","Pen Nib","Omamori","Runic Cube","Vajra","Dream Catcher","Lee\u0027s Waffle","Oddly Smooth Stone"],"acts_visited":["Exordium","TheCity","TheBeyond"],"potions_floor_usage":[50,50,50],"damage_taken":[{"damage":2.0,"enemies":"2 Louse","floor":1.0,"turns":3.0},{"damage":6.0,"enemies":"Cultist","floor":4.0,"turns":4.0},{"damage":34.0,"enemies":"3 Sentries","floor":6.0,"turns":9.0},{"damage":7.0,"enemies":"Jaw Worm","floor":11.0,"turns":3.0},{"damage":30.0,"enemies":"Lagavulin","floor":12.0,"turns":5.0},{"damage":61.0,"enemies":"The Guardian","floor":16.0,"turns":13.0},{"damage":10.0,"enemies":"Chosen","floor":18.0,"turns":6.0},{"damage":60.0,"enemies":"Slavers","floor":24.0,"turns":7.0},{"damage":30.0,"enemies":"3 Byrds","floor":27.0,"turns":5.0},{"damage":4.0,"enemies":"Snecko","floor":28.0,"turns":5.0},{"damage":14.0,"enemies":"Centurion and Healer","floor":29.0,"turns":6.0},{"damage":113.0,"enemies":"Collector","floor":33.0,"turns":15.0},{"damage":43.0,"enemies":"3 Darklings","floor":35.0,"turns":5.0},{"damage":15.0,"enemies":"3 Shapes","floor":38.0,"turns":5.0},{"damage":43.0,"enemies":"Maw","floor":39.0,"turns":10.0},{"damage":33.0,"enemies":"Writhing Mass","floor":42.0,"turns":5.0},{"damage":68.0,"enemies":"Reptomancer","floor":45.0,"turns":5.0},{"damage":25.0,"enemies":"4 Shapes","floor":46.0,"turns":2.0},{"damage":49.0,"enemies":"Maw","floor":47.0,"turns":6.0},{"damage":61,"enemies":"Donu and Deca","floor":50,"turns":7}],"seed_played":"5493532037265462327","potions_obtained":[{"floor":1.0,"key":"Fruit Juice"},{"floor":2.0,"key":"LiquidMemories"},{"floor":2.0,"key":"Strength Potion"},{"floor":18.0,"key":"EssenceOfSteel"},{"floor":31.0,"key":"DistilledChaos"},{"floor":31.0,"key":"Explosive Potion"},{"floor":31.0,"key":"BloodPotion"},{"floor":33.0,"key":"Explosive Potion"},{"floor":35.0,"key":"SpeedPotion"},{"floor":39.0,"key":"AttackPotion"},{"floor":42.0,"key":"Fire Potion"}],"is_trial":false,"path_per_floor":["M","?","$","M","$","E","R","?","T","$","M","E","R","T","R","B",null,"M","?","T","$","?","R","E","R","T","M","M","M","$","?","R","B",null,"M","?","?","M","M","R","?","M","T","$","E","M","M","$","R","B",null],"character_chosen":"IRONCLAD","items_purchased":["Shrug It Off","Thunderclap","Twin Strike","Pommel Strike","Orrery","BloodPotion","Lee\u0027s Waffle","Dexterity Potion","PowerPotion"],"campfire_rested":5,"item_purchase_floors":[3,3,5,10,21,30,44,44,48],"current_hp_per_floor":[72,77,77,77,77,49,49,49,49,49,48,24,63,63,63,8,62,60,60,60,68,68,68,16,58,58,36,42,38,38,38,83,18,83,50,52,52,47,12,61,61,36,36,125,65,50,7,7,63,8],"gold":27,"neow_bonus":"RANDOM_COMMON_RELIC","is_daily":false,"chose_seed":false,"campfire_upgraded":3,"win_rate":0.0,"timestamp":1612129785,"path_taken":["M","?","?","M","$","E","R","?","T","$","M","E","R","?","R","BOSS","M","?","?","$","?","R","E","R","T","M","M","M","$","?","R","BOSS","M","?","?","?","M","R","?","M","T","$","E","?","M","?","R","BOSS"],"items_purchased_type":["Card","Card","Card","Card","Relic","Potion","Relic","Potion","Potion"],"build_version":"2020-12-22","purchased_purges":0,"victory":true,"max_hp_per_floor":[75,80,80,80,80,80,80,80,80,80,80,80,80,80,80,80,80,82,82,82,90,90,90,92,92,92,94,98,102,102,102,102,104,104,108,110,110,114,116,116,116,118,118,125,127,131,131,131,133,133],"card_choices":[{"not_picked":["Burning Pact","Flex"],"picked":"Evolve","floor":1.0},{"not_picked":["Infernal Blade","Combust"],"picked":"Heavy Blade","floor":4.0},{"not_picked":["Hemokinesis","Flame Barrier"],"picked":"Cleave","floor":6.0},{"not_picked":["Twin Strike","Power Through"],"picked":"Sentinel","floor":11.0},{"not_picked":["Sword Boomerang","Reckless Charge"],"picked":"Flame Barrier","floor":11.0},{"not_picked":["Anger","Juggernaut"],"picked":"Ghostly Armor","floor":12.0},{"not_picked":["Offering","Double Tap"],"picked":"Limit Break","floor":16.0},{"not_picked":["Infernal Blade","Sword Boomerang"],"picked":"True Grit","floor":18.0},{"not_picked":["Twin Strike","Thunderclap","Warcry"],"picked":"Singing Bowl","floor":18.0},{"not_picked":["Twin Strike","Reaper","Perfected Strike"],"picked":"Singing Bowl","floor":21.0},{"not_picked":["Perfected Strike","Sword Boomerang","Body Slam"],"picked":"Singing Bowl","floor":21.0},{"not_picked":["Body Slam","Uppercut","Headbutt"],"picked":"Singing Bowl","floor":21.0},{"not_picked":["Shrug It Off","Impervious"],"picked":"Armaments","floor":21.0},{"not_picked":["Sword Boomerang","Clash","Havoc"],"picked":"Singing Bowl","floor":21.0},{"not_picked":["Impervious","Dark Embrace","Rupture+1"],"picked":"Singing Bowl","floor":24.0},{"not_picked":["Clash","Pommel Strike+1","Perfected Strike"],"picked":"Singing Bowl","floor":27.0},{"not_picked":["Shrug It Off","Reckless Charge+1"],"picked":"Shockwave","floor":27.0},{"not_picked":["Armaments","Clothesline","Dual Wield"],"picked":"Singing Bowl","floor":28.0},{"not_picked":["Thunderclap","Fiend Fire","Searing Blow"],"picked":"Singing Bowl","floor":28.0},{"not_picked":["Dual Wield","Heavy Blade","Warcry"],"picked":"Singing Bowl","floor":29.0},{"not_picked":["Anger","Perfected Strike","Thunderclap"],"picked":"Singing Bowl","floor":29.0},{"not_picked":["Berserk","Fiend Fire","Reaper"],"picked":"Singing Bowl","floor":33.0},{"not_picked":["Anger","Flex","Clash+1"],"picked":"Singing Bowl","floor":35.0},{"not_picked":["Warcry","Bloodletting+1","Clothesline"],"picked":"Singing Bowl","floor":35.0},{"not_picked":["The Bomb","Mayhem","Discovery"],"picked":"Singing Bowl","floor":36.0},{"not_picked":["Thunderclap+1","Perfected Strike","Shockwave+1"],"picked":"Singing Bowl","floor":38.0},{"not_picked":["Pommel Strike","Perfected Strike+1","Cleave"],"picked":"Singing Bowl","floor":38.0},{"not_picked":["Pummel","Clash"],"picked":"Whirlwind","floor":39.0},{"not_picked":["Clash+1","Thunderclap+1","Body Slam"],"picked":"Singing Bowl","floor":39.0},{"not_picked":["Blood for Blood+1","Twin Strike","Uppercut"],"picked":"Singing Bowl","floor":42.0},{"not_picked":["Body Slam+1","Flex"],"picked":"Heavy Blade","floor":42.0},{"not_picked":["Flex","Disarm","Rage"],"picked":"Singing Bowl","floor":45.0},{"not_picked":["Blood for Blood+1","Juggernaut","Cleave"],"picked":"Singing Bowl","floor":46.0},{"not_picked":["Cleave","Sword Boomerang","Havoc"],"picked":"Singing Bowl","floor":46.0},{"not_picked":["Flame Barrier","Headbutt+1"],"picked":"Heavy Blade+1","floor":47.0},{"not_picked":["Barricade","Perfected Strike+1"],"picked":"Battle Trance","floor":47.0},{"not_picked":["Sever Soul","Evolve","Searing Blow"],"picked":"Singing Bowl","floor":49.0}],"player_experience":241374,"relics_obtained":[{"floor":6.0,"key":"Prayer Wheel"},{"floor":9.0,"key":"Potion Belt"},{"floor":12.0,"key":"Blue Candle"},{"floor":14.0,"key":"Singing Bowl"},{"floor":20.0,"key":"Matryoshka"},{"floor":24.0,"key":"Paper Frog"},{"floor":26.0,"key":"Pen Nib"},{"floor":26.0,"key":"Omamori"},{"floor":43.0,"key":"Vajra"},{"floor":43.0,"key":"Dream Catcher"},{"floor":45.0,"key":"Oddly Smooth Stone"}],"event_choices":[{"damage_healed":0.0,"max_hp_gain":0.0,"max_hp_loss":0.0,"gold_gain":0.0,"event_name":"Lab","player_choice":"Got Potions","floor":2.0,"gold_loss":0.0,"damage_taken":0.0},{"damage_healed":0.0,"max_hp_gain":0.0,"max_hp_loss":0.0,"gold_gain":56.0,"event_name":"Golden Wing","player_choice":"Gained Gold","floor":8.0,"gold_loss":0.0,"damage_taken":0.0},{"damage_healed":0.0,"max_hp_gain":0.0,"max_hp_loss":0.0,"gold_gain":0.0,"event_name":"The Library","player_choice":"Read","floor":19.0,"gold_loss":0.0,"damage_taken":0.0,"cards_obtained":["Wild Strike"]},{"damage_healed":0.0,"max_hp_gain":0.0,"max_hp_loss":0.0,"gold_gain":50.0,"event_name":"Nest","player_choice":"Stole From Cult","floor":22.0,"gold_loss":0.0,"damage_taken":0.0},{"damage_healed":0.0,"max_hp_gain":0.0,"max_hp_loss":0.0,"gold_gain":0.0,"event_name":"The Woman in Blue","player_choice":"Bought 3 Potions","floor":31.0,"gold_loss":0.0,"damage_taken":0.0},{"damage_healed":0.0,"max_hp_gain":0.0,"max_hp_loss":0.0,"gold_gain":0.0,"event_name":"SensoryStone","player_choice":"Memory 1","floor":36.0,"gold_loss":0.0,"damage_taken":0.0},{"damage_healed":0.0,"max_hp_gain":0.0,"max_hp_loss":0.0,"gold_gain":0.0,"cards_transformed":["Strike_R"],"event_name":"Transmorgrifier","player_choice":"Transformed","floor":37.0,"gold_loss":0.0,"damage_taken":0.0,"cards_obtained":["Demon Form"]},{"cards_removed":["Strike_R"],"damage_healed":0.0,"max_hp_gain":0.0,"max_hp_loss":0.0,"gold_gain":0.0,"event_name":"Wheel of Change","player_choice":"Card Removal","floor":41.0,"gold_loss":0.0,"damage_taken":0.0}],"is_beta":false,"boss_relics":[{"not_picked":["Empty Cage","Pandora\u0027s Box"],"picked":"Mark of Pain"},{"not_picked":["SacredBark","Coffee Dripper"],"picked":"Runic Cube"}],"items_purged_floors":[],"is_endless":false,"potions_floor_spawned":[1,6,18,33,35,39,42],"ascension_level":16}}