{"host":"8lno9xwgef3sjccz","time":1612060647,"event":{"mods":["AchievementEnabler","BaseMod","Minty Spire (QoL Compilation)","Relic Stats"],"gold_per_floor":[119,134,152,152,2,35,35,46,46,74,74,89,108,119,119,221,221,236,251,0,11,11,42,54,67,67,67,67,77,97,110,110,215,215,215,215],"floor_reached":35,"language":"ENG","playtime":10459,"items_purged":["Strike_B"],"score":440,"play_id":"cb00e61c-4a87-481f-bc49-a020fc324615","local_time":"20210130213727","is_ascension_mode":true,"campfire_choices":[{"data":"Loop","floor":7,"key":"SMITH"},{"data":"Barrage","floor":15,"key":"SMITH"},{"data":"Zap","floor":27,"key":"SMITH"},{"data":"Biased Cognition","floor":32,"key":"SMITH"}],"circlet_count":0,"master_deck":["Defend_B","Defend_B","Defend_B","Defend_B","Zap+1","Dualcast","Hello World","Barrage+1","Reinforced Body","Cold Snap","Loop+1","Leap","Beam Cell","Hologram","Redo","Cold Snap","Biased Cognition+1","White Noise","Heatsinks","Glacier","Sunder+1","Sweeping Beam+1","Auto Shields","Bite+1","Bite+1","Bite+1","Bite+1","Bite+1","Rebound+1","Streamline+1","Amplify","Creative AI+1","CurseOfTheBell"],"relics":["Cracked Core","NeowsBlessing","Sundial","TungstenRod","FossilizedHelix","Lantern","Runic Pyramid","Molten Egg 2","Bronze Scales","Frozen Egg 2","Calling Bell","Regal Pillow","Mercury Hourglass","Thread and Needle"],"acts_visited":["Exordium","TheCity","TheBeyond"],"potions_floor_usage":[8,8,8,12,12,14,16,19,23,24,25],"damage_taken":[{"damage":0,"enemies":"2 Louse","floor":1,"turns":1},{"damage":0,"enemies":"Small Slimes","floor":2,"turns":1},{"damage":0,"enemies":"Cultist","floor":3,"turns":1},{"damage":29,"enemies":"Lagavulin","floor":6,"turns":6},{"damage":9,"enemies":"Blue Slaver","floor":8,"turns":4},{"damage":9,"enemies":"3 Sentries","floor":10,"turns":8},{"damage":0,"enemies":"2 Fungi Beasts","floor":12,"turns":4},{"damage":2,"enemies":"3 Louse","floor":13,"turns":4},{"damage":11,"enemies":"Gremlin Gang","floor":14,"turns":5},{"damage":9,"enemies":"Slime Boss","floor":16,"turns":14},{"damage":0,"enemies":"Spheric Guardian","floor":18,"turns":4},{"damage":0,"enemies":"Chosen","floor":19,"turns":5},{"damage":12,"enemies":"Snake Plant","floor":21,"turns":4},{"damage":26,"enemies":"Gremlin Leader","floor":23,"turns":5},{"damage":0,"enemies":"Shelled Parasite and Fungi","floor":24,"turns":7},{"damage":10,"enemies":"Centurion and Healer","floor":25,"turns":12},{"damage":0,"enemies":"Cultist and Chosen","floor":29,"turns":6},{"damage":2,"enemies":"Shelled Parasite and Fungi","floor":30,"turns":7},{"damage":9,"enemies":"Sentry and Sphere","floor":31,"turns":5},{"damage":55,"enemies":"Collector","floor":33,"turns":12},{"damage":59,"enemies":"3 Darklings","floor":35,"turns":4}],"seed_played":"613227388650141373","potions_obtained":[{"floor":1,"key":"Regen Potion"},{"floor":2,"key":"DistilledChaos"},{"floor":3,"key":"EssenceOfSteel"},{"floor":11,"key":"SkillPotion"},{"floor":11,"key":"BlessingOfTheForge"},{"floor":11,"key":"FearPotion"},{"floor":12,"key":"ColorlessPotion"},{"floor":13,"key":"LiquidBronze"},{"floor":16,"key":"Strength Potion"},{"floor":18,"key":"SkillPotion"},{"floor":21,"key":"SpeedPotion"},{"floor":23,"key":"GamblersBrew"},{"floor":31,"key":"Ancient Potion"},{"floor":33,"key":"Dexterity Potion"}],"is_trial":false,"path_per_floor":["M","M","M","?","$","E","R","M","T","E","?","M","M","M","R","B",null,"M","M","$","M","$","E","M","M","T","R","?","M","M","M","R","B",null,"M"],"character_chosen":"DEFECT","items_purchased":["Cold Snap","PowerPotion","Molten Egg 2"],"campfire_rested":0,"item_purchase_floors":[5,5,20],"current_hp_per_floor":[75,75,75,72,72,43,43,39,39,30,30,30,28,17,17,8,75,75,75,75,63,63,37,37,27,27,27,27,42,49,46,46,15,52,0,0],"gold":215,"neow_bonus":"THREE_ENEMY_KILL","is_daily":false,"chose_seed":false,"campfire_upgraded":4,"win_rate":0.0,"timestamp":1612060647,"path_taken":["M","M","M","?","$","E","R","M","T","E","?","M","M","M","R","BOSS","M","M","$","M","$","E","?","M","T","R","?","M","M","M","R","BOSS","M"],"items_purchased_type":["Card","Potion","Relic"],"build_version":"2020-12-22","purchased_purges":1,"victory":false,"max_hp_per_floor":[75,75,75,75,75,75,75,75,75,75,75,75,75,75,75,75,75,75,75,75,75,75,75,75,75,75,75,52,52,52,52,52,52,52,52,52],"relic_stats":{"Regal Pillow":0,"counters":[21,116],"Sundial":[6],"Bronze Scales":[183],"obtain_stats":[{"Lantern":10,"Regal Pillow":34,"NeowsBlessing":0,"Thread and Needle":34,"Frozen Egg 2":26,"Mercury Hourglass":34,"Calling Bell":34,"Sundial":4,"Bronze Scales":23,"Molten Egg 2":20,"Cracked Core":0,"TungstenRod":6,"FossilizedHelix":9,"Runic Pyramid":17},{"Lantern":6,"Regal Pillow":20,"NeowsBlessing":0,"Thread and Needle":20,"Frozen Egg 2":16,"Mercury Hourglass":20,"Calling Bell":20,"Sundial":3,"Bronze Scales":14,"Molten Egg 2":12,"Cracked Core":0,"TungstenRod":4,"FossilizedHelix":5,"Runic Pyramid":10},{"Lantern":20,"Regal Pillow":112,"NeowsBlessing":0,"Thread and Needle":112,"Frozen Egg 2":82,"Mercury Hourglass":112,"Calling Bell":112,"Sundial":3,"Bronze Scales":63,"Molten Egg 2":54,"Cracked Core":0,"TungstenRod":9,"FossilizedHelix":13,"Runic Pyramid":45}],"TungstenRod":36,"Mercury Hourglass":[18]},"card_choices":[{"not_picked":["Rebound","Steam"],"picked":"Hello World","floor":1},{"not_picked":["Sweeping Beam","Streamline"],"picked":"Barrage","floor":2},{"not_picked":["Sweeping Beam","Streamline"],"picked":"Reinforced Body","floor":3},{"not_picked":["Self Repair","Chill"],"picked":"Loop","floor":6},{"not_picked":["Hologram","Tempest"],"picked":"Leap","floor":8},{"not_picked":["Go for the Eyes","Aggregate"],"picked":"Beam Cell","floor":10},{"not_picked":["Recycle","Glacier"],"picked":"Hologram","floor":12},{"not_picked":["Cold Snap","Streamline"],"picked":"Redo","floor":13},{"not_picked":["Stack","Conserve Battery"],"picked":"Cold Snap","floor":14},{"not_picked":["Meteor Strike","Amplify"],"picked":"Biased Cognition","floor":16},{"not_picked":["Rebound","Coolheaded"],"picked":"White Noise","floor":18},{"not_picked":["Hologram","White Noise"],"picked":"Heatsinks","floor":19},{"not_picked":["Go for the Eyes+1","Reprogram+1"],"picked":"Glacier","floor":21},{"not_picked":["Lockon+1","Beam Cell+1"],"picked":"Sunder+1","floor":23},{"not_picked":["Redo","Beam Cell+1"],"picked":"Sweeping Beam+1","floor":24},{"not_picked":["Hello World","Genetic Algorithm"],"picked":"Auto Shields","floor":25},{"not_picked":["Compile Driver+1","Coolheaded"],"picked":"Rebound+1","floor":29},{"not_picked":["Turbo+1","Coolheaded"],"picked":"Streamline+1","floor":30},{"not_picked":["Cold Snap+1","Rebound+1"],"picked":"Amplify","floor":31},{"not_picked":["Fission","Biased Cognition+1"],"picked":"Creative AI+1","floor":33}],"player_experience":68776,"relics_obtained":[{"floor":6,"key":"TungstenRod"},{"floor":9,"key":"FossilizedHelix"},{"floor":10,"key":"Lantern"},{"floor":23,"key":"Bronze Scales"},{"floor":26,"key":"Frozen Egg 2"},{"floor":34,"key":"Regal Pillow"},{"floor":34,"key":"Mercury Hourglass"},{"floor":34,"key":"Thread and Needle"}],"event_choices":[{"damage_healed":0,"gold_gain":0,"player_choice":"Success","damage_taken":3,"relics_obtained":["Sundial"],"max_hp_gain":0,"max_hp_loss":0,"event_name":"Scrap Ooze","floor":4,"gold_loss":0},{"damage_healed":0,"gold_gain":0,"player_choice":"Got Potions","damage_taken":0,"max_hp_gain":0,"max_hp_loss":0,"event_name":"Lab","floor":11,"gold_loss":0},{"damage_healed":0,"gold_gain":0,"player_choice":"Became a vampire","damage_taken":0,"max_hp_gain":0,"max_hp_loss":23,"event_name":"Vampires","floor":28,"gold_loss":0,"cards_obtained":["Bite","Bite","Bite","Bite","Bite"]}],"is_beta":false,"boss_relics":[{"not_picked":["Cursed Key","Ectoplasm"],"picked":"Runic Pyramid"},{"not_picked":["Fusion Hammer","SacredBark"],"picked":"Calling Bell"}],"items_purged_floors":[5],"is_endless":false,"potions_floor_spawned":[1,2,3,12,13,16,18,21,23,31,33],"killed_by":"3 Darklings","ascension_level":1}}