{"host":"vjkx177ju3wjmzef","time":1612090271,"event":{"mods":["BaseMod","Block Reminder","Colored Map","Colored Powertips","DeckTracker","Googly Eyes","Highlight Path","Minty Spire (QoL Compilation)","Quick Restart","Random Character Button","Relic Stats","Replay The Spire","StSLib"],"gold_per_floor":[113,38,38,55,68,68,68,80,80,80,80,99,99,132,132,132,132],"floor_reached":16,"language":"ENG","playtime":904,"items_purged":["Defend_P"],"score":100,"play_id":"b087b716-d1c4-440f-8fbc-1daf3d1f120c","local_time":"20210131045111","is_ascension_mode":false,"campfire_choices":[{"data":"Replay:Sssssssssstrike","floor":6.0,"key":"SMITH"},{"data":"Vigilance","floor":10.0,"key":"SMITH"},{"data":"Prostrate","floor":13.0,"key":"SMITH"},{"data":"Weave","floor":15.0,"key":"SMITH"}],"circlet_count":0,"master_deck":["Strike_P","Strike_P","Defend_P","Defend_P","Defend_P","Eruption","Vigilance+1","Replay:Sssssssssstrike+1","DeceiveReality","Weave+1","Halt","Replay:Cycle","ClearTheMind","Hallucinations","Prostrate+1","Replay:BluntJabs"],"relics":["PureWater","Bag of Marbles","Ring of Fangs","Replay:WaspNest"],"acts_visited":["Exordium"],"potions_floor_usage":[16],"damage_taken":[{"damage":0.0,"enemies":"Cultist","floor":1.0,"turns":2.0},{"damage":3.0,"enemies":"Jaw Worm","floor":4.0,"turns":4.0},{"damage":0.0,"enemies":"2 Louse","floor":5.0,"turns":3.0},{"damage":4.0,"enemies":"Looter","floor":8.0,"turns":3.0},{"damage":0.0,"enemies":"Blue Slaver","floor":12.0,"turns":4.0},{"damage":33.0,"enemies":"3 Sentries","floor":14.0,"turns":16.0},{"damage":49,"enemies":"Fading Forest","floor":16,"turns":10}],"seed_played":"7310367263268955018","potions_obtained":[{"floor":12.0,"key":"StancePotion"},{"floor":14.0,"key":"Elixir"}],"is_trial":false,"path_per_floor":["M","$","?","M","M","R","?","M","T","R","?","M","R","E","R","B"],"character_chosen":"WATCHER","items_purchased":[],"campfire_rested":0,"item_purchase_floors":[],"current_hp_per_floor":[72,72,72,69,69,69,69,65,65,65,65,65,65,32,32,0,0],"gold":132,"neow_bonus":"RANDOM_COLORLESS","is_daily":false,"chose_seed":false,"campfire_upgraded":4,"win_rate":0.0,"timestamp":1612090271,"path_taken":["M","?","?","?","M","R","?","?","T","R","?","M","R","E","R","BOSS"],"items_purchased_type":[],"build_version":"2020-12-22","purchased_purges":1,"victory":false,"max_hp_per_floor":[72,72,72,72,72,72,72,72,72,72,72,72,72,72,72,72,72],"relic_stats":{"counters":[7,42],"obtain_stats":[{"Ring of Fangs":11,"Replay:WaspNest":14,"Bag of Marbles":9,"PureWater":0},{"Ring of Fangs":4,"Replay:WaspNest":6,"Bag of Marbles":4,"PureWater":0},{"Ring of Fangs":12,"Replay:WaspNest":32,"Bag of Marbles":12,"PureWater":0}]},"card_choices":[{"not_picked":["Purity","Mind Blast"],"picked":"Replay:Sssssssssstrike","floor":0.0},{"not_picked":["FearNoEvil","Study"],"picked":"DeceiveReality","floor":1.0},{"not_picked":["Evaluate","Swivel"],"picked":"Halt","floor":4.0},{"not_picked":["Protect","Replay:ManipulateFuture"],"picked":"Replay:Cycle","floor":5.0},{"not_picked":["Replay:ManipulateFuture","ThirdEye"],"picked":"ClearTheMind","floor":8.0},{"not_picked":["MentalFortress","Swivel"],"picked":"Prostrate","floor":12.0},{"not_picked":["WindmillStrike","Vault"],"picked":"Replay:BluntJabs","floor":14.0}],"player_experience":175241,"relics_obtained":[{"floor":9.0,"key":"Bag of Marbles"},{"floor":11.0,"key":"Ring of Fangs"},{"floor":14.0,"key":"Replay:WaspNest"}],"event_choices":[{"damage_healed":0.0,"max_hp_gain":0.0,"max_hp_loss":0.0,"gold_gain":0.0,"cards_transformed":["Strike_P"],"event_name":"Transmorgrifier","player_choice":"Transformed","floor":3.0,"gold_loss":0.0,"damage_taken":0.0,"cards_obtained":["Weave"]},{"cards_removed":["Strike_P"],"damage_healed":0.0,"max_hp_gain":0.0,"max_hp_loss":0.0,"gold_gain":0.0,"event_name":"Purifier","player_choice":"Purged","floor":7.0,"gold_loss":0.0,"damage_taken":0.0}],"is_beta":false,"boss_relics":[],"items_purged_floors":[2],"is_endless":false,"potions_floor_spawned":[12,14],"killed_by":"Fading Forest","ascension_level":0}}