{"host":"ibckqdmmf9y74ymf","time":1612051415,"event":{"mods":["2.2 Compatiblity","BaseMod","Colored Map","Curses Come First","Highlight Path","Minty Spire (QoL Compilation)","Quick Restart","Rare Cards Sparkle","Relic Stats","StSLib"],"gold_per_floor":[114,114,129,139,139,170,170,182,236,1,33,52,52,62,62,62,62],"floor_reached":16,"language":"ENG","playtime":571,"items_purged":["Strike_G"],"score":224,"play_id":"a64fcffb-7e55-44e2-a069-4f1775cb8a58","local_time":"20210131010335","is_ascension_mode":true,"campfire_choices":[{"floor":7.0,"key":"REST"},{"data":"Noxious Fumes","floor":13.0,"key":"SMITH"},{"data":"Bouncing Flask","floor":15,"key":"SMITH"}],"circlet_count":0,"master_deck":["AscendersBane","Strike_G","Strike_G","Defend_G","Defend_G","Defend_G","Defend_G","Defend_G+1","Survivor+1","Neutralize","Bouncing Flask+1","Cloak And Dagger","Dagger Throw","Underhanded Strike","Noxious Fumes+1","Cloak And Dagger","Backflip","Catalyst"],"relics":["Ring of the Snake","NeowsBlessing","Mummified Hand","War Paint","Oddly Smooth Stone","Omamori"],"acts_visited":["Exordium"],"potions_floor_usage":[],"damage_taken":[{"damage":0.0,"enemies":"Small Slimes","floor":1.0,"turns":1.0},{"damage":0.0,"enemies":"Cultist","floor":3.0,"turns":1.0},{"damage":0.0,"enemies":"2 Louse","floor":4.0,"turns":1.0},{"damage":31.0,"enemies":"Lagavulin","floor":6.0,"turns":6.0},{"damage":6.0,"enemies":"Red Slaver","floor":8.0,"turns":3.0},{"damage":4.0,"enemies":"3 Sentries","floor":11.0,"turns":8.0},{"damage":0.0,"enemies":"3 Louse","floor":12.0,"turns":4.0},{"damage":0,"enemies":"Exordium Thugs","floor":14,"turns":5},{"damage":26,"enemies":"Slime Boss","floor":16,"turns":6}],"seed_played":"92683393298616912","potions_obtained":[{"floor":4.0,"key":"DuplicationPotion"},{"floor":8.0,"key":"Ancient Potion"},{"floor":14,"key":"Ancient Potion"}],"is_trial":false,"path_per_floor":["M","?","M","M","?","E","R","M","T","$","E","M","R","M","R","B"],"character_chosen":"THE_SILENT","items_purchased":["Oddly Smooth Stone"],"campfire_rested":1,"item_purchase_floors":[10],"current_hp_per_floor":[59,59,59,59,59,28,47,41,41,41,37,37,37,37,37,11,11],"gold":62,"neow_bonus":"THREE_ENEMY_KILL","is_daily":false,"chose_seed":false,"campfire_upgraded":2,"win_rate":0.0,"timestamp":1612051415,"path_taken":["M","?","?","?","?","E","R","M","T","$","E","M","R","M","R","BOSS"],"items_purchased_type":["Relic"],"build_version":"2020-12-22","purchased_purges":1,"victory":false,"max_hp_per_floor":[66,66,66,66,66,66,66,66,66,66,66,66,66,66,66,66,66],"relic_stats":{"counters":[9,35],"Mummified Hand":[3],"War Paint":["Survivor","Defend_G"],"obtain_stats":[{"NeowsBlessing":0,"Mummified Hand":6,"Oddly Smooth Stone":10,"Omamori":11,"War Paint":9,"Ring of the Snake":0},{"NeowsBlessing":0,"Mummified Hand":4,"Oddly Smooth Stone":5,"Omamori":6,"War Paint":5,"Ring of the Snake":0},{"NeowsBlessing":0,"Mummified Hand":9,"Oddly Smooth Stone":12,"Omamori":20,"War Paint":12,"Ring of the Snake":0}],"Ring of the Snake":[18]},"card_choices":[{"not_picked":["Outmaneuver","Heel Hook"],"picked":"Bouncing Flask","floor":1.0},{"not_picked":["Flying Knee","Setup"],"picked":"Cloak And Dagger","floor":3.0},{"not_picked":["PiercingWail","Underhanded Strike"],"picked":"Dagger Throw","floor":4.0},{"not_picked":["Prepared","Night Terror"],"picked":"Noxious Fumes","floor":6.0},{"not_picked":["Sucker Punch","Poisoned Stab"],"picked":"Cloak And Dagger","floor":8.0},{"not_picked":["Dodge and Roll","Expertise"],"picked":"Backflip","floor":11.0},{"not_picked":["Escape Plan","Predator"],"picked":"Catalyst","floor":12.0},{"not_picked":["Outmaneuver","Masterful Stab","Sucker Punch"],"picked":"SKIP","floor":14}],"player_experience":668404,"relics_obtained":[{"floor":6.0,"key":"Mummified Hand"},{"floor":9.0,"key":"War Paint"},{"floor":11.0,"key":"Omamori"}],"event_choices":[{"cards_removed":["Strike_G"],"damage_healed":0.0,"max_hp_gain":0.0,"max_hp_loss":0.0,"gold_gain":0.0,"event_name":"Wheel of Change","player_choice":"Card Removal","floor":2.0,"gold_loss":0.0,"damage_taken":0.0},{"damage_healed":0.0,"max_hp_gain":0.0,"max_hp_loss":0.0,"gold_gain":0.0,"cards_transformed":["Strike_G"],"event_name":"Transmorgrifier","player_choice":"Transformed","floor":5.0,"gold_loss":0.0,"damage_taken":0.0,"cards_obtained":["Underhanded Strike"]}],"is_beta":false,"boss_relics":[],"items_purged_floors":[10],"is_endless":false,"potions_floor_spawned":[4,8,14],"killed_by":"Slime Boss","ascension_level":20}}