{"host":"gp3usc0dpezjueuv","time":1612077337,"event":{"mods":["Act Like it!","BaseMod","BetterRewards","CapriCore","Colored Powertips","Dota2Spire","HololiveMod","Jedi Mod","Minty Spire (QoL Compilation)","Quick Restart","Remove Card Discount Mod","Replay The Spire","Spicy Shops","StSLib","Swap Starting Deck Mod","The Alterego","WarShipGirlsR/??¤Ö¤kR mod","Yakumo Yukari mod","Youmu¡]»î¾z§¯?¡^"],"gold_per_floor":[84,103,118,137,80,110,101,130,130,144,144,158,190,207,207,309,409,420,438,458,458,508,581,581],"floor_reached":23,"language":"ZHS","playtime":919,"items_purged":["Hololive_Strike","Hololive_Strike","Hololive_Strike","Hololive_Defend","Hololive_Defend","Hololive_Defend","Hololive_ManjiGathering","ReplayTheSpireMod:Doomed"],"score":509,"play_id":"79b80f8d-a01a-4d3d-98ec-9e0905b6d0b4","local_time":"20210131151537","is_ascension_mode":true,"campfire_choices":[{"data":"Hololive_CallHoshimachiSuisei","floor":15,"key":"SMITH"}],"circlet_count":0,"master_deck":["Hololive_CallHoshimachiSuisei+1","Hololive_CallTokinoSora+1","Hololive_CallFriendA","Hololive_CallAZKi","Hololive_StrengthChampion+1","Hololive_CocoNews+1","Hololive_IdolExercise","Hololive_CocoNews","Regret","Hololive_FlyingPonyTail","Hololive_Thief","Hololive_CocoNews+1","Looming Evil"],"relics":["Hololive_TheStar","Hololive_Chaos","Sundial","Replay:Ringing Soul","Replay:Kaleidoscope","Ice Cream","ReplayTheSpireMod:CursedCoin","Whetstone","Juzu Bracelet","jedi:angrymask","Pondfish Scales","Centennial Puzzle","Replay:Wanted Poster","Ring of Greed","Membership Card","Replay:Bandana","ReplayTheSpireMod:Ring of Challenge"],"acts_visited":["Exordium","TheCity"],"potions_floor_usage":[],"damage_taken":[{"damage":0,"enemies":"Cultist","floor":1,"turns":2},{"damage":0,"enemies":"2 Louse","floor":2,"turns":2},{"damage":0,"enemies":"Jaw Worm","floor":3,"turns":3},{"damage":0,"enemies":"3 Louse","floor":4,"turns":1},{"damage":0,"enemies":"Lagavulin","floor":6,"turns":2},{"damage":0,"enemies":"Gremlin Nob","floor":8,"turns":3},{"damage":0,"enemies":"Blue Slaver","floor":10,"turns":2},{"damage":12,"enemies":"Lots of Slimes","floor":12,"turns":4},{"damage":0,"enemies":"3 Sentries","floor":13,"turns":2},{"damage":0,"enemies":"2 Fungi Beasts","floor":14,"turns":2},{"damage":4,"enemies":"Fading Forest","floor":16,"turns":9},{"damage":0,"enemies":"Spheric Guardian","floor":18,"turns":2},{"damage":0,"enemies":"Chosen","floor":19,"turns":2},{"damage":0,"enemies":"3 Cultists","floor":20,"turns":3},{"damage":63,"enemies":"Gremlin Leader","floor":23,"turns":6}],"seed_played":"-5811894930845152028","potions_obtained":[{"floor":2,"key":"Strength Potion"},{"floor":3,"key":"Doom Potion"},{"floor":4,"key":"Dota2Spire:HealingSalve"}],"is_trial":false,"path_per_floor":["M","M","M","M","$","E","$","E","T","M","?","M","E","M","R","B",null,"M","M","M","?","?","E"],"character_chosen":"Hololive_HololiveCharacter","items_purchased":["Hololive_CallAZKi","Sundial","Replay:Ringing Soul","Replay:Kaleidoscope","Hololive_CocoNews","ReplayTheSpireMod:CursedCoin","Whetstone"],"campfire_rested":0,"item_purchase_floors":[0,0,0,0,5,7,7],"current_hp_per_floor":[18,18,29,32,35,35,38,38,38,38,41,29,29,32,32,39,54,57,57,57,57,60,0,0],"gold":581,"neow_bonus":"","is_daily":false,"chose_seed":false,"campfire_upgraded":1,"win_rate":0.0,"timestamp":1612077337,"path_taken":["M","M","M","M","$","E","$","E","T","M","?","M","E","M","R","BOSS","M","M","M","?","?","E"],"items_purchased_type":["Card","Relic","Relic","Relic","Card","Relic","Relic"],"build_version":"2020-12-22","purchased_purges":8,"victory":false,"max_hp_per_floor":[38,38,41,44,47,47,50,50,50,50,53,53,53,56,56,59,59,62,62,62,62,65,65,65],"card_choices":[{"not_picked":["Hololive_Sequa","Hololive_CallNatsuiroMatsuri","Hololive_CallUsadaPekora"],"picked":"Hololive_StrengthChampion","floor":1},{"not_picked":["Hololive_CallShiranuiFlare","Hololive_CallHoshimachiSuisei","Hololive_CallAkiRosenthal","Hololive_CallArtia"],"picked":"SKIP","floor":2},{"not_picked":["Hololive_Trident","Hololive_ILoveYou","Hololive_HuntDinosaur"],"picked":"Hololive_CocoNews","floor":3},{"not_picked":["Hololive_CallUsadaPekora","Hololive_HuntDinosaur","Hololive_CallOkamiMio"],"picked":"Hololive_IdolExercise","floor":4},{"not_picked":["Hololive_CallInugamiKorone","Hololive_HuntDinosaur","Hololive_Breathe","Hololive_FlyingPonyTail"],"picked":"SKIP","floor":6},{"not_picked":["Hololive_LuckPotion","Hololive_DiamondStrike","Hololive_Sequa","Hololive_OvertimeWork"],"picked":"SKIP","floor":8},{"not_picked":["Hololive_LuckPotion","Hololive_Sequa","Hololive_Psychosis","Hololive_CallArtia"],"picked":"SKIP","floor":10},{"not_picked":["Hololive_CallAmaneKanata","Hololive_Sequa","Hololive_FlyingPonyTail","Hololive_CallAkiRosenthal"],"picked":"SKIP","floor":12},{"not_picked":["Hololive_CocoNews","Hololive_HighAtkLowDef","Hololive_Watashimo","Hololive_RevenueBasedLive"],"picked":"SKIP","floor":13},{"not_picked":["Hololive_CallHoushouMarine","Hololive_ILoveYou","Hololive_Drill"],"picked":"Hololive_FlyingPonyTail","floor":14},{"not_picked":["Hololive_MaximGun","Hololive_FlareMind","Hololive_ASMR"],"picked":"Hololive_Thief","floor":16},{"not_picked":["Hololive_StrengthChampion","Hololive_Drill+1","Hololive_Trident"],"picked":"Hololive_CocoNews+1","floor":18},{"not_picked":["Hololive_CallTsunomakiWatame+1","Hololive_Psychosis","Hololive_CocoNews+1","Hololive_HuntDinosaur"],"picked":"SKIP","floor":19},{"not_picked":["Hololive_LuckPotion","Hololive_Sequa","Hololive_RevenueBasedLive","Hololive_Drill"],"picked":"SKIP","floor":20}],"player_experience":517544,"relics_obtained":[{"floor":6,"key":"Ice Cream"},{"floor":8,"key":"Juzu Bracelet"},{"floor":9,"key":"jedi:angrymask"},{"floor":13,"key":"Centennial Puzzle"},{"floor":22,"key":"Ring of Greed"},{"floor":22,"key":"Membership Card"},{"floor":22,"key":"Replay:Bandana"},{"floor":22,"key":"ReplayTheSpireMod:Ring of Challenge"}],"event_choices":[{"damage_healed":0,"gold_gain":0,"player_choice":"Box","damage_taken":0,"relics_obtained":["Pondfish Scales"],"max_hp_gain":0,"max_hp_loss":0,"event_name":"Big Fish","floor":11,"gold_loss":0,"cards_obtained":["Regret"]},{"damage_healed":0,"gold_gain":0,"player_choice":"Upgraded","damage_taken":0,"max_hp_gain":0,"max_hp_loss":0,"event_name":"Upgrade Shrine","floor":21,"gold_loss":0,"cards_upgraded":["Hololive_CallTokinoSora"]}],"is_beta":false,"boss_relics":[{"not_picked":["Replay:Ancient Bell","Ring of Chaos"],"picked":"Replay:Wanted Poster"}],"items_purged_floors":[0,0,0,0,5,5,5,7],"is_endless":false,"potions_floor_spawned":[2,3,4,13,16,19],"killed_by":"Gremlin Leader","ascension_level":7}}