{"host":"q6r63elxu27obe7v","time":1612080153,"event":{"mods":["2.2 Compatiblity","AchievementEnabler","BaseMod","CapriCore","DeckTracker","Keyboard Shortcuts","Minty Spire (QoL Compilation)","Permanent Neow","Quick Restart","StSLib","SuperFastMode","¡¼?Úª?ø«¡½REMEMod"],"gold_per_floor":[114,131,147,147,160,194,210,210,210],"floor_reached":8,"language":"KOR","playtime":624,"items_purged":[],"score":60,"play_id":"a57e9d97-b852-4a90-9407-d0ecf7be5eb9","local_time":"20210131170233","is_ascension_mode":false,"campfire_choices":[],"circlet_count":0,"master_deck":["Strike_P","Strike_P","Strike_P","Strike_P","Defend_P","Defend_P","Defend_P","Defend_P","Eruption","Vigilance","Scrawl","Echo Form","EmptyBody","Halt","FlurryOfBlows","LikeWater"],"relics":["PureWater","REME_ComplimentaryCards","Strawberry"],"acts_visited":["Exordium"],"potions_floor_usage":[6],"damage_taken":[{"damage":0,"enemies":"2 Louse","floor":1,"turns":2},{"damage":0,"enemies":"Small Slimes","floor":2,"turns":3},{"damage":0,"enemies":"Cultist","floor":3,"turns":3},{"damage":4,"enemies":"Large Slime","floor":5,"turns":4},{"damage":60,"enemies":"Gremlin Nob","floor":6,"turns":5},{"damage":5,"enemies":"Looter","floor":7,"turns":2},{"damage":15,"enemies":"Lagavulin","floor":8,"turns":2}],"seed_played":"7480676227398245428","potions_obtained":[{"floor":3,"key":"Fire Potion"},{"floor":6,"key":"Energy Potion"}],"is_trial":false,"path_per_floor":["M","M","M","?","M","E","M","E"],"character_chosen":"WATCHER","items_purchased":[],"campfire_rested":0,"item_purchase_floors":[],"current_hp_per_floor":[65,65,65,65,61,8,3,0,0],"gold":210,"neow_bonus":"THREE_RARE_CARDS","is_daily":false,"chose_seed":false,"campfire_upgraded":0,"win_rate":0.0,"timestamp":1612080153,"path_taken":["M","M","M","?","M","E","M","E"],"items_purchased_type":[],"build_version":"2020-12-22","purchased_purges":0,"victory":false,"max_hp_per_floor":[65,65,65,65,65,72,72,72,72],"card_choices":[{"not_picked":["Wish","DevaForm"],"picked":"Scrawl","floor":0},{"not_picked":["EmptyFist","Study"],"picked":"EmptyBody","floor":1},{"not_picked":["Study","Nirvana"],"picked":"Halt","floor":2},{"not_picked":["Prostrate","Evaluate","EmptyFist"],"picked":"SKIP","floor":3},{"not_picked":["FlyingSleeves","CrushJoints","BowlingBash"],"picked":"SKIP","floor":5},{"not_picked":["FollowUp","Crescendo"],"picked":"FlurryOfBlows","floor":6},{"not_picked":["Nirvana","Tantrum"],"picked":"LikeWater","floor":7}],"player_experience":69113,"relics_obtained":[{"floor":6,"key":"Strawberry"}],"event_choices":[{"damage_healed":0,"gold_gain":0,"player_choice":"Ignored","damage_taken":0,"max_hp_gain":0,"max_hp_loss":0,"event_name":"Liars Game","floor":4,"gold_loss":0}],"is_beta":false,"boss_relics":[],"items_purged_floors":[],"is_endless":false,"potions_floor_spawned":[3,6],"killed_by":"Lagavulin","ascension_level":0}}