{"host":"iy0764csshny54kk","time":1612086442,"event":{"mods":["100% Spire Juice","Arknights","BaseMod","Bestiary","Better Altar","Better Sensory Stone","Better Skull","Better Third Choice","Block Reminder","Colored Powertips","Downfall","Highlight Path","Minty Spire (QoL Compilation)","Relic Sorter","StS++","StSLib","The Alterego","The Hierophant","The Marked"],"gold_per_floor":[99,114,114,128,40,59,59,86,96,8,20,20,50,50,62,62,62,62],"floor_reached":16,"language":"ENG","playtime":1187,"items_purged":[],"score":102,"play_id":"ac919aa2-1ba9-40ce-85a0-c57724eeba2b","local_time":"20210131024722","is_ascension_mode":false,"campfire_choices":[],"circlet_count":0,"master_deck":["sneckomod:Strike","sneckomod:Strike","sneckomod:Strike+1","sneckomod:Defend","sneckomod:Defend","sneckomod:Defend","sneckomod:TailWhip","sneckomod:SnekBite","sneckomod:Unknown","Adrenaline","sneckomod:IronFang","sneckomod:UnknownVulnerable","sneckomod:MasterEye+1","sneckomod:CheapStock+1","sneckomod:SoulDraw","sneckomod:UnendingSupply","sneckomod:UnknownExhaust","sneckomod:UnknownStrike","sneckomod:UnknownBlock","downfall:Malfunctioning","sneckomod:UnknownUncommonSkill","sneckomod:UnknownCommonSkill"],"relics":["sneckomod:SneckoSoul","downfall:ShatteredFragment","Boot","Tiny Chest"],"acts_visited":["Exordium"],"potions_floor_usage":[13,16,16,16],"damage_taken":[{"damage":1,"enemies":"Jaw Worm","floor":2,"turns":3},{"damage":0,"enemies":"Cultist","floor":4,"turns":3},{"damage":0,"enemies":"downfall:FleeingMerchant","floor":5,"turns":4},{"damage":3,"enemies":"Small Slimes","floor":6,"turns":3},{"damage":21,"enemies":"Exordium Thugs","floor":9,"turns":3},{"damage":5,"enemies":"downfall:FleeingMerchant","floor":10,"turns":4},{"damage":33,"enemies":"2 Fungi Beasts","floor":11,"turns":4},{"damage":13,"enemies":"Lagavulin","floor":13,"turns":6},{"damage":1,"enemies":"3 Louse","floor":15,"turns":2},{"damage":14,"enemies":"DF_ARCHETYPE_STREAMLINE","floor":16,"turns":3}],"seed_played":"-8086846127605009785","potions_obtained":[{"floor":2,"key":"EssenceOfSteel"},{"floor":6,"key":"BlessingOfTheForge"},{"floor":11,"key":"Weak Potion"},{"floor":15,"key":"LiquidMemories"}],"is_trial":false,"path_per_floor":["R","M","?","M","$","M","T","T","M","$","M","?","E","?","M","B"],"character_chosen":"THE_SNECKO","items_purchased":["sneckomod:CheapStock","sneckomod:UnknownStrike"],"campfire_rested":0,"item_purchase_floors":[5,10],"current_hp_per_floor":[99,98,77,77,77,74,74,74,53,48,15,15,2,2,1,0,0,0],"gold":62,"neow_bonus":"TEN_PERCENT_HP_BONUS","is_daily":false,"chose_seed":false,"campfire_upgraded":0,"win_rate":0.0,"timestamp":1612086442,"path_taken":["R","M","?","M","$","M","T","?","M","$","?","?","E","?","M","BOSS"],"items_purchased_type":["Card","Card"],"build_version":"2020-12-22","purchased_purges":0,"victory":false,"max_hp_per_floor":[99,99,99,99,99,99,99,99,99,99,99,99,99,99,99,99,99,99],"card_choices":[{"not_picked":["sneckomod:CheapStock","sneckomod:RainOfDice"],"picked":"sneckomod:IronFang","floor":2},{"not_picked":["sneckomod:IronFang","sneckomod:WideSting"],"picked":"sneckomod:UnknownVulnerable","floor":4},{"not_picked":["sneckomod:DefensiveFlair","sneckomod:DiceCrush"],"picked":"sneckomod:MasterEye","floor":5},{"not_picked":["sneckomod:SnekBeam","sneckomod:UnknownExhaust"],"picked":"sneckomod:SoulDraw","floor":6},{"not_picked":["sneckomod:RainOfDice","sneckomod:UnknownBlock"],"picked":"sneckomod:UnendingSupply","floor":9},{"not_picked":["sneckomod:UnknownUncommonSkill","sneckomod:DiceBlock"],"picked":"sneckomod:UnknownExhaust","floor":10},{"not_picked":["sneckomod:DiceBlock","sneckomod:SoulRoll"],"picked":"sneckomod:UnknownBlock","floor":11},{"not_picked":["sneckomod:RainOfDice","sneckomod:DangerNoodle"],"picked":"sneckomod:UnknownUncommonSkill","floor":13},{"not_picked":["sneckomod:DiceCrush","sneckomod:UnknownCommonAttack"],"picked":"sneckomod:UnknownCommonSkill","floor":15}],"player_experience":210545,"relics_obtained":[{"floor":8,"key":"Boot"},{"floor":13,"key":"Tiny Chest"}],"event_choices":[],"is_beta":false,"boss_relics":[],"items_purged_floors":[],"is_endless":false,"potions_floor_spawned":[2,6,11,15],"killed_by":"DF_ARCHETYPE_STREAMLINE","ascension_level":0}}