{"host":"a1eatafr7pisesky","time":1612092001,"event":{"mods":["AchievementEnabler","BaseMod","Colored Map","Keyboard Shortcuts","Minty Spire (QoL Compilation)","Say the Spire","StSLib","SuperFastMode","everything is the same but u backflip on backflip"],"gold_per_floor":[113,113,113,125,44,44,78,78,78,92,121,141,157,10,10,83,83,93,8,188,205,205,205],"floor_reached":22,"language":"KOR","playtime":385,"items_purged":[],"score":372,"play_id":"ccc1eae4-d53a-4e8d-b71f-a43ca4020500","local_time":"20210131202001","is_ascension_mode":true,"campfire_choices":[{"data":"Dualcast","floor":6.0,"key":"SMITH"},{"data":"Doom and Gloom","floor":8.0,"key":"SMITH"},{"floor":15.0,"key":"REST"}],"circlet_count":0,"master_deck":["AscendersBane","Strike_B","Strike_B+1","Strike_B+1","Defend_B","Defend_B+1","Defend_B","Zap","Dualcast+1","Self Repair","Cold Snap","Doom and Gloom+1","Cold Snap+1","Capacitor","Double Energy","Coolheaded","Sweeping Beam","Amplify","Barrage"],"relics":["Cracked Core","NeowsBlessing","Torii","Whetstone","Membership Card","Empty Cage","Shuriken"],"acts_visited":["Exordium","TheCity"],"potions_floor_usage":[16,18,22],"damage_taken":[{"damage":0.0,"enemies":"Small Slimes","floor":1.0,"turns":1.0},{"damage":0.0,"enemies":"2 Louse","floor":4.0,"turns":1.0},{"damage":0.0,"enemies":"3 Sentries","floor":7.0,"turns":1.0},{"damage":8.0,"enemies":"Jaw Worm","floor":10.0,"turns":2.0},{"damage":27.0,"enemies":"Gremlin Nob","floor":11.0,"turns":5.0},{"damage":8.0,"enemies":"Lots of Slimes","floor":12.0,"turns":4.0},{"damage":0.0,"enemies":"2 Fungi Beasts","floor":13.0,"turns":2.0},{"damage":26,"enemies":"Hexaghost","floor":16,"turns":12},{"damage":13,"enemies":"3 Byrds","floor":18,"turns":5},{"damage":13,"enemies":"Spheric Guardian","floor":21,"turns":4},{"damage":26,"enemies":"Shelled Parasite and Fungi","floor":22,"turns":2}],"seed_played":"35195379032544067","potions_obtained":[{"floor":10.0,"key":"SkillPotion"},{"floor":11.0,"key":"PowerPotion"},{"floor":12.0,"key":"AttackPotion"},{"floor":21,"key":"PowerPotion"}],"is_trial":false,"path_per_floor":["M","?","?","M","$","R","E","R","T","M","E","M","M","$","R","B",null,"M","?","?","M","M"],"character_chosen":"DEFECT","items_purchased":["Doom and Gloom","Membership Card"],"campfire_rested":1,"item_purchase_floors":[5,14],"current_hp_per_floor":[64,50,55,55,55,55,55,55,55,47,27,26,26,26,48,29,64,58,58,26,20,0,0],"gold":205,"neow_bonus":"THREE_ENEMY_KILL","is_daily":false,"chose_seed":false,"campfire_upgraded":2,"win_rate":0.0,"timestamp":1612092001,"path_taken":["M","?","?","M","$","R","E","R","T","M","E","M","?","?","R","BOSS","M","?","?","M","?"],"items_purchased_type":["Card","Relic"],"build_version":"2020-12-22","purchased_purges":0,"victory":false,"max_hp_per_floor":[71,71,76,76,76,76,76,76,76,76,76,76,76,76,76,76,76,76,76,76,76,76,76],"card_choices":[{"not_picked":["Coolheaded","Turbo"],"picked":"Self Repair","floor":1.0},{"not_picked":["Leap","Heatsinks"],"picked":"Cold Snap","floor":4.0},{"not_picked":["Steam","Compile Driver"],"picked":"Cold Snap","floor":7.0},{"not_picked":["Hologram","Melter"],"picked":"Capacitor","floor":10.0},{"not_picked":["Gash","Streamline"],"picked":"Double Energy","floor":11.0},{"not_picked":["Loop","Multi-Cast"],"picked":"Coolheaded","floor":12.0},{"not_picked":["Chill","Chaos"],"picked":"Sweeping Beam","floor":13.0},{"not_picked":["Thunder Strike","Fission"],"picked":"Amplify","floor":16},{"not_picked":["Go for the Eyes","Capacitor"],"picked":"Barrage","floor":18},{"not_picked":["Beam Cell","Conserve Battery","Rebound"],"picked":"SKIP","floor":21}],"player_experience":386142,"relics_obtained":[{"floor":7.0,"key":"Torii"},{"floor":11.0,"key":"Whetstone"}],"event_choices":[{"damage_healed":0.0,"max_hp_gain":0.0,"max_hp_loss":0.0,"gold_gain":0.0,"event_name":"Shining Light","player_choice":"Entered Light","floor":2.0,"gold_loss":0.0,"damage_taken":14.0,"cards_upgraded":["Defend_B","Strike_B"]},{"damage_healed":0.0,"max_hp_gain":5.0,"max_hp_loss":0.0,"gold_gain":0.0,"event_name":"Big Fish","player_choice":"Donut","floor":3.0,"gold_loss":0.0,"damage_taken":0.0},{"damage_healed":0,"gold_gain":0,"player_choice":"Obtained Relic","damage_taken":0,"relics_obtained":["Shuriken"],"max_hp_gain":0,"max_hp_loss":0,"event_name":"Addict","floor":19,"gold_loss":85},{"damage_healed":0,"gold_gain":180,"player_choice":"POTION POTION GOLD GOLD ","damage_taken":32,"max_hp_gain":0,"max_hp_loss":0,"event_name":"Knowing Skull","floor":20,"potions_obtained":["FearPotion","SpeedPotion"],"gold_loss":0,"cards_obtained":[]}],"is_beta":false,"boss_relics":[{"not_picked":["Busted Crown","Runic Dome"],"picked":"Empty Cage"}],"items_purged_floors":[],"is_endless":false,"potions_floor_spawned":[10,11,12,21],"killed_by":"Shelled Parasite and Fungi","ascension_level":14}}