{"host":"1avr1135to2copjv","time":1612057339,"event":{"mods":["BaseMod","Colored Map","Colored Powertips","Downfall","Minty Spire (QoL Compilation)","Relic Stats","StSLib"],"gold_per_floor":[0,11,30,43,118,118,118,131,35,65,84,101,101,128,148,247,247,147,161,179,4,4,4,55,85,85,85,120,450,350,350,363,467,467,467,481,481,499,499,499,524,549,566,173,73,123,123,123,142,142,142,170,52,52,52,52,52,52],"floor_reached":56,"language":"ENG","playtime":4676,"items_purged":["Slimebound:Strike_Slimebound"],"score":981,"play_id":"30bf6161-f9eb-4894-b840-37a51439fefc","local_time":"20210131044219","is_ascension_mode":true,"campfire_choices":[{"data":"Slimebound:Split","floor":1,"key":"SMITH"},{"data":"Slimebound:LevelUp","floor":6,"key":"SMITH"},{"data":"Slimebound:GoopSpray","floor":18,"key":"SMITH"},{"data":"Slimebound:MassFeed","floor":23,"key":"SMITH"},{"floor":27,"key":"RECALL"},{"data":"Slimebound:TagTeam","floor":30,"key":"SMITH"},{"data":"Slimebound:LevelUp","floor":35,"key":"SMITH"},{"data":"Slimebound:SlimeBarrage","floor":40,"key":"SMITH"},{"data":"Slimebound:RainOfGoop","floor":45,"key":"SMITH"},{"data":"Slimebound:Equalize","floor":47,"key":"SMITH"},{"floor":54,"key":"REST"}],"circlet_count":0,"master_deck":["Slimebound:Strike_Slimebound","Slimebound:Strike_Slimebound","Slimebound:Defend_Slimebound","Slimebound:Defend_Slimebound","Slimebound:Defend_Slimebound","Slimebound:Defend_Slimebound","Slimebound:Split+1","Slimebound:CorrosiveSpit","Slimebound:LevelUp+1","Slimebound:GoopSpray+1","Slimebound:Equalize+1","Slimebound:LeadByExample","Slimebound:PressTheAttack","Slimebound:SplitSpecialist","Slimebound:FinishingTackle","Slimebound:Repurpose","Slimebound:SplitBruiser","Slimebound:LeechLife","Slimebound:RallyTheTroops","Slimebound:PressTheAttack","Slimebound:RallyTheTroops","Slimebound:RainOfGoop+1","Slimebound:SlimeTap+1","Slimebound:SlimeBarrage+1","Slimebound:MassFeed+1","Slimebound:LevelUp+1","Slimebound:TagTeam+1","Slimebound:MegaLick","Slimebound:LeechLife","Slimebound:ComboTackle+1","Slimebound:SlimeTap","expansioncontent:Chronoboost","Slimebound:AcidTongue+1","Slimebound:Repurpose","Slimebound:ProtectTheBoss","Slimebound:SpikyOuterGoop"],"relics":["Slimebound:AbsorbEndCombat","FossilizedHelix","Eternal Feather","Centennial Puzzle","Ancient Tea Set","Black Star","downfall:HeartBlessingGreen","Slimebound:AggressiveSlimeRelic","Pen Nib","Boot","Red Mask","Old Coin","The Courier","downfall:HeartBlessingRed","Anchor","Busted Crown","Vajra","Bottled Tornado","Bronze Scales","Ice Cream","Art of War","downfall:HeartBlessingBlue","Incense Burner","Bag of Marbles","Pantograph"],"acts_visited":["Exordium","TheCity","TheBeyond","TheEnding"],"potions_floor_usage":[9,15,16,29,38,43,50,50,55],"damage_taken":[{"damage":0,"enemies":"Jaw Worm","floor":2,"turns":3},{"damage":0,"enemies":"Cultist","floor":3,"turns":4},{"damage":0,"enemies":"Small Slimes","floor":4,"turns":3},{"damage":0,"enemies":"Large Slime","floor":8,"turns":5},{"damage":0,"enemies":"downfall:FleeingMerchant","floor":9,"turns":4},{"damage":0,"enemies":"Lagavulin","floor":10,"turns":6},{"damage":0,"enemies":"3 Louse","floor":11,"turns":4},{"damage":5,"enemies":"Gremlin Gang","floor":12,"turns":4},{"damage":24,"enemies":"3 Sentries","floor":14,"turns":5},{"damage":0,"enemies":"2 Fungi Beasts","floor":15,"turns":3},{"damage":15,"enemies":"SI_SHIV_ARCHETYPE","floor":16,"turns":8},{"damage":6,"enemies":"Chosen","floor":19,"turns":4},{"damage":34,"enemies":"Snake Plant","floor":20,"turns":5},{"damage":18,"enemies":"downfall:FleeingMerchant","floor":21,"turns":4},{"damage":20,"enemies":"Book of Stabbing","floor":25,"turns":5},{"damage":20,"enemies":"Masked Bandits","floor":28,"turns":4},{"damage":5,"enemies":"Slavers","floor":29,"turns":5},{"damage":0,"enemies":"Cultist and Chosen","floor":32,"turns":6},{"damage":21,"enemies":"IC_MUSHROOM_ARCHETYPE","floor":33,"turns":5},{"damage":7,"enemies":"3 Shapes","floor":36,"turns":6},{"damage":0,"enemies":"3 Darklings","floor":38,"turns":1},{"damage":12,"enemies":"Reptomancer","floor":42,"turns":4},{"damage":25,"enemies":"Sphere and 2 Shapes","floor":43,"turns":4},{"damage":6,"enemies":"downfall:FleeingMerchant","floor":44,"turns":4},{"damage":0,"enemies":"downfall:FleeingMerchant","floor":46,"turns":5},{"damage":0,"enemies":"Transient","floor":49,"turns":5},{"damage":112,"enemies":"DF_ARCHETYPE_ORBS","floor":50,"turns":8},{"damage":71,"enemies":"downfall:CharBossMerchant","floor":52,"turns":8},{"damage":22,"enemies":"downfall:NeowBoss","floor":55,"turns":10},{"damage":130,"enemies":"downfall:NeowBossFinal","floor":56,"turns":9}],"seed_played":"3613567412158259884","potions_obtained":[{"floor":2,"key":"Guardian:BlockOnCardUsePotion"},{"floor":3,"key":"Block Potion"},{"floor":8,"key":"Dexterity Potion"},{"floor":14,"key":"DistilledChaos"},{"floor":15,"key":"AttackPotion"},{"floor":25,"key":"Slimebound:ThreeZeroPotion"},{"floor":29,"key":"DuplicationPotion"},{"floor":38,"key":"Explosive Potion"},{"floor":46,"key":"PowerPotion"}],"is_trial":false,"path_per_floor":["R","M","M","M","?","R","T","M","$","E","M","M","?","E","M","B",null,"R","M","M","$","?","R","T","E","?","R","?","E","R","?","M","B",null,"R","M","?","M","?","R","T","E","M","$","R","?","R","?","M","B",null,"E","$","R","B","B"],"character_chosen":"SLIMEBOUND","items_purchased":["Slimebound:SplitSpecialist","Slimebound:MassFeed","Bronze Scales","Ice Cream","Art of War","Slimebound:SlimeTap","expansioncontent:Chronoboost","Slimebound:SpawnSlimePotion","Slimebound:ProtectTheBoss","Slimebound:SpikyOuterGoop"],"campfire_rested":1,"item_purchase_floors":[9,21,44,44,44,44,44,44,53,53],"current_hp_per_floor":[65,65,65,65,65,65,65,65,65,65,65,65,65,45,45,44,65,65,61,37,23,44,59,59,59,59,69,57,64,69,69,73,53,73,73,72,72,81,81,81,81,81,72,76,103,111,111,111,111,33,111,40,40,94,111,0,0,0],"gold":52,"neow_bonus":"ONE_RARE_RELIC","is_daily":false,"chose_seed":false,"campfire_upgraded":9,"win_rate":0.0,"timestamp":1612057339,"path_taken":["R","M","M","M","?","R","T","M","$","E","M","M","?","E","M","BOSS","R","M","?","$","?","R","T","E","?","R","?","E","R","?","M","BOSS","R","M","?","?","?","R","T","E","M","$","R","?","R","?","M","BOSS","E","$","R","BOSS","BOSS"],"items_purchased_type":["Card","Card","Relic","Relic","Relic","Card","Card","Potion","Card","Card"],"build_version":"2020-12-22","purchased_purges":1,"victory":false,"max_hp_per_floor":[65,65,65,65,65,65,65,65,65,65,65,65,65,65,65,65,65,65,65,65,65,65,65,65,69,69,69,69,69,69,69,73,73,73,73,77,77,81,81,81,81,85,93,93,103,111,111,111,111,111,111,111,111,111,111,111,111,111],"relic_stats":{"Centennial Puzzle":[54],"Busted Crown":16,"counters":[30,145],"Bronze Scales":[86],"Pantograph":17,"Eternal Feather":68,"Pen Nib":[12],"Black Star":4,"Art of War":[9],"Boot":[5],"obtain_stats":[{"Ice Cream":44,"Vajra":42,"downfall:HeartBlessingGreen":18,"Incense Burner":46,"Bottled Tornado":42,"Ancient Tea Set":14,"Boot":25,"Old Coin":29,"Centennial Puzzle":10,"downfall:HeartBlessingBlue":45,"Pantograph":52,"Red Mask":28,"Slimebound:AggressiveSlimeRelic":24,"downfall:HeartBlessingRed":30,"Eternal Feather":7,"Pen Nib":25,"The Courier":29,"Anchor":31,"Busted Crown":34,"Bronze Scales":44,"Slimebound:AbsorbEndCombat":0,"Black Star":17,"Art of War":44,"Bag of Marbles":52,"FossilizedHelix":0},{"Ice Cream":24,"Vajra":22,"downfall:HeartBlessingGreen":11,"Incense Burner":25,"Bottled Tornado":22,"Ancient Tea Set":9,"Boot":15,"Old Coin":17,"Centennial Puzzle":6,"downfall:HeartBlessingBlue":24,"Pantograph":28,"Red Mask":16,"Slimebound:AggressiveSlimeRelic":14,"downfall:HeartBlessingRed":17,"Eternal Feather":3,"Pen Nib":15,"The Courier":17,"Anchor":17,"Busted Crown":19,"Bronze Scales":24,"Slimebound:AbsorbEndCombat":0,"Black Star":11,"Art of War":24,"Bag of Marbles":28,"FossilizedHelix":0},{"Ice Cream":101,"Vajra":93,"downfall:HeartBlessingGreen":45,"Incense Burner":106,"Bottled Tornado":93,"Ancient Tea Set":36,"Boot":63,"Old Coin":71,"Centennial Puzzle":24,"downfall:HeartBlessingBlue":101,"Pantograph":126,"Red Mask":66,"Slimebound:AggressiveSlimeRelic":58,"downfall:HeartBlessingRed":71,"Eternal Feather":10,"Pen Nib":63,"The Courier":71,"Anchor":71,"Busted Crown":82,"Bronze Scales":101,"Slimebound:AbsorbEndCombat":0,"Black Star":45,"Art of War":101,"Bag of Marbles":126,"FossilizedHelix":0}]},"card_choices":[{"not_picked":["Slimebound:Nibble","Slimebound:HauntingLick"],"picked":"Slimebound:LevelUp","floor":2},{"not_picked":["Slimebound:RollThrough","Slimebound:Chomp"],"picked":"Slimebound:GoopSpray","floor":3},{"not_picked":["Slimebound:SlimeSpikes","Slimebound:Replication"],"picked":"Slimebound:Equalize","floor":4},{"not_picked":["Slimebound:HauntingLick","Slimebound:ForwardTackle"],"picked":"Slimebound:LeadByExample","floor":8},{"not_picked":["Slimebound:ItLooksTasty","Slimebound:SpikyOuterGoop"],"picked":"Slimebound:PressTheAttack","floor":9},{"not_picked":["Slimebound:FlameTackle","Slimebound:Nibble"],"picked":"Slimebound:FinishingTackle","floor":10},{"not_picked":["Slimebound:RainOfGoop","Slimebound:FlameTackle"],"picked":"Slimebound:Repurpose","floor":11},{"not_picked":["Slimebound:ItLooksTasty","Slimebound:ViciousTackle"],"picked":"Slimebound:SplitBruiser","floor":12},{"not_picked":["Slimebound:HauntingLick","Slimebound:TongueLash"],"picked":"Slimebound:RallyTheTroops","floor":14},{"not_picked":["Slimebound:BestDefense","Slimebound:FinishingTackle"],"picked":"Slimebound:PressTheAttack","floor":15},{"not_picked":["Slimebound:DouseInSlime","Slimebound:OozeBath"],"picked":"Slimebound:RallyTheTroops","floor":16},{"not_picked":["Slimebound:SlimeSpikes+1","Slimebound:LeadByExample+1"],"picked":"Slimebound:RainOfGoop","floor":19},{"not_picked":["Slimebound:Prepare","Slimebound:SamplingLick"],"picked":"Slimebound:SlimeTap+1","floor":20},{"not_picked":["Slimebound:Schlurp","Slimebound:SamplingLick+1"],"picked":"Slimebound:SlimeBarrage","floor":21},{"not_picked":["Slimebound:LivingWall","Slimebound:PressTheAttack"],"picked":"Slimebound:LevelUp","floor":25},{"not_picked":["Slimebound:ItLooksTasty+1","Slimebound:TongueLash"],"picked":"Slimebound:TagTeam","floor":29},{"not_picked":["Slimebound:Schlurp","Slimebound:FormOfPuddle"],"picked":"Slimebound:MegaLick","floor":32},{"not_picked":["Slimebound:PrepareCrush","Slimebound:OneTwoCombo"],"picked":"Slimebound:LeechLife","floor":33},{"not_picked":["Slimebound:Chomp"],"picked":"SKIP","floor":36},{"not_picked":["Slimebound:LeechingTouch+1"],"picked":"SKIP","floor":38},{"not_picked":["Slimebound:SlimeSpikes+1"],"picked":"SKIP","floor":42},{"not_picked":["Slimebound:SlimeSpikes+1"],"picked":"SKIP","floor":43},{"not_picked":[],"picked":"Slimebound:ComboTackle+1","floor":44},{"not_picked":[],"picked":"Slimebound:AcidTongue+1","floor":46},{"not_picked":[],"picked":"Slimebound:Repurpose","floor":49},{"not_picked":["Slimebound:FlameTackle+1"],"picked":"SKIP","floor":52}],"player_experience":1063578,"relics_obtained":[{"floor":7,"key":"Eternal Feather"},{"floor":10,"key":"Centennial Puzzle"},{"floor":14,"key":"Ancient Tea Set"},{"floor":24,"key":"Slimebound:AggressiveSlimeRelic"},{"floor":25,"key":"Pen Nib"},{"floor":25,"key":"Boot"},{"floor":28,"key":"Red Mask"},{"floor":29,"key":"Old Coin"},{"floor":29,"key":"The Courier"},{"floor":42,"key":"Vajra"},{"floor":42,"key":"Bottled Tornado"},{"floor":46,"key":"Incense Burner"},{"floor":52,"key":"Bag of Marbles"},{"floor":52,"key":"Pantograph"}],"event_choices":[{"damage_healed":21,"gold_gain":0,"player_choice":"Heal","damage_taken":0,"max_hp_gain":0,"max_hp_loss":0,"event_name":"The Library","floor":22,"gold_loss":0},{"damage_healed":0,"gold_gain":0,"player_choice":"Fought Bandits","damage_taken":0,"max_hp_gain":0,"max_hp_loss":0,"event_name":"Masked Bandits","floor":28,"gold_loss":0},{"cards_removed":["Slimebound:Tackle"],"damage_healed":0,"gold_gain":0,"player_choice":"Removed Attack","damage_taken":0,"max_hp_gain":0,"max_hp_loss":0,"event_name":"Falling","floor":39,"gold_loss":0}],"is_beta":false,"boss_relics":[{"not_picked":["Runic Dome","Slimebound:TarBlob"],"picked":"Black Star"},{"not_picked":["Velvet Choker","bronze:MakeshiftBattery"],"picked":"Busted Crown"}],"items_purged_floors":[44],"is_endless":false,"potions_floor_spawned":[2,3,8,14,15,25,29,32,33,38,46],"killed_by":"downfall:NeowBossFinal","ascension_level":3}}