{"host":"8is2j71l4wmybkoi","time":1612074912,"event":{"mods":["AchievementEnabler","BaseMod","Colored Map","Minty Spire (QoL Compilation)","Rare Cards Sparkle","StSLib","SuperFastMode"],"gold_per_floor":[367,367,31,44,57,57,97,116,116,136,136,159,195,245,245,340,340,364,279,302,323,373,373,397,397,471,509,6,39,39,53,53,151,151,174,174,188,521,541,541,571,571,571,588,588,623,623,383,383,383,383,383,45,76,76,76],"floor_reached":55,"language":"KOR","playtime":1705,"items_purged":["Strike_B","Fusion","Dualcast","Gash"],"score":1334,"play_id":"d91709ed-fecb-44b2-a888-e92876503eb7","local_time":"20210131153512","is_ascension_mode":true,"campfire_choices":[{"data":"Sunder","floor":6.0,"key":"SMITH"},{"data":"Beam Cell","floor":11.0,"key":"SMITH"},{"floor":15.0,"key":"REST"},{"floor":23.0,"key":"REST"},{"data":"Fusion","floor":32,"key":"SMITH"},{"floor":40,"key":"REST"},{"floor":42,"key":"RECALL"},{"data":"Madness","floor":45,"key":"SMITH"},{"data":"Turbo","floor":47,"key":"SMITH"},{"data":"Capacitor","floor":49,"key":"SMITH"},{"data":"Echo Form","floor":52,"key":"SMITH"}],"circlet_count":0,"master_deck":["AscendersBane","Sunder+1","Chill","Rip and Tear","Genetic Algorithm+1","Beam Cell+1","Sweeping Beam","Ball Lightning","Biased Cognition","Electrodynamics","Redo","Fusion+1","Hologram","Barrage","Machine Learning","Lockon","Coolheaded","Conserve Battery+1","Conserve Battery","Core Surge","Skim+1","Self Repair","White Noise","Echo Form+1","Madness+1","Madness","Turbo+1","Stack","Hologram+1","Capacitor+1","Turbo+1","Coolheaded","Machine Learning","Storm"],"relics":["Cracked Core","Runic Capacitor","DataDisk","Smiling Mask","Gremlin Horn","Pandora\u0027s Box","Akabeko","Bag of Preparation","Cables","Symbiotic Virus","Oddly Smooth Stone","Bronze Scales","Incense Burner","Black Star","Eternal Feather","MealTicket","Nunchaku","White Beast Statue","Orrery","TungstenRod","Calipers","War Paint"],"acts_visited":["Exordium","TheCity","TheBeyond","TheEnding"],"potions_floor_usage":[31,33,33,39,46,50],"damage_taken":[{"damage":3.0,"enemies":"2 Louse","floor":1.0,"turns":2.0},{"damage":2.0,"enemies":"Jaw Worm","floor":4.0,"turns":3.0},{"damage":0.0,"enemies":"Cultist","floor":5.0,"turns":3.0},{"damage":26.0,"enemies":"Lagavulin","floor":7.0,"turns":6.0},{"damage":3.0,"enemies":"Exordium Thugs","floor":8.0,"turns":4.0},{"damage":1.0,"enemies":"Blue Slaver","floor":10.0,"turns":2.0},{"damage":0.0,"enemies":"Red Slaver","floor":12.0,"turns":3.0},{"damage":15.0,"enemies":"3 Sentries","floor":13.0,"turns":4.0},{"damage":18.0,"enemies":"The Guardian","floor":16.0,"turns":6.0},{"damage":27.0,"enemies":"3 Byrds","floor":18.0,"turns":3.0},{"damage":13.0,"enemies":"2 Thieves","floor":21.0,"turns":3.0},{"damage":0.0,"enemies":"Cultist and Chosen","floor":24.0,"turns":3.0},{"damage":7.0,"enemies":"Book of Stabbing","floor":27.0,"turns":3.0},{"damage":0,"enemies":"Gremlin Leader","floor":29,"turns":5},{"damage":0,"enemies":"Centurion and Healer","floor":31,"turns":3},{"damage":17,"enemies":"Automaton","floor":33,"turns":7},{"damage":2,"enemies":"Orb Walker","floor":35,"turns":3},{"damage":1,"enemies":"3 Shapes","floor":37,"turns":4},{"damage":23,"enemies":"Transient","floor":39,"turns":5},{"damage":28,"enemies":"Giant Head","floor":41,"turns":7},{"damage":0,"enemies":"4 Shapes","floor":44,"turns":2},{"damage":16,"enemies":"Nemesis","floor":46,"turns":5},{"damage":30,"enemies":"Awakened One","floor":50,"turns":12},{"damage":61,"enemies":"Shield and Spear","floor":54,"turns":6},{"damage":11,"enemies":"The Heart","floor":55,"turns":2}],"seed_played":"2756406387267278749","potions_obtained":[{"floor":1.0,"key":"Regen Potion"},{"floor":7.0,"key":"PotionOfCapacity"},{"floor":8.0,"key":"EntropicBrew"},{"floor":13.0,"key":"FearPotion"},{"floor":16.0,"key":"PowerPotion"},{"floor":24.0,"key":"Energy Potion"},{"floor":29,"key":"CultistPotion"},{"floor":31,"key":"PowerPotion"},{"floor":37,"key":"AttackPotion"},{"floor":44,"key":"SkillPotion"},{"floor":46,"key":"Weak Potion"},{"floor":54,"key":"SteroidPotion"}],"is_trial":false,"path_per_floor":["M","?","$","M","M","R","E","M","T","M","R","M","E","?","R","B",null,"M","?","T","M","?","R","M","?","T","E","$","E","?","M","R","B",null,"M","?","M","?","M","R","E","R","T","M","R","E","R","$","R","B",null,"R","$","E","B"],"character_chosen":"DEFECT","items_purchased":["Runic Capacitor","Chill","Rip and Tear","Oddly Smooth Stone","Bronze Scales","Skim","Self Repair","Capacitor","Orrery","TungstenRod"],"campfire_rested":3,"item_purchase_floors":[3,3,3,28,28,28,28,48,48,53],"current_hp_per_floor":[43,43,43,41,41,41,29,26,26,25,25,25,10,10,29,11,51,24,24,24,11,11,30,30,43,43,36,36,43,43,43,43,33,56,54,42,41,41,25,44,30,48,48,48,64,48,64,64,64,41,58,64,64,10,0,0],"gold":76,"neow_bonus":"TWO_FIFTY_GOLD","is_daily":false,"chose_seed":false,"campfire_upgraded":7,"win_rate":0.0,"timestamp":1612074912,"path_taken":["M","?","$","M","M","R","E","M","T","M","R","M","E","?","R","BOSS","M","?","?","M","?","R","?","?","T","E","$","E","?","M","R","BOSS","M","?","M","?","M","R","E","R","T","M","R","E","R","$","R","BOSS","R","$","E","BOSS"],"items_purchased_type":["Relic","Card","Card","Relic","Relic","Card","Card","Card","Relic","Relic"],"build_version":"2020-12-22","purchased_purges":4,"victory":false,"max_hp_per_floor":[71,64,64,64,64,64,64,64,64,64,64,64,64,64,64,64,64,64,64,64,64,64,64,64,64,64,64,64,64,64,64,64,64,64,64,64,64,64,64,64,64,64,64,64,64,64,64,64,64,64,64,64,64,64,64,64],"card_choices":[{"not_picked":["Hologram","Defragment"],"picked":"Sunder","floor":1.0},{"not_picked":["Barrage","Go for the Eyes"],"picked":"Genetic Algorithm","floor":4.0},{"not_picked":["Scrape","Fusion"],"picked":"Beam Cell","floor":5.0},{"not_picked":["Force Field","Steam"],"picked":"Gash","floor":7.0},{"not_picked":["FTL","Stack","Sunder"],"picked":"SKIP","floor":8.0},{"not_picked":["FTL","Stack","Sunder"],"picked":"SKIP","floor":8.0},{"not_picked":["Turbo","Barrage"],"picked":"Sweeping Beam","floor":10.0},{"not_picked":["Chill","White Noise"],"picked":"Ball Lightning","floor":12.0},{"not_picked":["Multi-Cast","Streamline"],"picked":"Biased Cognition","floor":13.0},{"not_picked":["Echo Form","Biased Cognition"],"picked":"Electrodynamics","floor":16.0},{"not_picked":["Rebound","Ball Lightning"],"picked":"Coolheaded","floor":18.0},{"not_picked":["Turbo+1","Sweeping Beam"],"picked":"Conserve Battery+1","floor":21.0},{"not_picked":["Reprogram","Redo"],"picked":"Conserve Battery","floor":24.0},{"not_picked":["Cold Snap+1","Redo"],"picked":"Core Surge","floor":27},{"not_picked":["Beam Cell+1","Sweeping Beam"],"picked":"White Noise","floor":29},{"not_picked":["Tempest","Cold Snap","Barrage+1"],"picked":"SKIP","floor":31},{"not_picked":["Multi-Cast","Thunder Strike"],"picked":"Echo Form","floor":33},{"not_picked":["Double Energy","FTL","Chill"],"picked":"SKIP","floor":35},{"not_picked":["Redo","Coolheaded"],"picked":"Turbo","floor":37},{"not_picked":["Compile Driver","Reinforced Body","Self Repair"],"picked":"SKIP","floor":39},{"not_picked":["Rebound","Streamline"],"picked":"Stack","floor":41},{"not_picked":["Barrage","Cold Snap","Gash"],"picked":"SKIP","floor":44},{"not_picked":["Hyperbeam","Leap"],"picked":"Hologram+1","floor":46},{"not_picked":["Ball Lightning","Redo"],"picked":"Turbo+1","floor":48},{"not_picked":["Compile Driver","Static Discharge"],"picked":"Coolheaded","floor":48},{"not_picked":["Cold Snap","Hologram"],"picked":"Machine Learning","floor":48},{"not_picked":["Stack","FTL"],"picked":"Storm","floor":48},{"not_picked":["Rebound","Machine Learning","Redo"],"picked":"SKIP","floor":54},{"not_picked":["Rebound","Machine Learning","Redo"],"picked":"SKIP","floor":54}],"player_experience":869281,"relics_obtained":[{"floor":7.0,"key":"DataDisk"},{"floor":9.0,"key":"Smiling Mask"},{"floor":13.0,"key":"Gremlin Horn"},{"floor":20.0,"key":"Bag of Preparation"},{"floor":26.0,"key":"Cables"},{"floor":27,"key":"Symbiotic Virus"},{"floor":29,"key":"Incense Burner"},{"floor":41,"key":"Eternal Feather"},{"floor":41,"key":"MealTicket"},{"floor":46,"key":"Nunchaku"},{"floor":46,"key":"White Beast Statue"},{"floor":54,"key":"Calipers"},{"floor":54,"key":"War Paint"}],"event_choices":[{"damage_healed":0.0,"max_hp_gain":0.0,"max_hp_loss":7.0,"gold_gain":0.0,"event_name":"Golden Idol","player_choice":"Lose Max HP","floor":2.0,"gold_loss":0.0,"damage_taken":0.0,"relics_obtained":["Golden Idol"]},{"damage_healed":0.0,"max_hp_gain":0.0,"max_hp_loss":0.0,"gold_gain":50.0,"event_name":"Golden Shrine","player_choice":"Pray","floor":14.0,"gold_loss":0.0,"damage_taken":0.0},{"damage_healed":0.0,"max_hp_gain":0.0,"max_hp_loss":0.0,"gold_gain":0.0,"event_name":"Addict","player_choice":"Obtained Relic","floor":19.0,"gold_loss":85.0,"damage_taken":0.0,"relics_obtained":["Akabeko"]},{"damage_healed":0.0,"max_hp_gain":0.0,"max_hp_loss":0.0,"gold_gain":50.0,"event_name":"Golden Shrine","player_choice":"Pray","floor":22.0,"gold_loss":0.0,"damage_taken":0.0},{"damage_healed":13.0,"max_hp_gain":0.0,"max_hp_loss":0.0,"gold_gain":0.0,"event_name":"The Library","player_choice":"Heal","floor":25.0,"gold_loss":0.0,"damage_taken":0.0},{"cards_removed":["Zap"],"damage_healed":0,"gold_gain":0,"player_choice":"Elegance","damage_taken":0,"max_hp_gain":0,"max_hp_loss":0,"event_name":"Back to Basics","floor":30,"gold_loss":0},{"damage_healed":0,"gold_gain":0,"player_choice":"Embrace Madness","damage_taken":12,"max_hp_gain":0,"max_hp_loss":0,"event_name":"Winding Halls","floor":36,"gold_loss":0,"cards_obtained":["Madness","Madness"]},{"damage_healed":0,"gold_gain":333,"player_choice":"Gave Idol","damage_taken":0,"max_hp_gain":0,"max_hp_loss":0,"event_name":"The Moai Head","floor":38,"relics_lost":["Golden Idol"],"gold_loss":0}],"is_beta":false,"boss_relics":[{"not_picked":["Velvet Choker","FrozenCore"],"picked":"Pandora\u0027s Box"},{"not_picked":["Empty Cage","Astrolabe"],"picked":"Black Star"}],"items_purged_floors":[3,28,48,53],"is_endless":false,"potions_floor_spawned":[1,7,8,13,16,24,29,31,37,44,46,54],"killed_by":"The Heart","ascension_level":15}}