{"host":"pigfart","time":1612081121,"event":{"mods":["BaseMod","Colored Map","Minty Spire (QoL Compilation)","Relic Stats","StSLib"],"gold_per_floor":[118,43,54,54,77,111,130,130,185,203,203,236,251,271,271,344,344,360,360,375,393,404,437,437,456,531,546,579,579,0,25,25,104,104,121,136,155,170,187,222,222,236,284,284,311,324,378,411,411,411,411,411,411,31,61,61,61],"floor_reached":56,"language":"ENG","playtime":2437,"items_purged":[],"score":2326,"play_id":"fa73b8b3-74f4-41cb-bf97-aa9c5862b33d","local_time":"20210131021841","is_ascension_mode":true,"campfire_choices":[{"data":"Eviscerate","floor":8.0,"key":"SMITH"},{"data":"Calculated Gamble","floor":11.0,"key":"SMITH"},{"floor":15.0,"key":"REST"},{"data":"Phantasmal Killer","floor":24.0,"key":"SMITH"},{"floor":29.0,"key":"REST"},{"floor":32.0,"key":"REST"},{"floor":41.0,"key":"RECALL"},{"data":"After Image","floor":44.0,"key":"SMITH"},{"floor":49.0,"key":"REST"},{"data":"Footwork","floor":53.0,"key":"SMITH"}],"circlet_count":0,"master_deck":["AscendersBane","Strike_G","Defend_G","Defend_G","Defend_G","Defend_G","Defend_G","Survivor","Neutralize","Storm of Steel+1","Backflip+1","Calculated Gamble+1","Terror+1","Phantasmal Killer+1","Eviscerate+1","Accuracy","Leg Sweep","Blade Dance","Adrenaline","Escape Plan","Footwork+1","Dagger Spray+1","Blur","Blade Dance+1","Prepared+1","A Thousand Cuts","Flechettes","After Image+1","PiercingWail+1","Backflip+1","Acrobatics+1","Calculated Gamble+1","Dodge and Roll+1","Cloak And Dagger+1","Finisher+1","Deflect+1","PiercingWail+1","Deflect+1","Venomology+1"],"relics":["Astrolabe","Ancient Tea Set","Oddly Smooth Stone","Bronze Scales","Tiny Chest","Runic Pyramid","Shuriken","Mummified Hand","Pen Nib","OrangePellets","Toxic Egg 2","Happy Flower","HoveringKite","Molten Egg 2","Vajra","Toy Ornithopter","Akabeko","Ornamental Fan","Tough Bandages"],"acts_visited":["Exordium","TheCity","TheBeyond","TheEnding"],"potions_floor_usage":[],"damage_taken":[{"damage":9.0,"enemies":"Small Slimes","floor":1.0,"turns":4.0},{"damage":0.0,"enemies":"2 Louse","floor":3.0,"turns":3.0},{"damage":0.0,"enemies":"Lagavulin","floor":6.0,"turns":7.0},{"damage":0.0,"enemies":"Jaw Worm","floor":7.0,"turns":2.0},{"damage":6.0,"enemies":"2 Fungi Beasts","floor":10.0,"turns":3.0},{"damage":9.0,"enemies":"3 Sentries","floor":12.0,"turns":8.0},{"damage":9.0,"enemies":"Exordium Thugs","floor":13.0,"turns":3.0},{"damage":11.0,"enemies":"Gremlin Gang","floor":14.0,"turns":3.0},{"damage":7.0,"enemies":"Slime Boss","floor":16.0,"turns":6.0},{"damage":0.0,"enemies":"Spheric Guardian","floor":18.0,"turns":3.0},{"damage":0.0,"enemies":"Chosen","floor":20.0,"turns":3.0},{"damage":0.0,"enemies":"Snecko","floor":21.0,"turns":4.0},{"damage":1.0,"enemies":"3 Cultists","floor":22.0,"turns":4.0},{"damage":26.0,"enemies":"Gremlin Leader","floor":23.0,"turns":4.0},{"damage":6.0,"enemies":"Cultist and Chosen","floor":25.0,"turns":7.0},{"damage":0.0,"enemies":"Sentry and Sphere","floor":27.0,"turns":3.0},{"damage":26.0,"enemies":"Slavers","floor":28.0,"turns":4.0},{"damage":9.0,"enemies":"Gremlin Leader","floor":31.0,"turns":5.0},{"damage":18.0,"enemies":"Automaton","floor":33.0,"turns":6.0},{"damage":7.0,"enemies":"3 Darklings","floor":35.0,"turns":3.0},{"damage":0.0,"enemies":"Orb Walker","floor":36.0,"turns":3.0},{"damage":1.0,"enemies":"Writhing Mass","floor":37.0,"turns":5.0},{"damage":0.0,"enemies":"Spire Growth","floor":38.0,"turns":3.0},{"damage":0.0,"enemies":"Maw","floor":39.0,"turns":5.0},{"damage":0.0,"enemies":"Nemesis","floor":40.0,"turns":5.0},{"damage":8.0,"enemies":"4 Shapes","floor":42.0,"turns":3.0},{"damage":0.0,"enemies":"Reptomancer","floor":45.0,"turns":3.0},{"damage":14.0,"enemies":"3 Darklings","floor":46.0,"turns":3.0},{"damage":0.0,"enemies":"Giant Head","floor":48.0,"turns":2.0},{"damage":7.0,"enemies":"Awakened One","floor":50.0,"turns":10.0},{"damage":0.0,"enemies":"Time Eater","floor":51.0,"turns":6.0},{"damage":20.0,"enemies":"Shield and Spear","floor":55.0,"turns":5.0},{"damage":50,"enemies":"The Heart","floor":56,"turns":3}],"seed_played":"3041620246323854993","potions_obtained":[{"floor":1.0,"key":"EssenceOfSteel"},{"floor":7.0,"key":"Strength Potion"},{"floor":13.0,"key":"Fire Potion"},{"floor":16.0,"key":"BlessingOfTheForge"},{"floor":18.0,"key":"AttackPotion"},{"floor":21.0,"key":"Regen Potion"},{"floor":23.0,"key":"Energy Potion"},{"floor":28.0,"key":"SneckoOil"},{"floor":35.0,"key":"SteroidPotion"},{"floor":37.0,"key":"Energy Potion"},{"floor":40.0,"key":"PowerPotion"},{"floor":45.0,"key":"Regen Potion"},{"floor":48.0,"key":"GhostInAJar"}],"is_trial":false,"path_per_floor":["M","?","M","?","T","E","M","R","T","M","R","E","M","M","R","B",null,"M","?","M","M","M","E","R","M","T","M","E","R","$","E","R","B",null,"M","M","M","M","M","E","R","M","T","R","E","M","T","E","R","B","B",null,"R","$","E","B"],"character_chosen":"THE_SILENT","items_purchased":["A Thousand Cuts","OrangePellets","Toxic Egg 2","Ornamental Fan","Deflect+1","CunningPotion"],"campfire_rested":4,"item_purchase_floors":[30,30,30,54,54,54],"current_hp_per_floor":[50,50,50,50,50,50,50,50,50,44,44,35,26,15,34,27,56,56,66,66,66,65,44,44,38,38,38,12,31,31,22,41,23,55,48,48,47,47,47,47,47,39,39,39,39,34,34,34,53,46,51,62,62,62,46,0,0],"gold":61,"neow_bonus":"BOSS_RELIC","is_daily":false,"chose_seed":false,"campfire_upgraded":5,"win_rate":0.0,"timestamp":1612081121,"path_taken":["M","?","M","?","?","E","M","R","T","M","R","E","M","M","R","BOSS","M","?","?","M","M","E","R","M","T","M","E","R","$","E","R","BOSS","M","?","M","M","M","E","R","M","T","R","E","M","?","E","R","BOSS","BOSS","R","$","E","BOSS"],"items_purchased_type":["Card","Relic","Relic","Relic","Card","Potion"],"build_version":"2020-12-18","purchased_purges":0,"victory":false,"max_hp_per_floor":[66,66,66,66,66,66,66,66,66,66,66,66,66,66,66,66,66,66,66,66,66,66,66,66,66,66,66,66,66,66,66,66,66,66,66,66,66,66,66,66,66,66,66,66,66,66,66,66,66,66,66,66,66,66,66,66,66],"relic_stats":{"Happy Flower":[21],"counters":[33,141],"Astrolabe":["Well Laid Plans","Storm of Steel","Backflip"],"HoveringKite":[34],"Pen Nib":[19],"OrangePellets":[6],"Tough Bandages":[33],"Shuriken":[54],"Mummified Hand":[52],"Ornamental Fan":[24],"Bronze Scales":[354],"Tiny Chest":1,"obtain_stats":[{"Happy Flower":31,"Astrolabe":0,"Oddly Smooth Stone":6,"HoveringKite":34,"Vajra":45,"Pen Nib":28,"Ancient Tea Set":5,"Akabeko":48,"OrangePellets":30,"Tough Bandages":55,"Shuriken":23,"Mummified Hand":26,"Ornamental Fan":54,"Bronze Scales":9,"Tiny Chest":12,"Molten Egg 2":40,"Toxic Egg 2":30,"Toy Ornithopter":47,"Ring of the Snake":0,"Runic Pyramid":17},{"Happy Flower":18,"Astrolabe":0,"Oddly Smooth Stone":3,"HoveringKite":19,"Vajra":27,"Pen Nib":17,"Ancient Tea Set":2,"Akabeko":29,"OrangePellets":17,"Tough Bandages":32,"Shuriken":14,"Mummified Hand":15,"Ornamental Fan":31,"Bronze Scales":4,"Tiny Chest":6,"Molten Egg 2":25,"Toxic Egg 2":17,"Toy Ornithopter":28,"Ring of the Snake":0,"Runic Pyramid":9},{"Happy Flower":76,"Astrolabe":0,"Oddly Smooth Stone":14,"HoveringKite":82,"Vajra":112,"Pen Nib":71,"Ancient Tea Set":7,"Akabeko":117,"OrangePellets":71,"Tough Bandages":138,"Shuriken":57,"Mummified Hand":64,"Ornamental Fan":133,"Bronze Scales":16,"Tiny Chest":27,"Molten Egg 2":106,"Toxic Egg 2":71,"Toy Ornithopter":115,"Ring of the Snake":0,"Runic Pyramid":39}],"Toy Ornithopter":9},"card_choices":[{"not_picked":["Dagger Throw","Deflect"],"picked":"Calculated Gamble","floor":1.0},{"not_picked":["Dodge and Roll","Acrobatics"],"picked":"Terror","floor":3.0},{"not_picked":["Bane","Backflip"],"picked":"Phantasmal Killer","floor":6.0},{"not_picked":["Deadly Poison","Dodge and Roll"],"picked":"Eviscerate","floor":7.0},{"not_picked":["Dodge and Roll","Dagger Throw","Crippling Poison"],"picked":"SKIP","floor":10.0},{"not_picked":["Choke","Caltrops"],"picked":"Accuracy","floor":12.0},{"not_picked":["Outmaneuver","Expertise"],"picked":"Leg Sweep","floor":13.0},{"not_picked":["Eviscerate","Underhanded Strike"],"picked":"Blade Dance","floor":14.0},{"not_picked":["Tools of the Trade","Corpse Explosion"],"picked":"Adrenaline","floor":16.0},{"not_picked":["Escape Plan","Dagger Throw","Skewer"],"picked":"SKIP","floor":18.0},{"not_picked":["Dagger Throw","Skewer"],"picked":"Escape Plan","floor":18.0},{"not_picked":["Infinite Blades","Dagger Spray"],"picked":"Footwork","floor":20.0},{"not_picked":["Predator","Acrobatics"],"picked":"Dagger Spray+1","floor":21.0},{"not_picked":["Expertise","Infinite Blades","Outmaneuver"],"picked":"SKIP","floor":22.0},{"not_picked":["Masterful Stab+1","Poisoned Stab"],"picked":"Blur","floor":23.0},{"not_picked":["Distraction","Dagger Spray+1"],"picked":"Blade Dance+1","floor":25.0},{"not_picked":["Endless Agony","Blade Dance","Masterful Stab"],"picked":"SKIP","floor":27.0},{"not_picked":["Caltrops","Deflect+1"],"picked":"Prepared+1","floor":28.0},{"not_picked":["Dash","Poisoned Stab","Flechettes"],"picked":"SKIP","floor":31.0},{"not_picked":["Dash","Poisoned Stab"],"picked":"Flechettes","floor":31.0},{"not_picked":["A Thousand Cuts","Malaise+1"],"picked":"After Image","floor":33.0},{"not_picked":["Infinite Blades","Predator"],"picked":"PiercingWail+1","floor":35.0},{"not_picked":["Reflex+1","Blade Dance+1"],"picked":"Backflip+1","floor":36.0},{"not_picked":["Blade Dance+1","Flying Knee"],"picked":"Acrobatics+1","floor":37.0},{"not_picked":["Unload","Prepared+1"],"picked":"Calculated Gamble+1","floor":38.0},{"not_picked":["Sucker Punch","Leg Sweep+1"],"picked":"Dodge and Roll+1","floor":39.0},{"not_picked":["Crippling Poison+1","Blur+1"],"picked":"Cloak And Dagger+1","floor":40.0},{"not_picked":["Slice+1","Quick Slash+1"],"picked":"Finisher+1","floor":42.0},{"not_picked":["Unload+1","Doppelganger+1"],"picked":"Deflect+1","floor":45.0},{"not_picked":["Poisoned Stab+1","Dagger Throw+1","Quick Slash+1"],"picked":"SKIP","floor":46.0},{"not_picked":["Flying Knee+1","Distraction+1"],"picked":"PiercingWail+1","floor":48.0},{"not_picked":["Calculated Gamble+1","Flying Knee+1"],"picked":"Venomology+1","floor":55.0}],"player_experience":2360832,"relics_obtained":[{"floor":5.0,"key":"Ancient Tea Set"},{"floor":6.0,"key":"Oddly Smooth Stone"},{"floor":9.0,"key":"Bronze Scales"},{"floor":12.0,"key":"Tiny Chest"},{"floor":23.0,"key":"Shuriken"},{"floor":26.0,"key":"Mummified Hand"},{"floor":28.0,"key":"Pen Nib"},{"floor":31.0,"key":"Happy Flower"},{"floor":40.0,"key":"Molten Egg 2"},{"floor":45.0,"key":"Vajra"},{"floor":47.0,"key":"Toy Ornithopter"},{"floor":48.0,"key":"Akabeko"},{"floor":55.0,"key":"Tough Bandages"}],"event_choices":[{"cards_removed":["Strike_G"],"damage_healed":0.0,"max_hp_gain":0.0,"max_hp_loss":0.0,"gold_gain":0.0,"event_name":"The Cleric","player_choice":"Card Removal","floor":2.0,"gold_loss":75.0,"damage_taken":0.0},{"damage_healed":0.0,"max_hp_gain":0.0,"max_hp_loss":0.0,"gold_gain":0.0,"event_name":"Living Wall","player_choice":"Grow","floor":4.0,"gold_loss":0.0,"damage_taken":0.0,"cards_upgraded":["Terror"]},{"cards_removed":["Well Laid Plans"],"damage_healed":10.0,"max_hp_gain":0.0,"max_hp_loss":0.0,"gold_gain":0.0,"event_name":"Bonfire Elementals","player_choice":"Offered Uncommon","floor":19.0,"gold_loss":0.0,"damage_taken":0.0}],"is_beta":true,"boss_relics":[{"not_picked":["Black Star","Snecko Eye"],"picked":"Runic Pyramid"},{"not_picked":["Coffee Dripper","Runic Dome"],"picked":"HoveringKite"}],"items_purged_floors":[],"is_endless":false,"potions_floor_spawned":[1,7,10,13,16,18,21,23,28,35,37,40,45,48],"killed_by":"The Heart","ascension_level":20}}