{"host":"9n6i2vl93jt4o42q","time":1612100915,"event":{"mods":["BaseMod","Minty Spire (QoL Compilation)","Relic Stats"],"gold_per_floor":[117,132,7,25,40,40,69,27,27,44,44,44,44],"floor_reached":12,"language":"ENG","playtime":609,"items_purged":["Strike_G"],"score":160,"play_id":"3ac2bd40-511e-47c2-84ca-1b9e010c4cf2","local_time":"20210131144835","is_ascension_mode":true,"campfire_choices":[{"data":"Distraction","floor":6.0,"key":"SMITH"}],"circlet_count":0,"master_deck":["AscendersBane","Strike_G","Strike_G","Strike_G","Strike_G","Defend_G","Defend_G","Defend_G","Defend_G","Defend_G","Survivor","Neutralize+1","Dagger Throw","Distraction+1","Dagger Spray","Flying Knee","Cloak And Dagger","Bullet Time+1","Acrobatics"],"relics":["Ring of the Snake","Darkstone Periapt","Pantograph"],"acts_visited":["Exordium"],"potions_floor_usage":[7,12],"damage_taken":[{"damage":3.0,"enemies":"Cultist","floor":1.0,"turns":4.0},{"damage":4.0,"enemies":"Small Slimes","floor":2.0,"turns":5.0},{"damage":2.0,"enemies":"Jaw Worm","floor":4.0,"turns":6.0},{"damage":19.0,"enemies":"Gremlin Gang","floor":5.0,"turns":4.0},{"damage":27,"enemies":"Lagavulin","floor":7,"turns":5},{"damage":10,"enemies":"Exordium Thugs","floor":10,"turns":6},{"damage":38,"enemies":"Gremlin Nob","floor":12,"turns":3}],"seed_played":"545784821241550446","potions_obtained":[{"floor":1.0,"key":"Strength Potion"},{"floor":2.0,"key":"Energy Potion"},{"floor":4.0,"key":"Regen Potion"},{"floor":5.0,"key":"SneckoOil"}],"is_trial":false,"path_per_floor":["M","M","$","M","M","R","E","?","T","M","?","E"],"character_chosen":"THE_SILENT","items_purchased":["Dagger Spray"],"campfire_rested":0,"item_purchase_floors":[3],"current_hp_per_floor":[56,52,52,50,43,43,16,16,16,6,6,0,0],"gold":44,"neow_bonus":"UPGRADE_CARD","is_daily":false,"chose_seed":false,"campfire_upgraded":1,"win_rate":0.0,"timestamp":1612100915,"path_taken":["M","M","$","?","M","R","E","?","T","M","?","E"],"items_purchased_type":["Card"],"build_version":"2020-12-22","purchased_purges":1,"victory":false,"max_hp_per_floor":[66,66,66,66,66,66,66,66,66,66,66,66,66],"relic_stats":{"Darkstone Periapt":0,"counters":[7,33],"Pantograph":0,"obtain_stats":[{"Darkstone Periapt":7,"Pantograph":9,"Ring of the Snake":0},{"Darkstone Periapt":5,"Pantograph":5,"Ring of the Snake":0},{"Darkstone Periapt":24,"Pantograph":24,"Ring of the Snake":0}],"Ring of the Snake":[14]},"card_choices":[{"not_picked":["Terror","Choke"],"picked":"Dagger Throw","floor":1.0},{"not_picked":["Bane","Expertise"],"picked":"Distraction","floor":2.0},{"not_picked":["Catalyst","Dagger Throw"],"picked":"Flying Knee","floor":4.0},{"not_picked":["Bane","Concentrate"],"picked":"Cloak And Dagger","floor":5.0},{"not_picked":["Slice","Phantasmal Killer"],"picked":"Bullet Time","floor":7},{"not_picked":["Calculated Gamble","Endless Agony"],"picked":"Acrobatics","floor":10}],"player_experience":2359449,"relics_obtained":[{"floor":7,"key":"Darkstone Periapt"},{"floor":9,"key":"Pantograph"}],"event_choices":[{"damage_healed":0,"gold_gain":0,"player_choice":"Left Gold","damage_taken":0,"max_hp_gain":0,"max_hp_loss":0,"event_name":"World of Goop","floor":8,"gold_loss":42},{"damage_healed":0,"gold_gain":0,"player_choice":"Upgraded","damage_taken":0,"max_hp_gain":0,"max_hp_loss":0,"event_name":"Upgrade Shrine","floor":11,"gold_loss":0,"cards_upgraded":["Bullet Time"]}],"is_beta":false,"boss_relics":[],"items_purged_floors":[3],"is_endless":false,"potions_floor_spawned":[1,2,4,5],"killed_by":"Gremlin Nob","ascension_level":20}}