{"host":"4rvakrj1idbgia3f","time":1612053010,"event":{"mods":["BaseMod","Colored Map","Colored Powertips","DeckTracker","Highlight Path","Minty Spire (QoL Compilation)","Random Character Button","StSLib"],"gold_per_floor":[116,41,51,70,80,80,100,100,100,100,115,145,93,113,113,190,190,202,202,269,368,437,437,519,48,75,87,161,177,177,188,188,267,267,278,292,312,0,12,12,62,87,87,155,174,201,201,218,218,218,218],"floor_reached":50,"language":"JPN","playtime":3353,"items_purged":["Defend_B","Strike_B","Strike_B"],"score":1095,"play_id":"50139baf-ce84-4b02-9415-517d7e64e666","local_time":"20210131093010","is_ascension_mode":true,"campfire_choices":[{"data":"Ball Lightning","floor":6.0,"key":"SMITH"},{"data":"Glacier","floor":8.0,"key":"SMITH"},{"data":"Barrage","floor":10.0,"key":"SMITH"},{"data":"Chaos","floor":15.0,"key":"SMITH"},{"data":"Seek","floor":23.0,"key":"SMITH"},{"data":"Blizzard","floor":30.0,"key":"SMITH"},{"data":"Biased Cognition","floor":32.0,"key":"SMITH"},{"data":"Capacitor","floor":40.0,"key":"SMITH"},{"data":"Panacea","floor":47,"key":"SMITH"},{"floor":49,"key":"RECALL"}],"circlet_count":0,"master_deck":["AscendersBane","Strike_B","Defend_B+1","Defend_B","Defend_B+1","Zap","Dualcast","Glacier+1","Barrage+1","Genetic Algorithm","Ball Lightning+1","Coolheaded","Steam Power","Chaos+1","FTL","Seek+1","Coolheaded","Cold Snap","Blizzard+1","Biased Cognition+1","Echo Form","Tempest","Capacitor+1","Panacea+1","Static Discharge","Defragment"],"relics":["Cracked Core","Tiny Chest","War Paint","Potion Belt","Shuriken","Coffee Dripper","SsserpentHead","Anchor","Red Mask","Vajra","Medical Kit","Lantern","Bag of Marbles","Snecko Eye","Membership Card","Bronze Scales","TungstenRod"],"acts_visited":["Exordium","TheCity","TheBeyond"],"potions_floor_usage":[50,50],"damage_taken":[{"damage":1.0,"enemies":"Cultist","floor":1.0,"turns":4.0},{"damage":0.0,"enemies":"2 Louse","floor":3.0,"turns":3.0},{"damage":0.0,"enemies":"Small Slimes","floor":4.0,"turns":4.0},{"damage":1.0,"enemies":"Exordium Wildlife","floor":5.0,"turns":3.0},{"damage":14.0,"enemies":"Gremlin Gang","floor":7.0,"turns":6.0},{"damage":3.0,"enemies":"Large Slime","floor":11.0,"turns":5.0},{"damage":2.0,"enemies":"Gremlin Nob","floor":12.0,"turns":3.0},{"damage":0.0,"enemies":"Lots of Slimes","floor":14.0,"turns":5.0},{"damage":41.0,"enemies":"Hexaghost","floor":16.0,"turns":11.0},{"damage":0.0,"enemies":"Spheric Guardian","floor":18.0,"turns":3.0},{"damage":16.0,"enemies":"Shell Parasite","floor":20.0,"turns":3.0},{"damage":0.0,"enemies":"Centurion and Healer","floor":22.0,"turns":6.0},{"damage":5.0,"enemies":"Masked Bandits","floor":24.0,"turns":5.0},{"damage":8.0,"enemies":"Snecko","floor":27.0,"turns":6.0},{"damage":0.0,"enemies":"3 Cultists","floor":29.0,"turns":4.0},{"damage":0.0,"enemies":"Centurion and Healer","floor":31.0,"turns":4.0},{"damage":18.0,"enemies":"Automaton","floor":33.0,"turns":11.0},{"damage":0.0,"enemies":"3 Darklings","floor":35.0,"turns":5.0},{"damage":0.0,"enemies":"Orb Walker","floor":36.0,"turns":3.0},{"damage":3.0,"enemies":"Spire Growth","floor":37.0,"turns":5.0},{"damage":0.0,"enemies":"3 Darklings","floor":39.0,"turns":4.0},{"damage":48,"enemies":"Nemesis","floor":42,"turns":7},{"damage":0,"enemies":"Jaw Worm Horde","floor":44,"turns":5},{"damage":0,"enemies":"Maw","floor":45,"turns":5},{"damage":0,"enemies":"Giant Head","floor":46,"turns":11},{"damage":6,"enemies":"4 Shapes","floor":48,"turns":6},{"damage":21,"enemies":"Awakened One","floor":50,"turns":3}],"seed_played":"2423862083854199156","potions_obtained":[{"floor":1.0,"key":"GamblersBrew"},{"floor":4.0,"key":"ColorlessPotion"},{"floor":7.0,"key":"AttackPotion"},{"floor":12.0,"key":"DuplicationPotion"},{"floor":14.0,"key":"DistilledChaos"},{"floor":18.0,"key":"SpeedPotion"},{"floor":31.0,"key":"Weak Potion"},{"floor":35.0,"key":"FearPotion"},{"floor":37.0,"key":"FairyPotion"},{"floor":42,"key":"PotionOfCapacity"},{"floor":46,"key":"AttackPotion"},{"floor":48,"key":"LiquidMemories"}],"is_trial":false,"path_per_floor":["M","$","M","M","M","R","M","R","T","R","M","E","?","M","R","B",null,"M","?","M","T","M","R","?","$","T","M","T","M","R","M","R","B",null,"M","M","M","$","M","R","?","E","T","M","M","E","R","M","R","B"],"character_chosen":"DEFECT","items_purchased":["Blizzard","Vajra","Medical Kit","Membership Card","Capacitor","Panacea"],"campfire_rested":0,"item_purchase_floors":[25,25,25,38,38,38],"current_hp_per_floor":[63,63,63,63,62,62,48,48,48,48,45,43,43,43,43,2,54,54,54,38,38,38,38,33,33,33,25,25,25,25,25,25,7,55,55,55,52,52,52,52,52,4,4,4,4,4,4,21,21,0,0],"gold":218,"neow_bonus":"RANDOM_COMMON_RELIC","is_daily":false,"chose_seed":false,"campfire_upgraded":9,"win_rate":0.0,"timestamp":1612053010,"path_taken":["M","$","M","M","M","R","M","R","T","R","M","E","?","M","R","BOSS","M","?","?","?","?","R","?","?","T","M","?","M","R","M","R","BOSS","M","M","M","$","M","R","?","E","T","?","M","E","R","M","R","BOSS"],"items_purchased_type":["Card","Relic","Relic","Relic","Card","Card"],"build_version":"2020-12-22","purchased_purges":3,"victory":false,"max_hp_per_floor":[71,71,71,71,71,71,71,71,71,71,71,71,71,71,71,71,71,71,71,71,71,71,71,71,71,71,71,71,71,71,71,71,71,71,71,71,71,71,71,71,71,71,71,71,71,71,71,71,71,71,71],"card_choices":[{"not_picked":["Undo","Cold Snap"],"picked":"Glacier","floor":1.0},{"not_picked":["Fusion","Stack"],"picked":"Barrage","floor":3.0},{"not_picked":["Sweeping Beam","Beam Cell"],"picked":"Genetic Algorithm","floor":4.0},{"not_picked":["Hologram","Steam"],"picked":"Ball Lightning","floor":5.0},{"not_picked":["Stack","Gash"],"picked":"Coolheaded","floor":7.0},{"not_picked":["Rebound","Streamline"],"picked":"Steam Power","floor":11.0},{"not_picked":["Reinforced Body","Doom and Gloom"],"picked":"Chaos","floor":12.0},{"not_picked":["Rip and Tear","Gash"],"picked":"FTL","floor":14.0},{"not_picked":["Core Surge","Reboot"],"picked":"Seek","floor":16.0},{"not_picked":["Sweeping Beam","Redo","Steam Power"],"picked":"SKIP","floor":18.0},{"not_picked":["Conserve Battery","Beam Cell"],"picked":"Coolheaded","floor":20.0},{"not_picked":["Sweeping Beam","Go for the Eyes+1","Coolheaded"],"picked":"SKIP","floor":22.0},{"not_picked":["Gash","Stack"],"picked":"Cold Snap","floor":24.0},{"not_picked":["Compile Driver","Double Energy","Sweeping Beam"],"picked":"SKIP","floor":27.0},{"not_picked":["Redo","Gash"],"picked":"Biased Cognition","floor":29.0},{"not_picked":["Rebound","Beam Cell","Gash"],"picked":"SKIP","floor":31.0},{"not_picked":["Rainbow","Amplify"],"picked":"Echo Form","floor":33.0},{"not_picked":["Compile Driver+1","Cold Snap","Beam Cell"],"picked":"SKIP","floor":35.0},{"not_picked":["Hologram","Aggregate"],"picked":"Tempest","floor":36.0},{"not_picked":["Scrape+1","Streamline+1","Cold Snap"],"picked":"SKIP","floor":37.0},{"not_picked":["Stack+1","Leap+1"],"picked":"Static Discharge","floor":39.0},{"not_picked":["Melter","Chaos+1","Sweeping Beam+1"],"picked":"SKIP","floor":42},{"not_picked":["Rainbow","Sweeping Beam"],"picked":"Defragment","floor":44},{"not_picked":["Steam","Ball Lightning+1","Aggregate"],"picked":"SKIP","floor":45},{"not_picked":["Aggregate","Turbo","Blizzard"],"picked":"SKIP","floor":46},{"not_picked":["Hologram","Streamline","Skim+1"],"picked":"SKIP","floor":48}],"player_experience":2139610,"relics_obtained":[{"floor":9.0,"key":"War Paint"},{"floor":12.0,"key":"Potion Belt"},{"floor":21.0,"key":"Anchor"},{"floor":24.0,"key":"Red Mask"},{"floor":26.0,"key":"Lantern"},{"floor":28.0,"key":"Bag of Marbles"},{"floor":42,"key":"Bronze Scales"},{"floor":46,"key":"TungstenRod"}],"event_choices":[{"damage_healed":0.0,"max_hp_gain":0.0,"max_hp_loss":0.0,"gold_gain":0.0,"event_name":"WeMeetAgain","player_choice":"Paid Gold","floor":13.0,"gold_loss":52.0,"damage_taken":0.0,"relics_obtained":["Shuriken"]},{"damage_healed":0.0,"max_hp_gain":0.0,"max_hp_loss":0.0,"gold_gain":0.0,"event_name":"FaceTrader","player_choice":"Trade","floor":19.0,"gold_loss":0.0,"damage_taken":0.0,"relics_obtained":["SsserpentHead"]},{"damage_healed":0.0,"max_hp_gain":0.0,"max_hp_loss":0.0,"gold_gain":0.0,"event_name":"Masked Bandits","player_choice":"Fought Bandits","floor":24.0,"gold_loss":0.0,"damage_taken":0.0},{"cards_removed":["Strike_B"],"damage_healed":0.0,"max_hp_gain":0.0,"max_hp_loss":0.0,"gold_gain":0.0,"event_name":"Bonfire Elementals","player_choice":"Offered Basic","floor":41.0,"gold_loss":0.0,"damage_taken":0.0}],"is_beta":false,"boss_relics":[{"not_picked":["Cursed Key","Inserter"],"picked":"Coffee Dripper"},{"not_picked":["Black Star","Runic Dome"],"picked":"Snecko Eye"}],"items_purged_floors":[2,25,38],"is_endless":false,"potions_floor_spawned":[1,4,7,12,14,18,31,35,37,42,46,48],"killed_by":"Awakened One","ascension_level":20}}