{"host":"f0gpob8hq9vgebej","time":1612086854,"event":{"mods":["AchievementEnabler","BaseMod","Minty Spire (QoL Compilation)","Quick Restart","SuperFastMode"],"gold_per_floor":[110,35,51,66,77,77,77,77,123,158,169,203,203,218,218,292,292,304,319,319,319],"floor_reached":20,"language":"KOR","playtime":516,"items_purged":["Strike_R"],"score":326,"play_id":"dd8124c5-67f0-4691-b730-ace8649701d8","local_time":"20210131185414","is_ascension_mode":true,"campfire_choices":[{"data":"Demon Form","floor":6.0,"key":"SMITH"},{"data":"Rupture","floor":8.0,"key":"SMITH"},{"data":"Shrug It Off","floor":15.0,"key":"SMITH"}],"circlet_count":0,"master_deck":["AscendersBane","Strike_R","Strike_R","Strike_R","Defend_R","Defend_R","Defend_R","Bash","Demon Form+1","Heavy Blade","Sword Boomerang","Rupture+1","Brutality","Shrug It Off+1","Exhume","Writhe","Impervious","Bloodletting"],"relics":["Black Blood","Centennial Puzzle","Bag of Marbles","Blood Vial"],"acts_visited":["Exordium","TheCity"],"potions_floor_usage":[20,20],"damage_taken":[{"damage":8.0,"enemies":"2 Louse","floor":1.0,"turns":3.0},{"damage":0.0,"enemies":"Cultist","floor":3.0,"turns":4.0},{"damage":4.0,"enemies":"Small Slimes","floor":4.0,"turns":4.0},{"damage":25.0,"enemies":"Gremlin Gang","floor":5.0,"turns":5.0},{"damage":10.0,"enemies":"Lagavulin","floor":10.0,"turns":5.0},{"damage":11.0,"enemies":"2 Fungi Beasts","floor":11.0,"turns":4.0},{"damage":31.0,"enemies":"Gremlin Nob","floor":12.0,"turns":4.0},{"damage":8.0,"enemies":"Red Slaver","floor":14.0,"turns":5.0},{"damage":36.0,"enemies":"Slime Boss","floor":16.0,"turns":6.0},{"damage":11.0,"enemies":"Chosen","floor":18.0,"turns":5.0},{"damage":31.0,"enemies":"Shell Parasite","floor":19.0,"turns":7.0},{"damage":40,"enemies":"Chosen and Byrds","floor":20,"turns":6}],"seed_played":"3825023518443069978","potions_obtained":[{"floor":3.0,"key":"ElixirPotion"},{"floor":11.0,"key":"Dexterity Potion"},{"floor":12.0,"key":"Energy Potion"},{"floor":16.0,"key":"LiquidMemories"}],"is_trial":false,"path_per_floor":["M","$","M","M","M","R","?","R","T","E","M","E","?","M","R","B",null,"M","M","M"],"character_chosen":"IRONCLAD","items_purchased":[],"campfire_rested":0,"item_purchase_floors":[],"current_hp_per_floor":[48,48,54,56,37,37,75,75,75,71,66,41,41,41,41,13,60,63,46,8,8],"gold":319,"neow_bonus":"TRANSFORM_TWO_CARDS","is_daily":false,"chose_seed":false,"campfire_upgraded":3,"win_rate":0.0,"timestamp":1612086854,"path_taken":["M","$","M","M","M","R","?","R","T","E","?","E","?","M","R","BOSS","M","M","?"],"items_purchased_type":[],"build_version":"2020-12-22","purchased_purges":1,"victory":false,"max_hp_per_floor":[75,75,75,75,75,75,75,75,75,75,75,75,75,75,75,75,75,75,75,75,75],"card_choices":[{"not_picked":["Perfected Strike","Heavy Blade"],"picked":"Sword Boomerang","floor":1.0},{"not_picked":["Uppercut","Heavy Blade"],"picked":"Rupture","floor":3.0},{"not_picked":["Cleave","Anger"],"picked":"Inflame","floor":4.0},{"not_picked":["Reckless Charge","Wild Strike","Searing Blow"],"picked":"SKIP","floor":5.0},{"not_picked":["Sentinel","Cleave"],"picked":"Brutality","floor":10.0},{"not_picked":["Headbutt","Disarm"],"picked":"Shrug It Off","floor":11.0},{"not_picked":["Clothesline","Cleave","Clash"],"picked":"SKIP","floor":12.0},{"not_picked":["Twin Strike","Evolve","Headbutt"],"picked":"SKIP","floor":14.0},{"not_picked":["Barricade","Brutality"],"picked":"Impervious","floor":16.0},{"not_picked":["Clothesline","Iron Wave","Anger"],"picked":"SKIP","floor":18.0},{"not_picked":["Ghostly Armor","Sentinel"],"picked":"Bloodletting","floor":19.0}],"player_experience":309685,"relics_obtained":[{"floor":9.0,"key":"Centennial Puzzle"},{"floor":10.0,"key":"Bag of Marbles"},{"floor":12.0,"key":"Blood Vial"}],"event_choices":[{"cards_removed":["Inflame"],"damage_healed":38.0,"max_hp_gain":0.0,"max_hp_loss":0.0,"gold_gain":0.0,"event_name":"Bonfire Elementals","player_choice":"Offered Uncommon","floor":7.0,"gold_loss":0.0,"damage_taken":0.0},{"damage_healed":0.0,"max_hp_gain":0.0,"max_hp_loss":0.0,"gold_gain":0.0,"event_name":"Match and Keep!","player_choice":"2 cards matched","floor":13.0,"gold_loss":0.0,"damage_taken":0.0,"cards_obtained":["Exhume","Writhe"]}],"is_beta":false,"boss_relics":[{"not_picked":["Coffee Dripper","Runic Pyramid"],"picked":"Black Blood"}],"items_purged_floors":[2],"is_endless":false,"potions_floor_spawned":[3,11,12,16,18],"killed_by":"Chosen and Byrds","ascension_level":15}}