{"host":"9m2ifqaul2xw9r3j","time":1612129976,"event":{"mods":["BaseMod","Minty Spire (QoL Compilation)"],"gold_per_floor":[114,114,39,39,39,39,54,84,159,159,174,174,189,219,219,319,319,334,16,31,46,61,61,91,91,91,121,136,151,181,181,181,181,181],"floor_reached":33,"language":"ENG","playtime":8510,"items_purged":["Strike_R","Strike_R"],"score":315,"play_id":"9dd64467-5b58-440d-8699-e6c6e552d153","local_time":"20210131225256","daily_mods":["Allstar","Diverse","Elite Swarm"],"is_ascension_mode":false,"campfire_choices":[{"data":"Discovery","floor":6.0,"key":"SMITH"},{"data":"Burst","floor":10.0,"key":"SMITH"},{"data":"Transmutation","floor":12.0,"key":"SMITH"},{"data":"Conserve Battery","floor":15.0,"key":"SMITH"},{"data":"Conserve Battery","floor":23.0,"key":"SMITH"},{"floor":25.0,"key":"REST"},{"floor":32,"key":"REST"}],"circlet_count":0,"master_deck":["Strike_R","Strike_R","Strike_R","Defend_R","Defend_R","Defend_R","Defend_R","Bash","Discovery+1","Blind+1","Transmutation+1","Impatience+1","Panacea+1","Conserve Battery+1","FollowUp","Impatience+1","Hello World","Conserve Battery+1","Burst+1","Melter","Brilliance","LessonLearned","BowlingBash","FTL","Backstab+1","CutThroughFate","FollowUp","Scrawl+1"],"relics":["Burning Blood","Incense Burner","Self Forming Clay","Paper Frog","SlaversCollar","TheAbacus","Bronze Scales","Blood Vial","Potion Belt","Toxic Egg 2"],"acts_visited":["Exordium","TheCity"],"potions_floor_usage":[29,29,30],"damage_taken":[{"damage":0.0,"enemies":"Small Slimes","floor":1.0,"turns":3.0},{"damage":1.0,"enemies":"Jaw Worm","floor":7.0,"turns":2.0},{"damage":1.0,"enemies":"Lagavulin","floor":8.0,"turns":6.0},{"damage":0.0,"enemies":"Cultist","floor":11.0,"turns":3.0},{"damage":8.0,"enemies":"Lots of Slimes","floor":13.0,"turns":4.0},{"damage":18.0,"enemies":"3 Sentries","floor":14.0,"turns":5.0},{"damage":39.0,"enemies":"Slime Boss","floor":16.0,"turns":15.0},{"damage":13.0,"enemies":"2 Thieves","floor":18.0,"turns":5.0},{"damage":1.0,"enemies":"Shell Parasite","floor":20.0,"turns":6.0},{"damage":37.0,"enemies":"Shelled Parasite and Fungi","floor":21.0,"turns":6.0},{"damage":2.0,"enemies":"Snecko","floor":22.0,"turns":5.0},{"damage":19.0,"enemies":"Gremlin Leader","floor":24.0,"turns":7.0},{"damage":12.0,"enemies":"Slavers","floor":27.0,"turns":6.0},{"damage":11.0,"enemies":"Centurion and Healer","floor":28.0,"turns":6.0},{"damage":15,"enemies":"Shelled Parasite and Fungi","floor":29,"turns":5},{"damage":11,"enemies":"Book of Stabbing","floor":30,"turns":4},{"damage":59,"enemies":"Collector","floor":33,"turns":11}],"seed_played":"7510361231737359051","potions_obtained":[{"floor":13.0,"key":"Ancient Potion"},{"floor":14.0,"key":"Weak Potion"},{"floor":21.0,"key":"FearPotion"},{"floor":27.0,"key":"SteroidPotion"},{"floor":28,"key":"Dexterity Potion"},{"floor":29,"key":"DistilledChaos"}],"is_trial":false,"path_per_floor":["M","?","$","?","?","R","M","E","T","R","M","R","M","E","R","B",null,"M","$","M","M","M","R","E","R","T","E","M","M","E","?","R","B"],"character_chosen":"IRONCLAD","items_purchased":["TheAbacus","FTL"],"campfire_rested":2,"item_purchase_floors":[19,19],"current_hp_per_floor":[80,80,80,64,64,64,69,74,74,74,80,80,78,66,66,33,80,73,73,78,47,51,51,38,62,62,58,55,48,45,30,55,0,0],"gold":181,"neow_bonus":"","is_daily":true,"chose_seed":false,"campfire_upgraded":5,"win_rate":0.0,"timestamp":1612129976,"path_taken":["M","?","$","?","?","R","M","E","T","R","M","R","?","E","R","BOSS","M","$","M","M","M","R","E","R","T","E","?","M","E","?","R","BOSS"],"items_purchased_type":["Relic","Card"],"build_version":"2020-12-22","purchased_purges":2,"victory":false,"max_hp_per_floor":[80,80,80,80,80,80,80,80,80,80,80,80,80,80,80,80,80,80,80,80,80,80,80,80,80,80,80,80,80,80,85,85,85,85],"card_choices":[{"not_picked":["Prostrate","Prepared"],"picked":"Conserve Battery","floor":1.0},{"not_picked":["Protect","Shrug It Off"],"picked":"Conserve Battery","floor":7.0},{"not_picked":["Glass Knife","Die Die Die"],"picked":"Burst","floor":8.0},{"not_picked":["PathToVictory","Thunderclap","Crippling Poison"],"picked":"SKIP","floor":11.0},{"not_picked":["Accuracy","Flying Knee"],"picked":"Melter","floor":13.0},{"not_picked":["Double Tap","Amplify"],"picked":"Brilliance","floor":14.0},{"not_picked":["Corpse Explosion","Double Tap"],"picked":"LessonLearned","floor":16.0},{"not_picked":["Outmaneuver","EmptyFist"],"picked":"BowlingBash","floor":18.0},{"not_picked":["Uppercut+1","Cleave","SandsOfTime"],"picked":"SKIP","floor":20.0},{"not_picked":["Shrug It Off","Halt"],"picked":"Backstab+1","floor":21.0},{"not_picked":["ForeignInfluence","Iron Wave","Clash"],"picked":"SKIP","floor":22.0},{"not_picked":["Storm of Steel","Judgement","Scrawl"],"picked":"SKIP","floor":24.0},{"not_picked":["Establishment","Corpse Explosion","Offering"],"picked":"SKIP","floor":27.0},{"not_picked":["Wireheading","WheelKick+1"],"picked":"CutThroughFate","floor":28},{"not_picked":["Sentinel+1","Steam"],"picked":"FollowUp","floor":29},{"not_picked":["Rainbow+1","Juggernaut"],"picked":"Scrawl+1","floor":30}],"player_experience":308330,"relics_obtained":[{"floor":8.0,"key":"Incense Burner"},{"floor":9.0,"key":"Self Forming Clay"},{"floor":14.0,"key":"Paper Frog"},{"floor":24.0,"key":"Bronze Scales"},{"floor":26.0,"key":"Blood Vial"},{"floor":27.0,"key":"Potion Belt"},{"floor":30,"key":"Toxic Egg 2"}],"event_choices":[{"damage_healed":0.0,"max_hp_gain":0.0,"max_hp_loss":0.0,"gold_gain":0.0,"event_name":"Scrap Ooze","player_choice":"Fled","floor":2.0,"gold_loss":0.0,"damage_taken":0.0},{"damage_healed":0.0,"max_hp_gain":0.0,"max_hp_loss":0.0,"gold_gain":0.0,"event_name":"Shining Light","player_choice":"Entered Light","floor":4.0,"gold_loss":0.0,"damage_taken":16.0,"cards_upgraded":["Blind","Impatience"]},{"damage_healed":0.0,"max_hp_gain":0.0,"max_hp_loss":0.0,"gold_gain":0.0,"event_name":"Match and Keep!","player_choice":"3 cards matched","floor":5.0,"gold_loss":0.0,"damage_taken":0.0,"cards_obtained":["FollowUp","Impatience","Hello World"]},{"damage_healed":0,"gold_gain":0,"player_choice":"Shed Blood","damage_taken":20,"max_hp_gain":5,"max_hp_loss":0,"event_name":"Forgotten Altar","floor":31,"gold_loss":0}],"is_beta":false,"boss_relics":[{"not_picked":["Mark of Pain","Sozu"],"picked":"SlaversCollar"}],"items_purged_floors":[3,19],"is_endless":false,"potions_floor_spawned":[13,14,21,27,28,29],"killed_by":"Collector","ascension_level":0}}