{"host":"i4d8tgqbnmcnjm0a","time":1612058758,"event":{"mods":["BaseMod","Keyboard Shortcuts","Minty Spire (QoL Compilation)"],"gold_per_floor":[214,124,144,159,159,159,185,150,222,222,250,250,269,289,289,393,393,411,427,427,27,27,27,37,37,37,37,67,67,100,100,100],"floor_reached":31,"language":"ENG","playtime":1936,"items_purged":[],"score":309,"play_id":"93393008-7892-455e-b016-b328a5ab8d02","local_time":"20210130210558","is_ascension_mode":true,"campfire_choices":[{"data":"Limit Break","floor":6,"key":"SMITH"},{"data":"Spot Weakness","floor":10,"key":"SMITH"},{"floor":12,"key":"RECALL"},{"data":"Heavy Blade","floor":15,"key":"SMITH"},{"floor":23,"key":"REST"},{"floor":25,"key":"REST"}],"circlet_count":0,"master_deck":["Strike_R","Strike_R","Strike_R","Strike_R","Strike_R","Defend_R","Defend_R","Defend_R","Bash","Twin Strike","Dramatic Entrance","Perfected Strike","Limit Break+1","Spot Weakness+1","Infernal Blade","Heavy Blade+1","Berserk","Seeing Red","Bloodletting","Rupture","Spot Weakness+1"],"relics":["Burning Blood","Boot","Pantograph","Calipers","Runic Cube","Mummified Hand","Membership Card","Singing Bowl","Happy Flower","Toxic Egg 2","Gambling Chip","Darkstone Periapt"],"acts_visited":["Exordium","TheCity"],"potions_floor_usage":[7,16,16],"damage_taken":[{"damage":3,"enemies":"Jaw Worm","floor":1,"turns":4},{"damage":0,"enemies":"Small Slimes","floor":3,"turns":2},{"damage":1,"enemies":"Cultist","floor":4,"turns":3},{"damage":27,"enemies":"3 Sentries","floor":7,"turns":5},{"damage":31,"enemies":"Lagavulin","floor":11,"turns":5},{"damage":0,"enemies":"Lots of Slimes","floor":13,"turns":1},{"damage":11,"enemies":"Looter","floor":14,"turns":2},{"damage":46,"enemies":"Hexaghost","floor":16,"turns":6},{"damage":12,"enemies":"Chosen","floor":18,"turns":3},{"damage":49,"enemies":"3 Byrds","floor":19,"turns":4},{"damage":21,"enemies":"Cultist and Chosen","floor":24,"turns":4},{"damage":28,"enemies":"Book of Stabbing","floor":28,"turns":3},{"damage":45,"enemies":"Slavers","floor":30,"turns":5},{"damage":18,"enemies":"Centurion and Healer","floor":31,"turns":2}],"seed_played":"4590801557881983180","potions_obtained":[{"floor":1,"key":"AttackPotion"},{"floor":4,"key":"FearPotion"},{"floor":14,"key":"Weak Potion"},{"floor":18,"key":"Ancient Potion"}],"is_trial":false,"path_per_floor":["M","$","M","M","?","R","E","?","T","R","E","R","M","M","R","B",null,"M","M","?","$","$","R","M","R","T","?","E","T","E","M"],"character_chosen":"IRONCLAD","items_purchased":["Dramatic Entrance","Membership Card","Singing Bowl","Happy Flower","Bloodletting"],"campfire_rested":2,"item_purchase_floors":[2,21,21,21,21],"current_hp_per_floor":[80,80,80,80,80,80,59,79,79,79,54,54,60,55,55,40,80,74,31,31,31,31,55,40,64,64,80,60,60,21,3,3],"gold":100,"neow_bonus":"HUNDRED_GOLD","is_daily":false,"chose_seed":false,"campfire_upgraded":3,"win_rate":0.0,"timestamp":1612058758,"path_taken":["M","$","M","M","?","R","E","?","T","R","E","R","M","M","R","BOSS","M","M","?","?","$","R","?","R","T","?","E","?","E","?"],"items_purchased_type":["Card","Relic","Relic","Relic","Card"],"build_version":"2020-12-22","purchased_purges":0,"victory":false,"max_hp_per_floor":[80,80,80,80,80,80,80,80,80,80,80,80,80,80,80,80,80,80,80,80,80,80,80,80,80,80,80,82,82,82,82,82],"card_choices":[{"not_picked":["Battle Trance","Sword Boomerang"],"picked":"Twin Strike","floor":1},{"not_picked":["Cleave","Anger"],"picked":"Perfected Strike","floor":3},{"not_picked":["Pommel Strike","Second Wind"],"picked":"Limit Break","floor":4},{"not_picked":["Pummel","Wild Strike"],"picked":"Spot Weakness","floor":7},{"not_picked":["Metallicize","Feel No Pain"],"picked":"Infernal Blade","floor":11},{"not_picked":["Perfected Strike","Shrug It Off"],"picked":"Heavy Blade","floor":13},{"not_picked":["Fire Breathing","Cleave","Rage"],"picked":"SKIP","floor":14},{"not_picked":["Feed","Juggernaut"],"picked":"Berserk","floor":16},{"not_picked":["Burning Pact","Havoc","Power Through"],"picked":"SKIP","floor":18},{"not_picked":["Infernal Blade","Havoc"],"picked":"Seeing Red","floor":19},{"not_picked":["Flex+1","Havoc+1"],"picked":"Rupture","floor":24},{"not_picked":["True Grit+1","Perfected Strike","Pommel Strike"],"picked":"Singing Bowl","floor":28},{"not_picked":["Clash","Clothesline"],"picked":"Spot Weakness+1","floor":30}],"player_experience":266318,"relics_obtained":[{"floor":7,"key":"Boot"},{"floor":9,"key":"Pantograph"},{"floor":11,"key":"Calipers"},{"floor":26,"key":"Toxic Egg 2"},{"floor":28,"key":"Gambling Chip"},{"floor":30,"key":"Darkstone Periapt"}],"event_choices":[{"cards_removed":["Defend_R"],"damage_healed":0,"gold_gain":0,"player_choice":"Forget","damage_taken":0,"max_hp_gain":0,"max_hp_loss":0,"event_name":"Living Wall","floor":5,"gold_loss":0},{"damage_healed":20,"gold_gain":0,"player_choice":"Healed","damage_taken":0,"max_hp_gain":0,"max_hp_loss":0,"event_name":"The Cleric","floor":8,"gold_loss":35},{"damage_healed":0,"gold_gain":0,"player_choice":"Gave Potion","damage_taken":0,"relics_obtained":["Mummified Hand"],"max_hp_gain":0,"max_hp_loss":0,"event_name":"WeMeetAgain","floor":20,"gold_loss":0},{"damage_healed":26,"gold_gain":0,"player_choice":"Heal","damage_taken":0,"max_hp_gain":0,"max_hp_loss":0,"event_name":"The Library","floor":27,"gold_loss":0}],"is_beta":false,"boss_relics":[{"not_picked":["Fusion Hammer","Philosopher\u0027s Stone"],"picked":"Runic Cube"}],"items_purged_floors":[],"is_endless":false,"potions_floor_spawned":[1,4,14,18],"killed_by":"Centurion and Healer","ascension_level":2}}