{"host":"o6rpelx2jpc8yies","time":1612132832,"event":{"mods":["BaseMod","Downfall","Minty Spire (QoL Compilation)","StSLib"],"gold_per_floor":[349,361,374,384,384,396,396,196,221,256,24,55,55,40,51,51,51,51],"floor_reached":16,"language":"ENG","playtime":846,"items_purged":[],"score":220,"play_id":"9b794403-1b40-4ba8-b110-808edacbabe9","local_time":"20210131154032","is_ascension_mode":true,"campfire_choices":[{"floor":1.0,"key":"RECALL"},{"floor":8.0,"key":"REST"},{"floor":13.0,"key":"REST"}],"circlet_count":0,"master_deck":["AscendersBane","bronze:Strike","bronze:Strike","bronze:Strike","bronze:Strike","bronze:Defend","bronze:Defend","bronze:Defend","bronze:Defend","bronze:Replicate","bronze:Goto","bronze:ChildClass","bronze:Separator","bronze:Break","bronze:CutThrough","bronze:Invalidate","bronze:ChosenStrike","bronze:HardenedForm","bronze:MaxOutput","bronze:Branch","bronze:Overheat"],"relics":["bronze:BronzeCore","Question Card","downfall:HeartBlessingRed","downfall:HeartBlessingBlue","Odd Mushroom","The Courier","Sundial","Ice Cream"],"acts_visited":["Exordium"],"potions_floor_usage":[16],"damage_taken":[{"damage":9.0,"enemies":"Jaw Worm","floor":2.0,"turns":4.0},{"damage":7.0,"enemies":"Small Slimes","floor":3.0,"turns":4.0},{"damage":1.0,"enemies":"Cultist","floor":4.0,"turns":4.0},{"damage":0.0,"enemies":"Exordium Wildlife","floor":6.0,"turns":2.0},{"damage":6.0,"enemies":"The Mushroom Lair","floor":9.0,"turns":3.0},{"damage":9.0,"enemies":"3 Sentries","floor":10.0,"turns":4.0},{"damage":0.0,"enemies":"downfall:FleeingMerchant","floor":11.0,"turns":4.0},{"damage":8.0,"enemies":"Lagavulin","floor":12.0,"turns":5.0},{"damage":10.0,"enemies":"downfall:FleeingMerchant","floor":14.0,"turns":4.0},{"damage":4.0,"enemies":"Red Slaver","floor":15.0,"turns":2.0},{"damage":25,"enemies":"SI_SHIV_ARCHETYPE","floor":16,"turns":5}],"seed_played":"763547911741199824","potions_obtained":[{"floor":2.0,"key":"Strength Potion"},{"floor":3.0,"key":"AttackPotion"},{"floor":12.0,"key":"Strength Potion"}],"is_trial":false,"path_per_floor":["R","M","M","M","?","M","T","R","?","E","$","E","R","$","M","B"],"character_chosen":"THE_AUTOMATON","items_purchased":["Sundial"],"campfire_rested":2,"item_purchase_floors":[11],"current_hp_per_floor":[42,33,26,25,7,7,7,38,32,23,23,15,36,26,22,0,0,0],"gold":51,"neow_bonus":"TWO_FIFTY_GOLD","is_daily":false,"chose_seed":false,"campfire_upgraded":0,"win_rate":0.0,"timestamp":1612132832,"path_taken":["R","M","M","M","?","M","T","R","?","E","$","E","R","$","M","BOSS"],"items_purchased_type":["Relic"],"build_version":"2020-12-22","purchased_purges":0,"victory":false,"max_hp_per_floor":[63,63,63,63,63,63,63,73,73,73,73,73,73,73,73,73,73,73],"card_choices":[{"not_picked":["bronze:Flail","bronze:FineTuning"],"picked":"bronze:ChildClass","floor":2.0},{"not_picked":["bronze:BitShift","bronze:OilSpill"],"picked":"bronze:Separator","floor":3.0},{"not_picked":["bronze:OilSpill","bronze:Deprecate"],"picked":"bronze:Break","floor":4.0},{"not_picked":["bronze:Separator","bronze:Invalidate","bronze:Deprecate"],"picked":"bronze:CutThrough","floor":6.0},{"not_picked":["bronze:BuggyMess","bronze:Iterate","bronze:OilSpill"],"picked":"bronze:Invalidate","floor":9.0},{"not_picked":["bronze:BuggyMess","bronze:WhirlingStrike","bronze:CleanCode"],"picked":"bronze:ChosenStrike","floor":10.0},{"not_picked":["bronze:DelayedSlice","bronze:ThunderWave","bronze:Overload"],"picked":"bronze:HardenedForm","floor":11.0},{"not_picked":["bronze:ClassDefault","bronze:BugBarrage","bronze:Invalidate"],"picked":"bronze:MaxOutput","floor":12.0},{"not_picked":["bronze:WhirlingStrike","bronze:Refactor","bronze:Shield"],"picked":"bronze:Branch","floor":14.0},{"not_picked":["bronze:InfiniteBeams","bronze:Invalidate","bronze:DelayedSlice"],"picked":"bronze:Overheat","floor":15.0}],"player_experience":1899202,"relics_obtained":[{"floor":9.0,"key":"Odd Mushroom"},{"floor":10.0,"key":"The Courier"},{"floor":12.0,"key":"Ice Cream"}],"event_choices":[{"damage_healed":0.0,"max_hp_gain":0.0,"max_hp_loss":0.0,"gold_gain":0.0,"event_name":"Scrap Ooze","player_choice":"Success","floor":5.0,"gold_loss":0.0,"damage_taken":18.0,"relics_obtained":["Question Card"]},{"damage_healed":0.0,"max_hp_gain":0.0,"max_hp_loss":0.0,"gold_gain":0.0,"event_name":"Mushrooms","player_choice":"Fought Mushrooms","floor":9.0,"gold_loss":0.0,"damage_taken":0.0}],"is_beta":false,"boss_relics":[],"items_purged_floors":[],"is_endless":false,"potions_floor_spawned":[2,3,12],"killed_by":"SI_SHIV_ARCHETYPE","ascension_level":20}}