{"host":"syozzdlzcqop4jia","time":1612054017,"event":{"mods":["BaseMod","Colored Map","Colored Powertips","Minty Spire (QoL Compilation)","Quick Restart"],"gold_per_floor":[110,127,147,162,162,162,174,174,174,274,15,31,42,56,56,158,158,170,187,187,187],"floor_reached":20,"language":"ENG","playtime":1235,"items_purged":[],"score":196,"play_id":"6c6fc621-d835-4a30-9f6f-900a0cbecea1","local_time":"20210131014657","is_ascension_mode":true,"campfire_choices":[{"data":"Juggernaut","floor":6,"key":"SMITH"},{"data":"Clash","floor":8,"key":"SMITH"},{"data":"Seeing Red","floor":15,"key":"SMITH"}],"circlet_count":0,"master_deck":["Strike_R","Strike_R","Strike_R","Strike_R","Strike_R","Defend_R","Defend_R","Defend_R","Defend_R","Bash","Rage","Clash+1","Headbutt","Headbutt","Juggernaut+1","Warcry","Seeing Red+1","Shrug It Off","Perfected Strike","Dropkick","Rampage","Fiend Fire","Armaments+1","Shrug It Off"],"relics":["Black Blood","Smiling Mask","Bronze Scales"],"acts_visited":["Exordium","TheCity"],"potions_floor_usage":[19],"damage_taken":[{"damage":3,"enemies":"2 Louse","floor":1,"turns":3},{"damage":0,"enemies":"Cultist","floor":2,"turns":2},{"damage":7,"enemies":"Small Slimes","floor":3,"turns":2},{"damage":20,"enemies":"Exordium Wildlife","floor":4,"turns":4},{"damage":5,"enemies":"3 Louse","floor":7,"turns":3},{"damage":9,"enemies":"Red Slaver","floor":12,"turns":3},{"damage":0,"enemies":"Looter","floor":13,"turns":2},{"damage":9,"enemies":"3 Louse","floor":14,"turns":2},{"damage":40,"enemies":"The Guardian","floor":16,"turns":9},{"damage":40,"enemies":"Shell Parasite","floor":18,"turns":7},{"damage":28,"enemies":"2 Thieves","floor":19,"turns":3},{"damage":38,"enemies":"3 Cultists","floor":20,"turns":3}],"seed_played":"6253093887980314369","potions_obtained":[{"floor":3,"key":"SkillPotion"},{"floor":4,"key":"SpeedPotion"},{"floor":7,"key":"Fire Potion"},{"floor":14,"key":"EssenceOfSteel"},{"floor":19,"key":"Weak Potion"}],"is_trial":false,"path_per_floor":["M","M","M","M","?","R","M","R","T","?","$","M","M","M","R","B",null,"M","M","M"],"character_chosen":"IRONCLAD","items_purchased":["Seeing Red","Bronze Scales","Shrug It Off"],"campfire_rested":0,"item_purchase_floors":[11,11,11],"current_hp_per_floor":[80,80,79,65,65,65,66,66,66,66,66,63,69,66,66,32,80,52,36,0,0],"gold":187,"neow_bonus":"THREE_CARDS","is_daily":false,"chose_seed":false,"campfire_upgraded":3,"win_rate":0.0,"timestamp":1612054017,"path_taken":["M","M","M","M","?","R","M","R","T","?","$","M","?","M","R","BOSS","M","?","M"],"items_purchased_type":["Card","Relic","Card"],"build_version":"2020-12-22","purchased_purges":0,"victory":false,"max_hp_per_floor":[80,80,80,80,80,80,80,80,80,80,80,80,80,80,80,80,80,80,80,80,80],"card_choices":[{"not_picked":["Evolve","Hemokinesis"],"picked":"Rage","floor":0},{"not_picked":["Thunderclap","Dark Embrace"],"picked":"Clash","floor":1},{"not_picked":["True Grit","Havoc"],"picked":"Headbutt","floor":2},{"not_picked":["Heavy Blade","Power Through"],"picked":"Headbutt","floor":3},{"not_picked":["Second Wind","Bloodletting"],"picked":"Juggernaut","floor":4},{"not_picked":["Hemokinesis","Burning Pact"],"picked":"Warcry","floor":7},{"not_picked":["Power Through","Twin Strike"],"picked":"Perfected Strike","floor":12},{"not_picked":["Entrench","Spot Weakness"],"picked":"Dropkick","floor":13},{"not_picked":["Searing Blow","Heavy Blade"],"picked":"Rampage","floor":14},{"not_picked":["Corruption","Brutality"],"picked":"Fiend Fire","floor":16},{"not_picked":["Wild Strike","Reckless Charge"],"picked":"Armaments+1","floor":18},{"not_picked":["Headbutt","Sword Boomerang"],"picked":"Shrug It Off","floor":19}],"player_experience":455929,"relics_obtained":[{"floor":9,"key":"Smiling Mask"}],"event_choices":[{"damage_healed":0,"gold_gain":0,"player_choice":"Ignored","damage_taken":0,"max_hp_gain":0,"max_hp_loss":0,"event_name":"Golden Idol","floor":5,"gold_loss":0},{"damage_healed":0,"gold_gain":100,"player_choice":"Pray","damage_taken":0,"max_hp_gain":0,"max_hp_loss":0,"event_name":"Golden Shrine","floor":10,"gold_loss":0}],"is_beta":false,"boss_relics":[{"not_picked":["Pandora\u0027s Box","Runic Pyramid"],"picked":"Black Blood"}],"items_purged_floors":[],"is_endless":false,"potions_floor_spawned":[3,4,7,13,14,16,19],"killed_by":"3 Cultists","ascension_level":3}}