{"host":"yajbwjoofeeg2olc","time":1612117356,"event":{"mods":["AchievementEnabler","Arknights","Aspiration","Bard","BaseMod","Beaked The Cultist","Better Altar","Better Match","Better Note","Better Sensory Stone","Better Skull","Better Third Choice","BetterRewards","CCEM2","Clockwork Mod","Colored Map","Colored Powertips","Conspire","GifTheSpireLib","Gremlin Mod","Halation","Hermit","Highlight Path","Hubris","Hunter ??","Jedi Mod","Jorbs\u0027s Wanderer Trilogy","Mad Scientist","Marisa????????","Mimic Mod","Minty Spire (QoL Compilation)","Permanent Neow","Replay The Spire","Robot Space Explorer","Shade Mod","Shop Mod","Spicy Shops","StSLib","Stuff the Spire","The Administrix","The Animator","The Blackbeard","The Bug Knight","The Construct","The Cursed","The Death Knight","The Disciple","The Exalted","The Forsaken","The Marked","The Mystic","The Necromancer","The Problem Sleuth","The Runesmith","The Servant 0.9.4","The Spell Scribe","The Witch","TheHero"],"gold_per_floor":[359,378,453,467,478,177,204,223,223,223,239,13,43,43,43,247,247,262,281,296,414,432,432,446,473,473,50,63,63,63,93,113,148,148,148,148],"floor_reached":35,"language":"ENG","playtime":2738,"items_purged":["RobotSpaceExplorer:Strike","RobotSpaceExplorer:Defend"],"score":358,"play_id":"2274a378-14b7-48e1-8964-9998230a81bf","local_time":"20210131182236","is_ascension_mode":false,"campfire_choices":[{"data":"RobotSpaceExplorer:StarLightning","floor":15,"key":"SMITH"},{"floor":34,"key":"REST"}],"circlet_count":0,"master_deck":["RobotSpaceExplorer:Strike","RobotSpaceExplorer:Strike","RobotSpaceExplorer:Strike","RobotSpaceExplorer:Defend","RobotSpaceExplorer:Defend","RobotSpaceExplorer:Defend","RobotSpaceExplorer:Scan","RobotSpaceExplorer:MiniLasers","RobotSpaceExplorer:Pulsar","RobotSpaceExplorer:SurgingStrike","RobotSpaceExplorer:Calculate","RobotSpaceExplorer:MiniBoosters","RobotSpaceExplorer:Probe","RobotSpaceExplorer:StarLightning+1","RobotSpaceExplorer:StarDust","RobotSpaceExplorer:ScrapToss","RobotSpaceExplorer:MetalStrike","RobotSpaceExplorer:Electroshield","RobotSpaceExplorer:TurboDodge","RobotSpaceExplorer:Comet","RobotSpaceExplorer:PlasmaMissile","RobotSpaceExplorer:Ammunition+1","RobotSpaceExplorer:Counterblock+1","RobotSpaceExplorer:GlueSpray","RobotSpaceExplorer:MiniDrones+1","RobotSpaceExplorer:Discharger","hubris:NaturalOne","RobotSpaceExplorer:IronShell","RobotSpaceExplorer:Smokescreen+1","RobotSpaceExplorer:Exploration"],"relics":["RobotSpaceExplorer:RoboCore","Chemical X","halation:SelfBoilingWater","Garlic","hubris:Icosahedron","HollowMod:PaleOreRelic","ChewingGum","aspiration:ChemicalBlood","RobotSpaceExplorer:RingOfTheNewt","PreservedInsect","CCEMRelics:TeddyBear"],"acts_visited":["Exordium","TheCity"],"potions_floor_usage":[16,32,35],"damage_taken":[{"damage":1,"enemies":"Jaw Worm","floor":1,"turns":6},{"damage":5,"enemies":"Small Slimes","floor":2,"turns":5},{"damage":0,"enemies":"Cultist","floor":4,"turns":3},{"damage":0,"enemies":"Blue Slaver","floor":5,"turns":4},{"damage":39,"enemies":"Lagavulin","floor":7,"turns":10},{"damage":2,"enemies":"Looter","floor":8,"turns":4},{"damage":1,"enemies":"Large Slime","floor":11,"turns":3},{"damage":8,"enemies":"HollowMod:MossKnight","floor":13,"turns":5},{"damage":17,"enemies":"Hexaghost","floor":16,"turns":6},{"damage":0,"enemies":"conspire:FuzzyDice","floor":18,"turns":4},{"damage":20,"enemies":"Snake Plant","floor":19,"turns":6},{"damage":12,"enemies":"conspire:HollyBat","floor":20,"turns":7},{"damage":0,"enemies":"Cultist and Chosen","floor":21,"turns":4},{"damage":16,"enemies":"Snake Plant","floor":22,"turns":5},{"damage":18,"enemies":"Snecko","floor":24,"turns":5},{"damage":21,"enemies":"Book of Stabbing","floor":25,"turns":5},{"damage":12,"enemies":"Centurion and Healer","floor":28,"turns":5},{"damage":6,"enemies":"Replay:Snechameleon","floor":31,"turns":6},{"damage":3,"enemies":"3 Cultists","floor":32,"turns":5},{"damage":5,"enemies":"HollowMod:Nosk","floor":33,"turns":6},{"damage":52,"enemies":"Automaton","floor":35,"turns":6}],"seed_played":"-4933205677295759242","potions_obtained":[{"floor":4,"key":"PowerPotion"},{"floor":5,"key":"LiquidBronze"},{"floor":7,"key":"BlessingOfTheForge"},{"floor":21,"key":"Fire Potion"},{"floor":24,"key":"SpeedPotion"},{"floor":31,"key":"BlessingOfTheForge"},{"floor":32,"key":"FearPotion"},{"floor":35,"key":"Toxic Potion"}],"is_trial":false,"path_per_floor":["M","M","?","M","M","$","E","M","T","?","M","$","E","?","R","B",null,"M","M","M","M","M","?","M","E","T","$","M","PTL","PTL","E","M","E","R","B"],"character_chosen":"RobotSpaceExplorer","items_purchased":["Chemical X","RobotSpaceExplorer:Probe","RobotSpaceExplorer:ScrapToss","RobotSpaceExplorer:MetalStrike","RobotSpaceExplorer:Electroshield","RobotSpaceExplorer:RingOfTheNewt","RobotSpaceExplorer:Discharger"],"campfire_rested":1,"item_purchase_floors":[6,6,12,12,12,27,27],"current_hp_per_floor":[67,62,51,51,51,51,12,10,10,10,9,9,68,68,68,51,68,68,48,56,56,40,40,50,29,29,29,17,17,17,11,8,3,23,0,0],"gold":148,"neow_bonus":"TWO_FIFTY_GOLD","is_daily":false,"chose_seed":false,"campfire_upgraded":1,"win_rate":0.0,"timestamp":1612117356,"path_taken":["M","M","?","M","M","$","E","M","T","?","M","$","E","?","R","BOSS","M","M","M","M","M","?","M","E","T","$","M","PTL","PTL","E","?","E","R","BOSS"],"items_purchased_type":["Relic","Card","Card","Card","Card","Relic","Card"],"build_version":"2020-12-22","purchased_purges":2,"victory":false,"max_hp_per_floor":[68,68,68,68,68,68,68,68,68,68,68,68,68,68,68,68,68,68,68,68,68,68,68,68,68,68,68,68,68,68,68,68,68,68,68,68],"card_choices":[{"not_picked":["RobotSpaceExplorer:IronShell","RobotSpaceExplorer:RigExplosive"],"picked":"RobotSpaceExplorer:Pulsar","floor":1},{"not_picked":["RobotSpaceExplorer:ScrapMissile","RobotSpaceExplorer:ShovelStrike"],"picked":"RobotSpaceExplorer:SurgingStrike","floor":2},{"not_picked":["RobotSpaceExplorer:DoubleFind","RobotSpaceExplorer:MetalStrike"],"picked":"RobotSpaceExplorer:Calculate","floor":4},{"not_picked":["RobotSpaceExplorer:Reload","RobotSpaceExplorer:Jetpack"],"picked":"RobotSpaceExplorer:MiniBoosters","floor":5},{"not_picked":["RobotSpaceExplorer:ToxicBomb","RobotSpaceExplorer:FranticSearch","RobotSpaceExplorer:Asteroid"],"picked":"SKIP","floor":7},{"not_picked":["RobotSpaceExplorer:ShovelStrike","RobotSpaceExplorer:IronShell"],"picked":"RobotSpaceExplorer:StarLightning","floor":8},{"not_picked":["RobotSpaceExplorer:Electropulse","RobotSpaceExplorer:DualCore"],"picked":"RobotSpaceExplorer:StarDust","floor":11},{"not_picked":["RobotSpaceExplorer:SwiftStep","RobotSpaceExplorer:DoubleFind"],"picked":"RobotSpaceExplorer:TurboDodge","floor":13},{"not_picked":["RobotSpaceExplorer:Explosion","RobotSpaceExplorer:ChargingLaser"],"picked":"RobotSpaceExplorer:Comet","floor":16},{"not_picked":["RobotSpaceExplorer:SlimeMissile","RobotSpaceExplorer:Counterblock","RobotSpaceExplorer:Reload+1"],"picked":"SKIP","floor":18},{"not_picked":["RobotSpaceExplorer:Probe","RobotSpaceExplorer:FranticSearch+1"],"picked":"RobotSpaceExplorer:PlasmaMissile","floor":19},{"not_picked":["RobotSpaceExplorer:ShockKick","RobotSpaceExplorer:Probe"],"picked":"RobotSpaceExplorer:Ammunition+1","floor":20},{"not_picked":["RobotSpaceExplorer:ScrapShield+1","RobotSpaceExplorer:FreezingShield+1","RobotSpaceExplorer:HighVoltage"],"picked":"SKIP","floor":21},{"not_picked":["RobotSpaceExplorer:PlasmaMissile","RobotSpaceExplorer:SwiftStep"],"picked":"RobotSpaceExplorer:Counterblock+1","floor":22},{"not_picked":["RobotSpaceExplorer:SurgingShield","RobotSpaceExplorer:Counterblock+1"],"picked":"RobotSpaceExplorer:GlueSpray","floor":24},{"not_picked":["RobotSpaceExplorer:Counterblock","RobotSpaceExplorer:Ammunition"],"picked":"RobotSpaceExplorer:MiniDrones+1","floor":25},{"not_picked":["RobotSpaceExplorer:SurgingStrike+1","RobotSpaceExplorer:Ammunition","RobotSpaceExplorer:StunGrenade"],"picked":"SKIP","floor":28},{"not_picked":["RobotSpaceExplorer:ExhaustFan","RobotSpaceExplorer:Probe+1"],"picked":"RobotSpaceExplorer:IronShell","floor":31},{"not_picked":["RobotSpaceExplorer:FrostMissile","RobotSpaceExplorer:Counterblock"],"picked":"RobotSpaceExplorer:Smokescreen+1","floor":32},{"not_picked":["RobotSpaceExplorer:FreezeRay","RobotSpaceExplorer:BigMissile"],"picked":"RobotSpaceExplorer:Exploration","floor":33}],"player_experience":271698,"relics_obtained":[{"floor":7,"key":"halation:SelfBoilingWater"},{"floor":9,"key":"Garlic"},{"floor":13,"key":"HollowMod:PaleOreRelic"},{"floor":25,"key":"aspiration:ChemicalBlood"},{"floor":31,"key":"PreservedInsect"},{"floor":33,"key":"CCEMRelics:TeddyBear"}],"event_choices":[{"damage_healed":0,"gold_gain":75,"player_choice":"Gold","damage_taken":11,"max_hp_gain":0,"max_hp_loss":0,"event_name":"betterThird:BetterGoop","floor":3,"gold_loss":0},{"cards_removed":["RobotSpaceExplorer:Strike"],"damage_healed":0,"gold_gain":0,"player_choice":"Give","damage_taken":0,"max_hp_gain":0,"max_hp_loss":0,"event_name":"betterNote:BetterNote","floor":23,"gold_loss":0,"cards_obtained":["animator:Defend"]}],"is_beta":false,"boss_relics":[{"not_picked":["CCEMRelics:GreenEgg","CCEMRelics:ReaperScythe"],"picked":"ChewingGum"}],"items_purged_floors":[6,6],"is_endless":false,"potions_floor_spawned":[4,5,7,8,21,24,25,32],"killed_by":"Automaton","ascension_level":0}}