{"host":"2tgyrzvaa7l04o2e","time":1612106453,"event":{"mods":["BaseMod","Highlight Path","Minty Spire (QoL Compilation)","Permanent Neow","Relic Stats"],"gold_per_floor":[119,131,147,166,166,166,193,193,262,312,327,338,338,338],"floor_reached":13,"language":"ENG","playtime":514,"items_purged":[],"score":178,"play_id":"daed712c-5a10-446a-8b52-15cf1b0654be","local_time":"20210131162053","is_ascension_mode":true,"campfire_choices":[{"data":"Leg Sweep","floor":6,"key":"SMITH"},{"data":"Blade Dance","floor":8,"key":"SMITH"}],"circlet_count":0,"master_deck":["AscendersBane","Strike_G","Strike_G","Strike_G","Strike_G","Strike_G","Defend_G","Defend_G","Defend_G","Defend_G","Defend_G","Survivor","Neutralize","Dagger Throw","Leg Sweep+1","Backstab","Blade Dance+1","Quick Slash","Noxious Fumes"],"relics":["Ring of the Snake","Centennial Puzzle","Omamori","InkBottle"],"acts_visited":["Exordium"],"potions_floor_usage":[5,7,11],"damage_taken":[{"damage":1,"enemies":"Cultist","floor":1,"turns":5},{"damage":9,"enemies":"Jaw Worm","floor":2,"turns":4},{"damage":0,"enemies":"2 Louse","floor":3,"turns":3},{"damage":1,"enemies":"2 Fungi Beasts","floor":4,"turns":5},{"damage":2,"enemies":"Lots of Slimes","floor":5,"turns":2},{"damage":18,"enemies":"Lagavulin","floor":7,"turns":8},{"damage":6,"enemies":"Exordium Wildlife","floor":11,"turns":6},{"damage":5,"enemies":"Red Slaver","floor":12,"turns":2},{"damage":35,"enemies":"Gremlin Nob","floor":13,"turns":4}],"seed_played":"-3060302718704503639","potions_obtained":[{"floor":2,"key":"SmokeBomb"},{"floor":3,"key":"Fire Potion"},{"floor":7,"key":"Regen Potion"}],"is_trial":false,"path_per_floor":["M","M","M","M","M","R","E","R","T","?","M","M","E"],"character_chosen":"THE_SILENT","items_purchased":[],"campfire_rested":0,"item_purchase_floors":[],"current_hp_per_floor":[58,49,49,48,46,46,28,28,28,28,37,32,0,0],"gold":338,"neow_bonus":"RANDOM_COMMON_RELIC","is_daily":false,"chose_seed":false,"campfire_upgraded":2,"win_rate":0.0,"timestamp":1612106453,"path_taken":["M","M","M","M","?","R","E","R","T","?","M","M","E"],"items_purchased_type":[],"build_version":"2020-12-22","purchased_purges":0,"victory":false,"max_hp_per_floor":[66,66,66,66,66,66,66,66,66,66,66,66,66,66],"relic_stats":{"Centennial Puzzle":[24],"counters":[9,39],"obtain_stats":[{"Centennial Puzzle":0,"Omamori":7,"InkBottle":9,"Ring of the Snake":0},{"Centennial Puzzle":0,"Omamori":6,"InkBottle":6,"Ring of the Snake":0},{"Centennial Puzzle":0,"Omamori":27,"InkBottle":27,"Ring of the Snake":0}],"InkBottle":[4],"Ring of the Snake":[18]},"card_choices":[{"not_picked":["Slice","Catalyst"],"picked":"Dagger Throw","floor":1},{"not_picked":["Slice","Underhanded Strike"],"picked":"Leg Sweep","floor":2},{"not_picked":["Reflex","Caltrops"],"picked":"Backstab","floor":3},{"not_picked":["Acrobatics","Poisoned Stab"],"picked":"Blade Dance","floor":4},{"not_picked":["Acrobatics","Blur"],"picked":"Quick Slash","floor":7},{"not_picked":["Eviscerate","Night Terror","Cloak And Dagger"],"picked":"SKIP","floor":11},{"not_picked":["Prepared","Infinite Blades"],"picked":"Noxious Fumes","floor":12}],"player_experience":678323,"relics_obtained":[{"floor":7,"key":"Omamori"},{"floor":9,"key":"InkBottle"}],"event_choices":[{"damage_healed":0,"gold_gain":50,"player_choice":"Pray","damage_taken":0,"max_hp_gain":0,"max_hp_loss":0,"event_name":"Golden Shrine","floor":10,"gold_loss":0}],"is_beta":false,"boss_relics":[],"items_purged_floors":[],"is_endless":false,"potions_floor_spawned":[2,3,5,7],"killed_by":"Gremlin Nob","ascension_level":20}}