{"host":"yx5rao87132cy5xq","time":1612120226,"event":{"mods":["2.2 Compatiblity","AchievementEnabler","BaseMod","Bestiary","Colored Map","Colored Powertips","Minty Spire (QoL Compilation)","Quick Restart","Relic Stats","Slay-I","SuperFastMode"],"gold_per_floor":[118,128,143,143,157,188,188,215,215,227,227],"floor_reached":10,"language":"ENG","playtime":1135,"items_purged":[],"score":140,"play_id":"a3c4afb5-52cb-4948-ba5e-f0f34e991387","local_time":"20210131201026","is_ascension_mode":true,"campfire_choices":[{"floor":7,"key":"REST"}],"circlet_count":0,"master_deck":["AscendersBane","Strike_R","Strike_R","Strike_R","Strike_R","Strike_R","Defend_R","Defend_R","Defend_R","Defend_R","Bash","Seeing Red","Warcry","Perfected Strike","Clash","Clash"],"relics":["Busted Crown","Omamori","Potion Belt","MawBank"],"acts_visited":["Exordium"],"potions_floor_usage":[],"damage_taken":[{"damage":0,"enemies":"Cultist","floor":1,"turns":3},{"damage":2,"enemies":"Jaw Worm","floor":2,"turns":3},{"damage":8,"enemies":"2 Louse","floor":3,"turns":3},{"damage":7,"enemies":"Large Slime","floor":5,"turns":5},{"damage":35,"enemies":"Lagavulin","floor":6,"turns":5},{"damage":23,"enemies":"Gremlin Nob","floor":8,"turns":4},{"damage":20,"enemies":"Lagavulin","floor":10,"turns":2}],"seed_played":"5180527535229017311","potions_obtained":[{"floor":1,"key":"LiquidMemories"},{"floor":2,"key":"SkillPotion"}],"is_trial":false,"path_per_floor":["M","M","M","?","M","E","R","E","T","E"],"character_chosen":"IRONCLAD","items_purchased":[],"campfire_rested":1,"item_purchase_floors":[],"current_hp_per_floor":[68,66,58,58,51,16,38,15,15,0,0],"gold":227,"neow_bonus":"BOSS_RELIC","is_daily":false,"chose_seed":false,"campfire_upgraded":0,"win_rate":0.0,"timestamp":1612120226,"path_taken":["M","M","?","?","M","E","R","E","T","E"],"items_purchased_type":[],"build_version":"2020-12-22","purchased_purges":0,"victory":false,"max_hp_per_floor":[75,75,75,75,75,75,75,75,75,75,75],"relic_stats":{"Busted Crown":12,"counters":[7,25],"MawBank":12,"obtain_stats":[{"Potion Belt":8,"Busted Crown":0,"Omamori":6,"MawBank":9,"Burning Blood":0},{"Potion Belt":6,"Busted Crown":0,"Omamori":5,"MawBank":6,"Burning Blood":0},{"Potion Belt":23,"Busted Crown":0,"Omamori":19,"MawBank":23,"Burning Blood":0}]},"card_choices":[{"not_picked":[],"picked":"Seeing Red","floor":1},{"not_picked":[],"picked":"Warcry","floor":2},{"not_picked":[],"picked":"Perfected Strike","floor":3},{"not_picked":[],"picked":"Clash","floor":5},{"not_picked":[],"picked":"Clash","floor":6},{"not_picked":["Blood for Blood"],"picked":"SKIP","floor":8}],"player_experience":946805,"relics_obtained":[{"floor":6,"key":"Omamori"},{"floor":8,"key":"Potion Belt"},{"floor":9,"key":"MawBank"}],"event_choices":[{"damage_healed":0,"gold_gain":0,"player_choice":"Ignored","damage_taken":0,"max_hp_gain":0,"max_hp_loss":0,"event_name":"Liars Game","floor":4,"gold_loss":0}],"is_beta":false,"boss_relics":[],"items_purged_floors":[],"is_endless":false,"potions_floor_spawned":[1,2,5,6],"killed_by":"Lagavulin","ascension_level":16}}