{"host":"7iv10lxbxedtd0qh","time":1612063076,"event":{"mods":["BaseMod","Colored Map","Colored Powertips","Downfall","Minty Spire (QoL Compilation)","StSLib"],"gold_per_floor":[99,112,132,147,52,52,52,62,62,94,107,122,134,163,177,276,276,176,196,72,72,87,87,87,118,118,135,135,164,164,193,209,314,314,314,327,342,397,64,90,115,115,141,191,91,126,61,89,105,105],"floor_reached":51,"language":"ENG","playtime":3324,"items_purged":["champ:PreemptiveStrike","champ:Taunt+1"],"score":1057,"play_id":"c4d4a555-ae47-450e-b454-0eee4c81c175","local_time":"20210131041756","is_ascension_mode":true,"campfire_choices":[{"data":"champ:VampiricStrike","floor":1.0,"key":"SMITH"},{"data":"champ:Backstep","floor":6.0,"key":"SMITH"},{"data":"champ:IgnorePain","floor":18.0,"key":"SMITH"},{"data":"champ:UltimateStance","floor":26.0,"key":"SMITH"},{"data":"champ:UltimateStance","floor":30.0,"key":"SMITH"},{"data":"champ:Improvising","floor":35.0,"key":"SMITH"},{"data":"champ:Endure","floor":45.0,"key":"SMITH"}],"circlet_count":0,"master_deck":["champ:Execute","champ:VampiricStrike+1","champ:SwordSigil","champ:ShieldSigil","champ:Backstep+1","champ:Endure+1","champ:EnragedBash","champ:BerserkersShout","champ:SwordSigil","champ:SwordSigil","champ:ShieldSlam","champ:Haymaker+1","champ:FocusedDefense","champ:IgnorePain+1","champ:UltimateStance+1","champ:PreciseThrust","champ:Endure+1","champ:SwordSigil","champ:BerserkerStyle","champ:BerserkerStyle","champ:UltimateStance+1","champ:Improvising+1","champ:BerserkerStyle","champ:VampiricStrike","champ:BerserkerStyle","champ:EndlessRage+1"],"relics":["champ:ChampionCrown","HornCleat","StoneCalendar","Akabeko","Pandora\u0027s Box","downfall:HeartBlessingGreen","champ:BerserkersGuideToSlaughter","Shuriken","Pantograph","Whetstone","Vajra","SlaversCollar","Pocketwatch","White Beast Statue","Smiling Mask","Girya","downfall:HeartBlessingBlue","InkBottle","Ancient Tea Set"],"acts_visited":["Exordium","TheCity","TheBeyond"],"potions_floor_usage":[50,50],"damage_taken":[{"damage":10.0,"enemies":"2 Louse","floor":2.0,"turns":2.0},{"damage":25.0,"enemies":"Cultist","floor":3.0,"turns":2.0},{"damage":16.0,"enemies":"Jaw Worm","floor":4.0,"turns":3.0},{"damage":10.0,"enemies":"downfall:FleeingMerchant","floor":5.0,"turns":4.0},{"damage":11.0,"enemies":"Exordium Wildlife","floor":8.0,"turns":3.0},{"damage":73.0,"enemies":"3 Sentries","floor":10.0,"turns":9.0},{"damage":36.0,"enemies":"Large Slime","floor":11.0,"turns":5.0},{"damage":35.0,"enemies":"2 Fungi Beasts","floor":12.0,"turns":3.0},{"damage":77.0,"enemies":"Large Slime","floor":13.0,"turns":4.0},{"damage":49.0,"enemies":"Gremlin Nob","floor":14.0,"turns":4.0},{"damage":15.0,"enemies":"Exordium Wildlife","floor":15.0,"turns":3.0},{"damage":49.0,"enemies":"IC_STATUS_ARCHETYPE","floor":16.0,"turns":7.0},{"damage":75.0,"enemies":"Shell Parasite","floor":19.0,"turns":7.0},{"damage":55.0,"enemies":"downfall:FleeingMerchant","floor":20.0,"turns":4.0},{"damage":44.0,"enemies":"Snake Plant","floor":22.0,"turns":5.0},{"damage":84.0,"enemies":"Gremlin Leader","floor":25.0,"turns":7.0},{"damage":139.0,"enemies":"Chosen and Byrds","floor":27.0,"turns":7.0},{"damage":77.0,"enemies":"Book of Stabbing","floor":29.0,"turns":3.0},{"damage":81.0,"enemies":"Slavers","floor":31.0,"turns":3.0},{"damage":162.0,"enemies":"Centurion and Healer","floor":32.0,"turns":6.0},{"damage":155.0,"enemies":"DF_ARCHETYPE_CLAW","floor":33.0,"turns":9.0},{"damage":136.0,"enemies":"3 Darklings","floor":36.0,"turns":6.0},{"damage":36.0,"enemies":"Orb Walker","floor":37.0,"turns":3.0},{"damage":224.0,"enemies":"2 Orb Walkers","floor":38.0,"turns":8.0},{"damage":260.0,"enemies":"Giant Head","floor":40.0,"turns":6.0},{"damage":166.0,"enemies":"Reptomancer","floor":43.0,"turns":7.0},{"damage":138.0,"enemies":"Reptomancer","floor":44.0,"turns":5.0},{"damage":177.0,"enemies":"Nemesis","floor":46.0,"turns":5.0},{"damage":148.0,"enemies":"downfall:FleeingMerchant","floor":47.0,"turns":4.0},{"damage":208.0,"enemies":"Giant Head","floor":48.0,"turns":4.0},{"damage":114.0,"enemies":"Spire Growth","floor":49.0,"turns":5.0},{"damage":200,"enemies":"WA_ARCHETYPE_DIVINITY","floor":50,"turns":7}],"seed_played":"-6065754423365856366","potions_obtained":[{"floor":8.0,"key":"BlessingOfTheForge"},{"floor":10.0,"key":"Fire Potion"},{"floor":11.0,"key":"Dexterity Potion"},{"floor":14.0,"key":"SkillPotion"},{"floor":22.0,"key":"champ:OpenerPotion"},{"floor":25.0,"key":"Fire Potion"},{"floor":29.0,"key":"DistilledChaos"},{"floor":32.0,"key":"Weak Potion"},{"floor":38.0,"key":"Explosive Potion"},{"floor":43.0,"key":"Block Potion"},{"floor":46.0,"key":"Fire Potion"}],"is_trial":false,"path_per_floor":["R","M","M","M","$","R","T","M","?","E","M","M","M","E","M","B",null,"R","M","$","?","M","?","T","E","R","M","?","E","R","E","M","B",null,"R","M","M","?","?","E","T","?","E","?","R","E","$","E","M","B",null],"character_chosen":"THE_CHAMP","items_purchased":["champ:EnragedBash","champ:SwordSigil"],"campfire_rested":0,"item_purchase_floors":[5,20],"current_hp_per_floor":[81,81,81,75,75,75,75,74,74,54,53,53,50,50,50,50,81,81,81,81,81,72,72,72,72,72,65,65,59,59,81,81,59,81,81,81,81,16,91,91,91,91,63,91,101,101,101,101,87,101],"gold":105,"neow_bonus":"THREE_RARE_CARDS","is_daily":false,"chose_seed":false,"campfire_upgraded":7,"win_rate":0.0,"timestamp":1612063076,"path_taken":["R","M","M","M","$","R","T","M","?","E","?","M","?","E","M","BOSS","R","M","$","?","M","?","T","E","R","M","?","E","R","E","M","BOSS","R","M","M","?","?","E","T","?","E","?","R","E","?","E","M","BOSS"],"items_purchased_type":["Card","Card"],"build_version":"2020-12-22","purchased_purges":2,"victory":true,"max_hp_per_floor":[81,81,81,81,81,81,81,81,81,81,81,81,81,81,81,81,81,81,81,81,81,81,81,81,81,81,81,81,81,81,81,81,81,81,81,81,81,81,91,91,91,91,91,91,101,101,101,101,101,101],"card_choices":[{"not_picked":["champ:HeavySlash","champ:StrikeOfGenius"],"picked":"champ:VampiricStrike","floor":0.0},{"not_picked":["champ:FlashCut","champ:BringItOn"],"picked":"champ:SwordSigil","floor":2.0},{"not_picked":["champ:CrookedStrike","champ:PerfectedStrike"],"picked":"champ:ShieldSigil","floor":3.0},{"not_picked":["champ:GladiatorStyle","champ:FocusedDefense"],"picked":"champ:Backstep","floor":4.0},{"not_picked":["champ:Parry","champ:SkillfulDodge"],"picked":"champ:Endure","floor":5.0},{"not_picked":["champ:Circumvent","champ:StanceDance","champ:BringItOn"],"picked":"SKIP","floor":8.0},{"not_picked":["champ:CalledShot","champ:GladiatorStyle"],"picked":"champ:BerserkersShout","floor":10.0},{"not_picked":["champ:DeathBlow","champ:GutPunch"],"picked":"champ:SwordSigil","floor":11.0},{"not_picked":["champ:BerserkerStyle","champ:PerfectedStrike"],"picked":"champ:SwordSigil","floor":12.0},{"not_picked":["champ:BladeFlurry","champ:GutPunch","champ:IronFortress"],"picked":"SKIP","floor":13.0},{"not_picked":["champ:Haymaker","champ:SwordThrow","champ:Circumvent"],"picked":"SKIP","floor":14.0},{"not_picked":["champ:Haymaker","champ:ShieldSigil"],"picked":"champ:ShieldSlam","floor":15.0},{"not_picked":["champ:Haymaker","champ:RapidStrikes","champ:TornadoPunch"],"picked":"SKIP","floor":19.0},{"not_picked":["champ:TornadoPunch","champ:DefensiveShout"],"picked":"champ:Endure+1","floor":20.0},{"not_picked":["champ:FlashCut+1","champ:StanceDance+1","champ:Backstep"],"picked":"SKIP","floor":22.0},{"not_picked":["champ:Parry","champ:Encircle"],"picked":"champ:BerserkerStyle","floor":25.0},{"not_picked":["champ:Parry","champ:Shatter"],"picked":"champ:BerserkerStyle","floor":27.0},{"not_picked":["champ:RageSigil","champ:TornadoPunch+1"],"picked":"champ:UltimateStance","floor":29.0},{"not_picked":["champ:FaceSlap","champ:FalseCounter","champ:StanceDance"],"picked":"SKIP","floor":31.0},{"not_picked":["champ:FanOfKnives","champ:PerfectedStrike","champ:ShieldWall"],"picked":"SKIP","floor":32.0},{"not_picked":["champ:SwordThrow","champ:ShieldThrow"],"picked":"champ:Improvising","floor":33.0},{"not_picked":["champ:DefensiveShout+1","champ:RecklessLeap"],"picked":"champ:BerserkerStyle","floor":36.0},{"not_picked":["champ:GutPunch","champ:Shatter","champ:FlashCut+1"],"picked":"SKIP","floor":37.0},{"not_picked":["champ:StanceDance","champ:BringItOn+1"],"picked":"champ:VampiricStrike","floor":38.0},{"not_picked":["champ:FancyFootwork","champ:BringItOn","champ:Haymaker"],"picked":"SKIP","floor":40.0},{"not_picked":["champ:TornadoPunch","champ:ShieldSigil","champ:GutPunch+1"],"picked":"SKIP","floor":43.0},{"not_picked":["champ:CrownThrow+1","champ:GladiatorStyle+1"],"picked":"champ:BerserkerStyle","floor":44.0},{"not_picked":["champ:StanceDance","champ:Shatter+1","champ:PerfectedStrike+1"],"picked":"SKIP","floor":46.0},{"not_picked":["champ:StrikeOfGenius","champ:PreciseThrust","champ:Backstep+1"],"picked":"SKIP","floor":47.0},{"not_picked":["champ:RecklessLeap","champ:FanOfKnives+1","champ:StrikeOfGenius"],"picked":"SKIP","floor":48.0},{"not_picked":["champ:StanceDance+1","champ:FlashCut"],"picked":"champ:EndlessRage+1","floor":49.0}],"player_experience":761611,"relics_obtained":[{"floor":7.0,"key":"HornCleat"},{"floor":10.0,"key":"StoneCalendar"},{"floor":14.0,"key":"Akabeko"},{"floor":24.0,"key":"Shuriken"},{"floor":25.0,"key":"Pantograph"},{"floor":29.0,"key":"Whetstone"},{"floor":31.0,"key":"Vajra"},{"floor":38.0,"key":"Pocketwatch"},{"floor":40.0,"key":"White Beast Statue"},{"floor":43.0,"key":"Smiling Mask"},{"floor":44.0,"key":"Girya"},{"floor":46.0,"key":"InkBottle"},{"floor":48.0,"key":"Ancient Tea Set"}],"event_choices":[{"damage_healed":0.0,"max_hp_gain":0.0,"max_hp_loss":0.0,"gold_gain":0.0,"event_name":"Accursed Blacksmith","player_choice":"Forge","floor":9.0,"gold_loss":0.0,"damage_taken":0.0,"cards_upgraded":["champ:Taunt"]},{"damage_healed":0.0,"max_hp_gain":0.0,"max_hp_loss":0.0,"gold_gain":0.0,"event_name":"Mysterious Sphere","player_choice":"Fight","floor":38.0,"gold_loss":0.0,"damage_taken":0.0},{"cards_removed":["champ:BladeFlurry"],"damage_healed":0.0,"max_hp_gain":0.0,"max_hp_loss":0.0,"gold_gain":0.0,"event_name":"Falling","player_choice":"Removed Attack","floor":42.0,"gold_loss":0.0,"damage_taken":0.0}],"is_beta":false,"boss_relics":[{"not_picked":["SacredBark","Coffee Dripper"],"picked":"Pandora\u0027s Box"},{"not_picked":["Velvet Choker","Cursed Key"],"picked":"SlaversCollar"}],"items_purged_floors":[20,47],"is_endless":false,"potions_floor_spawned":[8,10,11,14,22,25,29,32,38,43,44,46,47,48,49],"ascension_level":1}}