{"host":"kh6fvhxn285ncg0o","time":1612054533,"event":{"mods":["Act Like it!","BaseMod","Colored Map","Friendly Minions","Keyboard Shortcuts","Minty Spire (QoL Compilation)","Quick Restart","Relic Stats","StSLib","SuperFastMode","UnlockEverythingMod"],"gold_per_floor":[111,111,130,142,142,142,168,224,224,238,254,273,273,273,273],"floor_reached":14,"language":"KOR","playtime":282,"items_purged":[],"score":184,"play_id":"970b8d74-9176-4da2-a3b5-34e6a93f9aec","local_time":"20210131095533","is_ascension_mode":true,"campfire_choices":[{"floor":6.0,"key":"REST"}],"circlet_count":0,"master_deck":["AscendersBane","Strike_R","Strike_R","Strike_R","Strike_R+1","Strike_R","Defend_R","Defend_R","Defend_R","Defend_R","Bash","Reckless Charge","Power Through+1","Armaments+1","Infernal Blade+1","True Grit+1","Entrench+1"],"relics":["SacredBark","Dead Branch","MealTicket","Vajra","Toxic Egg 2"],"acts_visited":["Exordium"],"potions_floor_usage":[12],"damage_taken":[{"damage":14.0,"enemies":"Jaw Worm","floor":1.0,"turns":4.0},{"damage":13.0,"enemies":"Cultist","floor":3.0,"turns":5.0},{"damage":1.0,"enemies":"Small Slimes","floor":4.0,"turns":3.0},{"damage":5.0,"enemies":"3 Sentries","floor":7.0,"turns":6.0},{"damage":27.0,"enemies":"Gremlin Nob","floor":8.0,"turns":4.0},{"damage":0.0,"enemies":"Looter","floor":10.0,"turns":3.0},{"damage":12.0,"enemies":"Large Slime","floor":11.0,"turns":2.0},{"damage":3,"enemies":"Gremlin Gang","floor":12,"turns":6},{"damage":30,"enemies":"Gremlin Nob","floor":14,"turns":3}],"seed_played":"1835272074619737378","potions_obtained":[{"floor":1.0,"key":"SkillPotion"},{"floor":4.0,"key":"Fruit Juice"},{"floor":11.0,"key":"PowerPotion"}],"is_trial":false,"path_per_floor":["M","?","M","M","?","R","E","?","T","M","M","M","?","E"],"character_chosen":"IRONCLAD","items_purchased":[],"campfire_rested":1,"item_purchase_floors":[],"current_hp_per_floor":[54,54,41,40,17,52,47,20,20,20,8,5,5,0,0],"gold":273,"neow_bonus":"BOSS_RELIC","is_daily":false,"chose_seed":false,"campfire_upgraded":0,"win_rate":0.0,"timestamp":1612054533,"path_taken":["M","?","?","M","?","R","E","?","T","M","M","M","?","E"],"items_purchased_type":[],"build_version":"2020-12-22","purchased_purges":0,"victory":false,"max_hp_per_floor":[75,75,75,75,75,85,85,85,85,85,85,85,85,85,85],"relic_stats":{"counters":[9,36],"Dead Branch":[24],"MealTicket":0,"obtain_stats":[{"SacredBark":0,"Dead Branch":2,"Vajra":8,"MealTicket":7,"Toxic Egg 2":9,"Burning Blood":0},{"SacredBark":0,"Dead Branch":1,"Vajra":5,"MealTicket":4,"Toxic Egg 2":5,"Burning Blood":0},{"SacredBark":0,"Dead Branch":4,"Vajra":22,"MealTicket":18,"Toxic Egg 2":22,"Burning Blood":0}]},"card_choices":[{"not_picked":["Searing Blow","Metallicize"],"picked":"Spot Weakness","floor":1.0},{"not_picked":["Anger","Cleave"],"picked":"Reckless Charge","floor":3.0},{"not_picked":["Metallicize","Iron Wave"],"picked":"Power Through","floor":4.0},{"not_picked":["Whirlwind","Wild Strike","Twin Strike"],"picked":"SKIP","floor":7.0},{"not_picked":["Pommel Strike","Rupture"],"picked":"Armaments","floor":8.0},{"not_picked":["Clash","Dark Embrace"],"picked":"Infernal Blade+1","floor":10.0},{"not_picked":["Pommel Strike","Juggernaut"],"picked":"True Grit+1","floor":11.0},{"not_picked":["Armaments+1","Flex+1"],"picked":"Entrench+1","floor":12}],"player_experience":1305975,"relics_obtained":[{"floor":7.0,"key":"MealTicket"},{"floor":8.0,"key":"Vajra"},{"floor":9.0,"key":"Toxic Egg 2"}],"event_choices":[{"cards_removed":["Spot Weakness"],"damage_healed":0.0,"max_hp_gain":0.0,"max_hp_loss":0.0,"gold_gain":0.0,"event_name":"WeMeetAgain","player_choice":"Gave Card","floor":2.0,"gold_loss":0.0,"damage_taken":0.0,"relics_obtained":["Dead Branch"]},{"damage_healed":0.0,"max_hp_gain":0.0,"max_hp_loss":0.0,"gold_gain":0.0,"event_name":"Shining Light","player_choice":"Entered Light","floor":5.0,"gold_loss":0.0,"damage_taken":23.0,"cards_upgraded":["Strike_R","Power Through"]},{"damage_healed":0.0,"max_hp_gain":0.0,"max_hp_loss":0.0,"gold_gain":0.0,"event_name":"Dead Adventurer","player_choice":"Searched \u00271\u0027 times","floor":8.0,"gold_loss":0.0,"damage_taken":0.0},{"damage_healed":0,"gold_gain":0,"player_choice":"Upgraded","damage_taken":0,"max_hp_gain":0,"max_hp_loss":0,"event_name":"Upgrade Shrine","floor":13,"gold_loss":0,"cards_upgraded":["Armaments"]}],"is_beta":false,"boss_relics":[],"items_purged_floors":[],"is_endless":false,"potions_floor_spawned":[1,4,11],"killed_by":"Gremlin Nob","ascension_level":20}}