{"host":"oi6p1guiqfwwvxym","time":1612131997,"event":{"mods":["BaseMod","Bestiary","Colored Map","Minty Spire (QoL Compilation)","Relic Stats"],"gold_per_floor":[113,129,129,129,147,147,17,52,124,124,159,209,234,265,265,358,358,372,393,22,40,61,95,95,111,111,6,6,6,56,96,96,189,189,204,204,204,42,62,62,96,96,96,96,96],"floor_reached":44,"language":"ENG","playtime":2444,"items_purged":["Strike_R","Strike_R","Strike_R+1"],"score":1034,"play_id":"3f04b203-7ffa-4e39-a858-745886657986","local_time":"20210131142637","is_ascension_mode":true,"campfire_choices":[{"data":"Wild Strike","floor":6,"key":"SMITH"},{"data":"Bash","floor":10,"key":"SMITH"},{"floor":15,"key":"REST"},{"floor":24,"key":"REST"},{"floor":28,"key":"REST"},{"data":"Spot Weakness","floor":32,"key":"SMITH"},{"data":"Evolve","floor":40,"key":"SMITH"},{"floor":42,"key":"REST"}],"circlet_count":0,"master_deck":["AscendersBane","Strike_R+1","Defend_R+1","Defend_R+1","Defend_R+1","Defend_R+1","Bash+1","Thunderclap","Twin Strike","Wild Strike+1","Evolve+1","Spot Weakness+1","Barricade","Clothesline","Rage+1","Double Tap+1","Rage+1","Master of Strategy+1","Intimidate+1","Inflame","Shrug It Off+1","Entrench+1","Feed+1","Second Wind+1","True Grit+1","Body Slam+1"],"relics":["Velvet Choker","Golden Idol","Gremlin Horn","Happy Flower","Toxic Egg 2","Torii","Potion Belt","Snecko Eye","Smiling Mask","WingedGreaves","Molten Egg 2","SlaversCollar","Sundial","Mercury Hourglass","Strawberry"],"acts_visited":["Exordium","TheCity","TheBeyond"],"potions_floor_usage":[11,11,18,21,21,23,23,31,31,31,35,44],"damage_taken":[{"damage":1,"enemies":"Small Slimes","floor":1,"turns":4},{"damage":4,"enemies":"Jaw Worm","floor":2,"turns":3},{"damage":5,"enemies":"2 Louse","floor":5,"turns":2},{"damage":20,"enemies":"3 Sentries","floor":8,"turns":6},{"damage":10,"enemies":"Lagavulin","floor":11,"turns":4},{"damage":1,"enemies":"Gremlin Gang","floor":13,"turns":3},{"damage":11,"enemies":"Gremlin Nob","floor":14,"turns":3},{"damage":13,"enemies":"Hexaghost","floor":16,"turns":8},{"damage":14,"enemies":"2 Thieves","floor":18,"turns":4},{"damage":19,"enemies":"Spheric Guardian","floor":19,"turns":5},{"damage":14,"enemies":"Cultist and Chosen","floor":21,"turns":4},{"damage":0,"enemies":"Centurion and Healer","floor":22,"turns":7},{"damage":4,"enemies":"Book of Stabbing","floor":23,"turns":5},{"damage":27,"enemies":"Snake Plant","floor":25,"turns":4},{"damage":0,"enemies":"Gremlin Leader","floor":31,"turns":6},{"damage":9,"enemies":"Automaton","floor":33,"turns":9},{"damage":0,"enemies":"Orb Walker","floor":35,"turns":3},{"damage":18,"enemies":"3 Shapes","floor":39,"turns":6},{"damage":37,"enemies":"Reptomancer","floor":41,"turns":7},{"damage":69,"enemies":"Transient","floor":44,"turns":5}],"seed_played":"2770874973326770280","potions_obtained":[{"floor":2,"key":"DistilledChaos"},{"floor":13,"key":"Strength Potion"},{"floor":16,"key":"Swift Potion"},{"floor":18,"key":"EssenceOfSteel"},{"floor":19,"key":"SneckoOil"},{"floor":21,"key":"Block Potion"},{"floor":25,"key":"Block Potion"},{"floor":33,"key":"Block Potion"},{"floor":39,"key":"ColorlessPotion"}],"is_trial":false,"path_per_floor":["M","M","?","T","M","R","$","E","T","R","E","?","M","E","R","B",null,"M","M","$","M","M","E","R","M","T","$","R","?","?","E","R","B",null,"M","T","?","$","M","R","E","R","T","M"],"character_chosen":"IRONCLAD","items_purchased":["Evolve","Weak Potion","Master of Strategy+1","Fruit Juice","BloodPotion","Second Wind+1","True Grit+1"],"campfire_rested":4,"item_purchase_floors":[7,7,20,20,27,38,38],"current_hp_per_floor":[67,63,63,63,58,58,58,38,38,38,28,28,27,16,36,23,57,43,24,24,15,15,11,32,5,5,5,26,26,26,40,40,31,63,67,67,67,67,53,53,20,45,52,0,0],"gold":96,"neow_bonus":"BOSS_RELIC","is_daily":false,"chose_seed":false,"campfire_upgraded":4,"win_rate":0.0,"timestamp":1612131997,"path_taken":["M","M","?","?","M","R","?","E","T","R","E","?","?","E","R","BOSS","M","M","$","M","M","E","R","M","T","$","R","?","?","E","R","BOSS","M","?","?","$","M","R","E","R","T","M"],"items_purchased_type":["Card","Potion","Card","Potion","Potion","Card","Card"],"build_version":"2020-12-22","purchased_purges":3,"victory":false,"max_hp_per_floor":[75,75,68,68,68,68,68,68,68,68,68,68,68,68,68,68,68,68,68,68,73,73,73,73,73,73,73,73,73,73,73,73,73,73,77,77,77,77,81,81,85,85,92,92,92],"relic_stats":{"Gremlin Horn":[24,24],"Happy Flower":[27],"Torii":25,"counters":[20,98],"Golden Idol":114,"Sundial":[4],"Snecko Eye":[133,134,116,102],"Smiling Mask":125,"obtain_stats":[{"Potion Belt":14,"Gremlin Horn":4,"Happy Flower":8,"Torii":11,"Golden Idol":3,"Velvet Choker":0,"Smiling Mask":23,"Burning Blood":0,"Mercury Hourglass":41,"SlaversCollar":34,"Sundial":36,"Strawberry":43,"Snecko Eye":17,"Molten Egg 2":31,"WingedGreaves":26,"Toxic Egg 2":9},{"Potion Belt":7,"Gremlin Horn":2,"Happy Flower":4,"Torii":5,"Golden Idol":2,"Velvet Choker":0,"Smiling Mask":13,"Burning Blood":0,"Mercury Hourglass":19,"SlaversCollar":16,"Sundial":17,"Strawberry":19,"Snecko Eye":8,"Molten Egg 2":15,"WingedGreaves":14,"Toxic Egg 2":4},{"Potion Belt":25,"Gremlin Horn":7,"Happy Flower":15,"Torii":19,"Golden Idol":7,"Velvet Choker":0,"Smiling Mask":58,"Burning Blood":0,"Mercury Hourglass":93,"SlaversCollar":77,"Sundial":80,"Strawberry":93,"Snecko Eye":33,"Molten Egg 2":68,"WingedGreaves":62,"Toxic Egg 2":15}],"Mercury Hourglass":[15]},"card_choices":[{"not_picked":["True Grit","Headbutt"],"picked":"Thunderclap","floor":1},{"not_picked":["Body Slam","Reckless Charge"],"picked":"Twin Strike","floor":2},{"not_picked":["Headbutt","Battle Trance"],"picked":"Wild Strike","floor":5},{"not_picked":["Carnage","Havoc"],"picked":"Spot Weakness","floor":8},{"not_picked":["Perfected Strike","Heavy Blade"],"picked":"Barricade","floor":11},{"not_picked":["Intimidate+1","Combust"],"picked":"Clothesline","floor":13},{"not_picked":["Sever Soul","Clothesline"],"picked":"Rage+1","floor":14},{"not_picked":["Juggernaut","Barricade"],"picked":"Double Tap+1","floor":16},{"not_picked":["Cleave","Combust"],"picked":"Rage+1","floor":18},{"not_picked":["Thunderclap","Clothesline","Barricade"],"picked":"SKIP","floor":19},{"not_picked":["Pommel Strike","Rampage","Havoc+1"],"picked":"SKIP","floor":21},{"not_picked":["Anger","Iron Wave"],"picked":"Intimidate+1","floor":22},{"not_picked":["Fire Breathing","Heavy Blade"],"picked":"Inflame","floor":23},{"not_picked":["Perfected Strike","Hemokinesis"],"picked":"Shrug It Off+1","floor":25},{"not_picked":["Corruption","Spot Weakness+1"],"picked":"Entrench+1","floor":31},{"not_picked":["Immolate+1","Brutality"],"picked":"Feed+1","floor":33},{"not_picked":["Heavy Blade+1","Infernal Blade+1","Clash+1"],"picked":"SKIP","floor":35},{"not_picked":["Spot Weakness+1","Rampage+1"],"picked":"Body Slam+1","floor":39},{"not_picked":["Bloodletting+1","Rupture+1","Evolve+1"],"picked":"SKIP","floor":41}],"player_experience":414293,"relics_obtained":[{"floor":4,"key":"Gremlin Horn"},{"floor":8,"key":"Happy Flower"},{"floor":9,"key":"Toxic Egg 2"},{"floor":11,"key":"Torii"},{"floor":14,"key":"Potion Belt"},{"floor":23,"key":"Smiling Mask"},{"floor":26,"key":"WingedGreaves"},{"floor":31,"key":"Molten Egg 2"},{"floor":36,"key":"Sundial"},{"floor":41,"key":"Mercury Hourglass"},{"floor":43,"key":"Strawberry"}],"event_choices":[{"damage_healed":0,"gold_gain":0,"player_choice":"Lose Max HP","damage_taken":0,"relics_obtained":["Golden Idol"],"max_hp_gain":0,"max_hp_loss":7,"event_name":"Golden Idol","floor":3,"gold_loss":0},{"damage_healed":0,"gold_gain":50,"player_choice":"Pray","damage_taken":0,"max_hp_gain":0,"max_hp_loss":0,"event_name":"Golden Shrine","floor":12,"gold_loss":0},{"damage_healed":0,"gold_gain":0,"player_choice":"Simplicity","damage_taken":0,"max_hp_gain":0,"max_hp_loss":0,"event_name":"Back to Basics","floor":29,"gold_loss":0,"cards_upgraded":["Strike_R","Strike_R","Strike_R","Defend_R","Defend_R","Defend_R","Defend_R"]},{"damage_healed":0,"gold_gain":50,"player_choice":"Pray","damage_taken":0,"max_hp_gain":0,"max_hp_loss":0,"event_name":"Golden Shrine","floor":30,"gold_loss":0},{"cards_removed":["Strike_R"],"damage_healed":0,"gold_gain":0,"player_choice":"Removed Attack","damage_taken":0,"max_hp_gain":0,"max_hp_loss":0,"event_name":"Falling","floor":37,"gold_loss":0}],"is_beta":false,"boss_relics":[{"not_picked":["Mark of Pain","SacredBark"],"picked":"Snecko Eye"},{"not_picked":["Pandora\u0027s Box","Runic Dome"],"picked":"SlaversCollar"}],"items_purged_floors":[20,27,38],"is_endless":false,"potions_floor_spawned":[2,13,16,18,19,21,25,33,39],"killed_by":"Transient","ascension_level":20}}