{"host":"l5zfpd2l2htson6l","time":1612130434,"event":{"mods":["AchievementEnabler","BaseMod","Colored Map","Colored Powertips","Minty Spire (QoL Compilation)","Permanent Neow","Quick Restart","Rare Cards Sparkle","Relic Stats","SuperFastMode"],"gold_per_floor":[109,121,135,210,224,224,224,243,243,256,280,280,294,1,1,97,97,118,118,132,132,22,61,61,61,61],"floor_reached":25,"language":"ENG","playtime":1586,"items_purged":["Strike_R"],"score":398,"play_id":"e9467461-7545-41fe-9e6a-2dd83a87445c","local_time":"20210131140034","is_ascension_mode":true,"campfire_choices":[{"floor":6.0,"key":"REST"},{"floor":12.0,"key":"REST"},{"data":"Fire Breathing","floor":15.0,"key":"SMITH"},{"floor":24,"key":"REST"}],"circlet_count":0,"master_deck":["AscendersBane","Strike_R","Strike_R","Defend_R","Defend_R","Defend_R","Defend_R+1","Bash","Feed","Infernal Blade+1","Dual Wield+1","Dark Embrace","Wild Strike","Fire Breathing+1","Reckless Charge","Spot Weakness","Immolate","CurseOfTheBell","Thunderclap","Writhe","Disarm"],"relics":["Burning Blood","Golden Idol","Self Forming Clay","Orichalcum","Calling Bell","Ornamental Fan","Peace Pipe","War Paint","Meat on the Bone","Bottled Tornado"],"acts_visited":["Exordium","TheCity"],"potions_floor_usage":[23],"damage_taken":[{"damage":21.0,"enemies":"Jaw Worm","floor":1.0,"turns":5.0},{"damage":5.0,"enemies":"2 Louse","floor":2.0,"turns":3.0},{"damage":18.0,"enemies":"Small Slimes","floor":3.0,"turns":9.0},{"damage":20.0,"enemies":"Gremlin Gang","floor":5.0,"turns":3.0},{"damage":16.0,"enemies":"Exordium Wildlife","floor":8.0,"turns":3.0},{"damage":13.0,"enemies":"Blue Slaver","floor":10.0,"turns":3.0},{"damage":29.0,"enemies":"Exordium Thugs","floor":11.0,"turns":6.0},{"damage":12.0,"enemies":"Large Slime","floor":13.0,"turns":4.0},{"damage":33.0,"enemies":"Hexaghost","floor":16.0,"turns":9.0},{"damage":30.0,"enemies":"3 Byrds","floor":18.0,"turns":4.0},{"damage":27.0,"enemies":"2 Thieves","floor":20.0,"turns":4.0},{"damage":19,"enemies":"Slavers","floor":23,"turns":7},{"damage":56,"enemies":"Book of Stabbing","floor":25,"turns":5}],"seed_played":"-4761308057326077927","potions_obtained":[{"floor":1.0,"key":"Dexterity Potion"},{"floor":2.0,"key":"LiquidBronze"},{"floor":5.0,"key":"AttackPotion"},{"floor":10.0,"key":"Regen Potion"},{"floor":18.0,"key":"SpeedPotion"},{"floor":20.0,"key":"Energy Potion"}],"is_trial":false,"path_per_floor":["M","M","M","?","M","R","?","M","T","M","M","R","M","$","R","B",null,"M","?","M","?","?","E","R","E"],"character_chosen":"IRONCLAD","items_purchased":["Orichalcum","PowerPotion"],"campfire_rested":3,"item_purchase_floors":[14,14],"current_hp_per_floor":[38,42,36,25,14,41,41,34,34,27,22,48,42,42,42,15,69,48,48,27,27,27,29,56,0,0],"gold":61,"neow_bonus":"THREE_RARE_CARDS","is_daily":false,"chose_seed":false,"campfire_upgraded":1,"win_rate":0.0,"timestamp":1612130434,"path_taken":["M","M","M","?","M","R","?","?","T","M","M","R","M","$","R","BOSS","M","?","?","?","?","E","R","E"],"items_purchased_type":["Relic","Potion"],"build_version":"2020-12-22","purchased_purges":1,"victory":false,"max_hp_per_floor":[78,81,87,87,90,90,81,84,84,84,87,87,87,87,87,87,87,90,90,90,90,90,93,93,93,93],"relic_stats":{"Peace Pipe":0,"counters":[13,65],"Golden Idol":49,"Self Forming Clay":[147],"Ornamental Fan":[12],"Orichalcum":[42],"War Paint":["Dual Wield","Infernal Blade"],"obtain_stats":[{"Calling Bell":17,"Peace Pipe":17,"Golden Idol":7,"Self Forming Clay":9,"Ornamental Fan":17,"Orichalcum":14,"War Paint":17,"Bottled Tornado":23,"Burning Blood":0,"Meat on the Bone":21},{"Calling Bell":9,"Peace Pipe":9,"Golden Idol":4,"Self Forming Clay":5,"Ornamental Fan":9,"Orichalcum":8,"War Paint":9,"Bottled Tornado":12,"Burning Blood":0,"Meat on the Bone":11},{"Calling Bell":45,"Peace Pipe":45,"Golden Idol":20,"Self Forming Clay":23,"Ornamental Fan":45,"Orichalcum":36,"War Paint":45,"Bottled Tornado":60,"Burning Blood":0,"Meat on the Bone":53}],"Burning Blood":72,"Meat on the Bone":12},"card_choices":[{"not_picked":["Impervious","Immolate"],"picked":"Feed","floor":0.0},{"not_picked":["Armaments","Thunderclap"],"picked":"Infernal Blade","floor":1.0},{"not_picked":["Metallicize","Rampage"],"picked":"Dual Wield","floor":2.0},{"not_picked":["Fire Breathing","Iron Wave"],"picked":"Dark Embrace","floor":3.0},{"not_picked":["Twin Strike","Iron Wave","Sentinel"],"picked":"SKIP","floor":5.0},{"not_picked":["Entrench","Iron Wave"],"picked":"Wild Strike","floor":8.0},{"not_picked":["Clash","Entrench"],"picked":"Fire Breathing","floor":10.0},{"not_picked":["Shrug It Off","Heavy Blade"],"picked":"Reckless Charge","floor":11.0},{"not_picked":["Cleave","Clothesline"],"picked":"Spot Weakness","floor":13.0},{"not_picked":["Bludgeon","Limit Break"],"picked":"Immolate","floor":16.0},{"not_picked":["Combust","Clash","Pommel Strike"],"picked":"SKIP","floor":18.0},{"not_picked":["Pummel","Hemokinesis+1"],"picked":"Thunderclap","floor":20.0},{"not_picked":["Perfected Strike+1","Warcry"],"picked":"Disarm","floor":23}],"player_experience":803186,"relics_obtained":[{"floor":9.0,"key":"Self Forming Clay"},{"floor":17.0,"key":"Ornamental Fan"},{"floor":17.0,"key":"Peace Pipe"},{"floor":17.0,"key":"War Paint"},{"floor":23,"key":"Bottled Tornado"}],"event_choices":[{"damage_healed":0.0,"max_hp_gain":0.0,"max_hp_loss":0.0,"gold_gain":75.0,"event_name":"World of Goop","player_choice":"Gather Gold","floor":4.0,"gold_loss":0.0,"damage_taken":11.0},{"damage_healed":0.0,"max_hp_gain":0.0,"max_hp_loss":9.0,"gold_gain":0.0,"event_name":"Golden Idol","player_choice":"Lose Max HP","floor":7.0,"gold_loss":0.0,"damage_taken":0.0,"relics_obtained":["Golden Idol"]},{"cards_removed":["Strike_R"],"damage_healed":0.0,"max_hp_gain":0.0,"max_hp_loss":0.0,"gold_gain":0.0,"event_name":"Purifier","player_choice":"Purged","floor":19.0,"gold_loss":0.0,"damage_taken":0.0},{"damage_healed":0.0,"max_hp_gain":0.0,"max_hp_loss":0.0,"gold_gain":0.0,"event_name":"The Mausoleum","player_choice":"Opened","floor":21.0,"gold_loss":0.0,"damage_taken":0.0,"relics_obtained":["Meat on the Bone"],"cards_obtained":["Writhe"]},{"cards_removed":["Strike_R"],"damage_healed":0.0,"max_hp_gain":0.0,"max_hp_loss":0.0,"gold_gain":0.0,"event_name":"Designer","player_choice":"Upgrade and Remove","floor":22.0,"gold_loss":110.0,"damage_taken":0.0,"cards_upgraded":["Defend_R"]}],"is_beta":false,"boss_relics":[{"not_picked":["Empty Cage","Runic Pyramid"],"picked":"Calling Bell"}],"items_purged_floors":[14],"is_endless":false,"potions_floor_spawned":[1,2,5,10,18,20],"killed_by":"Book of Stabbing","ascension_level":17}}