{"host":"ojezjkpqju62j8xy","time":1612085391,"event":{"mods":["ATMod(°¢èªMod)","Act Like it!","Aspiration","BaseMod","Conspire","Gensokyo","Minty Spire (QoL Compilation)","Pale of the Ancients","Reliquary","Replay The Spire","Spicy Shops","StSLib","¡¾ÒÅÎï¿¨ÅÆ¡¿REMEMod","²ÐÁôÖ®Îï"],"gold_per_floor":[362,362,372,388,403,428,428,463,463,463,474,501,16,106,106,106,106],"floor_reached":16,"language":"ZHS","playtime":599,"items_purged":[],"score":186,"play_id":"fc7a5f90-2a65-4915-aa2f-9414243e15f8","local_time":"20210131172951","is_ascension_mode":true,"campfire_choices":[{"floor":7,"key":"REST"},{"floor":10,"key":"REST"},{"floor":15,"key":"REST"}],"circlet_count":0,"master_deck":["AscendersBane","Strike_B","Strike_B","Strike_B","Strike_B","Defend_B","Defend_B","Defend_B","Defend_B","Zap","Dualcast","AT_FamilyPortrait","Gensokyo:LifeSpringInfinity","Sweeping Beam","Auto Shields","FIFO Queue","BasicCrystalCard","Reboot","Cold Snap","Coolheaded","AT_RightCognition","Capacitor","Double Energy","aspiration:Polymerization"],"relics":["Cracked Core","AT_ATBox","REME_ComplimentaryCards","PreservedInsect","reliquary:PorcupineQuills","AT_SpeedBoots","TheAbacus","Sling","AT_MibuBalloonWealth"],"acts_visited":["Gensokyo:Gensokyo"],"potions_floor_usage":[6,12,12],"damage_taken":[{"damage":12,"enemies":"Gensokyo:Gryphon","floor":1,"turns":3},{"damage":2,"enemies":"Gensokyo:2_Kodama","floor":3,"turns":3},{"damage":0,"enemies":"Gensokyo:3_Fairies","floor":4,"turns":5},{"damage":16,"enemies":"Gensokyo:2_Rabbits","floor":5,"turns":5},{"damage":14,"enemies":"Gensokyo:Aya","floor":6,"turns":4},{"damage":11,"enemies":"Gensokyo:Cirno","floor":8,"turns":6},{"damage":0,"enemies":"Gensokyo:Python_and_Kodama","floor":11,"turns":5},{"damage":10,"enemies":"Gensokyo:Aya","floor":12,"turns":6},{"damage":9,"enemies":"Gensokyo:3_Kodama","floor":14,"turns":8},{"damage":63,"enemies":"Gensokyo:Reimu","floor":16,"turns":4}],"seed_played":"5981188999824310495","potions_obtained":[{"floor":1,"key":"PowerPotion"},{"floor":3,"key":"PotionOfCapacity"},{"floor":6,"key":"Weak Potion"}],"is_trial":false,"path_per_floor":["M","?","M","M","M","E","R","E","T","R","M","E","$","M","R","B"],"character_chosen":"DEFECT","items_purchased":["TheAbacus","Sling","Capacitor","AT_MibuBalloonWealth","Double Energy"],"campfire_rested":3,"item_purchase_floors":[13,13,13,13,13],"current_hp_per_floor":[34,41,39,39,23,9,30,19,19,40,40,30,30,21,42,0,0],"gold":106,"neow_bonus":"TWO_FIFTY_GOLD","is_daily":false,"chose_seed":false,"campfire_upgraded":0,"win_rate":0.0,"timestamp":1612085391,"path_taken":["M","?","M","?","M","E","R","E","T","R","M","E","$","M","R","BOSS"],"items_purchased_type":["Relic","Relic","Card","Relic","Card"],"build_version":"2020-12-22","purchased_purges":0,"victory":false,"max_hp_per_floor":[71,71,71,71,71,71,71,71,71,71,71,71,71,71,71,73,73],"card_choices":[{"not_picked":["Hologram","Scrape"],"picked":"Sweeping Beam","floor":1},{"not_picked":["AT_EMC2","Hologram"],"picked":"Auto Shields","floor":3},{"not_picked":["REME_Compress","AT_HeatAcrobatics"],"picked":"FIFO Queue","floor":4},{"not_picked":["AT_WarpDrive","AT_HeatAcrobatics"],"picked":"BasicCrystalCard","floor":5},{"not_picked":["Gash","Rebound"],"picked":"Reboot","floor":6},{"not_picked":["conspire:SharedLibrary","Compile Driver"],"picked":"Cold Snap","floor":8},{"not_picked":["Stack","Rebound"],"picked":"Coolheaded","floor":11},{"not_picked":["AT_ThreeBodyProblem","AT_HeatAcrobatics"],"picked":"AT_RightCognition","floor":12},{"not_picked":["Barrage","Gash"],"picked":"aspiration:Polymerization","floor":14}],"player_experience":1503364,"relics_obtained":[{"floor":6,"key":"PreservedInsect"},{"floor":8,"key":"reliquary:PorcupineQuills"},{"floor":12,"key":"AT_SpeedBoots"}],"event_choices":[],"is_beta":false,"boss_relics":[],"items_purged_floors":[],"is_endless":false,"potions_floor_spawned":[1,3,6,8,11],"killed_by":"Gensokyo:Reimu","ascension_level":14}}