{"host":"f0gpob8hq9vgebej","time":1612102342,"event":{"mods":["AchievementEnabler","BaseMod","Minty Spire (QoL Compilation)","Quick Restart","SuperFastMode"],"gold_per_floor":[111,111,127,127,142,142,170,170,170,18,34,34,53,53,53,155,155,168,68,68,85,119,119,138,154,154,29,29,44,58,58,58,153,153,172,394,394,98,112,112,39,72,99,126,126,126],"floor_reached":45,"language":"KOR","playtime":882,"items_purged":["Strike_B","Strike_B","Strike_B","Defend_B"],"score":760,"play_id":"ddbb14bf-92a2-4fb1-a7da-eacc8435f9a6","local_time":"20210131231222","is_ascension_mode":true,"campfire_choices":[{"data":"Capacitor","floor":6.0,"key":"SMITH"},{"floor":15.0,"key":"REST"},{"data":"Defragment","floor":23.0,"key":"SMITH"},{"floor":28.0,"key":"REST"},{"floor":32.0,"key":"REST"},{"floor":40,"key":"REST"}],"circlet_count":0,"master_deck":["AscendersBane","Defend_B","Defend_B","Zap","Dualcast","Electrodynamics","Barrage","Glacier","Capacitor+1","Amplify+1","Loop","Chill+1","Biased Cognition","White Noise+1","Defragment+1","Ball Lightning","Conserve Battery","Steam Power","Barrage","White Noise","Static Discharge","Fission","Seek","Thunder Strike"],"relics":["Cracked Core","Question Card","Ancient Tea Set","Pantograph","Inserter","Red Mask","Dream Catcher","Nuclear Battery","ClockworkSouvenir","Letter Opener","War Paint","Bronze Scales"],"acts_visited":["Exordium","TheCity","TheBeyond"],"potions_floor_usage":[33,39,42],"damage_taken":[{"damage":0.0,"enemies":"Small Slimes","floor":1.0,"turns":3.0},{"damage":8.0,"enemies":"2 Louse","floor":3.0,"turns":2.0},{"damage":0.0,"enemies":"Cultist","floor":5.0,"turns":4.0},{"damage":25.0,"enemies":"3 Sentries","floor":7.0,"turns":4.0},{"damage":2.0,"enemies":"Blue Slaver","floor":11.0,"turns":5.0},{"damage":0.0,"enemies":"2 Fungi Beasts","floor":12.0,"turns":2.0},{"damage":0.0,"enemies":"Exordium Wildlife","floor":13.0,"turns":1.0},{"damage":0.0,"enemies":"Lots of Slimes","floor":14.0,"turns":1.0},{"damage":48.0,"enemies":"Hexaghost","floor":16.0,"turns":13.0},{"damage":14.0,"enemies":"Spheric Guardian","floor":18.0,"turns":4.0},{"damage":0.0,"enemies":"3 Byrds","floor":21.0,"turns":3.0},{"damage":12.0,"enemies":"Masked Bandits","floor":22.0,"turns":2.0},{"damage":0.0,"enemies":"3 Cultists","floor":24.0,"turns":2.0},{"damage":9.0,"enemies":"Centurion and Healer","floor":25.0,"turns":4.0},{"damage":15.0,"enemies":"Snake Plant","floor":29.0,"turns":5.0},{"damage":12.0,"enemies":"Chosen and Byrds","floor":30.0,"turns":5.0},{"damage":34,"enemies":"Champ","floor":33,"turns":7},{"damage":8,"enemies":"Orb Walker","floor":35,"turns":4},{"damage":17,"enemies":"3 Shapes","floor":39,"turns":2},{"damage":19,"enemies":"Nemesis","floor":42,"turns":5},{"damage":38,"enemies":"Giant Head","floor":44,"turns":10},{"damage":10,"enemies":"3 Darklings","floor":45,"turns":2}],"seed_played":"-1047083350993339884","potions_obtained":[{"floor":3.0,"key":"SmokeBomb"},{"floor":11.0,"key":"SmokeBomb"},{"floor":16.0,"key":"FocusPotion"},{"floor":18.0,"key":"Swift Potion"},{"floor":25.0,"key":"SpeedPotion"},{"floor":30.0,"key":"FocusPotion"},{"floor":33,"key":"Fire Potion"},{"floor":39,"key":"PotionOfCapacity"}],"is_trial":false,"path_per_floor":["M","?","M","?","M","R","E","?","T","$","M","M","M","M","R","B",null,"M","$","?","M","?","R","M","M","T","$","R","M","M","?","R","B",null,"M","?","?","$","M","R","$","E","T","E","M"],"character_chosen":"DEFECT","items_purchased":["Loop","ClockworkSouvenir","Thunder Strike"],"campfire_rested":4,"item_purchase_floors":[10,38,41],"current_hp_per_floor":[68,43,35,35,35,35,10,10,10,10,8,8,8,8,30,7,58,44,44,44,44,32,32,32,23,23,23,45,30,18,18,40,31,64,56,56,56,56,39,61,61,42,42,4,0,0],"gold":126,"neow_bonus":"ONE_RANDOM_RARE_CARD","is_daily":false,"chose_seed":false,"campfire_upgraded":2,"win_rate":0.0,"timestamp":1612102342,"path_taken":["M","?","M","?","M","R","E","?","T","?","M","M","M","M","R","BOSS","M","$","?","?","?","R","M","M","T","$","R","M","M","?","R","BOSS","M","?","?","$","M","R","?","E","T","E","M"],"items_purchased_type":["Card","Relic","Card"],"build_version":"2020-12-22","purchased_purges":4,"victory":false,"max_hp_per_floor":[75,75,75,75,75,75,75,75,75,75,75,75,75,75,75,75,75,75,75,75,75,75,75,75,75,75,75,75,75,75,75,75,75,75,75,75,75,75,75,75,75,75,75,75,75,75],"card_choices":[{"not_picked":["Beam Cell","Cold Snap"],"picked":"Barrage","floor":1.0},{"not_picked":["Compile Driver","Sweeping Beam","Rebound"],"picked":"Glacier","floor":3.0},{"not_picked":["Reinforced Body","Chaos","Skim"],"picked":"Capacitor","floor":5.0},{"not_picked":["Barrage","Capacitor","Compile Driver"],"picked":"Amplify","floor":7.0},{"not_picked":["Steam","Leap","Darkness"],"picked":"Chill","floor":11.0},{"not_picked":["Steam","Scrape","Reinforced Body","FTL"],"picked":"SKIP","floor":13.0},{"not_picked":["Seek","All For One","Multi-Cast"],"picked":"Biased Cognition","floor":16.0},{"not_picked":["Gash","Doom and Gloom","Barrage"],"picked":"White Noise","floor":18.0},{"not_picked":["Stack","Rebound","Reprogram"],"picked":"Defragment","floor":21.0},{"not_picked":["Redo","Steam Power","Coolheaded"],"picked":"Ball Lightning","floor":22.0},{"not_picked":["Go for the Eyes","Fusion","Coolheaded"],"picked":"Conserve Battery","floor":24.0},{"not_picked":["Chill","Redo","Ball Lightning"],"picked":"Steam Power","floor":25.0},{"not_picked":["Go for the Eyes+1","Leap","Meteor Strike"],"picked":"Barrage","floor":28.0},{"not_picked":["Rip and Tear","Ball Lightning","Conserve Battery"],"picked":"White Noise","floor":29.0},{"not_picked":["Beam Cell","Barrage","Aggregate","Coolheaded"],"picked":"SKIP","floor":30.0},{"not_picked":["Compile Driver","Leap","Tempest"],"picked":"Static Discharge","floor":32.0},{"not_picked":["All For One","Meteor Strike","Machine Learning"],"picked":"Fission","floor":33},{"not_picked":["Melter+1","Gash","Stack+1","Leap+1"],"picked":"SKIP","floor":35},{"not_picked":["Go for the Eyes","Sweeping Beam","Gash"],"picked":"Seek","floor":39},{"not_picked":["Compile Driver","Steam","Conserve Battery","Go for the Eyes+1"],"picked":"SKIP","floor":42},{"not_picked":["Amplify","Glacier","Lockon","Ball Lightning"],"picked":"SKIP","floor":44}],"player_experience":325950,"relics_obtained":[{"floor":7.0,"key":"Ancient Tea Set"},{"floor":9.0,"key":"Pantograph"},{"floor":22.0,"key":"Red Mask"},{"floor":26.0,"key":"Dream Catcher"},{"floor":42,"key":"Letter Opener"},{"floor":43,"key":"War Paint"},{"floor":44,"key":"Bronze Scales"}],"event_choices":[{"damage_healed":0.0,"max_hp_gain":0.0,"max_hp_loss":0.0,"gold_gain":0.0,"event_name":"Scrap Ooze","player_choice":"Success","floor":2.0,"gold_loss":0.0,"damage_taken":25.0,"relics_obtained":["Question Card"]},{"cards_removed":["Strike_B"],"damage_healed":0.0,"max_hp_gain":0.0,"max_hp_loss":0.0,"gold_gain":0.0,"event_name":"Living Wall","player_choice":"Forget","floor":4.0,"gold_loss":0.0,"damage_taken":0.0},{"damage_healed":0.0,"max_hp_gain":0.0,"max_hp_loss":0.0,"gold_gain":0.0,"event_name":"Liars Game","player_choice":"Ignored","floor":8.0,"gold_loss":0.0,"damage_taken":0.0},{"damage_healed":0.0,"max_hp_gain":0.0,"max_hp_loss":0.0,"gold_gain":0.0,"event_name":"Upgrade Shrine","player_choice":"Upgraded","floor":20.0,"gold_loss":0.0,"damage_taken":0.0,"cards_upgraded":["Amplify"]},{"damage_healed":0.0,"max_hp_gain":0.0,"max_hp_loss":0.0,"gold_gain":0.0,"event_name":"Masked Bandits","player_choice":"Fought Bandits","floor":22.0,"gold_loss":0.0,"damage_taken":0.0},{"damage_healed":0.0,"max_hp_gain":0.0,"max_hp_loss":0.0,"gold_gain":0.0,"event_name":"Ghosts","player_choice":"Ignored","floor":31.0,"gold_loss":0.0,"damage_taken":0.0},{"damage_healed":0,"gold_gain":222,"player_choice":"Wore Mask","damage_taken":0,"max_hp_gain":0,"max_hp_loss":0,"event_name":"Tomb of Lord Red Mask","floor":36,"gold_loss":0},{"cards_removed":["Defend_B"],"damage_healed":0,"gold_gain":0,"player_choice":"Removed Skill","damage_taken":0,"max_hp_gain":0,"max_hp_loss":0,"event_name":"Falling","floor":37,"gold_loss":0}],"is_beta":false,"boss_relics":[{"not_picked":["Runic Pyramid","Calling Bell"],"picked":"Inserter"},{"not_picked":["Snecko Eye","Tiny House"],"picked":"Nuclear Battery"}],"items_purged_floors":[10,19,27,38],"is_endless":false,"potions_floor_spawned":[3,11,12,16,18,25,30,33,35,39],"killed_by":"3 Darklings","ascension_level":12}}