{"host":"btkahjvw3wdsn6lk","time":1612086732,"event":{"mods":["ATMod(°¢èªMod)","Act Like it!","BaseMod","CapriCore","Conspire","Dota2Spire","Gensokyo","Highlight Path","Minty Spire (QoL Compilation)","Quick Restart","Reliquary","Replay The Spire","RumiaBox-Â¶Ã×æ«µÄÉñÃØºÐ×Ó","Spicy Shops","StSLib","Yuyuko","¡¾ÒÅÎï¿¨ÅÆ¡¿REMEMod"],"gold_per_floor":[117,132,132,24,42,42,42,70,70,70,70,97,107,107,107,208,208,420,70,70,90,408,408,441,441,517,517,548,565,525,554,554,649,649,659,684,703,703,713,713,689,703,748,758,758,758,348,348,366,366,366,366,366,366,41,74,74],"floor_reached":58,"language":"ZHS","playtime":3653,"items_purged":["Faramita\u0027s Temptation","Fantasy Butterflies","Fantasy Butterflies","Fantasy Butterflies","Fantasy Butterflies"],"score":1444,"play_id":"1ef59b89-0271-4e00-84b0-26daa62240b7","local_time":"20210131175212","is_ascension_mode":true,"campfire_choices":[{"data":"AT_FamilyPortrait","floor":6.0,"key":"SMITH"},{"data":"Spear of Papilio","floor":10.0,"key":"SMITH"},{"data":"Gensokyo:FourOfAKind","floor":23.0,"key":"SMITH"},{"data":"Gensokyo:FourOfAKind","floor":25.0,"key":"SMITH"},{"data":"Gensokyo:FourOfAKind","floor":27.0,"key":"SMITH"},{"data":"REME_Flogging","floor":32.0,"key":"SMITH"},{"data":"Full Inky Sakura","floor":32.0,"key":"SMITH"},{"floor":40.0,"key":"RECALL"},{"data":"Pot Of Greed","floor":48.0,"key":"SMITH"},{"data":"Pot Of Greed","floor":48.0,"key":"SMITH"},{"data":"Pot Of Greed","floor":51.0,"key":"SMITH"},{"data":"Pot Of Greed","floor":51.0,"key":"SMITH"},{"data":"Dancing Soul","floor":54.0,"key":"SMITH"},{"data":"REME_Flogging","floor":54.0,"key":"SMITH"}],"circlet_count":0,"master_deck":["Fantasy Butterflies","Dreamy Sakura","Dreamy Sakura+1","Dreamy Sakura+1","Dreamy Sakura","Deathly Ground","AT_FamilyPortrait+1","AT_ChampionStep+1","Spear of Papilio+1","Chase The Sukhavati","Mini Ghostdom+1","Dying Butterflies+1","Dancing Soul+1","Chase The Sukhavati","Sweet of Phantom+1","Full Inky Sakura+1","Childlike","REME_Flogging+1","Survey Options","Panache","Gensokyo:FourOfAKind+1","Gensokyo:FourOfAKind+1","Gensokyo:FourOfAKind+1","Gensokyo:FourOfAKind+1","Butterflies in Dream","Bloom+1","Reverse The Screen+1","The Way to Death","Wandering Soul+1","Sweet of Phantom+1","Ghost Spot","Unstable Ward+1","Pot Of Greed+1","Pot Of Greed+1","Pot Of Greed+1","Pot Of Greed+1","Spear of Papilio+1","Bloom","Nihility+1","Ghostdom Sakura+1","Gauzy Sakura+1","REME_Flogging+1","Dancing Soul+1","Sweet of Phantom"],"relics":["Coronal","Yuyuko\u0027s fan","AT_ATBox","REME_ComplimentaryCards","reliquary:Buckler","Bird Faced Urn","Akabeko","Gensokyo:Justice","Honey Jar","ReplayTheSpireMod:ShopPack","reliquary:TatteredRug","reliquary:Buckler","reliquary:JackalopeAntler","Nunchaku","Replay:Arrowhead","Counterbalance","Dota2Spire:PhaseBoots","Replay:Grab Bag","Philosopher\u0027s Stone","SlaversCollar","Black Star","Grinning Jar","AT_ChloranthyRing","Dream Catcher","reliquary:TuningFork","SSSystem"],"acts_visited":["Exordium","Gensokyo:Gensokyo","TheBeyond","TheEnding"],"potions_floor_usage":[57,57],"damage_taken":[{"damage":8.0,"enemies":"Gensokyo:3_Fairies","floor":1.0,"turns":4.0},{"damage":14.0,"enemies":"Gensokyo:Python","floor":2.0,"turns":3.0},{"damage":18.0,"enemies":"Gensokyo:Gryphon","floor":5.0,"turns":4.0},{"damage":34.0,"enemies":"Gensokyo:Aya","floor":8.0,"turns":4.0},{"damage":31.0,"enemies":"Gensokyo:Mamizou","floor":12.0,"turns":7.0},{"damage":2.0,"enemies":"Gensokyo:LivingMonolith","floor":13.0,"turns":2.0},{"damage":23.0,"enemies":"Gensokyo:Yukari","floor":16.0,"turns":6.0},{"damage":12.0,"enemies":"Gensokyo:3_Dogs","floor":18.0,"turns":2.0},{"damage":7.0,"enemies":"Gensokyo:Chomper","floor":21.0,"turns":3.0},{"damage":23.0,"enemies":"Gensokyo:Slime_Group","floor":22.0,"turns":2.0},{"damage":3.0,"enemies":"Gensokyo:Reisen","floor":24.0,"turns":3.0},{"damage":22.0,"enemies":"Gensokyo:Tenshi","floor":28.0,"turns":2.0},{"damage":19.0,"enemies":"Gensokyo:Chomper_and_Gloop","floor":29.0,"turns":3.0},{"damage":2.0,"enemies":"Gensokyo:Reisen","floor":31.0,"turns":2.0},{"damage":21.0,"enemies":"Gensokyo:Kaguya","floor":33.0,"turns":3.0},{"damage":1.0,"enemies":"Orb Walker","floor":35.0,"turns":1.0},{"damage":27.0,"enemies":"conspire:MimicChest","floor":36.0,"turns":3.0},{"damage":3.0,"enemies":"3 Darklings","floor":37.0,"turns":2.0},{"damage":3.0,"enemies":"Transient","floor":39.0,"turns":3.0},{"damage":10.0,"enemies":"Sphere and 2 Shapes","floor":42.0,"turns":2.0},{"damage":32.0,"enemies":"4 Shapes","floor":44.0,"turns":2.0},{"damage":12.0,"enemies":"3 Darklings","floor":49.0,"turns":2.0},{"damage":31.0,"enemies":"Time Eater","floor":52.0,"turns":5.0},{"damage":14,"enemies":"Shield and Spear","floor":56,"turns":2},{"damage":77,"enemies":"The Heart","floor":57,"turns":3}],"seed_played":"5995793826290933772","potions_obtained":[{"floor":1.0,"key":"SteroidPotion"},{"floor":8.0,"key":"Fire Potion"},{"floor":13.0,"key":"Fire Potion"},{"floor":31.0,"key":"Regen Potion"},{"floor":42.0,"key":"Dexterity Potion"},{"floor":44.0,"key":"Gelsemium Tea"}],"is_trial":false,"path_per_floor":["M","M","?","COS","M","R","$","E","T","R","?","E","M","?","R","B",null,"M","COS","?","M","M","R","E","R","T","R","E","M","?","E","R","B",null,"M","?","M","?","M","R","$","M","T","M","PTL","PTL","$","R","M","?","R","B",null,"R","$","E","B",null],"character_chosen":"YUYOKO","items_purchased":["AT_ChloranthyRing","REME_Flogging"],"campfire_rested":0,"item_purchase_floors":[41,47],"current_hp_per_floor":[40,38,38,38,26,26,26,12,12,12,17,32,30,30,30,33,52,46,46,37,30,14,14,29,29,29,29,24,25,25,35,35,34,37,36,16,36,36,34,34,34,31,31,12,12,12,12,12,15,15,15,13,37,37,37,32,25],"gold":74,"neow_bonus":"TEN_PERCENT_HP_BONUS","is_daily":false,"chose_seed":false,"campfire_upgraded":13,"win_rate":0.0,"timestamp":1612086732,"path_taken":["M","M","?","COS","M","R","$","E","T","R","?","E","M","?","R","BOSS","M","COS","?","M","M","R","E","R","T","R","E","M","?","E","R","BOSS","M","?","M","?","M","R","$","M","T","M","PTL","PTL","$","R","M","?","R","BOSS","R","$","E","BOSS"],"items_purchased_type":["Relic","Card"],"build_version":"2020-12-22","purchased_purges":5,"victory":true,"max_hp_per_floor":[44,44,44,44,47,47,47,47,47,47,52,52,52,52,52,52,52,52,52,37,37,37,37,37,37,37,37,37,37,37,37,37,37,37,37,37,37,37,37,37,37,37,37,37,37,37,37,37,37,37,37,37,37,37,37,37,37],"card_choices":[{"not_picked":["Gauzy Sakura","Gather the Spring"],"picked":"Spear of Papilio","floor":1.0},{"not_picked":["Open The Fan","Suicide"],"picked":"Chase The Sukhavati","floor":2.0},{"not_picked":["Wandering Soul+1","Reverse The Screen+1"],"picked":"Dying Butterflies+1","floor":5.0},{"not_picked":["Serene Spring","The Forgotten Winter"],"picked":"Dancing Soul","floor":5.0},{"not_picked":["Fondling of Papilio","Become Phantom"],"picked":"Chase The Sukhavati","floor":8.0},{"not_picked":["Elegance","Immigrant Phantom","Reunion after Death"],"picked":"SKIP","floor":12.0},{"not_picked":["Spear of Papilio","Fondling of Papilio"],"picked":"Sweet of Phantom","floor":13.0},{"not_picked":["The Inky Sakura","Snowing Sakura"],"picked":"Full Inky Sakura","floor":16.0},{"not_picked":["Snow","Final of Final","Stifle"],"picked":"Childlike","floor":18.0},{"not_picked":["Mayhem","Master of Strategy","Apotheosis"],"picked":"REME_Flogging","floor":19.0},{"not_picked":["ReplayTheSpireMod:Uncanny Aura","Metamorphosis","Blind"],"picked":"Survey Options","floor":19.0},{"not_picked":["AT_EmpoweredMortalDraw","REME_AllRoundStrike","ReplayTheSpireMod:Private Reserves"],"picked":"Panache","floor":19.0},{"not_picked":["Become Phantom","Linger over Flower","Dying Butterflies"],"picked":"Butterflies in Dream","floor":21.0},{"not_picked":["Gather the Spring","Unreal","Dying Dream"],"picked":"Bloom+1","floor":22.0},{"not_picked":["Final of Final","Gauzy Sakura","Dancing Butterflies"],"picked":"Reverse The Screen+1","floor":24.0},{"not_picked":["Postpone Bloom","Final of Final","Triple Snow"],"picked":"The Way to Death","floor":28.0},{"not_picked":["Unpaved Way+1","Trap Lamp","Ghostdom Sakura"],"picked":"Wandering Soul+1","floor":29.0},{"not_picked":["Mini Ghostdom","Dancing Butterflies","Song of Papilio"],"picked":"Sweet of Phantom+1","floor":31.0},{"not_picked":["Float on Moon","Past Graveyard","The Inky Sakura"],"picked":"Ghost Spot","floor":33.0},{"not_picked":["Dark Wind","Song of Papilio","Final of Final"],"picked":"Unstable Ward+1","floor":35.0},{"not_picked":["Wandering Soul+1","Dying Butterflies+1","Dark Wind+1"],"picked":"Spear of Papilio+1","floor":36.0},{"not_picked":["City of Death+1","Gauzy Sakura+1","Sweet of Phantom"],"picked":"Bloom","floor":37.0},{"not_picked":["Dancing Soul","Unknown Petal","Steamed Phantom+1"],"picked":"Nihility+1","floor":39.0},{"not_picked":["Gone","Gather the Spring+1","The Nether"],"picked":"Ghostdom Sakura+1","floor":42.0},{"not_picked":["Dying Sakura+1","Mini Ghostdom","Linger over Flower+1"],"picked":"Gauzy Sakura+1","floor":44.0},{"not_picked":["Reverse The Screen+1","Dream of Spring","Mini Ghostdom"],"picked":"Dancing Soul","floor":49.0},{"not_picked":["Butterflies Rainbow","Redemption of Death+1","Song of Papilio"],"picked":"Sweet of Phantom","floor":56}],"player_experience":391870,"relics_obtained":[{"floor":8.0,"key":"Bird Faced Urn"},{"floor":12.0,"key":"Akabeko"},{"floor":24.0,"key":"reliquary:SculptingSteel"},{"floor":26.0,"key":"reliquary:JackalopeAntler"},{"floor":28.0,"key":"Nunchaku"},{"floor":31.0,"key":"Dota2Spire:PhaseBoots"},{"floor":36.0,"key":"Grinning Jar"},{"floor":43.0,"key":"Dream Catcher"},{"floor":56,"key":"reliquary:TuningFork"},{"floor":56,"key":"SSSystem"}],"event_choices":[{"damage_healed":0.0,"max_hp_gain":0.0,"max_hp_loss":0.0,"gold_gain":0.0,"event_name":"Tomb of Lord Red Mask","player_choice":"Ignored","floor":38.0,"gold_loss":0.0,"damage_taken":0.0},{"damage_healed":0.0,"max_hp_gain":0.0,"max_hp_loss":0.0,"gold_gain":0.0,"event_name":"conspire:Investor","player_choice":"Leave","floor":50.0,"gold_loss":0.0,"damage_taken":0.0}],"is_beta":false,"boss_relics":[{"not_picked":["reliquary:WritOfMandamus","Pandora\u0027s Box"],"picked":"Honey Jar"},{"not_picked":["Astrolabe","REME_LowDesire"],"picked":"Replay:Grab Bag"},{"not_picked":["ChewingGum","Fusion Hammer"],"picked":"Philosopher\u0027s Stone"},{"not_picked":["Runic Dome","Velvet Choker"],"picked":"SlaversCollar"},{"not_picked":["Runic Pyramid","REME_DemonsWealth"],"picked":"Black Star"}],"items_purged_floors":[41,47,47,55,55],"is_endless":false,"potions_floor_spawned":[1,8,13,31,37,39,42,44],"ascension_level":1}}