{"host":"at5b10nm0iti0w4x","time":1612122827,"event":{"mods":["AchievementEnabler","BaseMod","Bestiary","Block Reminder","Colored Map","Colored Powertips","Highlight Path","Keyboard Shortcuts","Minty Spire (QoL Compilation)","Relic Stats","StSLib","SuperFastMode"],"gold_per_floor":[99,99,99,99,24,24,24,24,24,24,24,24,24,24,24,24,24,0,0,0,0,0,0,0,0,0,0,0,0,0,0,0,0,0,0,0,0,0,0,0,0,0,0,0,0,0,0,0,0,0,0],"floor_reached":50,"language":"ENG","playtime":2229,"items_purged":["Regret"],"score":633,"play_id":"dd5de493-63c1-439c-b9a9-9d1485797ebc","local_time":"20210131145347","is_ascension_mode":false,"campfire_choices":[{"data":"Perfected Strike","floor":8,"key":"SMITH"},{"floor":10,"key":"REST"},{"data":"Intimidate","floor":13,"key":"SMITH"},{"data":"Armaments","floor":15,"key":"SMITH"},{"data":"Shrug It Off","floor":24,"key":"SMITH"},{"floor":32,"key":"REST"},{"data":"Perfected Strike","floor":40,"key":"SMITH"},{"floor":47,"key":"REST"},{"floor":49,"key":"REST"}],"circlet_count":0,"master_deck":["Strike_R","Strike_R","Strike_R","Strike_R","Strike_R","Defend_R","Defend_R","Defend_R","Bash","Perfected Strike+1","Perfected Strike+1","Intimidate+1","Armaments+1","Impervious","Pommel Strike","Shrug It Off+1","Power Through","Armaments+1","Ghostly","Ghostly","Ghostly","Ghostly","Ghostly","Twin Strike","Reaper","Metallicize+1","Flame Barrier+1","Headbutt+1","Thunderclap+1","Headbutt+1","Madness","Madness","Ghostly Armor+1","Flame Barrier+1","Pommel Strike+1"],"relics":["Ectoplasm","Matryoshka","Orichalcum","Mercury Hourglass","Sundial","Self Forming Clay","Runic Cube","Bag of Marbles","Juzu Bracelet","Regal Pillow","Ornamental Fan","Red Mask","Astrolabe","Pear","White Beast Statue","Torii"],"acts_visited":["Exordium","TheCity","TheBeyond"],"potions_floor_usage":[27,33,50,50],"damage_taken":[{"damage":1,"enemies":"Jaw Worm","floor":1,"turns":2},{"damage":0,"enemies":"2 Louse","floor":3,"turns":2},{"damage":26,"enemies":"Lagavulin","floor":6,"turns":6},{"damage":0,"enemies":"Cultist","floor":7,"turns":2},{"damage":0,"enemies":"Lots of Slimes","floor":12,"turns":3},{"damage":0,"enemies":"Exordium Wildlife","floor":14,"turns":2},{"damage":0,"enemies":"Slime Boss","floor":16,"turns":5},{"damage":15,"enemies":"2 Thieves","floor":18,"turns":3},{"damage":4,"enemies":"Chosen","floor":19,"turns":3},{"damage":0,"enemies":"Centurion and Healer","floor":20,"turns":5},{"damage":5,"enemies":"Gremlin Leader","floor":23,"turns":5},{"damage":8,"enemies":"Book of Stabbing","floor":25,"turns":4},{"damage":5,"enemies":"Snecko","floor":27,"turns":3},{"damage":0,"enemies":"Snake Plant","floor":30,"turns":4},{"damage":0,"enemies":"Masked Bandits","floor":31,"turns":3},{"damage":46,"enemies":"Automaton","floor":33,"turns":14},{"damage":1,"enemies":"3 Shapes","floor":35,"turns":4},{"damage":2,"enemies":"Orb Walker","floor":38,"turns":5},{"damage":1,"enemies":"Nemesis","floor":41,"turns":10},{"damage":4,"enemies":"Jaw Worm Horde","floor":44,"turns":5},{"damage":13,"enemies":"2 Orb Walkers","floor":46,"turns":6},{"damage":13,"enemies":"Spire Growth","floor":48,"turns":6},{"damage":81,"enemies":"Donu and Deca","floor":50,"turns":9}],"seed_played":"-8000336843714448363","potions_obtained":[{"floor":3,"key":"GamblersBrew"},{"floor":6,"key":"DuplicationPotion"},{"floor":7,"key":"FairyPotion"},{"floor":18,"key":"BloodPotion"},{"floor":27,"key":"EssenceOfSteel"},{"floor":33,"key":"Block Potion"},{"floor":35,"key":"BlessingOfTheForge"}],"is_trial":false,"path_per_floor":["M","?","M","?","$","E","M","R","T","R","?","M","R","M","R","B",null,"M","M","M","$","?","E","R","E","T","M","?","?","M","?","R","B",null,"M","?","?","M","$","R","E","?","T","M","?","?","R","M","R","B"],"character_chosen":"IRONCLAD","items_purchased":[],"campfire_rested":4,"item_purchase_floors":[],"current_hp_per_floor":[79,72,72,72,72,46,46,46,46,70,70,70,70,70,70,70,80,65,61,61,61,61,56,56,48,48,59,40,28,28,28,40,12,40,39,39,39,40,40,40,49,43,43,39,39,26,50,37,50,0,0],"gold":0,"neow_bonus":"BOSS_RELIC","is_daily":false,"chose_seed":false,"campfire_upgraded":5,"win_rate":0.0,"timestamp":1612122827,"path_taken":["M","?","M","?","$","E","M","R","T","R","?","M","R","?","R","BOSS","M","M","M","?","?","E","R","E","T","M","?","?","M","?","R","BOSS","M","?","?","M","?","R","E","?","T","M","?","?","R","M","R","BOSS"],"items_purchased_type":[],"build_version":"2020-12-22","purchased_purges":1,"victory":false,"max_hp_per_floor":[80,80,80,80,80,80,80,80,80,80,80,80,80,80,80,80,80,80,80,80,80,80,80,80,80,80,80,40,40,40,40,40,40,40,40,40,40,40,40,40,50,50,50,50,50,50,50,50,50,50,50],"relic_stats":{"Regal Pillow":9,"Torii":0,"counters":[23,105],"Self Forming Clay":[63],"Astrolabe":["Metallicize","Flame Barrier","Transmutation"],"Juzu Bracelet":5,"Orichalcum":[174],"Mercury Hourglass":[390],"Sundial":[6],"Ornamental Fan":[28],"Ectoplasm":728,"obtain_stats":[{"Regal Pillow":26,"Pear":41,"Torii":46,"Self Forming Clay":11,"Astrolabe":34,"Juzu Bracelet":25,"Orichalcum":6,"Burning Blood":0,"White Beast Statue":43,"Mercury Hourglass":9,"Matryoshka":4,"Sundial":9,"Ornamental Fan":26,"Ectoplasm":0,"Bag of Marbles":23,"Red Mask":31,"Runic Cube":17},{"Regal Pillow":12,"Pear":19,"Torii":21,"Self Forming Clay":4,"Astrolabe":16,"Juzu Bracelet":12,"Orichalcum":3,"Burning Blood":0,"White Beast Statue":19,"Mercury Hourglass":4,"Matryoshka":2,"Sundial":4,"Ornamental Fan":12,"Ectoplasm":0,"Bag of Marbles":11,"Red Mask":15,"Runic Cube":7},{"Regal Pillow":40,"Pear":79,"Torii":90,"Self Forming Clay":12,"Astrolabe":63,"Juzu Bracelet":40,"Orichalcum":10,"Burning Blood":0,"White Beast Statue":79,"Mercury Hourglass":12,"Matryoshka":4,"Sundial":12,"Ornamental Fan":40,"Ectoplasm":0,"Bag of Marbles":36,"Red Mask":49,"Runic Cube":21}],"Runic Cube":[23]},"card_choices":[{"not_picked":["Pommel Strike","True Grit"],"picked":"Perfected Strike","floor":1},{"not_picked":["Fire Breathing","Twin Strike"],"picked":"Perfected Strike","floor":3},{"not_picked":["Anger","Bludgeon"],"picked":"Intimidate","floor":6},{"not_picked":["Twin Strike","Carnage"],"picked":"Headbutt","floor":7},{"not_picked":["Sever Soul","Blood for Blood","Heavy Blade"],"picked":"SKIP","floor":12},{"not_picked":["Headbutt","Twin Strike"],"picked":"Armaments","floor":14},{"not_picked":["Bludgeon","Fiend Fire"],"picked":"Impervious","floor":16},{"not_picked":["Blood for Blood","Sever Soul+1","Flex"],"picked":"SKIP","floor":18},{"not_picked":["Twin Strike","Second Wind+1"],"picked":"Pommel Strike","floor":19},{"not_picked":["Flex","Twin Strike","True Grit"],"picked":"SKIP","floor":20},{"not_picked":["Uppercut+1","Iron Wave"],"picked":"Power Through","floor":23},{"not_picked":["Bloodletting","Perfected Strike"],"picked":"Entrench+1","floor":25},{"not_picked":["Disarm+1","Body Slam"],"picked":"Armaments+1","floor":27},{"not_picked":["Searing Blow+1","Bludgeon"],"picked":"Power Through","floor":30},{"not_picked":["Headbutt","True Grit"],"picked":"Twin Strike","floor":31},{"not_picked":["Fiend Fire","Juggernaut"],"picked":"Reaper","floor":33},{"not_picked":["Heavy Blade","Combust"],"picked":"Headbutt+1","floor":35},{"not_picked":["Body Slam+1","Rupture+1"],"picked":"Thunderclap+1","floor":38},{"not_picked":["Clash+1","Entrench+1"],"picked":"Headbutt+1","floor":41},{"not_picked":["Clash","Body Slam+1"],"picked":"Ghostly Armor+1","floor":44},{"not_picked":["Flex","Sword Boomerang+1"],"picked":"Flame Barrier+1","floor":46},{"not_picked":["Clash+1","Rage"],"picked":"Pommel Strike+1","floor":48}],"player_experience":4062,"relics_obtained":[{"floor":6,"key":"Orichalcum"},{"floor":9,"key":"Mercury Hourglass"},{"floor":9,"key":"Sundial"},{"floor":11,"key":"Self Forming Clay"},{"floor":23,"key":"Bag of Marbles"},{"floor":25,"key":"Juzu Bracelet"},{"floor":26,"key":"Regal Pillow"},{"floor":26,"key":"Ornamental Fan"},{"floor":31,"key":"Red Mask"},{"floor":41,"key":"Pear"},{"floor":43,"key":"White Beast Statue"},{"floor":46,"key":"Torii"}],"event_choices":[{"cards_removed":["Defend_R"],"damage_healed":0,"gold_gain":0,"player_choice":"Card Removal","damage_taken":7,"max_hp_gain":0,"max_hp_loss":0,"event_name":"Golden Wing","floor":2,"gold_loss":0},{"damage_healed":0,"gold_gain":0,"player_choice":"Box","damage_taken":0,"relics_obtained":["Matryoshka"],"max_hp_gain":0,"max_hp_loss":0,"event_name":"Big Fish","floor":4,"gold_loss":0,"cards_obtained":["Regret"]},{"damage_healed":0,"gold_gain":0,"player_choice":"Relic","damage_taken":0,"max_hp_gain":0,"max_hp_loss":0,"event_name":"Wheel of Change","floor":11,"gold_loss":0},{"damage_healed":0,"gold_gain":0,"player_choice":"Read","damage_taken":0,"max_hp_gain":0,"max_hp_loss":0,"event_name":"The Library","floor":22,"gold_loss":0,"cards_obtained":["Shrug It Off"]},{"damage_healed":0,"gold_gain":0,"player_choice":"Became a Ghost","damage_taken":0,"max_hp_gain":0,"max_hp_loss":40,"event_name":"Ghosts","floor":28,"gold_loss":0,"cards_obtained":["Ghostly","Ghostly","Ghostly","Ghostly","Ghostly"]},{"damage_healed":0,"gold_gain":0,"player_choice":"CARD ","damage_taken":12,"max_hp_gain":0,"max_hp_loss":0,"event_name":"Knowing Skull","floor":29,"potions_obtained":[],"gold_loss":0,"cards_obtained":["Good Instincts"]},{"damage_healed":0,"gold_gain":0,"player_choice":"Fought Bandits","damage_taken":0,"max_hp_gain":0,"max_hp_loss":0,"event_name":"Masked Bandits","floor":31,"gold_loss":0},{"cards_removed":["Transmutation"],"damage_healed":0,"gold_gain":0,"player_choice":"Purged","damage_taken":0,"max_hp_gain":0,"max_hp_loss":0,"event_name":"Purifier","floor":36,"gold_loss":0},{"cards_removed":["Headbutt"],"damage_healed":0,"gold_gain":0,"player_choice":"Card Removal","damage_taken":0,"max_hp_gain":0,"max_hp_loss":0,"event_name":"Wheel of Change","floor":37,"gold_loss":0},{"damage_healed":0,"gold_gain":0,"player_choice":"Embrace Madness","damage_taken":6,"max_hp_gain":0,"max_hp_loss":0,"event_name":"Winding Halls","floor":42,"gold_loss":0,"cards_obtained":["Madness","Madness"]},{"damage_healed":0,"gold_gain":0,"player_choice":"Got Potions","damage_taken":0,"max_hp_gain":0,"max_hp_loss":0,"event_name":"Lab","floor":45,"gold_loss":0},{"damage_healed":0,"gold_gain":0,"player_choice":"Fight","damage_taken":0,"max_hp_gain":0,"max_hp_loss":0,"event_name":"Mysterious Sphere","floor":46,"gold_loss":0}],"is_beta":false,"boss_relics":[{"not_picked":["Fusion Hammer","Empty Cage"],"picked":"Runic Cube"},{"not_picked":["Velvet Choker","Sozu"],"picked":"Astrolabe"}],"items_purged_floors":[5],"is_endless":false,"potions_floor_spawned":[3,6,7,18,27,33,35,38,44,46,48],"killed_by":"Donu and Deca","ascension_level":0}}