{"host":"dm4yvegl9um2tlqd","time":1612077278,"event":{"mods":["2.2 Compatiblity","AchievementEnabler","BaseMod","Colored Map","DeckTracker","Highlight Path","KOR Keyword Fix","Keyboard Shortcuts","Minty Spire (QoL Compilation)","Permanent Neow","Quick Restart","Random Character Button","StSLib","SuperFastMode","everything is the same but u backflip on backflip"],"gold_per_floor":[112,131,131,50,70,70,104,115,115,115,147,157,189,199,199,301,301,318,329,329,31,46,73,73,101,124,137,154,154,154,187,187,187,187],"floor_reached":33,"language":"KOR","playtime":1361,"items_purged":["Strike_R+1"],"score":628,"play_id":"be482509-d25e-4e68-9993-fdae52b1b269","local_time":"20210131161438","is_ascension_mode":true,"campfire_choices":[{"data":"Bash","floor":6.0,"key":"SMITH"},{"data":"Pommel Strike","floor":10.0,"key":"SMITH"},{"data":"Dark Embrace","floor":15.0,"key":"SMITH"},{"data":"Offering","floor":24,"key":"SMITH"},{"data":"True Grit","floor":30,"key":"SMITH"},{"data":"Battle Trance","floor":32,"key":"SMITH"}],"circlet_count":0,"master_deck":["AscendersBane","Strike_R+1","Strike_R+1","Defend_R+1","Defend_R+1","Defend_R+1","Defend_R+1","Bash+1","Battle Trance+1","Pommel Strike+1","Hemokinesis","Dropkick","Dark Embrace+1","Offering+1","True Grit+1","Blood for Blood+1","Shrug It Off","Power Through+1"],"relics":["Burning Blood","Pear","White Beast Statue","Molten Egg 2","Art of War","SacredBark","Vajra","Lizard Tail","Torii","Centennial Puzzle","Meat on the Bone"],"acts_visited":["Exordium","TheCity"],"potions_floor_usage":[23,23,25,27,31],"damage_taken":[{"damage":7.0,"enemies":"Small Slimes","floor":1.0,"turns":4.0},{"damage":5.0,"enemies":"2 Louse","floor":2.0,"turns":3.0},{"damage":5.0,"enemies":"Cultist","floor":5.0,"turns":3.0},{"damage":26.0,"enemies":"Lagavulin","floor":7.0,"turns":5.0},{"damage":2.0,"enemies":"3 Louse","floor":8.0,"turns":4.0},{"damage":30.0,"enemies":"3 Sentries","floor":11.0,"turns":7.0},{"damage":8.0,"enemies":"Exordium Thugs","floor":12.0,"turns":3.0},{"damage":10.0,"enemies":"Gremlin Nob","floor":13.0,"turns":3.0},{"damage":15.0,"enemies":"2 Fungi Beasts","floor":14.0,"turns":3.0},{"damage":8.0,"enemies":"Slime Boss","floor":16.0,"turns":8.0},{"damage":22.0,"enemies":"Chosen","floor":18.0,"turns":3.0},{"damage":41.0,"enemies":"Spheric Guardian","floor":19.0,"turns":7.0},{"damage":19.0,"enemies":"Centurion and Healer","floor":22.0,"turns":4.0},{"damage":35,"enemies":"Book of Stabbing","floor":23,"turns":4},{"damage":15,"enemies":"Gremlin Leader","floor":25,"turns":4},{"damage":19,"enemies":"Snake Plant","floor":27,"turns":3},{"damage":3,"enemies":"Snecko","floor":28,"turns":3},{"damage":6,"enemies":"Slavers","floor":31,"turns":3},{"damage":6,"enemies":"Automaton","floor":33,"turns":4}],"seed_played":"2366539510695023271","potions_obtained":[{"floor":1.0,"key":"LiquidBronze"},{"floor":2.0,"key":"LiquidMemories"},{"floor":5.0,"key":"BlessingOfTheForge"},{"floor":11.0,"key":"Fire Potion"},{"floor":12.0,"key":"Dexterity Potion"},{"floor":13.0,"key":"Strength Potion"},{"floor":14.0,"key":"Explosive Potion"},{"floor":16.0,"key":"PowerPotion"},{"floor":18.0,"key":"BloodPotion"},{"floor":19.0,"key":"LiquidBronze"},{"floor":22.0,"key":"Strength Potion"},{"floor":23,"key":"AttackPotion"},{"floor":25,"key":"Weak Potion"},{"floor":27,"key":"ColorlessPotion"},{"floor":28,"key":"SneckoOil"},{"floor":31,"key":"Fire Potion"}],"is_trial":false,"path_per_floor":["M","M","?","$","M","R","E","M","T","R","E","M","E","M","R","B",null,"M","M","?","$","M","E","R","E","T","M","M","?","R","E","R","B"],"character_chosen":"IRONCLAD","items_purchased":["Hemokinesis","Blood for Blood+1","Vajra"],"campfire_rested":0,"item_purchase_floors":[4,21,21],"current_hp_per_floor":[71,72,72,72,73,73,63,67,67,67,43,41,37,28,28,26,74,58,23,23,23,46,17,17,8,8,43,46,28,28,28,28,22,22],"gold":187,"neow_bonus":"REMOVE_CARD","is_daily":false,"chose_seed":false,"campfire_upgraded":6,"win_rate":0.0,"timestamp":1612077278,"path_taken":["M","M","?","$","M","R","E","M","T","R","E","M","E","M","R","BOSS","M","M","?","$","M","E","R","E","T","M","M","?","R","E","R","BOSS"],"items_purchased_type":["Card","Card","Relic"],"build_version":"2020-12-22","purchased_purges":1,"victory":false,"max_hp_per_floor":[80,80,80,80,80,80,90,90,90,90,90,90,90,90,90,90,90,90,90,90,90,90,90,90,90,90,90,90,95,95,95,95,95,95],"card_choices":[{"not_picked":["Rupture","Warcry"],"picked":"Battle Trance","floor":1.0},{"not_picked":["Cleave","True Grit"],"picked":"Pommel Strike","floor":2.0},{"not_picked":["True Grit","Body Slam"],"picked":"Dropkick","floor":5.0},{"not_picked":["Impervious","Cleave","Bloodletting"],"picked":"SKIP","floor":7.0},{"not_picked":["Perfected Strike","Headbutt","Rampage"],"picked":"SKIP","floor":8.0},{"not_picked":["Heavy Blade+1","Clash+1","Headbutt+1"],"picked":"SKIP","floor":11.0},{"not_picked":["Infernal Blade","Iron Wave+1","Shrug It Off"],"picked":"SKIP","floor":12.0},{"not_picked":["Infernal Blade","Iron Wave+1","Shrug It Off"],"picked":"SKIP","floor":12.0},{"not_picked":["Perfected Strike+1","Evolve"],"picked":"Dark Embrace","floor":13.0},{"not_picked":["Iron Wave+1","Anger+1","Flex"],"picked":"SKIP","floor":14.0},{"not_picked":["Berserk","Bludgeon+1"],"picked":"Offering","floor":16.0},{"not_picked":["Headbutt+1","Sword Boomerang+1","Evolve"],"picked":"SKIP","floor":18.0},{"not_picked":["Heavy Blade+1","Armaments"],"picked":"True Grit","floor":19.0},{"not_picked":["Infernal Blade","True Grit","Metallicize"],"picked":"SKIP","floor":22.0},{"not_picked":["Blood for Blood+1","Intimidate+1"],"picked":"Shrug It Off","floor":23},{"not_picked":["Sentinel","Headbutt+1","Clothesline+1"],"picked":"SKIP","floor":25},{"not_picked":["Seeing Red","Warcry"],"picked":"Power Through+1","floor":27},{"not_picked":["Clothesline+1","Body Slam+1","Shrug It Off"],"picked":"SKIP","floor":28},{"not_picked":["Fire Breathing","Warcry","Iron Wave+1"],"picked":"SKIP","floor":31}],"player_experience":99921,"relics_obtained":[{"floor":7.0,"key":"Pear"},{"floor":9.0,"key":"White Beast Statue"},{"floor":11.0,"key":"Molten Egg 2"},{"floor":13.0,"key":"Art of War"},{"floor":23,"key":"Lizard Tail"},{"floor":25,"key":"Torii"},{"floor":26,"key":"Centennial Puzzle"},{"floor":31,"key":"Meat on the Bone"}],"event_choices":[{"cards_removed":["Strike_R"],"damage_healed":0.0,"max_hp_gain":0.0,"max_hp_loss":0.0,"gold_gain":0.0,"event_name":"Living Wall","player_choice":"Forget","floor":3.0,"gold_loss":0.0,"damage_taken":0.0},{"damage_healed":0.0,"max_hp_gain":0.0,"max_hp_loss":0.0,"gold_gain":0.0,"event_name":"Back to Basics","player_choice":"Simplicity","floor":20.0,"gold_loss":0.0,"damage_taken":0.0,"cards_upgraded":["Strike_R","Strike_R","Strike_R","Defend_R","Defend_R","Defend_R","Defend_R"]},{"damage_healed":0,"gold_gain":0,"player_choice":"Shed Blood","damage_taken":23,"max_hp_gain":5,"max_hp_loss":0,"event_name":"Forgotten Altar","floor":29,"gold_loss":0}],"is_beta":false,"boss_relics":[{"not_picked":["Black Blood","Runic Dome"],"picked":"SacredBark"}],"items_purged_floors":[21],"is_endless":false,"potions_floor_spawned":[1,2,5,11,12,13,14,16,18,19,22,23,25,27,28,31],"killed_by":"Automaton","ascension_level":10}}