{"host":"b34lfm0pg36jv5no","time":1612055315,"event":{"mods":["BaseMod","Bestiary","Colored Map","Dark Map","Minty Spire (QoL Compilation)","Relic Stats","ojb\u0027s Info Mod"],"gold_per_floor":[118,132,82,108,119,147,222,257,257,283,283,283,29,29,29,29,29],"floor_reached":16,"language":"ENG","playtime":663,"items_purged":[],"score":162,"play_id":"5905d9da-6cb9-42fb-8d5a-2c2bb0f7b5b6","local_time":"20210131010835","is_ascension_mode":true,"campfire_choices":[{"floor":11,"key":"RECALL"},{"floor":15,"key":"REST"}],"circlet_count":0,"master_deck":["Strike_P","Strike_P","Strike_P","Strike_P","Defend_P","Defend_P","Defend_P","Eruption","Vigilance","BowlingBash","Adaptation","Vengeance","Vault","Meditate"],"relics":["Fusion Hammer","Bag of Preparation","Prayer Wheel","Happy Flower","Oddly Smooth Stone","Blue Candle","Eternal Feather","Golden Idol"],"acts_visited":["Exordium"],"potions_floor_usage":[6],"damage_taken":[{"damage":6,"enemies":"Jaw Worm","floor":1,"turns":5},{"damage":1,"enemies":"Small Slimes","floor":2,"turns":3},{"damage":0,"enemies":"2 Louse","floor":5,"turns":2},{"damage":17,"enemies":"3 Sentries","floor":6,"turns":3},{"damage":12,"enemies":"Gremlin Nob","floor":8,"turns":3},{"damage":9,"enemies":"Lagavulin","floor":10,"turns":6},{"damage":30,"enemies":"Hexaghost","floor":16,"turns":3}],"seed_played":"1778271046984375266","potions_obtained":[{"floor":5,"key":"AttackPotion"},{"floor":10,"key":"SmokeBomb"}],"is_trial":false,"path_per_floor":["M","M","?","T","M","E","?","E","T","E","R","?","$","?","R","B"],"character_chosen":"WATCHER","items_purchased":["Eternal Feather"],"campfire_rested":1,"item_purchase_floors":[13],"current_hp_per_floor":[59,58,58,58,58,41,30,18,18,9,9,2,2,2,28,0,0],"gold":29,"neow_bonus":"BOSS_RELIC","is_daily":false,"chose_seed":false,"campfire_upgraded":0,"win_rate":0.0,"timestamp":1612055315,"path_taken":["M","M","?","?","M","E","?","E","T","E","R","?","$","?","R","BOSS"],"items_purchased_type":["Relic"],"build_version":"2020-12-22","purchased_purges":0,"victory":false,"max_hp_per_floor":[72,72,72,72,72,72,72,72,72,72,72,72,72,67,67,67,67],"relic_stats":{"Happy Flower":[3],"counters":[7,25],"Golden Idol":0,"Blue Candle":[0],"Prayer Wheel":0,"Eternal Feather":6,"Bag of Preparation":[10],"obtain_stats":[{"Happy Flower":8,"Golden Idol":14,"Blue Candle":12,"Oddly Smooth Stone":10,"Prayer Wheel":6,"Eternal Feather":13,"Fusion Hammer":0,"Bag of Preparation":4,"PureWater":0},{"Happy Flower":5,"Golden Idol":6,"Blue Candle":6,"Oddly Smooth Stone":6,"Prayer Wheel":4,"Eternal Feather":6,"Fusion Hammer":0,"Bag of Preparation":2,"PureWater":0},{"Happy Flower":16,"Golden Idol":22,"Blue Candle":22,"Oddly Smooth Stone":22,"Prayer Wheel":13,"Eternal Feather":22,"Fusion Hammer":0,"Bag of Preparation":8,"PureWater":0}]},"card_choices":[{"not_picked":["SashWhip","Indignation","Evaluate"],"picked":"SKIP","floor":1},{"not_picked":["FollowUp","ClearTheMind"],"picked":"BowlingBash","floor":2},{"not_picked":["Swivel","Wireheading"],"picked":"Adaptation","floor":5},{"not_picked":["Perseverance","EmptyFist"],"picked":"Vengeance","floor":6},{"not_picked":["Pray","Sanctity"],"picked":"Vault","floor":8},{"not_picked":["ConjureBlade","ThirdEye"],"picked":"Meditate","floor":10}],"player_experience":2574941,"relics_obtained":[{"floor":4,"key":"Bag of Preparation"},{"floor":6,"key":"Prayer Wheel"},{"floor":8,"key":"Happy Flower"},{"floor":10,"key":"Oddly Smooth Stone"}],"event_choices":[{"cards_removed":["Defend_P"],"damage_healed":0,"gold_gain":0,"player_choice":"Card Removal","damage_taken":0,"max_hp_gain":0,"max_hp_loss":0,"event_name":"The Cleric","floor":3,"gold_loss":50},{"damage_healed":0,"gold_gain":75,"player_choice":"Gather Gold","damage_taken":11,"max_hp_gain":0,"max_hp_loss":0,"event_name":"World of Goop","floor":7,"gold_loss":0},{"damage_healed":0,"gold_gain":0,"player_choice":"Success","damage_taken":7,"relics_obtained":["Blue Candle"],"max_hp_gain":0,"max_hp_loss":0,"event_name":"Scrap Ooze","floor":12,"gold_loss":0},{"damage_healed":0,"gold_gain":0,"player_choice":"Lose Max HP","damage_taken":0,"relics_obtained":["Golden Idol"],"max_hp_gain":0,"max_hp_loss":5,"event_name":"Golden Idol","floor":14,"gold_loss":0}],"is_beta":false,"boss_relics":[],"items_purged_floors":[],"is_endless":false,"potions_floor_spawned":[5,10],"killed_by":"Hexaghost","ascension_level":8}}