{"host":"3l2gjg81y43fhz4a","time":1612068234,"event":{"mods":["BaseMod","Downfall","Hubris","Infinite Spire","Minty Spire (QoL Compilation)","Quick Restart","READ ME - Guardian Mod","StSLib","The Cursed","The Disciple","The Hierophant","The Mystic","The Servant 0.9.4","TheBandit"],"gold_per_floor":[99,115,126,137,153,185,208,208,223,235,235,251,263,263,280,375,375,375,388,401,417,73,73,73,173,173,201,201,219,29,45,63,63,63,63],"floor_reached":33,"language":"ENG","playtime":2124,"items_purged":["Slimebound:Strike_Slimebound"],"score":275,"play_id":"344e3f5b-85be-4452-acd3-dac48befc5ca","local_time":"20210130234354","is_ascension_mode":false,"campfire_choices":[{"floor":1,"key":"RECALL"},{"data":"Slimebound:LevelUp","floor":8,"key":"SMITH"},{"floor":11,"key":"REST"},{"data":"Slimebound:OneTwoCombo","floor":18,"key":"SMITH"},{"data":"Slimebound:LeadByExample","floor":23,"key":"SMITH"},{"data":"Slimebound:Split","floor":26,"key":"SMITH"},{"floor":28,"key":"REST"}],"circlet_count":0,"master_deck":["Slimebound:Strike_Slimebound","Slimebound:Strike_Slimebound","Slimebound:Tackle","Slimebound:Defend_Slimebound","Slimebound:Defend_Slimebound","Slimebound:Defend_Slimebound","Slimebound:Defend_Slimebound","Slimebound:Split+1","Slimebound:CorrosiveSpit","Slimebound:LeechEnergy","Slimebound:SplitMire","Slimebound:LevelUp+1","Slimebound:Repurpose","Slimebound:SamplingLick","Slimebound:Replication","Slimebound:Prepare","Slimebound:Dissolve","Slimebound:SlimeBarrage","Slimebound:OneTwoCombo+1","Slimebound:LeadByExample+1","Slimebound:OneTwoCombo+1","hubris:Ssssneak","Slimebound:FirmFortitude","Slimebound:LeechEnergy","Slimebound:LevelUp+1","expansioncontent:StudyTheSpire+1","Slimebound:LeechEnergy"],"relics":["Slimebound:AbsorbEndCombat","Art of War","hubris:SphereOfDissonance","hubris:TerracottaHorce","DollysMirror","Frozen Egg 2","Strawberry"],"acts_visited":["Exordium","TheCity"],"potions_floor_usage":[16,19,27,27,29,30],"damage_taken":[{"damage":8,"enemies":"Cultist","floor":2,"turns":4},{"damage":0,"enemies":"Small Slimes","floor":3,"turns":3},{"damage":8,"enemies":"2 Louse","floor":4,"turns":2},{"damage":6,"enemies":"Large Slime","floor":5,"turns":4},{"damage":26,"enemies":"3 Sentries","floor":6,"turns":8},{"damage":26,"enemies":"Exordium Wildlife","floor":9,"turns":4},{"damage":8,"enemies":"Gremlin Gang","floor":10,"turns":5},{"damage":5,"enemies":"Large Slime","floor":12,"turns":5},{"damage":4,"enemies":"Blue Slaver","floor":13,"turns":4},{"damage":2,"enemies":"3 Louse","floor":15,"turns":4},{"damage":13,"enemies":"IC_STATUS_ARCHETYPE","floor":16,"turns":7},{"damage":4,"enemies":"Spheric Guardian","floor":19,"turns":4},{"damage":19,"enemies":"Cultist and Chosen","floor":20,"turns":4},{"damage":26,"enemies":"Centurion and Healer","floor":21,"turns":5},{"damage":6,"enemies":"downfall:FleeingMerchant","floor":22,"turns":4},{"damage":47,"enemies":"Slavers","floor":27,"turns":5},{"damage":10,"enemies":"Chosen and Byrds","floor":29,"turns":5},{"damage":2,"enemies":"downfall:FleeingMerchant","floor":30,"turns":4},{"damage":32,"enemies":"3 Cultists","floor":31,"turns":5},{"damage":6,"enemies":"Snecko","floor":32,"turns":5},{"damage":21,"enemies":"SI_MIRROR_ARCHETYPE","floor":33,"turns":4}],"seed_played":"-1047345512793695075","potions_obtained":[{"floor":5,"key":"SkillPotion"},{"floor":6,"key":"DuplicationPotion"},{"floor":10,"key":"Guardian:BlockOnCardUsePotion"},{"floor":20,"key":"Explosive Potion"},{"floor":27,"key":"Weak Potion"},{"floor":29,"key":"Block Potion"}],"is_trial":false,"path_per_floor":["R","M","M","M","M","E","T","R","M","M","R","M","M","?","M","B",null,"R","M","M","M","$","R","T","?","R","E","R","M","$","M","M","B"],"character_chosen":"SLIMEBOUND","items_purchased":["DollysMirror","hubris:Ssssneak","expansioncontent:StudyTheSpire"],"campfire_rested":2,"item_purchase_floors":[22,22,30],"current_hp_per_floor":[71,65,67,63,65,47,47,47,29,29,50,51,53,53,57,46,65,65,69,56,38,40,40,40,40,40,8,31,29,35,11,13,0,0,0],"gold":63,"neow_bonus":"TEN_PERCENT_HP_BONUS","is_daily":false,"chose_seed":false,"campfire_upgraded":4,"win_rate":0.0,"timestamp":1612068234,"path_taken":["R","M","M","M","M","E","T","R","M","M","R","M","M","?","M","BOSS","R","M","M","M","$","R","T","?","R","E","R","?","$","M","M","BOSS"],"items_purchased_type":["Relic","Card","Card"],"build_version":"2020-12-22","purchased_purges":1,"victory":false,"max_hp_per_floor":[71,71,71,71,71,71,71,71,71,71,71,71,71,71,71,71,71,71,71,71,71,71,71,71,71,71,78,78,78,78,78,78,78,78,78],"card_choices":[{"not_picked":["Slimebound:LeechingTouch","Slimebound:RainOfGoop"],"picked":"Slimebound:LeechEnergy","floor":2},{"not_picked":["Slimebound:SplitAcid","Slimebound:LeechEnergy"],"picked":"Slimebound:SplitMire","floor":3},{"not_picked":["Slimebound:ItLooksTasty","Slimebound:SplitAcid"],"picked":"Slimebound:LevelUp","floor":4},{"not_picked":["Slimebound:DisruptingSlam","Slimebound:Chomp"],"picked":"Slimebound:Repurpose","floor":5},{"not_picked":["Slimebound:SpikyOuterGoop","Slimebound:GoopSpray"],"picked":"Slimebound:SamplingLick","floor":6},{"not_picked":["Slimebound:ItLooksTasty","Slimebound:DisruptingSlam","Slimebound:TongueLash"],"picked":"SKIP","floor":9},{"not_picked":["Slimebound:LeechingTouch","Slimebound:BestDefense"],"picked":"Slimebound:Replication","floor":10},{"not_picked":["Slimebound:SlimeBrawl","Slimebound:Grow"],"picked":"Slimebound:Prepare","floor":12},{"not_picked":["Slimebound:ItLooksTasty","Slimebound:ViciousTackle"],"picked":"Slimebound:Dissolve","floor":13},{"not_picked":["Slimebound:LeechingTouch","Slimebound:LivingWall"],"picked":"Slimebound:SlimeBarrage","floor":15},{"not_picked":["Slimebound:WasteNot","Slimebound:DuplicatedForm"],"picked":"Slimebound:OneTwoCombo","floor":16},{"not_picked":["Slimebound:FinishingTackle","Slimebound:GrowthPunch+1","Slimebound:RollThrough"],"picked":"SKIP","floor":19},{"not_picked":["Slimebound:LivingWall","Slimebound:HauntingLick","Slimebound:GrowthPunch"],"picked":"SKIP","floor":20},{"not_picked":["Slimebound:LivingWall","Slimebound:HauntingLick","Slimebound:GrowthPunch"],"picked":"SKIP","floor":20},{"not_picked":["Slimebound:SplitAcid+1","Slimebound:DouseInSlime"],"picked":"Slimebound:LeadByExample","floor":21},{"not_picked":["Slimebound:RejuvenatingLick","Slimebound:RainOfGoop","Slimebound:LeechingTouch+1"],"picked":"SKIP","floor":22},{"not_picked":["Slimebound:HauntingLick","Slimebound:MegaLick"],"picked":"Slimebound:FirmFortitude","floor":27},{"not_picked":["Slimebound:Prepare+1","Slimebound:ItLooksTasty"],"picked":"Slimebound:LeechEnergy","floor":29},{"not_picked":["Slimebound:FormOfPuddle","Slimebound:SlimeSpikes"],"picked":"Slimebound:LevelUp+1","floor":30},{"not_picked":["Slimebound:MegaLick+1","Slimebound:Grow+1"],"picked":"Slimebound:LeechEnergy","floor":31},{"not_picked":["Slimebound:LivingWall","Slimebound:LeechingTouch","Slimebound:GrowthPunch"],"picked":"SKIP","floor":32}],"player_experience":243825,"relics_obtained":[{"floor":6,"key":"Art of War"},{"floor":14,"key":"hubris:SphereOfDissonance"},{"floor":24,"key":"Frozen Egg 2"},{"floor":27,"key":"Strawberry"}],"event_choices":[],"is_beta":false,"boss_relics":[{"not_picked":["hubris:ScarierMask","hubris:VirtuousBlindfold"],"picked":"hubris:TerracottaHorce"}],"items_purged_floors":[22],"is_endless":false,"potions_floor_spawned":[5,6,10,12,15,20,27,29],"killed_by":"SI_MIRROR_ARCHETYPE","ascension_level":0}}