{"host":"iblpanoclcg2giwu","time":1612058878,"event":{"mods":["BaseMod","Better Third Choice","BetterRewards","Colored Map","Gold Saver","Googly Eyes","Highlight Path","Minty Spire (QoL Compilation)","Remove Card Discount Mod","StSLib"],"gold_per_floor":[378,388,401,401,415,442,442,454,479,509,509,201,214,214,214,310,310,324,343,343,343,356,381,381,397,450,450,469,314,314,241,241,342,392,406,0,14,14,14,14,42,42,42,42,92,147,17,30,30,30,30],"floor_reached":50,"language":"ENG","playtime":4699,"items_purged":["Regret","Strike_B","Strike_B"],"score":523,"play_id":"b2682d68-47b1-47d2-8176-285c4f0aa1be","local_time":"20210130180758","is_ascension_mode":false,"campfire_choices":[{"data":"Zap","floor":7,"key":"SMITH"},{"data":"Blizzard","floor":11,"key":"SMITH"},{"data":"Lockon","floor":15,"key":"SMITH"},{"floor":24,"key":"REST"},{"data":"Chill","floor":27,"key":"SMITH"},{"data":"Echo Form","floor":32,"key":"SMITH"},{"data":"Fission","floor":40,"key":"SMITH"},{"data":"Creative AI","floor":44,"key":"SMITH"},{"data":"Fission","floor":49,"key":"SMITH"}],"circlet_count":0,"master_deck":["Strike_B+1","Strike_B","Defend_B","Defend_B","Zap+1","Dualcast","Hello World","Redo+1","Conserve Battery","Lockon+1","Go for the Eyes+1","Conserve Battery","Blizzard+1","Self Repair","Chill+1","Machine Learning","Echo Form+1","Stack+1","Sunder","Glacier","Machine Learning","Creative AI+1","Fission+1","Conserve Battery","Coolheaded+1","Coolheaded+1","Fission+1","Aggregate+1","Chill+1","Stack+1"],"relics":["Cracked Core","PreservedInsect","Meat on the Bone","Omamori","Pen Nib","Strawberry","Membership Card","Vajra","WarpedTongs","Inserter","betterThird:NestCultRelic","MealTicket","Juzu Bracelet","Whetstone","Calipers","Bag of Preparation","Tiny House","Red Mask","Centennial Puzzle","Bottled Tornado","CaptainsWheel","Peace Pipe","Shuriken"],"acts_visited":["Exordium","TheCity","TheBeyond"],"potions_floor_usage":[10,10,16,22,22,22,25,28,28,28,33,35,37,46],"damage_taken":[{"damage":1,"enemies":"Cultist","floor":1,"turns":3},{"damage":1,"enemies":"Jaw Worm","floor":2,"turns":4},{"damage":7,"enemies":"Small Slimes","floor":3,"turns":3},{"damage":11,"enemies":"2 Fungi Beasts","floor":5,"turns":4},{"damage":16,"enemies":"Lagavulin","floor":6,"turns":6},{"damage":1,"enemies":"Blue Slaver","floor":8,"turns":3},{"damage":14,"enemies":"3 Sentries","floor":10,"turns":5},{"damage":3,"enemies":"Looter","floor":13,"turns":3},{"damage":17,"enemies":"The Guardian","floor":16,"turns":8},{"damage":9,"enemies":"Spheric Guardian","floor":18,"turns":5},{"damage":0,"enemies":"Chosen","floor":19,"turns":4},{"damage":16,"enemies":"Centurion and Healer","floor":22,"turns":5},{"damage":78,"enemies":"Slavers","floor":23,"turns":6},{"damage":22,"enemies":"Snake Plant","floor":25,"turns":4},{"damage":23,"enemies":"3 Cultists","floor":28,"turns":6},{"damage":40,"enemies":"Collector","floor":33,"turns":11},{"damage":29,"enemies":"Orb Walker","floor":35,"turns":4},{"damage":13,"enemies":"3 Darklings","floor":37,"turns":6},{"damage":23,"enemies":"Giant Head","floor":41,"turns":9},{"damage":3,"enemies":"Mind Bloom Boss Battle","floor":45,"turns":10},{"damage":14,"enemies":"2 Orb Walkers","floor":46,"turns":6},{"damage":30,"enemies":"Transient","floor":48,"turns":5},{"damage":79,"enemies":"Awakened One","floor":50,"turns":9}],"seed_played":"3119521648164714758","potions_obtained":[{"floor":1,"key":"PowerPotion"},{"floor":6,"key":"SteroidPotion"},{"floor":8,"key":"DuplicationPotion"},{"floor":10,"key":"Swift Potion"},{"floor":16,"key":"ColorlessPotion"},{"floor":19,"key":"LiquidMemories"},{"floor":23,"key":"Swift Potion"},{"floor":25,"key":"EntropicBrew"},{"floor":34,"key":"Fruit Juice"},{"floor":35,"key":"PowerPotion"},{"floor":45,"key":"Swift Potion"}],"is_trial":false,"path_per_floor":["M","M","M","?","M","E","R","M","T","E","R","$","M","?","R","B",null,"M","M","?","?","M","E","R","M","T","R","M","$","?","$","R","B",null,"M","?","M","?","?","R","E","?","T","R","?","?","$","M","R","B"],"character_chosen":"DEFECT","items_purchased":["Membership Card","Self Repair","Chill","Vajra","Calipers","Bag of Preparation","Shuriken"],"campfire_rested":1,"item_purchase_floors":[12,12,12,12,29,31,47],"current_hp_per_floor":[74,73,66,66,55,39,39,38,38,43,43,43,59,59,59,49,82,82,82,82,82,80,21,45,35,35,35,34,49,49,64,64,43,87,70,70,64,102,97,97,81,81,81,81,92,85,97,77,77,0,0],"gold":30,"neow_bonus":"RANDOM_COMMON_RELIC","is_daily":false,"chose_seed":false,"campfire_upgraded":8,"win_rate":0.0,"timestamp":1612058878,"path_taken":["M","?","?","?","M","E","R","M","T","E","R","$","M","?","R","BOSS","M","?","?","?","M","E","R","M","T","R","M","$","?","$","R","BOSS","M","?","M","?","?","R","E","?","T","R","?","?","$","M","R","BOSS"],"items_purchased_type":["Relic","Card","Card","Relic","Relic","Relic","Relic"],"build_version":"2020-12-22","purchased_purges":3,"victory":false,"max_hp_per_floor":[75,75,75,75,75,75,75,75,75,82,82,82,82,82,82,82,82,82,82,82,82,82,82,82,82,82,82,82,82,82,82,82,82,87,92,92,92,102,97,97,97,97,97,97,97,97,97,97,97,97,97],"card_choices":[{"not_picked":["Stack","Turbo"],"picked":"Hello World","floor":1},{"not_picked":["Rip and Tear","Rebound"],"picked":"Redo","floor":2},{"not_picked":["Barrage","Coolheaded"],"picked":"Conserve Battery","floor":3},{"not_picked":["Cold Snap","Steam Power"],"picked":"Lockon","floor":5},{"not_picked":["Turbo","Chill"],"picked":"Go for the Eyes","floor":6},{"not_picked":["Hello World","Gash"],"picked":"Conserve Battery","floor":8},{"not_picked":["Melter","Compile Driver"],"picked":"Blizzard","floor":10},{"not_picked":["Streamline","Go for the Eyes"],"picked":"Thunder Strike","floor":13},{"not_picked":["Hyperbeam","Biased Cognition"],"picked":"Machine Learning","floor":16},{"not_picked":["Hologram","Reinforced Body","Beam Cell"],"picked":"SKIP","floor":18},{"not_picked":["Streamline","Conserve Battery+1"],"picked":"Redo","floor":19},{"not_picked":["Redo","Reinforced Body"],"picked":"Echo Form","floor":22},{"not_picked":["Cold Snap+1","Hologram"],"picked":"Stack+1","floor":23},{"not_picked":["Rebound","Leap+1"],"picked":"Sunder","floor":25},{"not_picked":["Go for the Eyes","Doom and Gloom+1"],"picked":"Glacier","floor":28},{"not_picked":["All For One","Reboot"],"picked":"Fission","floor":33},{"not_picked":["Stack","Redo"],"picked":"Conserve Battery","floor":34},{"not_picked":["Blizzard+1","Melter"],"picked":"Coolheaded+1","floor":35},{"not_picked":["Double Energy","Auto Shields"],"picked":"Coolheaded+1","floor":37},{"not_picked":["Multi-Cast","Compile Driver+1"],"picked":"Fission","floor":41},{"not_picked":["Go for the Eyes","Ball Lightning+1"],"picked":"Aggregate+1","floor":45},{"not_picked":["Reprogram","Sweeping Beam+1"],"picked":"Chill+1","floor":46},{"not_picked":["Reinforced Body","Steam+1"],"picked":"Stack+1","floor":48}],"player_experience":73184,"relics_obtained":[{"floor":6,"key":"Omamori"},{"floor":9,"key":"Pen Nib"},{"floor":10,"key":"Strawberry"},{"floor":23,"key":"Juzu Bracelet"},{"floor":26,"key":"Whetstone"},{"floor":41,"key":"Centennial Puzzle"},{"floor":43,"key":"Bottled Tornado"},{"floor":45,"key":"CaptainsWheel"},{"floor":46,"key":"Peace Pipe"}],"event_choices":[{"damage_healed":0,"gold_gain":0,"player_choice":"Box","damage_taken":0,"relics_obtained":["Meat on the Bone"],"max_hp_gain":0,"max_hp_loss":0,"event_name":"Big Fish","floor":4,"gold_loss":0,"cards_obtained":["Regret"]},{"damage_healed":0,"gold_gain":0,"player_choice":"Rummage","damage_taken":0,"relics_obtained":["WarpedTongs"],"max_hp_gain":0,"max_hp_loss":0,"event_name":"Accursed Blacksmith","floor":14,"gold_loss":0,"cards_obtained":["Pain"]},{"damage_healed":0,"gold_gain":0,"player_choice":"Madness","damage_taken":0,"relics_obtained":["betterThird:NestCultRelic"],"max_hp_gain":0,"max_hp_loss":0,"event_name":"betterThird:BetterNest","floor":20,"gold_loss":0},{"damage_healed":0,"gold_gain":0,"player_choice":"Opened","damage_taken":0,"relics_obtained":["MealTicket"],"max_hp_gain":0,"max_hp_loss":0,"event_name":"The Mausoleum","floor":21,"gold_loss":0},{"damage_healed":0,"gold_gain":0,"cards_transformed":["Defend_B","Defend_B"],"player_choice":"Became Test Subject","damage_taken":0,"max_hp_gain":0,"max_hp_loss":0,"event_name":"Drug Dealer","floor":30,"gold_loss":0,"cards_obtained":["Machine Learning","Creative AI"]},{"damage_healed":0,"gold_gain":0,"player_choice":"Paid","damage_taken":0,"relics_obtained":["Red Mask"],"max_hp_gain":0,"max_hp_loss":0,"event_name":"Tomb of Lord Red Mask","floor":36,"gold_loss":406},{"cards_removed":["Thunder Strike"],"damage_healed":28,"gold_gain":0,"player_choice":"Offered Rare","damage_taken":0,"max_hp_gain":10,"max_hp_loss":0,"event_name":"Bonfire Elementals","floor":38,"gold_loss":0},{"damage_healed":0,"gold_gain":0,"player_choice":"Max HP","damage_taken":0,"max_hp_gain":0,"max_hp_loss":5,"event_name":"Winding Halls","floor":39,"gold_loss":0},{"cards_removed":["Redo"],"damage_healed":0,"gold_gain":0,"player_choice":"Removed Skill","damage_taken":0,"max_hp_gain":0,"max_hp_loss":0,"event_name":"Falling","floor":42,"gold_loss":0},{"damage_healed":0,"gold_gain":0,"player_choice":"Fight","damage_taken":0,"max_hp_gain":0,"max_hp_loss":0,"event_name":"MindBloom","floor":45,"gold_loss":0},{"damage_healed":0,"gold_gain":0,"player_choice":"Fight","damage_taken":0,"max_hp_gain":0,"max_hp_loss":0,"event_name":"Mysterious Sphere","floor":46,"gold_loss":0}],"is_beta":false,"boss_relics":[{"not_picked":["FrozenCore","Snecko Eye"],"picked":"Inserter"},{"not_picked":["Runic Dome","Velvet Choker"],"picked":"Tiny House"}],"items_purged_floors":[12,29,29],"is_endless":false,"potions_floor_spawned":[1,6,8,10,16,19,23,25,35,45],"killed_by":"Awakened One","ascension_level":0}}