{"host":"491vyvchqhlfizue","time":1612104099,"event":{"mods":["AchievementEnabler","BaseMod","BetterRewards","Colored Map","Conspire","Downfall","Infinite Spire","Minty Spire (QoL Compilation)","Reliquary","Replay The Spire","Shop Mod","Spikes Relics","StSLib","The Forsaken","The Runesmith"],"gold_per_floor":[113,113,129,4,14,44,44,69,92,92,117,137,137,156,156,230,330,349,349,6,23,39,39,56,85,85,85,99,134,145,175,175,248,248,268,268,281,323,340,372,374,374,421,440,458,476,476,509,509,509],"floor_reached":51,"language":"ENG","playtime":7959,"items_purged":["theForsaken:TheForsaken_Defend","theForsaken:TheForsaken_Strike","theForsaken:TheForsaken_Strike","theForsaken:TheForsaken_Strike","theForsaken:TheForsaken_Defend"],"score":2167,"play_id":"e0127862-642f-474c-8457-2cf71ed780dd","local_time":"20210131094139","is_ascension_mode":true,"campfire_choices":[{"data":"ReplayUltimateDefense","floor":7.0,"key":"SMITH"},{"data":"theForsaken:DarkBargain","floor":13.0,"key":"SMITH"},{"data":"theForsaken:Bolster","floor":15.0,"key":"SMITH"},{"data":"theForsaken:Mantra","floor":23.0,"key":"SMITH"},{"data":"theForsaken:ShieldBash","floor":32.0,"key":"SMITH"},{"data":"theForsaken:DefensiveStance","floor":47,"key":"SMITH"},{"data":"theForsaken:DefensiveStance","floor":49,"key":"SMITH"}],"circlet_count":0,"master_deck":["AscendersBane","theForsaken:TheForsaken_Defend","theForsaken:Smite","theForsaken:Penitence","theForsaken:DefensiveStance+1","ReplayUltimateDefense+1","theForsaken:QuickAttack","theForsaken:Bolster+1","theForsaken:QuickAttack","theForsaken:DarkBargain+1","theForsaken:QuickAttack","theForsaken:NobleSacrifice","infinitespire:Fortify","theForsaken:ShieldBash+1","theForsaken:Mantra+1","theForsaken:InspiringBlow","Reforge","theForsaken:FatRoll+1","theForsaken:DefensiveStance+1","theForsaken:Prudence","infinitespire:Gouge+1"],"relics":["theForsaken:JudgementScales","Lantern","Nunchaku","reliquary:WeakTea","Kunai","MerchantsRug","infinitespire:Satchel","reliquary:Bookmark","conspire:TreasureMap","infinitespire:EmpoweringShard","reliquary:TuningFork","ReplayTheSpireMod:TigerMarble","infinitespire:Midas Blood","Replay:Wanted Poster","SlaversCollar","Mirror","Replay:WaspNest","Unceasing Top","Oddly Smooth Stone","ReplayFunnel","reliquary:IridiumChain","Black Star","RetroEgg","SpikesRelics:DaevaFist","MiniBlackHole","conspire:BottledYoYo","Gambling Chip","Garlic","reliquary:Boomerang"],"acts_visited":["Exordium","TheCity","TheBeyond"],"potions_floor_usage":[],"damage_taken":[{"damage":0.0,"enemies":"Jaw Worm","floor":1.0,"turns":5.0},{"damage":0.0,"enemies":"Cultist","floor":3.0,"turns":3.0},{"damage":0.0,"enemies":"Small Slimes","floor":5.0,"turns":4.0},{"damage":0.0,"enemies":"Lagavulin","floor":6.0,"turns":7.0},{"damage":0.0,"enemies":"Gremlin Nob","floor":8.0,"turns":4.0},{"damage":0.0,"enemies":"3 Sentries","floor":11.0,"turns":7.0},{"damage":0.0,"enemies":"2 Fungi Beasts","floor":12.0,"turns":2.0},{"damage":0.0,"enemies":"Red Slaver","floor":14.0,"turns":3.0},{"damage":0.0,"enemies":"Fading Forest","floor":16.0,"turns":11.0},{"damage":1.0,"enemies":"3 Byrds","floor":18.0,"turns":8.0},{"damage":0.0,"enemies":"Shell Parasite","floor":21.0,"turns":5.0},{"damage":0.0,"enemies":"Centurion and Healer","floor":22.0,"turns":11.0},{"damage":0.0,"enemies":"Snake Plant","floor":24.0,"turns":5.0},{"damage":0.0,"enemies":"Slavers","floor":25.0,"turns":11.0},{"damage":0.0,"enemies":"3 Cultists","floor":28.0,"turns":7.0},{"damage":0.0,"enemies":"Book of Stabbing","floor":29.0,"turns":7.0},{"damage":0.0,"enemies":"Snecko","floor":30.0,"turns":5.0},{"damage":0.0,"enemies":"conspire:SneckoGhost","floor":31.0,"turns":6.0},{"damage":0.0,"enemies":"Automaton","floor":33.0,"turns":7.0},{"damage":0.0,"enemies":"Orb Walker","floor":35.0,"turns":4.0},{"damage":0.0,"enemies":"3 Shapes","floor":37.0,"turns":6.0},{"damage":0.0,"enemies":"Jaw Worm Horde","floor":39.0,"turns":6.0},{"damage":0.0,"enemies":"Nightmare","floor":40.0,"turns":9.0},{"damage":0,"enemies":"Transient","floor":44,"turns":5},{"damage":0,"enemies":"Spire Growth","floor":46,"turns":4},{"damage":0,"enemies":"Giant Head","floor":48,"turns":6},{"damage":0,"enemies":"Time Eater","floor":50,"turns":7}],"seed_played":"5513778063985552639","potions_obtained":[{"floor":5.0,"key":"Milkshake"},{"floor":6.0,"key":"SneckoOil"},{"floor":14.0,"key":"ColorlessPotion"},{"floor":24.0,"key":"Swift Potion"},{"floor":25.0,"key":"ColorlessPotion"},{"floor":31.0,"key":"Ancient Potion"},{"floor":44,"key":"Death Potion"},{"floor":46,"key":"theForsaken:FearPotion"}],"is_trial":false,"path_per_floor":["M","?","M","$","M","E","R","E","T","?","E","M","R","M","R","B",null,"M","?","$","M","M","R","M","E","T","AVR","M","E","M","E","R","B",null,"M","T","M","$","M","NM","?","?","T","M","?","M","R","E","R","B",null],"character_chosen":"THE_FORSAKEN","items_purchased":["theForsaken:DefensiveStance","Lantern","Nunchaku","reliquary:WeakTea","Kunai","MerchantsRug","ReplayUltimateDefense","infinitespire:Satchel","reliquary:Bookmark","theForsaken:QuickAttack","theForsaken:Bolster","PowerPotion","champ:CounterPotion","conspire:TreasureMap","Mirror","Reforge"],"campfire_rested":0,"item_purchase_floors":[0,0,0,0,0,0,0,0,0,0,0,0,0,4,20,20],"current_hp_per_floor":[58,58,60,60,60,61,61,61,61,46,51,51,51,51,51,61,61,61,61,61,61,61,61,61,61,61,61,61,61,61,61,61,61,61,61,61,61,61,61,61,51,61,61,61,41,43,43,43,43,51],"gold":509,"neow_bonus":"","is_daily":false,"chose_seed":false,"campfire_upgraded":7,"win_rate":0.0,"timestamp":1612104099,"path_taken":["M","?","?","?","M","E","R","E","T","?","E","M","R","M","R","BOSS","M","?","$","M","M","R","M","E","T","AVR","M","E","M","E","R","BOSS","M","?","M","$","M","NM","?","?","T","?","?","M","R","E","R","BOSS"],"items_purchased_type":["Card","Relic","Relic","Relic","Relic","Relic","Card","Relic","Relic","Card","Card","Potion","Potion","Relic","Relic","Card"],"build_version":"2020-12-22","purchased_purges":5,"victory":true,"max_hp_per_floor":[61,61,61,61,61,61,61,61,61,61,61,61,61,61,61,61,61,61,61,61,61,61,61,61,61,61,61,61,61,61,61,61,61,61,61,61,61,61,61,61,61,61,61,61,61,61,61,61,61,61],"card_choices":[{"not_picked":["theForsaken:NobleSacrifice","theForsaken:HymnOfPatience"],"picked":"theForsaken:QuickAttack","floor":1.0},{"not_picked":["theForsaken:BlightOfFamine","theForsaken:Eulogy"],"picked":"theForsaken:DarkBargain","floor":3.0},{"not_picked":["theForsaken:Thunderbolt","theForsaken:Bolster","theForsaken:Preservation"],"picked":"SKIP","floor":5.0},{"not_picked":["theForsaken:PanicDive","theForsaken:BlindFaith"],"picked":"theForsaken:QuickAttack","floor":6.0},{"not_picked":["theForsaken:Tranquility","theForsaken:PowerUp"],"picked":"theForsaken:NobleSacrifice","floor":8.0},{"not_picked":["ReplayTheSpireMod:Haul","infinitespire:SealOfDarkness+"],"picked":"infinitespire:Fortify","floor":10.0},{"not_picked":["theForsaken:Preservation","theForsaken:HymnOfPatience"],"picked":"theForsaken:ShieldBash","floor":11.0},{"not_picked":["theForsaken:WrathOfGod","theForsaken:BattleHymn","theForsaken:NobleSacrifice"],"picked":"SKIP","floor":12.0},{"not_picked":["theForsaken:BlessedWeapon","theForsaken:PowerUp","theForsaken:CreepingInfection"],"picked":"SKIP","floor":14.0},{"not_picked":["theForsaken:DesperatePlea","theForsaken:FountainOfLife"],"picked":"theForsaken:Mantra","floor":16.0},{"not_picked":["theForsaken:SpinAttack","theForsaken:WordOfPower","theForsaken:HealingLight"],"picked":"SKIP","floor":18.0},{"not_picked":["theForsaken:CreepingInfection","theForsaken:BattleHymn"],"picked":"theForsaken:FatRoll+1","floor":21.0},{"not_picked":["theForsaken:HymnOfRest","theForsaken:NobleSacrifice+1"],"picked":"theForsaken:DefensiveStance","floor":22.0},{"not_picked":["theForsaken:InspiringBlow","theForsaken:PanicDive","theForsaken:HymnOfPatience"],"picked":"SKIP","floor":24.0},{"not_picked":["theForsaken:Bolster","theForsaken:BlightOfFamine","theForsaken:NobleSacrifice"],"picked":"SKIP","floor":25.0},{"not_picked":["theForsaken:PreciseStrike","theForsaken:StoreUp","theForsaken:QuickAttack"],"picked":"SKIP","floor":28.0},{"not_picked":["theForsaken:BountifulSunlight","theForsaken:MagicWeapon","theForsaken:StoreUp"],"picked":"SKIP","floor":29.0},{"not_picked":["theForsaken:BattleHymn","theForsaken:BlessedWeapon","theForsaken:QuickAttack"],"picked":"SKIP","floor":30.0},{"not_picked":["theForsaken:Thunderbolt","theForsaken:ShieldCharge","theForsaken:HymnOfPatience"],"picked":"SKIP","floor":31.0},{"not_picked":["theForsaken:Temperance","theForsaken:DivineGuidance"],"picked":"theForsaken:Prudence","floor":33.0},{"not_picked":["theForsaken:FatRoll","theForsaken:Thunderbolt","theForsaken:HymnOfPatience"],"picked":"SKIP","floor":35.0},{"not_picked":["theForsaken:ShieldCharge+1","theForsaken:HorrifyingStrike+1","theForsaken:ChargeAttack"],"picked":"SKIP","floor":37.0},{"not_picked":["theForsaken:CorruptedWord+1","theForsaken:Prudence","theForsaken:ShieldBash+1"],"picked":"SKIP","floor":39.0},{"not_picked":["ReplayTheSpireMod:Black Plague","infinitespire:Execution"],"picked":"infinitespire:Gouge","floor":40.0},{"not_picked":["theForsaken:CorruptedForm","theForsaken:ChargeAttack","theForsaken:Terrorize+1"],"picked":"SKIP","floor":40.0},{"not_picked":["theForsaken:CorruptedForm","theForsaken:ChargeAttack","theForsaken:Terrorize+1"],"picked":"SKIP","floor":40.0},{"not_picked":["theForsaken:CorruptedForm","theForsaken:ChargeAttack","theForsaken:Terrorize+1"],"picked":"SKIP","floor":40.0},{"not_picked":["theForsaken:SolarFlare","theForsaken:BlightOfFamine","theForsaken:ScorchingSunlight"],"picked":"SKIP","floor":44},{"not_picked":["theForsaken:SiphonStrike","theForsaken:DarkBargain","theForsaken:HealingLight+1"],"picked":"SKIP","floor":46},{"not_picked":["theForsaken:ScorchingSunlight","theForsaken:BindingThorns","theForsaken:Backlash"],"picked":"SKIP","floor":48}],"player_experience":103928,"relics_obtained":[{"floor":6.0,"key":"infinitespire:EmpoweringShard"},{"floor":8.0,"key":"reliquary:TuningFork"},{"floor":9.0,"key":"ReplayTheSpireMod:TigerMarble"},{"floor":11.0,"key":"infinitespire:Midas Blood"},{"floor":25.0,"key":"Replay:WaspNest"},{"floor":26.0,"key":"Unceasing Top"},{"floor":29.0,"key":"ReplayFunnel"},{"floor":31.0,"key":"reliquary:IridiumChain"},{"floor":36.0,"key":"RetroEgg"},{"floor":40.0,"key":"SpikesRelics:DaevaFist"},{"floor":40.0,"key":"MiniBlackHole"},{"floor":43.0,"key":"conspire:BottledYoYo"},{"floor":45,"key":"Gambling Chip"},{"floor":48,"key":"Garlic"},{"floor":48,"key":"reliquary:Boomerang"}],"event_choices":[{"cards_removed":["theForsaken:TheForsaken_Strike"],"damage_healed":0.0,"max_hp_gain":0.0,"max_hp_loss":0.0,"gold_gain":0.0,"event_name":"Purifier","player_choice":"Purged","floor":2.0,"gold_loss":0.0,"damage_taken":0.0},{"damage_healed":0.0,"max_hp_gain":0.0,"max_hp_loss":0.0,"gold_gain":0.0,"cards_transformed":["theForsaken:TheForsaken_Defend"],"event_name":"Transmorgrifier","player_choice":"Transformed","floor":19.0,"gold_loss":0.0,"damage_taken":0.0,"cards_obtained":["theForsaken:InspiringBlow"]},{"damage_healed":0.0,"max_hp_gain":0.0,"max_hp_loss":0.0,"gold_gain":0.0,"event_name":"SensoryStone","player_choice":"Memory 3","floor":41.0,"gold_loss":0.0,"damage_taken":10.0},{"damage_healed":10.0,"max_hp_gain":0.0,"max_hp_loss":0.0,"gold_gain":0.0,"event_name":"Wheel of Change","player_choice":"Full Heal","floor":42.0,"gold_loss":0.0,"damage_taken":0.0}],"is_beta":false,"boss_relics":[{"not_picked":["Painkiller Herb","Coffee Dripper"],"picked":"Replay:Grab Bag"},{"not_picked":["theForsaken:PaleLantern","Busted Crown"],"picked":"conspire:RoyalGoblet"},{"not_picked":["reliquary:Ember","Runesmith:UraniumAnvil"],"picked":"Replay:Wanted Poster"},{"not_picked":["Kintsugi","theForsaken:ScalesOfTruth"],"picked":"SlaversCollar"},{"not_picked":["CosmicIsotope","reliquary:WritOfMandamus"],"picked":"Black Star"}],"items_purged_floors":[0,0,0,20,27],"is_endless":false,"potions_floor_spawned":[1,5,6,14,18,24,25,31,33,37,44,46,48],"ascension_level":16}}