{"host":"gkbzba1lun337f2q","time":1612124362,"event":{"mods":["2.2 Compatiblity","Act Like it!","BaseMod","Colored Map","Downfall","Duelist Mod","Elementarium","Gensokyo","Infinite Spire","Jorbs\u0027s Wanderer Trilogy","Lobotomy","LobotomyExtend","Minty Spire (QoL Compilation)","Reliquary","StSLib","The Animator","The Senshi"],"gold_per_floor":[111,111,111,130,93,93,93,109,136,150,168,168,195,206,206,206,206],"floor_reached":16,"language":"ENG","playtime":1562,"items_purged":[],"score":102,"play_id":"bdb9a0d0-4140-4991-925c-0bbce3560182","local_time":"20210131201922","is_ascension_mode":false,"campfire_choices":[{"data":"theSenshi:MoonPrismPowerMakeUp","floor":6,"key":"SMITH"},{"floor":12,"key":"REST"},{"floor":15,"key":"REST"}],"circlet_count":0,"master_deck":["theSenshi:SailorKick","theSenshi:SailorKick","theSenshi:SailorBlock","theSenshi:SailorBlock","theSenshi:SailorBlock","theSenshi:RoseThrow","theSenshi:MoonPrismPowerMakeUp+1","theSenshi:OdangoHead","theSenshi:SailorMarsAssists+1","theSenshi:SailorPlanetAttack+1","theSenshi:MoonlightKnight","theSenshi:SailorNeptuneAssists","theSenshi:LunaWiseMentor","theSenshi:SailorMarsAssists"],"relics":["theSenshi:TransformationBroochRelic","LetterFromLob","Moonlight_r","Anchor","Strawberry"],"acts_visited":["Gensokyo:Gensokyo"],"potions_floor_usage":[14,16,16],"damage_taken":[{"damage":8,"enemies":"Gensokyo:3_Fairies","floor":1,"turns":5},{"damage":2,"enemies":"Gensokyo:Gryphon","floor":4,"turns":6},{"damage":2,"enemies":"Gensokyo:2_Kodama","floor":8,"turns":2},{"damage":2,"enemies":"Gensokyo:Kitsune","floor":10,"turns":3},{"damage":5,"enemies":"Gensokyo:5_Fairies","floor":11,"turns":6},{"damage":14,"enemies":"Gensokyo:Aya","floor":13,"turns":7},{"damage":1,"enemies":"Gensokyo:Gryphon_and_Rabbit","floor":14,"turns":7},{"damage":49,"enemies":"Gensokyo:Reimu","floor":16,"turns":5}],"seed_played":"2964148901147778593","potions_obtained":[{"floor":4,"key":"bronze:BurnAndBuffPotion"},{"floor":8,"key":"sneckomod:MuddlingPotion"},{"floor":13,"key":"PowerPotion"}],"is_trial":false,"path_per_floor":["M","?","?","M","$","R","M","M","T","M","M","R","E","M","R","B"],"character_chosen":"THE_SENSHI","items_purchased":["theSenshi:SailorPlanetAttack"],"campfire_rested":2,"item_purchase_floors":[5],"current_hp_per_floor":[74,82,50,48,48,48,16,14,14,12,7,31,24,23,49,0,0],"gold":206,"neow_bonus":"TEN_PERCENT_HP_BONUS","is_daily":false,"chose_seed":false,"campfire_upgraded":1,"win_rate":0.0,"timestamp":1612124362,"path_taken":["M","?","?","M","?","R","M","?","T","M","M","R","E","M","R","BOSS"],"items_purchased_type":["Card"],"build_version":"2020-12-22","purchased_purges":0,"victory":false,"max_hp_per_floor":[82,82,82,82,82,82,82,82,82,82,82,82,89,89,89,89,89],"card_choices":[{"not_picked":["theSenshi:LunasBite","theSenshi:TuxedoMaskAssists"],"picked":"theSenshi:OdangoHead","floor":1},{"not_picked":["theSenshi:HesSoDreamy","theSenshi:MoonPower"],"picked":"theSenshi:SailorMarsAssists","floor":4},{"not_picked":["theSenshi:MoonPrincessHalation","theSenshi:NeptunesGrace"],"picked":"theSenshi:MoonlightKnight","floor":8},{"not_picked":["theSenshi:EncouragingSpeech","theSenshi:TuxedoSmokingBomber"],"picked":"theSenshi:SailorNeptuneAssists","floor":10},{"not_picked":["theSenshi:MoonsReflection","theSenshi:OdangoHead"],"picked":"theSenshi:LunaWiseMentor","floor":11},{"not_picked":["theSenshi:SchoolBag","theSenshi:TuxedoSmokingBomber","theSenshi:LunasBite"],"picked":"SKIP","floor":13},{"not_picked":["theSenshi:MoonPower","theSenshi:SailorPlanetPower"],"picked":"theSenshi:SailorMarsAssists","floor":14}],"player_experience":105894,"relics_obtained":[{"floor":1,"key":"LetterFromLob"},{"floor":9,"key":"Anchor"},{"floor":13,"key":"Strawberry"}],"event_choices":[],"is_beta":false,"boss_relics":[],"items_purged_floors":[],"is_endless":false,"potions_floor_spawned":[4,8,13],"killed_by":"Gensokyo:Reimu","ascension_level":0}}