{"host":"lnrxyx1mebyhalma","time":1612132593,"event":{"mods":["2.2 Compatiblity","BaseMod","Block Reminder","Colored Powertips","Minty Spire (QoL Compilation)","Rare Cards Sparkle","Smile Girya","Weighted Paths"],"gold_per_floor":[114,133,133,83,102,102,127,141,141,158,184,1,1,28,28,124,124,139,165,185,201,29,29,29,39,88,88,88,16,35,51,51,148,148,161,180,55,105,119,119,119],"floor_reached":40,"language":"PTB","playtime":2306,"items_purged":["Strike_B","Defend_B","Defend_B"],"score":481,"play_id":"b4d9d849-d119-4025-95b9-609493289895","local_time":"20210131203633","is_ascension_mode":true,"campfire_choices":[{"data":"Defragment","floor":6,"key":"SMITH"},{"floor":15,"key":"REST"},{"floor":23,"key":"REST"},{"data":"Electrodynamics","floor":27,"key":"SMITH"},{"data":"Echo Form","floor":32,"key":"SMITH"}],"circlet_count":0,"master_deck":["Strike_B","Strike_B","Defend_B","Zap","Dualcast","Leap","Loop+1","Defragment+1","Coolheaded","Buffer","Reinforced Body","Echo Form+1","Hello World","Chill","Conserve Battery","Auto Shields","Biased Cognition","Ball Lightning+1","Recycle","Sweeping Beam","Storm+1","Electrodynamics+1","Fusion","Conserve Battery+1","Steam Power+1","Electrodynamics","Streamline+1","Reprogram+1","Hello World+1","Barrage+1"],"relics":["Cracked Core","MealTicket","Anchor","Cables","Dream Catcher","Black Star","Red Mask","Nilry\u0027s Codex","Centennial Puzzle","SlaversCollar","Girya"],"acts_visited":["Exordium","TheCity","TheBeyond"],"potions_floor_usage":[16,16,16,19,19,33,33,33],"damage_taken":[{"damage":0,"enemies":"Small Slimes","floor":1,"turns":2},{"damage":2,"enemies":"Jaw Worm","floor":2,"turns":3},{"damage":1,"enemies":"Cultist","floor":5,"turns":3},{"damage":21,"enemies":"Gremlin Nob","floor":7,"turns":4},{"damage":8,"enemies":"Blue Slaver","floor":8,"turns":4},{"damage":0,"enemies":"Large Slime","floor":10,"turns":5},{"damage":14,"enemies":"Lagavulin","floor":11,"turns":8},{"damage":12,"enemies":"Gremlin Nob","floor":14,"turns":3},{"damage":3,"enemies":"The Guardian","floor":16,"turns":12},{"damage":5,"enemies":"Spheric Guardian","floor":18,"turns":6},{"damage":18,"enemies":"Masked Bandits","floor":19,"turns":5},{"damage":6,"enemies":"3 Byrds","floor":20,"turns":8},{"damage":21,"enemies":"Centurion and Healer","floor":21,"turns":8},{"damage":0,"enemies":"Chosen and Byrds","floor":25,"turns":3},{"damage":0,"enemies":"Snecko","floor":30,"turns":4},{"damage":21,"enemies":"3 Cultists","floor":31,"turns":4},{"damage":10,"enemies":"Collector","floor":33,"turns":7},{"damage":8,"enemies":"3 Darklings","floor":35,"turns":4},{"damage":0,"enemies":"3 Shapes","floor":36,"turns":2},{"damage":22,"enemies":"Mind Bloom Boss Battle","floor":38,"turns":6},{"damage":32,"enemies":"Transient","floor":39,"turns":5},{"damage":29,"enemies":"Nemesis","floor":40,"turns":8}],"seed_played":"-7537861925882583551","potions_obtained":[{"floor":2,"key":"LiquidMemories"},{"floor":5,"key":"SkillPotion"},{"floor":11,"key":"DistilledChaos"},{"floor":16,"key":"SkillPotion"},{"floor":18,"key":"LiquidBronze"},{"floor":25,"key":"Strength Potion"},{"floor":30,"key":"Energy Potion"},{"floor":38,"key":"EssenceOfDarkness"},{"floor":39,"key":"Weak Potion"}],"is_trial":false,"path_per_floor":["M","M","?","?","M","R","E","M","T","M","E","$","$","E","R","B",null,"M","?","M","M","$","R","?","M","T","R","?","$","M","M","R","B",null,"M","M","$","?","M","E"],"character_chosen":"DEFECT","items_purchased":["Hello World","Chill","Electrodynamics","PotionOfCapacity"],"campfire_rested":2,"item_purchase_floors":[12,12,22,29],"current_hp_per_floor":[82,80,80,80,79,79,58,50,50,50,36,51,66,54,78,75,82,77,59,53,32,47,71,55,55,55,55,55,70,70,49,49,39,82,74,74,82,60,28,0,0],"gold":119,"neow_bonus":"TEN_PERCENT_HP_BONUS","is_daily":false,"chose_seed":false,"campfire_upgraded":3,"win_rate":0.0,"timestamp":1612132593,"path_taken":["M","M","?","?","M","R","E","?","T","M","E","?","$","E","R","BOSS","M","?","M","M","$","R","?","M","T","R","?","?","M","?","R","BOSS","M","M","$","?","M","E"],"items_purchased_type":["Card","Card","Card","Potion"],"build_version":"2020-12-22","purchased_purges":3,"victory":false,"max_hp_per_floor":[82,82,82,82,82,82,82,82,82,82,82,82,82,82,82,82,82,82,82,82,82,82,82,82,82,82,82,82,82,82,82,82,82,82,82,82,82,82,82,82,82],"card_choices":[{"not_picked":["Rebound","Go for the Eyes"],"picked":"Leap","floor":1},{"not_picked":["Auto Shields","Streamline"],"picked":"Loop","floor":2},{"not_picked":["Conserve Battery","Auto Shields"],"picked":"Defragment","floor":5},{"not_picked":["Cold Snap","Leap"],"picked":"Coolheaded","floor":7},{"not_picked":["Hologram","Leap"],"picked":"Buffer","floor":8},{"not_picked":["Turbo","Coolheaded"],"picked":"Reinforced Body","floor":10},{"not_picked":["Turbo","Reinforced Body"],"picked":"Echo Form","floor":11},{"not_picked":["Steam","Consume"],"picked":"Conserve Battery","floor":14},{"not_picked":["Leap","BootSequence"],"picked":"Auto Shields","floor":15},{"not_picked":["Core Surge","Machine Learning"],"picked":"Biased Cognition","floor":16},{"not_picked":["Coolheaded+1","Go for the Eyes"],"picked":"Ball Lightning+1","floor":18},{"not_picked":["Conserve Battery","Ball Lightning"],"picked":"Recycle","floor":19},{"not_picked":["Reinforced Body","Streamline"],"picked":"Sweeping Beam","floor":20},{"not_picked":["Coolheaded","Sweeping Beam"],"picked":"Storm+1","floor":21},{"not_picked":["Auto Shields","Darkness+1"],"picked":"Fusion","floor":23},{"not_picked":["Steam","Hologram","Redo"],"picked":"SKIP","floor":25},{"not_picked":["Stack","Streamline"],"picked":"Conserve Battery+1","floor":30},{"not_picked":["Cold Snap","Gash"],"picked":"Steam Power+1","floor":31},{"not_picked":["Rainbow","Multi-Cast"],"picked":"Electrodynamics","floor":33},{"not_picked":["Gash+1","Hologram"],"picked":"Streamline+1","floor":35},{"not_picked":["Aggregate+1","Blizzard"],"picked":"Reprogram+1","floor":36},{"not_picked":["Hologram","Undo+1"],"picked":"Hello World+1","floor":38},{"not_picked":["Coolheaded+1","Meteor Strike"],"picked":"Barrage+1","floor":39}],"player_experience":96124,"relics_obtained":[{"floor":7,"key":"MealTicket"},{"floor":9,"key":"Anchor"},{"floor":11,"key":"Cables"},{"floor":14,"key":"Dream Catcher"},{"floor":19,"key":"Red Mask"},{"floor":24,"key":"Nilry\u0027s Codex"},{"floor":26,"key":"Centennial Puzzle"},{"floor":38,"key":"Girya"}],"event_choices":[{"damage_healed":0,"gold_gain":0,"player_choice":"Grow","damage_taken":0,"max_hp_gain":0,"max_hp_loss":0,"event_name":"Living Wall","floor":3,"gold_loss":0,"cards_upgraded":["Loop"]},{"cards_removed":["Defend_B"],"damage_healed":0,"gold_gain":0,"player_choice":"Card Removal","damage_taken":0,"max_hp_gain":0,"max_hp_loss":0,"event_name":"The Cleric","floor":4,"gold_loss":50},{"damage_healed":0,"gold_gain":0,"player_choice":"Fought Bandits","damage_taken":0,"max_hp_gain":0,"max_hp_loss":0,"event_name":"Masked Bandits","floor":19,"gold_loss":0},{"damage_healed":0,"gold_gain":0,"player_choice":"Obtained Book","damage_taken":16,"max_hp_gain":0,"max_hp_loss":0,"event_name":"Cursed Tome","floor":24,"gold_loss":0},{"cards_removed":["Strike_B"],"damage_healed":0,"gold_gain":0,"player_choice":"Elegance","damage_taken":0,"max_hp_gain":0,"max_hp_loss":0,"event_name":"Back to Basics","floor":28,"gold_loss":0},{"damage_healed":0,"gold_gain":0,"player_choice":"Fight","damage_taken":0,"max_hp_gain":0,"max_hp_loss":0,"event_name":"MindBloom","floor":38,"gold_loss":0}],"is_beta":false,"boss_relics":[{"not_picked":["Snecko Eye","FrozenCore"],"picked":"Black Star"},{"not_picked":["Fusion Hammer","Calling Bell"],"picked":"SlaversCollar"}],"items_purged_floors":[12,22,37],"is_endless":false,"potions_floor_spawned":[2,5,11,16,18,25,30,31,38,39],"killed_by":"Nemesis","ascension_level":1}}