{"host":"cijhj3091wf4aho3","time":1612067236,"event":{"mods":["BaseMod","Colored Map","Colored Powertips","Downfall","Friendly Minions","GifTheSpireLib","Highlight Path","Minty Spire (QoL Compilation)","Permanent Neow","Random Character Button","Relic Sorter","Relic Stats","StSLib","everything is the same but u backflip on backflip","slay the spire mod where everything is the same but ironclad has a cowboy hat"],"gold_per_floor":[99,99,112,122,222,256,256,285,55,82,98,108,108,135,147,250,250,250,83,95,95,95,114,114,114,195,224,224,238,138,148,158,255,255,155,174,186,205,205,205,205],"floor_reached":39,"language":"ENG","playtime":2284,"items_purged":["hexamod:Defend","hexamod:Defend"],"score":513,"play_id":"131ec0c6-1c11-4698-a460-1f4721a99190","local_time":"20210130202716","is_ascension_mode":true,"campfire_choices":[{"data":"hexamod:Float","floor":1,"key":"SMITH"},{"data":"hexamod:GiftsFromTheDead","floor":13,"key":"SMITH"},{"data":"hexamod:UnleashSpirits","floor":18,"key":"SMITH"},{"data":"hexamod:FlamesFromBeyond","floor":25,"key":"SMITH"},{"floor":30,"key":"RECALL"},{"data":"hexamod:GhostLash","floor":35,"key":"SMITH"}],"circlet_count":0,"master_deck":["hexamod:Strike","hexamod:Strike","hexamod:Strike","hexamod:Strike","hexamod:Defend","hexamod:Defend","hexamod:Sear","hexamod:Float+1","hexamod:FlamesFromBeyond+1","hexamod:Hexaguard","hexamod:UnleashSpirits+1","hexamod:GhostShield+1","hexamod:GhostShield+1","hexamod:GiftsFromTheDead+1","hexamod:StepThrough","hexamod:EtherealExpedition+1","hexamod:FlamesFromBeyond+1","hexamod:GhostLash+1","Pain"],"relics":["hexamod:SpiritBrand","Blood Vial","Singing Bowl","Toxic Egg 2","Odd Mushroom","Eternal Feather","Bottled Flame","hexamod:IceCube","FossilizedHelix","Incense Burner","WarpedTongs","downfall:HeartBlessingBlue","Snecko Eye","downfall:HeartBlessingRed"],"acts_visited":["Exordium","TheCity","TheBeyond"],"potions_floor_usage":[14,16,23,27],"damage_taken":[{"damage":4,"enemies":"2 Louse","floor":3,"turns":3},{"damage":8,"enemies":"Small Slimes","floor":4,"turns":4},{"damage":14,"enemies":"Lagavulin","floor":6,"turns":6},{"damage":9,"enemies":"The Mushroom Lair","floor":8,"turns":4},{"damage":0,"enemies":"downfall:FleeingMerchant","floor":9,"turns":4},{"damage":6,"enemies":"Gremlin Nob","floor":10,"turns":5},{"damage":2,"enemies":"Jaw Worm","floor":11,"turns":3},{"damage":0,"enemies":"Blue Slaver","floor":12,"turns":3},{"damage":1,"enemies":"Lagavulin","floor":14,"turns":6},{"damage":0,"enemies":"Gremlin Gang","floor":15,"turns":4},{"damage":15,"enemies":"IC_STATUS_ARCHETYPE","floor":16,"turns":6},{"damage":0,"enemies":"downfall:FleeingMerchant","floor":19,"turns":4},{"damage":7,"enemies":"Chosen","floor":20,"turns":4},{"damage":19,"enemies":"3 Cultists","floor":23,"turns":4},{"damage":6,"enemies":"Gremlin Leader","floor":27,"turns":4},{"damage":2,"enemies":"Chosen and Byrds","floor":29,"turns":5},{"damage":3,"enemies":"Centurion and Healer","floor":31,"turns":5},{"damage":3,"enemies":"Cultist and Chosen","floor":32,"turns":4},{"damage":48,"enemies":"DF_ARCHETYPE_CLAW","floor":33,"turns":8},{"damage":21,"enemies":"Orb Walker","floor":36,"turns":4},{"damage":4,"enemies":"3 Shapes","floor":37,"turns":4},{"damage":20,"enemies":"Sphere and 2 Shapes","floor":38,"turns":4},{"damage":1,"enemies":"Spire Growth","floor":39,"turns":3}],"seed_played":"7998654994655700547","potions_obtained":[{"floor":4,"key":"Block Potion"},{"floor":11,"key":"ColorlessPotion"},{"floor":12,"key":"hexamod:EctoCoolerPotion"},{"floor":14,"key":"Fruit Juice"},{"floor":15,"key":"sneckomod:MuddlingPotion"},{"floor":16,"key":"ColorlessPotion"},{"floor":27,"key":"SpeedPotion"},{"floor":29,"key":"FairyPotion"},{"floor":33,"key":"Weak Potion"},{"floor":38,"key":"Strength Potion"}],"is_trial":false,"path_per_floor":["R","?","M","M","?","E","T","?","$","E","M","M","R","E","M","B",null,"R","$","M","?","?","M","T","R","T","E","?","M","R","M","M","B",null,"R","M","M","M","M"],"character_chosen":"THE_SPIRIT","items_purchased":["hexamod:GiftsFromTheDead","hexamod:GhostLash"],"campfire_rested":0,"item_purchase_floors":[9,19],"current_hp_per_floor":[70,75,71,65,65,53,53,46,48,46,46,50,59,65,67,56,86,86,88,83,83,83,68,68,77,77,75,75,77,96,97,98,54,112,112,93,93,77,78,78,78],"gold":205,"neow_bonus":"RANDOM_COMMON_RELIC","is_daily":false,"chose_seed":false,"campfire_upgraded":5,"win_rate":0.0,"timestamp":1612067236,"path_taken":["R","?","M","M","?","E","T","?","$","E","M","M","R","E","M","BOSS","R","$","M","?","?","M","T","R","?","E","?","M","R","M","M","BOSS","R","M","M","M","M"],"items_purchased_type":["Card","Card"],"build_version":"2020-12-22","purchased_purges":2,"victory":false,"max_hp_per_floor":[70,75,75,75,75,75,75,75,75,77,77,79,79,84,84,86,86,86,88,90,90,90,92,92,92,92,94,94,96,106,108,110,112,112,112,114,116,118,118,118,118],"relic_stats":{"Blood Vial":38,"Singing Bowl":28,"counters":[23,101],"Snecko Eye":[21,28,22,22],"Eternal Feather":27,"obtain_stats":[{"Singing Bowl":6,"downfall:HeartBlessingRed":35,"Eternal Feather":10,"Incense Burner":27,"Odd Mushroom":8,"WarpedTongs":28,"Blood Vial":0,"Bottled Flame":14,"downfall:HeartBlessingBlue":30,"Snecko Eye":34,"Toxic Egg 2":7,"hexamod:SpiritBrand":0,"hexamod:IceCube":17,"FossilizedHelix":24},{"Singing Bowl":3,"downfall:HeartBlessingRed":19,"Eternal Feather":6,"Incense Burner":15,"Odd Mushroom":4,"WarpedTongs":15,"Blood Vial":0,"Bottled Flame":9,"downfall:HeartBlessingBlue":16,"Snecko Eye":19,"Toxic Egg 2":3,"hexamod:SpiritBrand":0,"hexamod:IceCube":11,"FossilizedHelix":14},{"Singing Bowl":13,"downfall:HeartBlessingRed":86,"Eternal Feather":26,"Incense Burner":64,"Odd Mushroom":17,"WarpedTongs":64,"Blood Vial":0,"Bottled Flame":38,"downfall:HeartBlessingBlue":69,"Snecko Eye":86,"Toxic Egg 2":13,"hexamod:SpiritBrand":0,"hexamod:IceCube":48,"FossilizedHelix":60}],"WarpedTongs":[34]},"card_choices":[{"not_picked":["hexamod:NecessarySacrifice","hexamod:HauntingEcho"],"picked":"hexamod:FlamesFromBeyond","floor":3},{"not_picked":["hexamod:SwordOfDarkness","hexamod:ThermalTransfer"],"picked":"hexamod:Hexaguard","floor":4},{"not_picked":["hexamod:AdvancingGuard","hexamod:NightmareStrike"],"picked":"hexamod:UnleashSpirits","floor":6},{"not_picked":["hexamod:InspiringFlames+1","hexamod:PhantomCloak"],"picked":"hexamod:GhostShield+1","floor":8},{"not_picked":["hexamod:AdvancingGuard+1","hexamod:InspiringFlames+1"],"picked":"hexamod:GhostShield+1","floor":9},{"not_picked":["hexamod:CatchUp+1","hexamod:ExtraCrispy","hexamod:FourthSeal"],"picked":"Singing Bowl","floor":10},{"not_picked":["hexamod:SpectralAdrenaline+1","hexamod:CatchUp+1"],"picked":"hexamod:StepThrough","floor":11},{"not_picked":["hexamod:HauntingEcho","hexamod:RetreatToShadows+1","hexamod:AdvancingGuard+1"],"picked":"Singing Bowl","floor":12},{"not_picked":["hexamod:Hexaguard+1","hexamod:PhantomCloak"],"picked":"hexamod:EtherealExpedition+1","floor":14},{"not_picked":["hexamod:AdvancingGuard+1","hexamod:StepThrough"],"picked":"hexamod:FlamesFromBeyond+1","floor":15},{"not_picked":["hexamod:ApocalypticArmor","hexamod:TimeWarp","hexamod:SearingWound+1"],"picked":"Singing Bowl","floor":16},{"not_picked":["hexamod:FlamesFromBeyond+1","hexamod:HexaLevel","hexamod:WildfireWeapon"],"picked":"Singing Bowl","floor":19},{"not_picked":["hexamod:ChargedBarrage+1","hexamod:SwordOfDarkness","hexamod:NightmareGuise+1"],"picked":"Singing Bowl","floor":20},{"not_picked":["hexamod:Hexaguard+1","hexamod:RadiantFlame","hexamod:CatchUp+1"],"picked":"Singing Bowl","floor":23},{"not_picked":["hexamod:Again+1","hexamod:DynamicBlow","hexamod:ThermalTransfer"],"picked":"Singing Bowl","floor":27},{"not_picked":["hexamod:ThermalTransfer","hexamod:Firestarter","hexamod:EtherealExpedition+1"],"picked":"Singing Bowl","floor":29},{"not_picked":["hexamod:GhostLash","hexamod:ExtraCrispy","hexamod:HeatShield+1"],"picked":"Singing Bowl","floor":31},{"not_picked":["hexamod:GhostOfSpireFuture+1","hexamod:GhostShield+1","hexamod:TurnItUp+1"],"picked":"Singing Bowl","floor":32},{"not_picked":["hexamod:UnlimitedPower+1","hexamod:ApocalypseNow+1","hexamod:GiftsFromTheDead"],"picked":"Singing Bowl","floor":33},{"not_picked":["hexamod:PowerFromBeyond+1","hexamod:StepThrough+1","hexamod:ChargedBarrage+1"],"picked":"Singing Bowl","floor":36},{"not_picked":["hexamod:GhostflameBarrier+1","hexamod:SuperheatedStrike","hexamod:ThermalTransfer+1"],"picked":"Singing Bowl","floor":37},{"not_picked":["hexamod:SecondSeal","hexamod:GhostShield+1","hexamod:SwordOfDarkness+1"],"picked":"Singing Bowl","floor":38}],"player_experience":539087,"relics_obtained":[{"floor":6,"key":"Singing Bowl"},{"floor":7,"key":"Toxic Egg 2"},{"floor":8,"key":"Odd Mushroom"},{"floor":10,"key":"Eternal Feather"},{"floor":14,"key":"Bottled Flame"},{"floor":24,"key":"FossilizedHelix"},{"floor":27,"key":"Incense Burner"}],"event_choices":[{"damage_healed":0,"gold_gain":0,"player_choice":"Donut","damage_taken":0,"max_hp_gain":5,"max_hp_loss":0,"event_name":"Big Fish","floor":2,"gold_loss":0},{"damage_healed":0,"gold_gain":0,"player_choice":"Fought Mushrooms","damage_taken":0,"max_hp_gain":0,"max_hp_loss":0,"event_name":"Mushrooms","floor":8,"gold_loss":0},{"damage_healed":0,"gold_gain":0,"player_choice":"Rummage","damage_taken":0,"relics_obtained":["WarpedTongs"],"max_hp_gain":0,"max_hp_loss":0,"event_name":"Accursed Blacksmith","floor":28,"gold_loss":0,"cards_obtained":["Pain"]}],"is_beta":false,"boss_relics":[{"not_picked":["hexamod:UnbrokenSoul","Empty Cage"],"picked":"hexamod:IceCube"},{"not_picked":["Tiny House","Calling Bell"],"picked":"Snecko Eye"}],"items_purged_floors":[9,19],"is_endless":false,"potions_floor_spawned":[4,11,12,14,15,16,27,29,33,38],"killed_by":"Spire Growth","ascension_level":2}}