{"host":"zx10cf1fsoa3eqiy","time":1612088606,"event":{"mods":["BaseMod","Colored Powertips","Downfall","Highlight Path","Minty Spire (QoL Compilation)","Quick Restart","Replay The Spire","Shop Mod","StSLib","Td1madao Mod","The Servant 0.9.4","Yuri Mod"],"gold_per_floor":[99,99,99,374,374,387,411,436,9,29,14,33,33,59,77,177,177,77,77,77,77],"floor_reached":19,"language":"ZHS","playtime":1008,"items_purged":[],"score":173,"play_id":"5d3229d3-d454-47cd-b555-6a4d0330df48","local_time":"20210131182326","is_ascension_mode":false,"campfire_choices":[{"floor":1,"key":"RECALL"},{"floor":13,"key":"REST"},{"floor":18,"key":"DIG"}],"circlet_count":0,"master_deck":["bronze:Strike","bronze:Strike","bronze:Strike","bronze:Strike","bronze:Defend","bronze:Defend","bronze:Defend","bronze:Defend","bronze:Replicate","bronze:Goto","bronze:Fortify","bronze:ClassDefault","Regret","bronze:Optimize","bronze:Backtrace","bronze:BronzeOrb","bronze:Iterate","bronze:ItsAFeature","bronze:Optimize","bronze:Frontload","bronze:Boost","bronze:Verify"],"relics":["bronze:BronzeCore","downfall:HeartsMalice","hexamod:BolsterEngine","Thread and Needle","Blue Doll","MealTicket","Shovel","Philosopher\u0027s Stone","downfall:HeartBlessingRed","ReplayFunnel"],"acts_visited":["Exordium","TheCity"],"potions_floor_usage":[16,16,16],"damage_taken":[{"damage":0,"enemies":"Small Slimes","floor":2,"turns":1},{"damage":0,"enemies":"Cultist","floor":3,"turns":1},{"damage":0,"enemies":"Jaw Worm","floor":5,"turns":1},{"damage":16,"enemies":"Lots of Slimes","floor":6,"turns":6},{"damage":25,"enemies":"Lagavulin","floor":8,"turns":7},{"damage":1,"enemies":"downfall:FleeingMerchant","floor":9,"turns":4},{"damage":3,"enemies":"2 Fungi Beasts","floor":10,"turns":2},{"damage":6,"enemies":"downfall:FleeingMerchant","floor":11,"turns":4},{"damage":0,"enemies":"3 Louse","floor":12,"turns":3},{"damage":23,"enemies":"Replay:BlueRogue","floor":14,"turns":8},{"damage":3,"enemies":"Large Slime","floor":15,"turns":4},{"damage":22,"enemies":"SI_SHIV_ARCHETYPE","floor":16,"turns":9},{"damage":0,"enemies":"Shell Parasite","floor":19,"turns":1}],"seed_played":"-6063913705428044491","potions_obtained":[{"floor":8,"key":"CultistPotion"},{"floor":10,"key":"bronze:CleanCodePotion"},{"floor":12,"key":"ColorlessPotion"},{"floor":15,"key":"AttackPotion"},{"floor":16,"key":"Fire Potion"}],"is_trial":false,"path_per_floor":["R","M","M","?","M","M","T","E","$","M","$","M","R","E","M","B",null,"R","M"],"character_chosen":"THE_AUTOMATON","items_purchased":["bronze:BronzeOrb","Blue Doll","MealTicket","bronze:Iterate"],"campfire_rested":1,"item_purchase_floors":[9,9,9,9],"current_hp_per_floor":[70,70,70,70,70,54,54,29,28,25,34,34,55,32,29,7,70,70,70,70,70],"gold":77,"neow_bonus":"THREE_ENEMY_KILL","is_daily":false,"chose_seed":false,"campfire_upgraded":0,"win_rate":0.0,"timestamp":1612088606,"path_taken":["R","M","M","?","M","?","T","E","$","M","?","M","R","E","M","BOSS","R","M"],"items_purchased_type":["Card","Relic","Relic","Card"],"build_version":"2020-12-22","purchased_purges":0,"victory":false,"max_hp_per_floor":[70,70,70,70,70,70,70,70,70,70,70,70,70,70,70,70,70,70,70,70,70],"card_choices":[{"not_picked":["bronze:DelayedGuard","bronze:Deprecate"],"picked":"bronze:Fortify","floor":2},{"not_picked":["bronze:MaxOutput","bronze:Shield"],"picked":"bronze:ClassDefault","floor":3},{"not_picked":["bronze:Shell","bronze:Shield"],"picked":"bronze:Optimize","floor":5},{"not_picked":["bronze:Turbo","bronze:BuggyMess"],"picked":"bronze:Backtrace","floor":6},{"not_picked":["bronze:BronzeArmor","bronze:Format","bronze:Virus"],"picked":"SKIP","floor":8},{"not_picked":["bronze:Separator","bronze:NullPointer","bronze:Return"],"picked":"SKIP","floor":9},{"not_picked":["bronze:BuggyMess","bronze:Return"],"picked":"bronze:ItsAFeature","floor":10},{"not_picked":["bronze:ClassDefault","bronze:ItsAFeature"],"picked":"bronze:Optimize","floor":11},{"not_picked":["bronze:DelayedSlice","bronze:Format","bronze:Iterate"],"picked":"SKIP","floor":12},{"not_picked":["bronze:Philosophize","bronze:Shield"],"picked":"bronze:Frontload","floor":14},{"not_picked":["bronze:Repulsor","bronze:WhirlingStrike"],"picked":"bronze:Boost","floor":15},{"not_picked":["bronze:HyperBeam","bronze:Virus"],"picked":"bronze:Verify","floor":16}],"player_experience":303586,"relics_obtained":[{"floor":7,"key":"hexamod:BolsterEngine"},{"floor":8,"key":"Thread and Needle"},{"floor":14,"key":"Shovel"},{"floor":18,"key":"ReplayFunnel"}],"event_choices":[],"is_beta":false,"boss_relics":[{"not_picked":["Pandora\u0027s Box","Tiny House"],"picked":"Philosopher\u0027s Stone"}],"items_purged_floors":[],"is_endless":false,"potions_floor_spawned":[8,10,12,15,16],"killed_by":"Shell Parasite","ascension_level":0}}