{"host":"w9njud19qyl0lpz1","time":1612118014,"event":{"mods":["BaseMod","Infinite Spire","Minty Spire (QoL Compilation)","StSLib"],"gold_per_floor":[110,110,129,146,146,146,123,139,139,139,139,150,169,200,200,296,296,315,326,526,334,334,365,365,51,96,96,106,106,117,134,134,230,230,249,249,249,249,264,276,294,294,294,31,41,41,41,55,55,55],"floor_reached":51,"language":"ENG","playtime":8023,"items_purged":["Writhe","Defend_G"],"score":669,"play_id":"71b364ca-1d96-43b4-9aa9-214cbf7da8e4","local_time":"20210131133334","is_ascension_mode":false,"campfire_choices":[{"floor":11.0,"key":"REST"},{"data":"Catalyst","floor":15.0,"key":"SMITH"},{"data":"Bane","floor":24.0,"key":"SMITH"},{"data":"Sadistic Nature","floor":32.0,"key":"SMITH"},{"data":"Magnetism","floor":42.0,"key":"SMITH"},{"data":"Discovery","floor":49,"key":"SMITH"}],"circlet_count":0,"master_deck":["Strike_G","Strike_G","Defend_G","Defend_G","Survivor","Neutralize","Bane+1","Catalyst+1","Poisoned Stab","Predator","Deadly Poison","Leg Sweep","infinitespire:Neurotoxin","Bouncing Flask+1","Deadly Poison","Sadistic Nature+1","Flechettes","Deadly Poison","Cloak And Dagger+1","Corpse Explosion","Magnetism+1","Die Die Die","Blade Dance","Venomology","Backstab+1","Catalyst+1","Bane+1","Dash+1","Discovery+1","Terror","Finisher"],"relics":["Ring of the Snake","TungstenRod","Incense Burner","CaptainsWheel","infinitespire:ShieldingShard","SacredBark","Pen Nib","infinitespire:Satchel","Du-Vu Doll","Orichalcum","Empty Cage","HornCleat","Toy Ornithopter"],"acts_visited":["Exordium","TheCity","TheBeyond"],"potions_floor_usage":[50,50],"damage_taken":[{"damage":0.0,"enemies":"Jaw Worm","floor":1.0,"turns":5.0},{"damage":0.0,"enemies":"2 Louse","floor":3.0,"turns":2.0},{"damage":0.0,"enemies":"Small Slimes","floor":4.0,"turns":5.0},{"damage":7.0,"enemies":"Red Slaver","floor":8.0,"turns":5.0},{"damage":0.0,"enemies":"Exordium Thugs","floor":12.0,"turns":5.0},{"damage":6.0,"enemies":"Looter","floor":13.0,"turns":2.0},{"damage":12.0,"enemies":"Lagavulin","floor":14.0,"turns":5.0},{"damage":5.0,"enemies":"Hexaghost","floor":16.0,"turns":8.0},{"damage":0.0,"enemies":"Spheric Guardian","floor":18.0,"turns":5.0},{"damage":2.0,"enemies":"Chosen","floor":19.0,"turns":5.0},{"damage":0.0,"enemies":"Book of Stabbing","floor":23.0,"turns":4.0},{"damage":0.0,"enemies":"Snecko","floor":28.0,"turns":4.0},{"damage":0.0,"enemies":"Shelled Parasite and Fungi","floor":30.0,"turns":2.0},{"damage":0.0,"enemies":"Centurion and Healer","floor":31.0,"turns":4.0},{"damage":70.0,"enemies":"Automaton","floor":33.0,"turns":8.0},{"damage":0.0,"enemies":"3 Shapes","floor":35.0,"turns":2.0},{"damage":0.0,"enemies":"3 Darklings","floor":39.0,"turns":2.0},{"damage":0.0,"enemies":"Transient","floor":40.0,"turns":5.0},{"damage":0.0,"enemies":"Jaw Worm Horde","floor":41.0,"turns":1.0},{"damage":0.0,"enemies":"Spire Growth","floor":45.0,"turns":4.0},{"damage":4.0,"enemies":"Writhing Mass","floor":48.0,"turns":5.0},{"damage":29,"enemies":"Time Eater","floor":50,"turns":6}],"seed_played":"-5828287090241223025","potions_obtained":[{"floor":3.0,"key":"Swift Potion"},{"floor":12.0,"key":"Energy Potion"},{"floor":13.0,"key":"Strength Potion"},{"floor":19.0,"key":"DistilledChaos"},{"floor":28.0,"key":"Regen Potion"},{"floor":31.0,"key":"Poison Potion"},{"floor":33.0,"key":"AttackPotion"},{"floor":45.0,"key":"Ancient Potion"},{"floor":48,"key":"Regen Potion"}],"is_trial":false,"path_per_floor":["M","?","M","M","?","?","$","M","T","$","R","M","M","E","R","B",null,"M","M","?","$","?","E","R","$","T","?","M","AVR","M","M","R","B",null,"M","?","?","AVR","M","M","M","R","T","$","M","T","?","M","R","B",null],"character_chosen":"THE_SILENT","items_purchased":["Poisoned Stab","Sadistic Nature","Corpse Explosion","Magnetism","Discovery","Energy Potion","SteroidPotion"],"campfire_rested":1,"item_purchase_floors":[7,21,25,25,44,44,44],"current_hp_per_floor":[49,49,49,49,44,44,44,37,37,37,58,58,52,40,40,35,70,70,68,68,68,68,68,68,68,68,68,68,68,68,68,68,38,70,70,70,70,70,70,70,70,70,70,70,70,70,70,66,66,46],"gold":55,"neow_bonus":"ONE_RARE_RELIC","is_daily":false,"chose_seed":false,"campfire_upgraded":5,"win_rate":0.0,"timestamp":1612118014,"path_taken":["M","?","M","M","?","?","$","M","T","$","R","M","?","E","R","BOSS","M","M","?","?","?","E","R","$","T","?","M","AVR","?","M","R","BOSS","M","?","?","AVR","M","M","?","R","T","$","M","?","?","M","R","BOSS"],"items_purchased_type":["Card","Card","Card","Card","Card","Potion","Potion"],"build_version":"2020-12-22","purchased_purges":2,"victory":true,"max_hp_per_floor":[70,70,70,70,70,70,70,70,70,70,70,70,70,70,70,70,70,70,70,70,70,70,70,70,70,70,70,70,70,70,70,70,70,70,70,70,70,70,70,70,70,70,70,70,70,70,70,70,70,70],"card_choices":[{"not_picked":["Dodge and Roll","Deflect"],"picked":"Bane","floor":1.0},{"not_picked":["Sucker Punch","Setup"],"picked":"Catalyst","floor":3.0},{"not_picked":["Deflect","Underhanded Strike","Accuracy"],"picked":"SKIP","floor":4.0},{"not_picked":["Footwork","Dagger Throw"],"picked":"Predator","floor":8.0},{"not_picked":["Footwork","PiercingWail","Bane"],"picked":"SKIP","floor":12.0},{"not_picked":["Night Terror","Well Laid Plans"],"picked":"Deadly Poison","floor":13.0},{"not_picked":["Predator","Calculated Gamble"],"picked":"Leg Sweep","floor":14.0},{"not_picked":["Adrenaline","Phantasmal Killer"],"picked":"infinitespire:Neurotoxin","floor":16.0},{"not_picked":["Poisoned Stab","Infinite Blades+1"],"picked":"Bouncing Flask+1","floor":18.0},{"not_picked":["PiercingWail","Accuracy"],"picked":"Deadly Poison","floor":19.0},{"not_picked":["Escape Plan","Prepared+1"],"picked":"Cloak And Dagger+1","floor":23.0},{"not_picked":["Deadly Poison","Outmaneuver"],"picked":"Die Die Die","floor":28.0},{"not_picked":["Heel Hook","Prepared","Dagger Spray"],"picked":"SKIP","floor":30.0},{"not_picked":["Backflip","Deadly Poison"],"picked":"Blade Dance","floor":31.0},{"not_picked":["Wraith Form v2","Corpse Explosion"],"picked":"Venomology","floor":33.0},{"not_picked":["PiercingWail","Flying Knee"],"picked":"Backstab+1","floor":35.0},{"not_picked":["Sucker Punch+1","Acrobatics"],"picked":"Bane+1","floor":39.0},{"not_picked":["Quick Slash+1","Dagger Spray"],"picked":"Dash+1","floor":40.0},{"not_picked":["Dagger Throw","Sucker Punch","Quick Slash+1"],"picked":"SKIP","floor":41.0},{"not_picked":["Crippling Poison","Deflect+1"],"picked":"Terror","floor":45.0},{"not_picked":["Noxious Fumes","Leg Sweep"],"picked":"Finisher","floor":48}],"player_experience":2331987,"relics_obtained":[{"floor":9.0,"key":"CaptainsWheel"},{"floor":14.0,"key":"infinitespire:ShieldingShard"},{"floor":23.0,"key":"Pen Nib"},{"floor":26.0,"key":"infinitespire:Satchel"},{"floor":43.0,"key":"HornCleat"},{"floor":46.0,"key":"Toy Ornithopter"}],"event_choices":[{"damage_healed":0.0,"max_hp_gain":0.0,"max_hp_loss":0.0,"gold_gain":0.0,"event_name":"Golden Wing","player_choice":"Ignored","floor":2.0,"gold_loss":0.0,"damage_taken":0.0},{"damage_healed":0.0,"max_hp_gain":0.0,"max_hp_loss":0.0,"gold_gain":0.0,"event_name":"Scrap Ooze","player_choice":"Success","floor":5.0,"gold_loss":0.0,"damage_taken":7.0,"relics_obtained":["Incense Burner"]},{"damage_healed":0.0,"max_hp_gain":0.0,"max_hp_loss":0.0,"gold_gain":0.0,"event_name":"NoteForYourself","player_choice":"Ignored","floor":6.0,"gold_loss":0.0,"damage_taken":0.0},{"damage_healed":0.0,"max_hp_gain":0.0,"max_hp_loss":0.0,"gold_gain":200.0,"event_name":"Wheel of Change","player_choice":"Gold","floor":20.0,"gold_loss":0.0,"damage_taken":0.0},{"damage_healed":0.0,"max_hp_gain":0.0,"max_hp_loss":0.0,"gold_gain":0.0,"cards_transformed":["Strike_G","Defend_G"],"event_name":"Drug Dealer","player_choice":"Became Test Subject","floor":22.0,"gold_loss":0.0,"damage_taken":0.0,"cards_obtained":["Flechettes","Deadly Poison"]},{"damage_healed":0.0,"max_hp_gain":0.0,"max_hp_loss":0.0,"gold_gain":0.0,"event_name":"The Mausoleum","player_choice":"Opened","floor":27.0,"gold_loss":0.0,"damage_taken":0.0,"relics_obtained":["Du-Vu Doll"],"cards_obtained":["Writhe"]},{"cards_removed":["Strike_G"],"damage_healed":0.0,"max_hp_gain":0.0,"max_hp_loss":0.0,"gold_gain":0.0,"event_name":"Falling","player_choice":"Removed Attack","floor":36.0,"gold_loss":0.0,"damage_taken":0.0},{"damage_healed":0.0,"max_hp_gain":0.0,"max_hp_loss":0.0,"gold_gain":0.0,"event_name":"Duplicator","player_choice":"Copied","floor":37.0,"gold_loss":0.0,"damage_taken":0.0,"cards_obtained":["Catalyst"]},{"damage_healed":0.0,"max_hp_gain":0.0,"max_hp_loss":0.0,"gold_gain":0.0,"event_name":"Match and Keep!","player_choice":"0 cards matched","floor":47.0,"gold_loss":0.0,"damage_taken":0.0,"cards_obtained":[]}],"is_beta":false,"boss_relics":[{"not_picked":["HoveringKite","Sozu"],"picked":"SacredBark"},{"not_picked":["Snecko Eye","SlaversCollar"],"picked":"Empty Cage"}],"items_purged_floors":[29,44],"is_endless":false,"potions_floor_spawned":[3,12,13,19,28,31,33,45,48],"ascension_level":0}}