{"host":"usru02jcpe2a942d","time":1612053270,"event":{"mods":["Act Like it!","Astrologer","BaseMod","Chen","Colored Powertips","GifTheSpireLib","Highlight Path","HornydragonMod","Hubris","Infinite Spire","Jedi Mod","Minty Spire (QoL Compilation)","MostiFishMod","Pale of the Ancients","Quick Restart","Relic Stats","RumiaBox-露米娅的神秘盒子","StSLib","noobMod","【遗物卡牌】REMEMod","篝火指南"],"gold_per_floor":[115,115,115,133,133,133,146,146,146,146,167,15,33,46,46,151,151,151],"floor_reached":17,"language":"ZHS","playtime":758,"items_purged":[],"score":147,"play_id":"9c4738f3-3125-4d8e-a56e-ce961306891a","local_time":"20210131083430","is_ascension_mode":false,"campfire_choices":[{"data":"astrologer:MeteorShower","floor":6,"key":"SMITH"},{"data":"astrologer:ReadTheStars","floor":8,"key":"SMITH"},{"data":"astrologer:CosmicExpanse","floor":15,"key":"SMITH"}],"circlet_count":0,"master_deck":["astrologer:Strike","astrologer:Strike","astrologer:Strike","astrologer:Defend","astrologer:Defend","astrologer:Defend","astrologer:Defend","astrologer:NorthStar","astrologer:TheFool","Impatience","astrologer:MeteorShower+1","astrologer:ReadTheStars+1","astrologer:Novile","astrologer:TheEmperor","astrologer:StarOfChange","astrologer:CosmicExpanse+1","astrologer:LonelyStar","astrologer:Nova"],"relics":["astrologer:SkyMirror","DaveBox","ice","REME_ComplimentaryCards","ImprovedEquipment","SynthV:TestCard","hubris:Icosahedron","Gremlin Horn","infinitespire:Midas Blood","hubris:OldNail","jedi:battlestandard"],"acts_visited":["Exordium","TheCity"],"potions_floor_usage":[16],"damage_taken":[{"damage":1,"enemies":"Jaw Worm","floor":1,"turns":4},{"damage":7,"enemies":"2 Louse","floor":4,"turns":3},{"damage":0,"enemies":"Small Slimes","floor":7,"turns":2},{"damage":5,"enemies":"Exordium Wildlife","floor":11,"turns":5},{"damage":0,"enemies":"Exordium Thugs","floor":13,"turns":5},{"damage":3,"enemies":"Looter","floor":14,"turns":3},{"damage":40,"enemies":"Hexaghost","floor":16,"turns":7}],"seed_played":"6369817753805535612","potions_obtained":[{"floor":11,"key":"DuplicationPotion"},{"floor":13,"key":"infinitespire:BlackPotion"},{"floor":16,"key":"jedi:StrikingPotion"}],"is_trial":false,"path_per_floor":["M","?","?","M","T","R","M","R","T","?","M","$","M","M","R","B",null],"character_chosen":"ASTROLOGER","items_purchased":["hubris:OldNail"],"campfire_rested":0,"item_purchase_floors":[12],"current_hp_per_floor":[76,76,81,74,74,74,74,74,74,74,69,69,69,66,66,26,82,82],"gold":151,"neow_bonus":"TEN_PERCENT_HP_BONUS","is_daily":false,"chose_seed":false,"campfire_upgraded":3,"win_rate":0.0,"timestamp":1612053270,"path_taken":["M","?","?","M","?","R","M","R","T","?","?","?","?","M","R","BOSS"],"items_purchased_type":["Relic"],"build_version":"2020-12-22","purchased_purges":0,"victory":false,"max_hp_per_floor":[77,77,82,82,82,82,82,82,82,82,82,82,82,82,82,82,82,82],"relic_stats":{"Gremlin Horn":[3,3],"counters":[7,29],"obtain_stats":[{"SynthV:TestCard":1,"hubris:Icosahedron":2,"DaveBox":0,"Gremlin Horn":5,"ImprovedEquipment":0,"astrologer:SkyMirror":0,"ice":0,"jedi:battlestandard":17,"hubris:OldNail":12,"REME_ComplimentaryCards":0,"infinitespire:Midas Blood":9},{"SynthV:TestCard":1,"hubris:Icosahedron":1,"DaveBox":0,"Gremlin Horn":2,"ImprovedEquipment":0,"astrologer:SkyMirror":0,"ice":0,"jedi:battlestandard":7,"hubris:OldNail":4,"REME_ComplimentaryCards":0,"infinitespire:Midas Blood":3},{"SynthV:TestCard":4,"hubris:Icosahedron":4,"DaveBox":0,"Gremlin Horn":7,"ImprovedEquipment":0,"astrologer:SkyMirror":0,"ice":0,"jedi:battlestandard":29,"hubris:OldNail":14,"REME_ComplimentaryCards":0,"infinitespire:Midas Blood":9}]},"card_choices":[{"not_picked":["astrologer:SpaceDust","astrologer:TheEmpress"],"picked":"astrologer:MeteorShower","floor":1},{"not_picked":["astrologer:Confirmation","astrologer:Radiance","astrologer:Stardust","astrologer:MeteorShower"],"picked":"astrologer:ReadTheStars","floor":4},{"not_picked":["astrologer:Justice","astrologer:LonelyStar","astrologer:Radiance","astrologer:Eclipse"],"picked":"astrologer:Novile","floor":7},{"not_picked":["astrologer:Moonlight","astrologer:FrozenStar","astrologer:FadingStar","astrologer:Fireball"],"picked":"astrologer:StarOfChange","floor":11},{"not_picked":["astrologer:SolarFlare","astrologer:TheTower","astrologer:ReadTheStars","astrologer:Judgement"],"picked":"astrologer:CosmicExpanse","floor":13},{"not_picked":["astrologer:ReadTheStars","astrologer:Conjunction","astrologer:SolarFlare","astrologer:Eclipse"],"picked":"astrologer:LonelyStar","floor":14},{"not_picked":["astrologer:RejectReality","astrologer:Death","astrologer:TheSun","astrologer:WheelofFortune"],"picked":"astrologer:Nova","floor":16}],"player_experience":234096,"relics_obtained":[{"floor":1,"key":"SynthV:TestCard"},{"floor":5,"key":"Gremlin Horn"},{"floor":9,"key":"infinitespire:Midas Blood"}],"event_choices":[{"damage_healed":0,"gold_gain":0,"player_choice":"Donut","damage_taken":0,"max_hp_gain":5,"max_hp_loss":0,"event_name":"Big Fish","floor":3,"gold_loss":0},{"damage_healed":0,"gold_gain":0,"cards_transformed":["astrologer:Strike"],"player_choice":"Change","damage_taken":0,"max_hp_gain":0,"max_hp_loss":0,"event_name":"Living Wall","floor":10,"gold_loss":0,"cards_obtained":["astrologer:TheEmperor"]}],"is_beta":false,"boss_relics":[{"not_picked":["ChiXiaoBlade","Empty Cage"],"picked":"jedi:battlestandard"}],"items_purged_floors":[],"is_endless":false,"potions_floor_spawned":[11,13,16],"ascension_level":0}}