{"host":"Lucas","time":1612134350,"event":{"mods":["BaseMod","Downfall","Minty Spire (QoL Compilation)","READ ME - Guardian Mod","StSLib","The Cursed","The Disciple","The Necromancer","The Servant 0.9.4"],"gold_per_floor":[99,99,99,99,99,109,160,177,177,210,226,326,326,46,59,59,59,59],"floor_reached":16,"language":"ENG","playtime":1268,"items_purged":[],"score":103,"play_id":"4610a773-6e3e-479f-b7cc-42ff3a96375f","local_time":"20210131230550","is_ascension_mode":true,"campfire_choices":[{"data":"Guardian:CurlUp","floor":1,"key":"SMITH"},{"data":"Guardian:PrismaticBeam","floor":9,"key":"SMITH"},{"floor":13,"key":"REST"}],"circlet_count":0,"master_deck":["Guardian:Strike_Guardian","Guardian:Strike_Guardian","Guardian:Strike_Guardian","Guardian:Strike_Guardian","Guardian:Defend_Guardian","Guardian:Defend_Guardian","Guardian:Defend_Guardian","Guardian:Defend_Guardian","Guardian:CurlUp+1","Guardian:TwinSlam","Guardian:ChargeUp","Guardian:ChargeUp","Guardian:Harden","Guardian:PrismaticBeam+1","Guardian:Reroute","Guardian:TimeBomb","Guardian:Gem_Red","expansioncontent:Hexaburn","Guardian:SpikerProtocol","Guardian:BronzeOrb"],"relics":["Guardian:ModeShifter","downfall:HeartsMalice","Boot","Potion Belt","Orichalcum"],"acts_visited":["Exordium"],"potions_floor_usage":[16],"damage_taken":[{"damage":0,"enemies":"Jaw Worm","floor":2,"turns":1},{"damage":0,"enemies":"Cultist","floor":4,"turns":1},{"damage":0,"enemies":"Small Slimes","floor":5,"turns":1},{"damage":0,"enemies":"Blue Slaver","floor":6,"turns":5},{"damage":27,"enemies":"Exordium Wildlife","floor":8,"turns":6},{"damage":31,"enemies":"3 Sentries","floor":10,"turns":11},{"damage":8,"enemies":"3 Louse","floor":11,"turns":2},{"damage":2,"enemies":"downfall:FleeingMerchant","floor":14,"turns":4},{"damage":7,"enemies":"Blue Slaver","floor":15,"turns":4},{"damage":31,"enemies":"IC_STATUS_ARCHETYPE","floor":16,"turns":8}],"seed_played":"8695766324806195424","potions_obtained":[{"floor":10,"key":"DuplicationPotion"},{"floor":11,"key":"bronze:BurnAndBuffPotion"}],"is_trial":false,"path_per_floor":["R","M","?","M","M","M","T","M","R","E","M","?","R","$","M","B"],"character_chosen":"GUARDIAN","items_purchased":["Orichalcum","expansioncontent:Hexaburn","Guardian:SpikerProtocol"],"campfire_rested":1,"item_purchase_floors":[14,14,14],"current_hp_per_floor":[80,80,80,80,80,80,80,53,53,22,14,14,38,36,29,0,0,0],"gold":59,"neow_bonus":"THREE_ENEMY_KILL","is_daily":false,"chose_seed":false,"campfire_upgraded":2,"win_rate":0.0,"timestamp":1612134350,"path_taken":["R","M","?","M","M","M","T","M","R","E","?","?","R","$","M","BOSS"],"items_purchased_type":["Relic","Card","Card"],"build_version":"2020-12-18","purchased_purges":0,"victory":false,"max_hp_per_floor":[80,80,80,80,80,80,80,80,80,80,80,80,80,80,80,80,80,80],"card_choices":[{"not_picked":["Guardian:Gem_Purple","Guardian:Reroute"],"picked":"Guardian:ChargeUp","floor":2},{"not_picked":["Guardian:Suspension","Guardian:ChargeCore"],"picked":"Guardian:Harden","floor":4},{"not_picked":["Guardian:GuardianWhirl","Guardian:VentSteam"],"picked":"Guardian:PrismaticBeam","floor":5},{"not_picked":["Guardian:ArmoredProtocol","Guardian:BronzeArmor"],"picked":"Guardian:Gem_Crimson","floor":6},{"not_picked":["Guardian:ShieldSpikes","Guardian:MultiBeam"],"picked":"Guardian:Reroute","floor":8},{"not_picked":["Guardian:PrismaticBeam","Guardian:RollAttack"],"picked":"Guardian:Gem_Green","floor":10},{"not_picked":["Guardian:ShieldSpikes","Guardian:CrystalBeam"],"picked":"Guardian:TimeBomb","floor":11},{"not_picked":["Guardian:Recover","Guardian:EvasiveProtocol"],"picked":"Guardian:Gem_Red","floor":14},{"not_picked":["Guardian:Gem_Lightblue","Guardian:CrystalBeam"],"picked":"Guardian:BronzeOrb","floor":15}],"player_experience":1244392,"relics_obtained":[{"floor":7,"key":"Boot"},{"floor":10,"key":"Potion Belt"}],"event_choices":[],"is_beta":true,"boss_relics":[],"items_purged_floors":[],"is_endless":false,"potions_floor_spawned":[10,11],"killed_by":"IC_STATUS_ARCHETYPE","ascension_level":1}}