{"host":"t8hqdz2qn09y00vh","time":1612135392,"event":{"mods":["AchievementEnabler","BaseMod","Colored Map","Colored Powertips","Highlight Path","Minty Spire (QoL Compilation)","Quick Restart"],"gold_per_floor":[109,109,125,50,69,99,99,99,175,201,201,219,184,196,196,292,292,303,323,238,250,250,284,284,298,344,344,344,344],"floor_reached":28,"language":"ENG","playtime":1264,"items_purged":["Pain"],"score":273,"play_id":"aa66b244-6442-46bd-84af-71c6ec420d01","local_time":"20210131182312","is_ascension_mode":true,"campfire_choices":[{"floor":8.0,"key":"REST"},{"floor":15.0,"key":"REST"},{"floor":24.0,"key":"REST"}],"circlet_count":0,"master_deck":["Strike_B+1","Strike_B+1","Strike_B","Defend_B","Defend_B","Defend_B","Defend_B","Zap","Dualcast","Beam Cell","Storm","Self Repair","Gash","Ball Lightning","All For One","White Noise","Heatsinks","Chill","Aggregate","Electrodynamics","Heatsinks+1"],"relics":["Cracked Core","NeowsBlessing","WarpedTongs","PreservedInsect","InkBottle","Whetstone","Black Star","HornCleat","Blood Vial","Centennial Puzzle","Bag of Marbles"],"acts_visited":["TheCity"],"potions_floor_usage":[28],"damage_taken":[{"damage":0.0,"enemies":"2 Louse","floor":1.0,"turns":1.0},{"damage":0.0,"enemies":"Cultist","floor":3.0,"turns":1.0},{"damage":0.0,"enemies":"Small Slimes","floor":5.0,"turns":1.0},{"damage":41.0,"enemies":"3 Sentries","floor":6.0,"turns":7.0},{"damage":28.0,"enemies":"Lagavulin","floor":10.0,"turns":4.0},{"damage":9.0,"enemies":"Looter","floor":12.0,"turns":3.0},{"damage":20.0,"enemies":"2 Fungi Beasts","floor":14.0,"turns":3.0},{"damage":41.0,"enemies":"Hexaghost","floor":16.0,"turns":7.0},{"damage":25.0,"enemies":"Spheric Guardian","floor":18.0,"turns":4.0},{"damage":12.0,"enemies":"Chosen","floor":19.0,"turns":3.0},{"damage":7.0,"enemies":"Snake Plant","floor":21.0,"turns":3.0},{"damage":40.0,"enemies":"Book of Stabbing","floor":23.0,"turns":5.0},{"damage":25.0,"enemies":"Shelled Parasite and Fungi","floor":25.0,"turns":5.0},{"damage":18,"enemies":"Colosseum Slavers","floor":27,"turns":3},{"damage":23,"enemies":"Snecko","floor":28,"turns":3}],"seed_played":"-4313446876851004555","potions_obtained":[{"floor":3.0,"key":"Energy Potion"},{"floor":5.0,"key":"FearPotion"},{"floor":10.0,"key":"Dexterity Potion"},{"floor":14.0,"key":"Weak Potion"},{"floor":18.0,"key":"PotionOfCapacity"},{"floor":19.0,"key":"Block Potion"},{"floor":25.0,"key":"CultistPotion"}],"is_trial":false,"path_per_floor":["M","?","M","$","M","E","?","R","T","E","?","M","?","M","R","B",null,"M","M","?","M","?","E","R","M","T","?","M"],"character_chosen":"DEFECT","items_purchased":[],"campfire_rested":3,"item_purchase_floors":[],"current_hp_per_floor":[75,75,75,75,75,34,34,56,56,35,28,26,44,24,46,15,75,57,45,45,45,45,5,27,18,18,2,0,0],"gold":344,"neow_bonus":"THREE_ENEMY_KILL","is_daily":false,"chose_seed":false,"campfire_upgraded":0,"win_rate":0.0,"timestamp":1612135392,"path_taken":["M","?","?","$","M","E","?","R","T","E","?","M","?","M","R","BOSS","M","M","?","M","?","E","R","M","T","?","M"],"items_purchased_type":[],"build_version":"2020-12-22","purchased_purges":1,"victory":false,"max_hp_per_floor":[75,75,75,75,75,75,75,75,75,75,75,75,75,75,75,75,75,75,75,75,75,75,75,75,75,75,75,75,75],"card_choices":[{"not_picked":["Barrage","Turbo"],"picked":"Beam Cell","floor":1.0},{"not_picked":["Doom and Gloom","Go for the Eyes"],"picked":"Reboot","floor":3.0},{"not_picked":["Skim","Defragment","Storm"],"picked":"SKIP","floor":5.0},{"not_picked":["Skim","Defragment"],"picked":"Storm","floor":5.0},{"not_picked":["Multi-Cast","Barrage"],"picked":"Self Repair","floor":6.0},{"not_picked":["Rip and Tear","Stack","Reprogram"],"picked":"SKIP","floor":10.0},{"not_picked":["Beam Cell","Cold Snap","Turbo"],"picked":"SKIP","floor":12.0},{"not_picked":["Steam","Lockon"],"picked":"Ball Lightning","floor":14.0},{"not_picked":["Core Surge","Machine Learning"],"picked":"All For One","floor":16.0},{"not_picked":["Steam","Cold Snap"],"picked":"White Noise","floor":18.0},{"not_picked":["Compile Driver","Conserve Battery+1"],"picked":"Heatsinks","floor":19.0},{"not_picked":["Glacier","Aggregate"],"picked":"Chill","floor":21.0},{"not_picked":["Beam Cell","Cold Snap"],"picked":"Electrodynamics","floor":23.0},{"not_picked":["Steam","Barrage"],"picked":"Heatsinks+1","floor":25.0}],"player_experience":251400,"relics_obtained":[{"floor":6.0,"key":"PreservedInsect"},{"floor":9.0,"key":"InkBottle"},{"floor":10.0,"key":"Whetstone"},{"floor":23.0,"key":"Blood Vial"},{"floor":23.0,"key":"Centennial Puzzle"},{"floor":26.0,"key":"Bag of Marbles"}],"event_choices":[{"damage_healed":0.0,"max_hp_gain":0.0,"max_hp_loss":0.0,"gold_gain":0.0,"event_name":"Accursed Blacksmith","player_choice":"Rummage","floor":2.0,"gold_loss":0.0,"damage_taken":0.0,"relics_obtained":["WarpedTongs"],"cards_obtained":["Pain"]},{"damage_healed":0.0,"max_hp_gain":0.0,"max_hp_loss":0.0,"gold_gain":0.0,"cards_transformed":["Reboot"],"event_name":"Living Wall","player_choice":"Change","floor":7.0,"gold_loss":0.0,"damage_taken":0.0,"cards_obtained":["Gash"]},{"cards_removed":["Strike_B"],"damage_healed":0.0,"max_hp_gain":0.0,"max_hp_loss":0.0,"gold_gain":0.0,"event_name":"Golden Wing","player_choice":"Card Removal","floor":11.0,"gold_loss":0.0,"damage_taken":7.0},{"damage_healed":18.0,"max_hp_gain":0.0,"max_hp_loss":0.0,"gold_gain":0.0,"event_name":"The Cleric","player_choice":"Healed","floor":13.0,"gold_loss":35.0,"damage_taken":0.0},{"damage_healed":0.0,"max_hp_gain":0.0,"max_hp_loss":0.0,"gold_gain":0.0,"event_name":"Addict","player_choice":"Obtained Relic","floor":20.0,"gold_loss":85.0,"damage_taken":0.0,"relics_obtained":["HornCleat"]},{"damage_healed":0.0,"max_hp_gain":0.0,"max_hp_loss":0.0,"gold_gain":0.0,"event_name":"The Library","player_choice":"Read","floor":22.0,"gold_loss":0.0,"damage_taken":0.0,"cards_obtained":["Aggregate"]},{"damage_healed":0,"gold_gain":0,"player_choice":"Fight","damage_taken":0,"max_hp_gain":0,"max_hp_loss":0,"event_name":"Colosseum","floor":27,"gold_loss":0},{"damage_healed":0,"gold_gain":0,"player_choice":"Fled From Nobs","damage_taken":0,"max_hp_gain":0,"max_hp_loss":0,"event_name":"Colosseum","floor":27,"gold_loss":0}],"is_beta":false,"boss_relics":[{"not_picked":["Empty Cage","Snecko Eye"],"picked":"Black Star"}],"items_purged_floors":[4],"is_endless":false,"potions_floor_spawned":[3,5,10,14,18,19,25],"killed_by":"Snecko","ascension_level":2}}