{"host":"pdsyh71gl8fwuuoe","time":1612060561,"event":{"mods":["AchievementEnabler","Ascension Unlocker","BaseMod","Bestiary","Colored Powertips","Curses Come First","Custom Start","Downfall","Highlight Path","Minty Spire (QoL Compilation)","Permanent Neow","Quick Restart","Relic Stats","StSLib"],"gold_per_floor":[99,109,153,153,153,153,208,249,249,341,446,159,222,222,315,315,315,315],"floor_reached":16,"language":"ENG","playtime":1224,"items_purged":["champ:Strike"],"score":102,"play_id":"0a0983e7-03a0-4a77-8c38-eff6f75eee0d","local_time":"20210130213601","is_ascension_mode":false,"campfire_choices":[{"data":"HandOfGreed","floor":1.0,"key":"SMITH"},{"data":"champ:Lariat","floor":6.0,"key":"SMITH"},{"data":"champ:Taunt","floor":9.0,"key":"SMITH"}],"circlet_count":0,"master_deck":["champ:Strike","champ:Strike","champ:Defend","champ:Defend","champ:Defend","champ:Defend","champ:Execute","champ:Taunt+1","HandOfGreed+1","champ:EnragedBash","champ:Lariat+1","champ:Duel","champ:BringItOn","champ:IronFortress","champ:PreciseThrust","champ:GutPunch","champ:GladiatorStyle","champ:PreciseThrust"],"relics":["champ:ChampionCrown","Smiling Mask","OrangePellets","downfall:BrokenWingStatue"],"acts_visited":["Exordium"],"potions_floor_usage":[16,16],"damage_taken":[{"damage":15.0,"enemies":"Jaw Worm","floor":2.0,"turns":4.0},{"damage":0.0,"enemies":"2 Louse","floor":3.0,"turns":3.0},{"damage":6.0,"enemies":"Cultist","floor":8.0,"turns":5.0},{"damage":1.0,"enemies":"3 Louse","floor":10.0,"turns":6.0},{"damage":34.0,"enemies":"3 Sentries","floor":11.0,"turns":14.0},{"damage":30.0,"enemies":"downfall:FleeingMerchant","floor":12.0,"turns":4.0},{"damage":2.0,"enemies":"2 Fungi Beasts","floor":13.0,"turns":4.0},{"damage":8.0,"enemies":"3 Louse","floor":15.0,"turns":8.0},{"damage":80,"enemies":"SI_SHIV_ARCHETYPE","floor":16,"turns":10}],"seed_played":"-6762624165666482995","potions_obtained":[{"floor":3.0,"key":"champ:CounterPotion"},{"floor":10.0,"key":"bronze:BurnAndBuffPotion"},{"floor":11.0,"key":"Strength Potion"},{"floor":13.0,"key":"Guardian:BlockOnCardUsePotion"}],"is_trial":false,"path_per_floor":["R","M","M","?","?","R","T","M","R","M","E","$","M","?","M","B"],"character_chosen":"THE_CHAMP","items_purchased":["champ:GladiatorStyle","OrangePellets"],"campfire_rested":0,"item_purchase_floors":[12,12],"current_hp_per_floor":[81,76,76,76,76,76,76,75,75,74,50,50,48,48,40,0,0,0],"gold":315,"neow_bonus":"RANDOM_COLORLESS_2","is_daily":false,"chose_seed":false,"campfire_upgraded":3,"win_rate":0.0,"timestamp":1612060561,"path_taken":["R","M","M","?","?","R","T","M","R","M","E","$","?","?","M","BOSS"],"items_purchased_type":["Card","Relic"],"build_version":"2020-12-22","purchased_purges":1,"victory":false,"max_hp_per_floor":[81,81,81,81,81,81,81,81,81,81,81,81,81,81,81,81,81,81],"relic_stats":{"OrangePellets":[0],"counters":[9,58],"Smiling Mask":25,"obtain_stats":[{"OrangePellets":12,"downfall:BrokenWingStatue":14,"champ:ChampionCrown":0,"Smiling Mask":7},{"OrangePellets":6,"downfall:BrokenWingStatue":7,"champ:ChampionCrown":0,"Smiling Mask":2},{"OrangePellets":36,"downfall:BrokenWingStatue":40,"champ:ChampionCrown":0,"Smiling Mask":7}]},"card_choices":[{"not_picked":["Thinking Ahead","Sadistic Nature"],"picked":"HandOfGreed","floor":0.0},{"not_picked":["champ:CrookedStrike","champ:SwordSigil"],"picked":"champ:EnragedBash","floor":2.0},{"not_picked":["champ:ShieldSigil","champ:Shatter"],"picked":"champ:Lariat","floor":3.0},{"not_picked":["champ:EndlessRage","champ:Endure"],"picked":"champ:BringItOn","floor":8.0},{"not_picked":["champ:Circumvent","champ:BerserkerStyle"],"picked":"champ:IronFortress","floor":10.0},{"not_picked":["champ:ShieldSigil","champ:BringItOn"],"picked":"champ:PreciseThrust","floor":11.0},{"not_picked":["champ:TornadoPunch","champ:Shatter"],"picked":"champ:GutPunch","floor":12.0},{"not_picked":["champ:RisingSlash","champ:GutPunch"],"picked":"champ:PreciseThrust","floor":13.0},{"not_picked":["champ:Haymaker","champ:Parry","champ:CrookedStrike"],"picked":"SKIP","floor":15.0}],"player_experience":574606,"relics_obtained":[{"floor":7.0,"key":"Smiling Mask"}],"event_choices":[],"is_beta":false,"boss_relics":[],"items_purged_floors":[12],"is_endless":false,"potions_floor_spawned":[3,10,11,13],"killed_by":"SI_SHIV_ARCHETYPE","ascension_level":0}}