{"host":"4evnc443c98ww2zl","time":1612058733,"event":{"mods":["BaseMod","Better Third Choice","Hermit","Koishi","Luminous","Minty Spire (QoL Compilation)","Remilia??????","Robot Space Explorer","StSLib","The Administrix","The Bug Knight","The Cursed","TheSwordswoman"],"gold_per_floor":[116,116,116,126,141,168,198,237,249,291,303,344,375,722,734,847,859,887,503,518,535,368,368,400,400,400,419,447,460,479,508,508,603,603,623,640,443,505,514,550,550,585,632,451,486,507,507,528,528,528,528,528,29,66,66],"floor_reached":56,"language":"ENG","playtime":4971,"items_purged":[],"score":1435,"play_id":"471bf66c-6e6c-40ce-a52b-e548b0fd3adf","local_time":"20210130200533","daily_mods":["SealedDeck","Diverse","Colorless Cards","Heirloom","DeadlyEvents","Elite Swarm"],"is_ascension_mode":false,"campfire_choices":[{"floor":11,"key":"RECALL"},{"data":"RobotSpaceExplorer:Pulsar","floor":15,"key":"SMITH"},{"data":"Poisoned Stab","floor":23,"key":"SMITH"},{"data":"Poisoned Stab","floor":25,"key":"SMITH"},{"data":"Metallicize","floor":32,"key":"SMITH"},{"data":"HeartBreak","floor":41,"key":"SMITH"},{"data":"hermit:Dive","floor":47,"key":"SMITH"},{"data":"Pommel Strike","floor":49,"key":"SMITH"},{"data":"RobotSpaceExplorer:Smokescreen","floor":52,"key":"SMITH"}],"circlet_count":0,"master_deck":["RobotSpaceExplorer:Smokescreen+1","Koishi:DreadfulBlow","RobotSpaceExplorer:Pulsar+1","UnstableMagic+1","hermit:Dive+1","Pommel Strike+1","EmptyFist","FollowUp","Consecrate","Gash","Poisoned Stab+1","TheCursedMod:Stigma","RobotSpaceExplorer:Probe","hermit:Quickdraw","Koishi:BloodcurdlingScream","Immolate+1","Poisoned Stab+1","Dramatic Entrance","StarOfDavid+1","Metallicize+1","blazmod:FortifiedVigor","RobotSpaceExplorer:Probe","Prepared+1","Venomology","HeartBreak+1","CurseOfTheBell","HollowMod:CycloneSlash","blazmod:WildButterfly+1","CrushJoints+1","MastersStateliness+1","AdministrixMod:ImmortalPurity+1","Secret Weapon","HollowMod:ZotesMagnificence","hermit:Gambit","Darkness+1","Loop+1","Secret Technique","StarOfDavid+1","RobotSpaceExplorer:Ammunition","Metallicize+1","Luminous:Lania_Blessing_Luminous+1","AdministrixMod:AmassedMasks+1","Panache+1","AdministrixMod:RisingSunPrince+1","Buffer+1"],"relics":["Unceasing Top","Calipers","Pantograph","MawBank","Blue Candle","Meat on the Bone","ScarletDevilRocket","Old Coin","Coffee Dripper","Ice Cream","Membership Card","Toy Ornithopter","Frozen Egg 2","HollowMod:LifeEnderRelic","War Paint","Calling Bell","Nunchaku","HollowMod:StagPassRelic","AdministrixMod:KeyOfKings","Bag of Marbles","CeramicFish","Bird Faced Urn","Pen Nib","AdministrixMod:CrackedTaijitu","Anchor","Whetstone","Kunai","HornCleat","DollysMirror","Ornamental Fan"],"acts_visited":["Exordium","TheCity","TheBeyond","TheEnding"],"potions_floor_usage":[13,14,16,24,24,33,35,35,38,38,42,45,50,50,50,54,55,55,55,55,55,55,55],"damage_taken":[{"damage":0,"enemies":"Jaw Worm","floor":1,"turns":2},{"damage":0,"enemies":"2 Louse","floor":4,"turns":2},{"damage":0,"enemies":"Cultist","floor":5,"turns":2},{"damage":0,"enemies":"HollowMod:MossKnight","floor":6,"turns":3},{"damage":3,"enemies":"Lots of Slimes","floor":7,"turns":2},{"damage":6,"enemies":"Gremlin Nob","floor":8,"turns":4},{"damage":11,"enemies":"3 Sentries","floor":10,"turns":5},{"damage":22,"enemies":"Gremlin Nob","floor":12,"turns":4},{"damage":0,"enemies":"Large Slime","floor":13,"turns":5},{"damage":6,"enemies":"HollowMod:MossKnight","floor":14,"turns":5},{"damage":29,"enemies":"Hexaghost","floor":16,"turns":7},{"damage":9,"enemies":"2 Thieves","floor":18,"turns":2},{"damage":0,"enemies":"Spheric Guardian","floor":20,"turns":3},{"damage":0,"enemies":"Centurion and Healer","floor":21,"turns":5},{"damage":11,"enemies":"Slavers","floor":24,"turns":3},{"damage":14,"enemies":"Shelled Parasite and Fungi","floor":27,"turns":3},{"damage":0,"enemies":"Gremlin Leader","floor":28,"turns":4},{"damage":0,"enemies":"Snecko","floor":29,"turns":3},{"damage":16,"enemies":"Sentry and Sphere","floor":30,"turns":4},{"damage":15,"enemies":"Book of Stabbing","floor":31,"turns":4},{"damage":41,"enemies":"Automaton","floor":33,"turns":8},{"damage":0,"enemies":"Orb Walker","floor":35,"turns":2},{"damage":22,"enemies":"3 Darklings","floor":36,"turns":4},{"damage":12,"enemies":"2 Orb Walkers","floor":38,"turns":2},{"damage":18,"enemies":"Reptomancer","floor":40,"turns":5},{"damage":26,"enemies":"Nemesis","floor":42,"turns":5},{"damage":0,"enemies":"Giant Head","floor":45,"turns":5},{"damage":0,"enemies":"Sphere and 2 Shapes","floor":46,"turns":2},{"damage":5,"enemies":"4 Shapes","floor":48,"turns":2},{"damage":56,"enemies":"Awakened One","floor":50,"turns":10},{"damage":37,"enemies":"Shield and Spear","floor":54,"turns":5},{"damage":111,"enemies":"The Heart","floor":55,"turns":8}],"seed_played":"-1785538567514444810","potions_obtained":[{"floor":1,"key":"BlessingOfTheForge"},{"floor":5,"key":"Ancient Potion"},{"floor":12,"key":"Regen Potion"},{"floor":13,"key":"SteroidPotion"},{"floor":14,"key":"GamblersBrew"},{"floor":18,"key":"SteroidPotion"},{"floor":21,"key":"SkillPotion"},{"floor":31,"key":"PowerPotion"},{"floor":33,"key":"Energy Potion"},{"floor":46,"key":"LiquidBronze"}],"is_trial":true,"path_per_floor":["M","?","?","M","M","E","M","E","T","E","R","E","M","E","R","B",null,"M","$","M","M","$","R","E","R","T","M","E","M","M","E","R","B",null,"M","M","$","?","?","E","R","E","T","$","E","M","R","M","R","B",null,"R","$","E","B",null],"character_chosen":"TheAdministrix","items_purchased":["Dramatic Entrance","Ice Cream","Membership Card","blazmod:FortifiedVigor","Bag of Marbles","CrushJoints","MastersStateliness+1","CeramicFish","Whetstone","Darkness","Loop+1","Regen Potion","AttackPotion","HornCleat","DollysMirror","Luminous:Lania_Blessing_Luminous+1","AdministrixMod:AmassedMasks","ColorlessPotion","LiquidBronze","Panache+1","AdministrixMod:RisingSunPrince"],"campfire_rested":0,"item_purchase_floors":[19,19,22,22,37,37,37,37,44,44,44,44,44,53,53,53,53,53,53,53,53],"current_hp_per_floor":[65,65,65,65,65,65,62,57,57,47,47,38,52,47,47,38,65,56,56,56,57,57,57,47,47,47,34,36,37,34,32,32,38,65,65,45,45,49,49,34,34,34,34,34,61,64,64,59,59,38,65,65,65,42,23],"gold":66,"neow_bonus":"","is_daily":false,"chose_seed":false,"campfire_upgraded":8,"win_rate":0.0,"timestamp":1612058733,"path_taken":["M","?","?","M","?","E","M","E","T","E","R","E","M","E","R","BOSS","M","$","M","M","$","R","E","R","T","M","E","M","M","E","R","BOSS","M","?","$","?","?","E","R","E","T","$","E","M","R","M","R","BOSS","R","$","E","BOSS"],"items_purchased_type":["Card","Relic","Relic","Card","Relic","Card","Card","Relic","Relic","Card","Card","Potion","Potion","Relic","Relic","Card","Card","Potion","Potion","Card","Card"],"build_version":"2020-12-22","purchased_purges":0,"victory":true,"max_hp_per_floor":[65,65,65,65,65,65,65,65,65,65,65,65,65,65,65,65,65,65,65,65,65,65,65,65,65,65,65,65,65,65,65,65,65,65,65,65,65,65,65,65,65,65,65,65,65,65,65,65,65,65,65,65,65,65,65],"card_choices":[{"not_picked":["Leap","hermit:Manifest"],"picked":"Poisoned Stab","floor":1},{"not_picked":["Luminous:Balance_Death_Scythe","RobotSpaceExplorer:SwiftStep"],"picked":"TheCursedMod:Stigma","floor":4},{"not_picked":["Luminous:Hero_Will_Luminous","Koishi:Prune"],"picked":"RobotSpaceExplorer:Probe","floor":5},{"not_picked":["Thunder Strike","Hyperbeam","DemonKingCradle"],"picked":"SKIP","floor":6},{"not_picked":["Koishi:SubconsciousSweep","Prostrate"],"picked":"hermit:Quickdraw","floor":7},{"not_picked":["blazmod:Setsuna","blazmod:PerennialBeauty","HollowMod:WhiteLadysBlessing"],"picked":"SKIP","floor":8},{"not_picked":["Koishi:RollingInRichesHeart","RobotSpaceExplorer:Explosion","Luminous:Mirror_Force_Luminous"],"picked":"SKIP","floor":10},{"not_picked":["Thunder Strike","hermit:Roughhouse","Vault"],"picked":"SKIP","floor":12},{"not_picked":["Compile Driver","RobotSpaceExplorer:SlimeMissile"],"picked":"Koishi:BloodcurdlingScream","floor":13},{"not_picked":["Blasphemy","TheCursedMod:ManaCirculation"],"picked":"Immolate","floor":14},{"not_picked":["HollowMod:GoodIntentions+1","Protect"],"picked":"Poisoned Stab","floor":18},{"not_picked":["Escape Plan","AdministrixMod:GuanyinBlessing"],"picked":"StarOfDavid","floor":20},{"not_picked":["hermit:BigShot","Underhanded Strike"],"picked":"Metallicize","floor":21},{"not_picked":["All For One","AdministrixMod:FearOfDeath","HollowMod:MidwifesHunger"],"picked":"SKIP","floor":24},{"not_picked":["blazmod:SidewaySolace","Koishi:PhantomBarrier","Koishi:HeartfeltFancy"],"picked":"SKIP","floor":27},{"not_picked":["Koishi:MindStellarRelief","Luminous:Freud_Wisdom1_Luminous","TheCursedMod:ShockAndAwe"],"picked":"SKIP","floor":28},{"not_picked":["Discovery","FlyingSleeves+1"],"picked":"RobotSpaceExplorer:Probe","floor":29},{"not_picked":["hermit:FullyLoaded","HollowMod:DescendingDark"],"picked":"Prepared","floor":30},{"not_picked":["Demon Form+1","Koishi:SilentAndRestless"],"picked":"Venomology","floor":31},{"not_picked":["hermit:EternalForm+1","The Bomb"],"picked":"HeartBreak","floor":33},{"not_picked":["Luminous:Lunar_Tide_Luminous+1","RobotSpaceExplorer:FrostMissile"],"picked":"HollowMod:CycloneSlash","floor":35},{"not_picked":["Leg Sweep+1","RobotSpaceExplorer:SurgingStrike+1"],"picked":"blazmod:WildButterfly+1","floor":36},{"not_picked":["Luminous:Abyss_Heart_Luminous+1","Perfected Strike+1"],"picked":"AdministrixMod:ImmortalPurity+1","floor":38},{"not_picked":["Mind Blast","Forethought"],"picked":"Secret Weapon","floor":39},{"not_picked":["Thunder Strike","Koishi:SilentAndRestless"],"picked":"HollowMod:ZotesMagnificence","floor":40},{"not_picked":["Koishi:TerrifyingSpectre+1","All For One"],"picked":"hermit:Gambit","floor":42},{"not_picked":["Koishi:ConfinedInnocent+1","Immolate"],"picked":"Secret Technique","floor":45},{"not_picked":["Go for the Eyes","TheCursedMod:TacticalStrike"],"picked":"StarOfDavid+1","floor":46},{"not_picked":["HollowMod:MothsMistake+1","Wild Strike+1"],"picked":"RobotSpaceExplorer:Ammunition","floor":48},{"not_picked":["TheCursedMod:UltimatePain","Chrysalis"],"picked":"Buffer+1","floor":54}],"player_experience":1156642,"relics_obtained":[{"floor":6,"key":"MawBank"},{"floor":8,"key":"Blue Candle"},{"floor":10,"key":"Meat on the Bone"},{"floor":12,"key":"ScarletDevilRocket"},{"floor":14,"key":"Old Coin"},{"floor":24,"key":"Toy Ornithopter"},{"floor":26,"key":"Frozen Egg 2"},{"floor":28,"key":"HollowMod:LifeEnderRelic"},{"floor":31,"key":"War Paint"},{"floor":34,"key":"Nunchaku"},{"floor":34,"key":"HollowMod:StagPassRelic"},{"floor":34,"key":"AdministrixMod:KeyOfKings"},{"floor":38,"key":"Bird Faced Urn"},{"floor":40,"key":"Pen Nib"},{"floor":42,"key":"AdministrixMod:CrackedTaijitu"},{"floor":43,"key":"Anchor"},{"floor":45,"key":"Kunai"},{"floor":54,"key":"Ornamental Fan"}],"event_choices":[{"damage_healed":0,"gold_gain":0,"player_choice":"Ignored","damage_taken":0,"max_hp_gain":0,"max_hp_loss":0,"event_name":"Golden Wing","floor":2,"gold_loss":0},{"damage_healed":0,"gold_gain":0,"player_choice":"Gave Potion","damage_taken":0,"relics_obtained":["Pantograph"],"max_hp_gain":0,"max_hp_loss":0,"event_name":"WeMeetAgain","floor":3,"gold_loss":0},{"damage_healed":0,"gold_gain":0,"player_choice":"Fight","damage_taken":0,"max_hp_gain":0,"max_hp_loss":0,"event_name":"Mysterious Sphere","floor":38,"gold_loss":0},{"damage_healed":0,"gold_gain":0,"player_choice":"Memory 1","damage_taken":0,"max_hp_gain":0,"max_hp_loss":0,"event_name":"SensoryStone","floor":39,"gold_loss":0}],"is_beta":false,"boss_relics":[{"not_picked":["Velvet Choker","Ectoplasm"],"picked":"Coffee Dripper"},{"not_picked":["Snecko Eye","Runic Dome"],"picked":"Calling Bell"}],"items_purged_floors":[],"is_endless":false,"potions_floor_spawned":[1,5,6,12,13,14,16,18,21,31,33,36,46,48],"ascension_level":0}}