{"host":"2tgyrzvaa7l04o2e","time":1612114924,"event":{"mods":["BaseMod","Highlight Path","Minty Spire (QoL Compilation)","Permanent Neow","Relic Stats"],"gold_per_floor":[117,136,151,151,170,205,205,237,237,256,290,290,290,306,306,378,378,392,317,367,367,292,318,335,335,335,353,380,380,380],"floor_reached":29,"language":"ENG","playtime":1337,"items_purged":["Strike_B+1"],"score":504,"play_id":"2989c675-e147-4f1a-81d5-f3ca4da178d5","local_time":"20210131184204","is_ascension_mode":true,"campfire_choices":[{"floor":7,"key":"REST"},{"floor":12,"key":"REST"},{"data":"White Noise","floor":15,"key":"SMITH"},{"floor":25,"key":"REST"}],"circlet_count":0,"master_deck":["AscendersBane","Strike_B+1","Strike_B+1","Defend_B+1","Defend_B+1","Defend_B+1","Defend_B+1","Zap","Dualcast","Cold Snap","Doom and Gloom","Compile Driver","Cold Snap","White Noise+1","Auto Shields","Hologram+1","Reboot","Coolheaded+1","Rainbow","Coolheaded"],"relics":["Cracked Core","Anchor","Sundial","Boot","Kunai","Singing Bowl","Potion Belt","Inserter","Pen Nib","Cables","War Paint"],"acts_visited":["Exordium","TheCity"],"potions_floor_usage":[5,5,8,16,23,24],"damage_taken":[{"damage":0,"enemies":"Jaw Worm","floor":1,"turns":3},{"damage":0,"enemies":"Small Slimes","floor":2,"turns":3},{"damage":4,"enemies":"Cultist","floor":3,"turns":4},{"damage":16,"enemies":"Exordium Wildlife","floor":5,"turns":4},{"damage":29,"enemies":"Lagavulin","floor":6,"turns":7},{"damage":24,"enemies":"Gremlin Nob","floor":8,"turns":4},{"damage":0,"enemies":"Large Slime","floor":10,"turns":5},{"damage":0,"enemies":"Lagavulin","floor":11,"turns":8},{"damage":0,"enemies":"Looter","floor":14,"turns":3},{"damage":22,"enemies":"Hexaghost","floor":16,"turns":15},{"damage":19,"enemies":"3 Byrds","floor":18,"turns":6},{"damage":38,"enemies":"Slavers","floor":23,"turns":6},{"damage":5,"enemies":"2 Thieves","floor":24,"turns":4},{"damage":4,"enemies":"Centurion and Healer","floor":27,"turns":11},{"damage":27,"enemies":"Book of Stabbing","floor":29,"turns":6}],"seed_played":"-1055096342088895322","potions_obtained":[{"floor":1,"key":"SteroidPotion"},{"floor":3,"key":"ColorlessPotion"},{"floor":6,"key":"Strength Potion"},{"floor":8,"key":"Weak Potion"},{"floor":11,"key":"Ancient Potion"},{"floor":18,"key":"FocusPotion"},{"floor":23,"key":"LiquidMemories"},{"floor":27,"key":"PowerPotion"}],"is_trial":false,"path_per_floor":["M","M","M","?","M","E","R","E","T","M","E","R","?","M","R","B",null,"M","?","?","?","$","E","M","R","T","M","T","E"],"character_chosen":"DEFECT","items_purchased":[],"campfire_rested":3,"item_purchase_floors":[],"current_hp_per_floor":[64,64,60,65,49,20,42,18,18,18,18,40,40,40,40,18,62,43,43,43,43,43,7,4,28,28,26,26,0,0],"gold":380,"neow_bonus":"RANDOM_COMMON_RELIC","is_daily":false,"chose_seed":false,"campfire_upgraded":1,"win_rate":0.0,"timestamp":1612114924,"path_taken":["M","M","M","?","M","E","R","E","T","M","E","R","?","M","R","BOSS","M","?","?","?","$","E","M","R","T","M","?","E"],"items_purchased_type":[],"build_version":"2020-12-22","purchased_purges":1,"victory":false,"max_hp_per_floor":[71,71,71,76,76,76,76,76,76,76,76,76,76,76,76,76,76,76,76,76,76,76,78,80,80,80,82,82,82,82],"relic_stats":{"Inserter":[16],"Singing Bowl":6,"counters":[15,89],"Sundial":[12],"Pen Nib":[2],"Kunai":[8],"War Paint":["Hologram","Coolheaded"],"Boot":[21],"obtain_stats":[{"Potion Belt":13,"Anchor":0,"Inserter":17,"Singing Bowl":11,"Sundial":6,"Pen Nib":23,"Kunai":9,"War Paint":28,"Cracked Core":0,"Boot":8,"Cables":26},{"Potion Belt":8,"Anchor":0,"Inserter":10,"Singing Bowl":8,"Sundial":5,"Pen Nib":12,"Kunai":6,"War Paint":14,"Cracked Core":0,"Boot":6,"Cables":13},{"Potion Belt":38,"Anchor":0,"Inserter":56,"Singing Bowl":38,"Sundial":21,"Pen Nib":68,"Kunai":25,"War Paint":83,"Cracked Core":0,"Boot":25,"Cables":72}],"Cables":[15,6,7,2,0]},"card_choices":[{"not_picked":["Capacitor","Gash"],"picked":"Cold Snap","floor":1},{"not_picked":["Skim","Lockon"],"picked":"Doom and Gloom","floor":2},{"not_picked":["Hologram","Rebound"],"picked":"Compile Driver","floor":3},{"not_picked":["Redo","Blizzard"],"picked":"Cold Snap","floor":5},{"not_picked":["BootSequence","Chill"],"picked":"White Noise","floor":6},{"not_picked":["Streamline","Heatsinks"],"picked":"Auto Shields","floor":8},{"not_picked":["Steam","Cold Snap"],"picked":"Hologram","floor":10},{"not_picked":["Compile Driver","Heatsinks"],"picked":"Reboot","floor":11},{"not_picked":["Hologram","Beam Cell"],"picked":"Coolheaded","floor":14},{"not_picked":["Thunder Strike","Machine Learning"],"picked":"Rainbow","floor":16},{"not_picked":["Gash","Fusion"],"picked":"Coolheaded","floor":18},{"not_picked":["Coolheaded","Leap","Gash"],"picked":"Singing Bowl","floor":23},{"not_picked":["Redo","Turbo","Static Discharge"],"picked":"Singing Bowl","floor":24},{"not_picked":["Beam Cell","Gash+1","Tempest"],"picked":"Singing Bowl","floor":27}],"player_experience":685500,"relics_obtained":[{"floor":6,"key":"Sundial"},{"floor":8,"key":"Boot"},{"floor":9,"key":"Kunai"},{"floor":11,"key":"Singing Bowl"},{"floor":23,"key":"Pen Nib"},{"floor":26,"key":"Cables"},{"floor":28,"key":"War Paint"}],"event_choices":[{"damage_healed":0,"gold_gain":0,"player_choice":"Donut","damage_taken":0,"max_hp_gain":5,"max_hp_loss":0,"event_name":"Big Fish","floor":4,"gold_loss":0},{"damage_healed":0,"gold_gain":0,"player_choice":"Gave Potion","damage_taken":0,"relics_obtained":["Potion Belt"],"max_hp_gain":0,"max_hp_loss":0,"event_name":"WeMeetAgain","floor":13,"gold_loss":0},{"cards_removed":["Strike_B"],"damage_healed":0,"gold_gain":0,"player_choice":"Gave Gold","damage_taken":0,"max_hp_gain":0,"max_hp_loss":0,"event_name":"Beggar","floor":19,"gold_loss":75},{"damage_healed":0,"gold_gain":50,"player_choice":"Stole From Cult","damage_taken":0,"max_hp_gain":0,"max_hp_loss":0,"event_name":"Nest","floor":20,"gold_loss":0},{"damage_healed":0,"gold_gain":0,"player_choice":"Simplicity","damage_taken":0,"max_hp_gain":0,"max_hp_loss":0,"event_name":"Back to Basics","floor":21,"gold_loss":0,"cards_upgraded":["Strike_B","Strike_B","Strike_B","Defend_B","Defend_B","Defend_B","Defend_B"]}],"is_beta":false,"boss_relics":[{"not_picked":["FrozenCore","Sozu"],"picked":"Inserter"}],"items_purged_floors":[22],"is_endless":false,"potions_floor_spawned":[1,3,6,8,11,18,23,27],"killed_by":"Book of Stabbing","ascension_level":15}}