{"host":"rwmcmr2m88k7tuzm","time":1612053166,"event":{"mods":["BaseMod","BetterRewards","Conspire","Downfall","Hubris","Infinite Spire","Minty Spire (QoL Compilation)","Quick Restart","Replay The Spire","Shop Mod","StSLib","SuperFastMode"],"gold_per_floor":[123,223,238,256,256,595,611,75,75,93,112,112,112,133,133,238,288,309,311,383,383,88,88,88,114,114,114,145,145,177,222,222,340,340,360,380,380,398,398],"floor_reached":38,"language":"ENG","playtime":1003,"items_purged":["Strike_R"],"score":491,"play_id":"c84e8998-2a48-462d-aad2-39b9044454b6","local_time":"20210131003245","is_ascension_mode":false,"campfire_choices":[{"data":"Apotheosis","floor":12,"key":"SMITH"},{"data":"Master of Strategy","floor":15,"key":"SMITH"},{"floor":23,"key":"REST"},{"data":"Replay:Many Hands","floor":29,"key":"SMITH"},{"floor":32,"key":"REST"}],"circlet_count":0,"master_deck":["Strike_R+1","Strike_R+1","Strike_R+1","Defend_R+1","Defend_R+1","Defend_R+1","Bash","Cleave","Inflame","Master of Strategy+1","Heavy Blade+1","Flex","ReplayTheSpireMod:Muscle Training","Cleave","Twin Strike","Flex+1","Apotheosis+1","Reaper","Replay:Many Hands+1","Cleave+1","Spot Weakness+1","Battle Trance","Double Tap","conspire:Banana"],"relics":["Burning Blood","Boot","infinitespire:Midas Blood","Old Coin","Lee\u0027s Waffle","hubris:SlimyHat","ReplayTheSpireMod:Ninjato","Tiny House","Mango","Bag of Preparation","hubris:Towel","Champion Belt","Orichalcum","Empty Cage"],"acts_visited":["Exordium","TheCity","TheBeyond"],"potions_floor_usage":[16,25,28,28,31,31],"damage_taken":[{"damage":2,"enemies":"2 Louse","floor":1,"turns":3},{"damage":1,"enemies":"Cultist","floor":3,"turns":3},{"damage":2,"enemies":"Jaw Worm","floor":4,"turns":3},{"damage":32,"enemies":"3 Sentries","floor":6,"turns":5},{"damage":0,"enemies":"Gremlin Gang","floor":7,"turns":1},{"damage":3,"enemies":"Looter","floor":10,"turns":2},{"damage":19,"enemies":"Blue Slaver","floor":11,"turns":3},{"damage":13,"enemies":"3 Louse","floor":14,"turns":2},{"damage":29,"enemies":"Slime Boss","floor":16,"turns":6},{"damage":33,"enemies":"Shell Parasite","floor":18,"turns":5},{"damage":35,"enemies":"3 Byrds","floor":20,"turns":4},{"damage":37,"enemies":"Centurion and Healer","floor":25,"turns":3},{"damage":1,"enemies":"conspire:Head Lice","floor":28,"turns":4},{"damage":31,"enemies":"Snake Plant","floor":30,"turns":4},{"damage":19,"enemies":"Nightmare","floor":31,"turns":6},{"damage":85,"enemies":"Automaton","floor":33,"turns":7},{"damage":17,"enemies":"Orb Walker","floor":35,"turns":3},{"damage":16,"enemies":"3 Darklings","floor":36,"turns":3},{"damage":116,"enemies":"2 Orb Walkers","floor":38,"turns":4}],"seed_played":"-6074642491252822478","potions_obtained":[{"floor":1,"key":"Elixir"},{"floor":6,"key":"ColorlessPotion"},{"floor":10,"key":"SteroidPotion"},{"floor":16,"key":"GamblersBrew"},{"floor":17,"key":"LiquidBronze"},{"floor":25,"key":"Weak Potion"},{"floor":28,"key":"SteroidPotion"}],"is_trial":false,"path_per_floor":["M","?","M","M","?","E","M","$","T","M","M","R","?","M","R","B",null,"M","?","M","?","$","R","?","M","T","?","E","R","M","NM","R","B",null,"M","M","?","?"],"character_chosen":"IRONCLAD","items_purchased":["Boot","Cleave","Inflame","Master of Strategy","infinitespire:Midas Blood","Heavy Blade+1","Flex","Weak Potion","Lee\u0027s Waffle","Apotheosis","hubris:SlimyHat","Mango"],"campfire_rested":2,"item_purchase_floors":[0,0,0,0,0,0,0,0,8,8,8,22],"current_hp_per_floor":[48,48,53,57,57,31,37,87,87,87,74,74,74,77,77,59,92,65,47,33,33,47,80,80,61,61,61,92,92,67,54,87,32,111,100,90,90,0,0],"gold":398,"neow_bonus":"","is_daily":false,"chose_seed":false,"campfire_upgraded":3,"win_rate":0.0,"timestamp":1612053165,"path_taken":["M","?","M","?","?","E","M","$","T","?","?","R","?","M","R","BOSS","M","?","M","?","$","R","?","M","T","?","E","R","M","NM","R","BOSS","M","M","?","?"],"items_purchased_type":["Relic","Card","Card","Card","Relic","Card","Card","Potion","Relic","Card","Relic","Relic"],"build_version":"2020-12-22","purchased_purges":1,"victory":false,"max_hp_per_floor":[80,80,80,80,80,80,80,87,87,87,87,87,87,87,87,87,92,92,97,97,97,111,111,111,111,111,111,111,111,111,111,111,111,111,111,111,111,113,113],"card_choices":[{"not_picked":["Blood for Blood","Carnage"],"picked":"ReplayTheSpireMod:Muscle Training","floor":1},{"not_picked":["Wild Strike","Heavy Blade"],"picked":"Cleave","floor":3},{"not_picked":["Power Through","Searing Blow"],"picked":"Twin Strike","floor":4},{"not_picked":["Clothesline","ReplayTheSpireMod:Muscle Training"],"picked":"Flex","floor":6},{"not_picked":["conspire:Purge","Iron Wave","Pommel Strike"],"picked":"SKIP","floor":7},{"not_picked":["Replay:Undeath\u0027s Touch","Burning Pact","Clothesline"],"picked":"SKIP","floor":10},{"not_picked":["Clothesline","Clash"],"picked":"Reaper","floor":11},{"not_picked":["Clothesline","Pommel Strike","Heavy Blade"],"picked":"SKIP","floor":14},{"not_picked":["Bludgeon","Fiend Fire"],"picked":"Replay:Many Hands","floor":16},{"not_picked":["Dual Wield+1","Searing Blow","Feel No Pain"],"picked":"SKIP","floor":18},{"not_picked":["Sword Boomerang","Shrug It Off+1"],"picked":"Cleave+1","floor":20},{"not_picked":["True Grit","Shrug It Off"],"picked":"Spot Weakness+1","floor":25},{"not_picked":["Eclipse","Sentinel"],"picked":"Battle Trance","floor":28},{"not_picked":["Body Slam","Combust","Perfected Strike"],"picked":"SKIP","floor":30},{"not_picked":["Pommel Strike","Demonic Infusion","ReplayTheSpireMod:Strike From Hell+1"],"picked":"SKIP","floor":31},{"not_picked":["conspire:HitWhereItHurts","Barricade"],"picked":"Double Tap","floor":33},{"not_picked":["True Grit","Anger","Iron Wave"],"picked":"SKIP","floor":35},{"not_picked":["Headbutt","Ghostly Armor+1","Shrug It Off"],"picked":"SKIP","floor":36},{"not_picked":["Flash of Steel","Enlightenment"],"picked":"conspire:Banana","floor":37}],"player_experience":170930,"relics_obtained":[{"floor":6,"key":"Old Coin"},{"floor":9,"key":"ReplayTheSpireMod:Ninjato"},{"floor":26,"key":"Bag of Preparation"},{"floor":28,"key":"Champion Belt"},{"floor":31,"key":"Orichalcum"}],"event_choices":[{"damage_healed":0,"gold_gain":100,"player_choice":"Pray","damage_taken":0,"max_hp_gain":0,"max_hp_loss":0,"event_name":"Golden Shrine","floor":2,"gold_loss":0},{"damage_healed":0,"gold_gain":0,"player_choice":"Ignored","damage_taken":0,"max_hp_gain":0,"max_hp_loss":0,"event_name":"NoteForYourself","floor":5,"gold_loss":0},{"damage_healed":0,"gold_gain":0,"player_choice":"Leave","damage_taken":0,"max_hp_gain":0,"max_hp_loss":0,"event_name":"conspire:Investor","floor":13,"gold_loss":0},{"damage_healed":0,"gold_gain":0,"player_choice":"Shed Blood","damage_taken":23,"max_hp_gain":5,"max_hp_loss":0,"event_name":"Forgotten Altar","floor":19,"gold_loss":0},{"damage_healed":0,"gold_gain":0,"player_choice":"Simplicity","damage_taken":0,"max_hp_gain":0,"max_hp_loss":0,"event_name":"Back to Basics","floor":21,"gold_loss":0,"cards_upgraded":["Strike_R","Strike_R","Strike_R","Strike_R","Defend_R","Defend_R","Defend_R","Defend_R"]},{"damage_healed":0,"gold_gain":0,"player_choice":"Memory 1","damage_taken":0,"max_hp_gain":0,"max_hp_loss":0,"event_name":"SensoryStone","floor":37,"gold_loss":0},{"damage_healed":0,"gold_gain":0,"player_choice":"Fight","damage_taken":0,"max_hp_gain":0,"max_hp_loss":0,"event_name":"Mysterious Sphere","floor":38,"gold_loss":0}],"is_beta":false,"boss_relics":[{"not_picked":["hubris:TerracottaHorce","Replay:Ancient Bell"],"picked":"Tiny House"},{"not_picked":["Astrolabe","hubris:VirtuousBlindfold"],"picked":"Empty Cage"}],"items_purged_floors":[8],"is_endless":true,"potions_floor_spawned":[1,6,10,16,18,25,28],"killed_by":"2 Orb Walkers","ascension_level":0}}