{"host":"lfvf97io7xuhaz8c","time":1612113255,"event":{"mods":["2.2 Compatiblity","BaseMod","Bestiary","Colored Map","Colored Powertips","Curses Come First","Highlight Path","Minty Spire (QoL Compilation)","Relic Stats","StSLib","SuperFastMode"],"gold_per_floor":[310,327,39,58,78,78,78,78],"floor_reached":7,"language":"FRA","playtime":481,"items_purged":["Strike_R"],"score":58,"play_id":"3a6c19bd-8402-448a-a062-467477fe1451","local_time":"20210131181415","is_ascension_mode":true,"campfire_choices":[{"data":"Seeing Red","floor":6,"key":"SMITH"}],"circlet_count":0,"master_deck":["Strike_R","Strike_R","Strike_R","Strike_R","Defend_R","Defend_R","Defend_R","Defend_R","Bash","Fire Breathing","True Grit","Armaments","Fire Breathing","Dual Wield","Seeing Red+1"],"relics":["Burning Blood","Old Coin"],"acts_visited":["Exordium"],"potions_floor_usage":[5,7,7],"damage_taken":[{"damage":6,"enemies":"Cultist","floor":1,"turns":4},{"damage":1,"enemies":"Small Slimes","floor":2,"turns":4},{"damage":1,"enemies":"2 Louse","floor":4,"turns":3},{"damage":5,"enemies":"Large Slime","floor":5,"turns":7},{"damage":123,"enemies":"Gremlin Nob","floor":7,"turns":7}],"seed_played":"-2650480877160142238","potions_obtained":[{"floor":1,"key":"PowerPotion"},{"floor":4,"key":"GamblersBrew"}],"is_trial":false,"path_per_floor":["M","M","$","M","M","R","E"],"character_chosen":"IRONCLAD","items_purchased":["DistilledChaos","BloodPotion","Armaments","Fire Breathing"],"campfire_rested":0,"item_purchase_floors":[3,3,3,3],"current_hp_per_floor":[72,77,77,80,80,80,0,0],"gold":78,"neow_bonus":"ONE_RARE_RELIC","is_daily":false,"chose_seed":false,"campfire_upgraded":1,"win_rate":0.0,"timestamp":1612113255,"path_taken":["M","M","$","M","M","R","E"],"items_purchased_type":["Potion","Potion","Card","Card"],"build_version":"2020-12-22","purchased_purges":1,"victory":false,"max_hp_per_floor":[80,80,80,80,80,80,80,80],"relic_stats":{"counters":[5,25],"obtain_stats":[{"Burning Blood":0,"Old Coin":0},{"Burning Blood":0,"Old Coin":0},{"Burning Blood":0,"Old Coin":0}],"Burning Blood":21},"card_choices":[{"not_picked":["Hemokinesis","Havoc"],"picked":"Fire Breathing","floor":1},{"not_picked":["Clothesline","Perfected Strike"],"picked":"True Grit","floor":2},{"not_picked":["Warcry","Twin Strike"],"picked":"Dual Wield","floor":4},{"not_picked":["Dual Wield","Combust"],"picked":"Seeing Red","floor":5}],"player_experience":1482129,"relics_obtained":[],"event_choices":[],"is_beta":false,"boss_relics":[],"items_purged_floors":[3],"is_endless":false,"potions_floor_spawned":[1,4],"killed_by":"Gremlin Nob","ascension_level":7}}