{"host":"vf63mcydhpkptnpw","time":1612116503,"event":{"mods":["BaseMod","Downfall","Minty Spire (QoL Compilation)","StSLib"],"gold_per_floor":[99,113,0,20,20,49,95,111,128,128,140,40,40,57,68,68,68,68],"floor_reached":16,"language":"ENG","playtime":1193,"items_purged":["Guardian:Defend_Guardian"],"score":104,"play_id":"e516e8e8-228f-4755-91fb-3dd0ac457421","local_time":"20210131190823","is_ascension_mode":false,"campfire_choices":[{"floor":1,"key":"RECALL"},{"floor":12,"key":"REST"}],"circlet_count":0,"master_deck":["Guardian:Strike_Guardian","Guardian:Strike_Guardian","Guardian:Strike_Guardian","Guardian:Defend_Guardian","Guardian:Defend_Guardian","Guardian:CurlUp","Guardian:TwinSlam","Guardian:GatlingBeam","Guardian:CrystalBeam","Guardian:PrismaticBarrier","Guardian:GatlingBeam","Guardian:TemporalStrike","Guardian:Gem_Blue","Guardian:TimeBomb"],"relics":["Guardian:ModeShifter","Ornamental Fan","downfall:HeartBlessingRed","downfall:BrokenWingStatue"],"acts_visited":["Exordium"],"potions_floor_usage":[6,16,16,16],"damage_taken":[{"damage":0,"enemies":"Cultist","floor":2,"turns":4},{"damage":5,"enemies":"downfall:FleeingMerchant","floor":3,"turns":4},{"damage":11,"enemies":"Jaw Worm","floor":4,"turns":3},{"damage":20,"enemies":"Lagavulin","floor":6,"turns":7},{"damage":1,"enemies":"Small Slimes","floor":8,"turns":4},{"damage":18,"enemies":"Lots of Slimes","floor":9,"turns":4},{"damage":9,"enemies":"Gremlin Gang","floor":11,"turns":7},{"damage":0,"enemies":"Large Slime","floor":14,"turns":4},{"damage":8,"enemies":"Exordium Thugs","floor":15,"turns":4},{"damage":36,"enemies":"SI_SHIV_ARCHETYPE","floor":16,"turns":11}],"seed_played":"6160747739249608757","potions_obtained":[{"floor":2,"key":"FearPotion"},{"floor":8,"key":"SteroidPotion"},{"floor":11,"key":"BlessingOfTheForge"},{"floor":14,"key":"Guardian:BlockOnCardUsePotion"},{"floor":15,"key":"Block Potion"}],"is_trial":false,"path_per_floor":["R","M","$","M","?","E","T","M","M","?","M","R","?","M","M","B"],"character_chosen":"GUARDIAN","items_purchased":["Guardian:Gem_Green"],"campfire_rested":1,"item_purchase_floors":[3],"current_hp_per_floor":[80,80,75,64,64,44,44,43,25,25,16,40,40,40,32,0,0,0],"gold":68,"neow_bonus":"ONE_RANDOM_RARE_CARD","is_daily":false,"chose_seed":false,"campfire_upgraded":0,"win_rate":0.0,"timestamp":1612116503,"path_taken":["R","M","$","M","?","E","T","?","M","?","M","R","?","M","M","BOSS"],"items_purchased_type":["Card"],"build_version":"2020-12-22","purchased_purges":1,"victory":false,"max_hp_per_floor":[80,80,80,80,80,80,80,80,80,80,80,80,80,80,80,80,80,80],"card_choices":[{"not_picked":["Guardian:Planning","Guardian:BronzeArmor"],"picked":"Guardian:CrystalBeam","floor":2},{"not_picked":["Guardian:Gem_Cyan","Guardian:BaubleBeam"],"picked":"Guardian:Gem_White","floor":3},{"not_picked":["Guardian:Harden","Guardian:Recover"],"picked":"Guardian:PrismaticBarrier","floor":4},{"not_picked":["Guardian:Gem_Green","Guardian:PrismaticBeam"],"picked":"Guardian:Gem_Cyan","floor":6},{"not_picked":["Guardian:Harden","Guardian:Planning"],"picked":"Guardian:GatlingBeam","floor":8},{"not_picked":["Guardian:Recover","Guardian:PrismaticBeam","Guardian:WalkerClaw"],"picked":"SKIP","floor":9},{"not_picked":["Guardian:Recover","Guardian:RollAttack"],"picked":"Guardian:TemporalStrike","floor":11},{"not_picked":["Guardian:VentSteam","Guardian:Emergency"],"picked":"Guardian:Gem_Blue","floor":14},{"not_picked":["Guardian:Gem_Green","Guardian:BaubleBeam"],"picked":"Guardian:TimeBomb","floor":15}],"player_experience":282701,"relics_obtained":[{"floor":6,"key":"Ornamental Fan"}],"event_choices":[{"cards_removed":["Guardian:Strike_Guardian"],"damage_healed":0,"gold_gain":0,"player_choice":"Card Removal","damage_taken":0,"max_hp_gain":0,"max_hp_loss":0,"event_name":"Wheel of Change","floor":5,"gold_loss":0}],"is_beta":false,"boss_relics":[],"items_purged_floors":[3],"is_endless":false,"potions_floor_spawned":[2,8,11,14,15],"killed_by":"SI_SHIV_ARCHETYPE","ascension_level":0}}