{"host":"fdq5pmhluajjrf8d","time":1612129746,"event":{"mods":["BaseMod","Minty Spire (QoL Compilation)"],"gold_per_floor":[112,132,143,143,154,183,183,183,237,312,326,326,93,118,118,118,118],"floor_reached":16,"language":"ENG","playtime":344,"items_purged":["Parasite"],"score":220,"play_id":"a129fe0e-0f12-4f74-b07a-46f9354eca39","local_time":"20210131164906","is_ascension_mode":true,"campfire_choices":[{"floor":7,"key":"REST"},{"floor":15,"key":"REST"}],"circlet_count":0,"master_deck":["AscendersBane","Strike_B","Strike_B","Strike_B","Strike_B","Defend_B","Defend_B","Defend_B","Zap","Dualcast","Redo","Conserve Battery","Ball Lightning","Defragment","Madness"],"relics":["Cracked Core","Matryoshka","Smiling Mask","DataDisk","Potion Belt"],"acts_visited":["Exordium"],"potions_floor_usage":[6,14,16],"damage_taken":[{"damage":2,"enemies":"Jaw Worm","floor":1,"turns":3},{"damage":0,"enemies":"Small Slimes","floor":2,"turns":2},{"damage":3,"enemies":"2 Louse","floor":3,"turns":4},{"damage":11,"enemies":"Looter","floor":5,"turns":3},{"damage":44,"enemies":"Gremlin Nob","floor":6,"turns":4},{"damage":7,"enemies":"3 Louse","floor":11,"turns":3},{"damage":23,"enemies":"Lagavulin","floor":14,"turns":5},{"damage":30,"enemies":"Slime Boss","floor":16,"turns":5}],"seed_played":"-2240903062522616866","potions_obtained":[{"floor":1,"key":"AttackPotion"},{"floor":6,"key":"ColorlessPotion"},{"floor":11,"key":"Fire Potion"}],"is_trial":false,"path_per_floor":["M","M","M","?","M","E","R","?","T","?","M","?","$","E","R","B"],"character_chosen":"DEFECT","items_purchased":["Defragment","Madness"],"campfire_rested":2,"item_purchase_floors":[13,13],"current_hp_per_floor":[69,69,66,59,48,4,27,46,46,35,28,28,28,5,27,0,0],"gold":118,"neow_bonus":"TEN_PERCENT_HP_BONUS","is_daily":false,"chose_seed":false,"campfire_upgraded":0,"win_rate":0.0,"timestamp":1612129746,"path_taken":["M","M","M","?","M","E","R","?","T","?","M","?","$","E","R","BOSS"],"items_purchased_type":["Card","Card"],"build_version":"2020-12-22","purchased_purges":1,"victory":false,"max_hp_per_floor":[78,78,78,78,78,78,78,78,78,78,78,78,75,75,75,75,75],"card_choices":[{"not_picked":["White Noise","Sweeping Beam"],"picked":"Redo","floor":1},{"not_picked":["Barrage","Blizzard"],"picked":"Conserve Battery","floor":2},{"not_picked":["Go for the Eyes","Blizzard","Rebound"],"picked":"SKIP","floor":3},{"not_picked":["Turbo","Reprogram","Redo"],"picked":"SKIP","floor":5},{"not_picked":["Rebound","Recycle","Redo"],"picked":"SKIP","floor":6},{"not_picked":["FTL","Coolheaded"],"picked":"Ball Lightning","floor":11},{"not_picked":["Fusion","Genetic Algorithm","Rebound"],"picked":"SKIP","floor":14}],"player_experience":1956498,"relics_obtained":[{"floor":6,"key":"Matryoshka"},{"floor":9,"key":"Smiling Mask"},{"floor":9,"key":"DataDisk"},{"floor":14,"key":"Potion Belt"}],"event_choices":[{"cards_removed":["Defend_B"],"damage_healed":0,"gold_gain":0,"player_choice":"Card Removal","damage_taken":7,"max_hp_gain":0,"max_hp_loss":0,"event_name":"Golden Wing","floor":4,"gold_loss":0},{"damage_healed":19,"gold_gain":0,"player_choice":"Healed and dodged fight","damage_taken":0,"max_hp_gain":0,"max_hp_loss":0,"event_name":"Mushrooms","floor":8,"gold_loss":0,"cards_obtained":["Parasite"]},{"damage_healed":0,"gold_gain":75,"player_choice":"Gather Gold","damage_taken":11,"max_hp_gain":0,"max_hp_loss":0,"event_name":"World of Goop","floor":10,"gold_loss":0},{"damage_healed":0,"gold_gain":0,"player_choice":"Ignored","damage_taken":0,"max_hp_gain":0,"max_hp_loss":0,"event_name":"Shining Light","floor":12,"gold_loss":0}],"is_beta":false,"boss_relics":[],"items_purged_floors":[13],"is_endless":false,"potions_floor_spawned":[1,6,11],"killed_by":"Slime Boss","ascension_level":20}}