{"host":"rq7gz685gkaokql0","time":1612071164,"event":{"mods":["BaseMod","Hubris","Infinite Spire","Minty Spire (QoL Compilation)","Replay The Spire","StSLib"],"gold_per_floor":[117,117,117,117,54,54,64,98,166,180,195,158,192,192,192,192,192],"floor_reached":16,"language":"ENG","playtime":731,"items_purged":[],"score":220,"play_id":"158325c8-4d43-440a-822f-0fd7a2856202","local_time":"20210130193244","is_ascension_mode":true,"campfire_choices":[{"floor":6,"key":"REST"},{"floor":15,"key":"REST"}],"circlet_count":0,"master_deck":["AscendersBane","Strike_R","Strike_R","Strike_R","Strike_R","Strike_R","Defend_R","Defend_R+1","Defend_R","Defend_R","Bash","Reckless Charge","Pommel Strike","Pot Of Greed","Pot Of Greed","Life Link+1","Armaments+1","hubris:StunningStrike","Uppercut","Cleave+1","Whirlwind","hubris:NaturalOne","Carnage"],"relics":["Burning Blood","hubris:Icosahedron","Grinning Jar","Gremlin Food","Pet Ghost","Replay:Bottled Flurry","Strawberry"],"acts_visited":["Exordium"],"potions_floor_usage":[13],"damage_taken":[{"damage":0,"enemies":"Small Slimes","floor":1,"turns":2},{"damage":0,"enemies":"2 Louse","floor":7,"turns":2},{"damage":31,"enemies":"Lagavulin","floor":8,"turns":6},{"damage":1,"enemies":"Cultist","floor":10,"turns":4},{"damage":7,"enemies":"Blue Slaver","floor":11,"turns":4},{"damage":12,"enemies":"Gremlin Gang","floor":12,"turns":4},{"damage":37,"enemies":"3 Sentries","floor":13,"turns":7},{"damage":31,"enemies":"Hexaghost","floor":16,"turns":10}],"seed_played":"-185066187245714548","potions_obtained":[{"floor":1,"key":"Swift Potion"},{"floor":8,"key":"BlessingOfTheForge"}],"is_trial":false,"path_per_floor":["M","?","?","?","$","R","M","E","T","M","M","M","E","?","R","B"],"character_chosen":"IRONCLAD","items_purchased":["Life Link+1"],"campfire_rested":2,"item_purchase_floors":[5],"current_hp_per_floor":[74,74,63,63,63,75,75,50,50,55,54,48,24,24,48,17,17],"gold":192,"neow_bonus":"THREE_CARDS","is_daily":false,"chose_seed":false,"campfire_upgraded":0,"win_rate":0.0,"timestamp":1612071164,"path_taken":["M","?","?","?","$","R","M","E","T","M","?","M","E","?","R","BOSS"],"items_purchased_type":["Card"],"build_version":"2020-12-22","purchased_purges":0,"victory":false,"max_hp_per_floor":[75,75,75,75,75,75,75,75,75,75,75,75,82,82,82,82,82],"card_choices":[{"not_picked":["Rupture","Rage"],"picked":"Reckless Charge","floor":0},{"not_picked":["ReplayTheSpireMod:Strike From Hell","Shrug It Off"],"picked":"Pommel Strike","floor":1},{"not_picked":["Sword Boomerang","Warcry"],"picked":"Armaments","floor":7},{"not_picked":["Defy Death","Power Through"],"picked":"hubris:StunningStrike","floor":8},{"not_picked":["Battle Trance","True Grit"],"picked":"Uppercut","floor":10},{"not_picked":["ReplayTheSpireMod:Limb From Limb","Evolve"],"picked":"Cleave","floor":11},{"not_picked":["hubris:ReadiedAction","Run Through"],"picked":"Whirlwind","floor":12},{"not_picked":["Blood for Blood","Replay:Undeath\u0027s Touch"],"picked":"Carnage","floor":13}],"player_experience":1226320,"relics_obtained":[{"floor":4,"key":"Gremlin Food"},{"floor":8,"key":"Pet Ghost"},{"floor":9,"key":"Replay:Bottled Flurry"},{"floor":13,"key":"Strawberry"}],"event_choices":[{"damage_healed":0,"gold_gain":0,"player_choice":"Success","damage_taken":11,"relics_obtained":["Grinning Jar"],"max_hp_gain":0,"max_hp_loss":0,"event_name":"Scrap Ooze","floor":3,"gold_loss":0},{"damage_healed":0,"gold_gain":0,"player_choice":"Relic","damage_taken":0,"max_hp_gain":0,"max_hp_loss":0,"event_name":"Wheel of Change","floor":4,"gold_loss":0},{"damage_healed":0,"gold_gain":0,"player_choice":"Upgraded","damage_taken":0,"max_hp_gain":0,"max_hp_loss":0,"event_name":"Upgrade Shrine","floor":14,"gold_loss":0,"cards_upgraded":["Armaments"]}],"is_beta":false,"boss_relics":[],"items_purged_floors":[],"is_endless":false,"potions_floor_spawned":[1,8],"killed_by":"Hexaghost","ascension_level":20}}