{"host":"34kve6bedbwpq90u","time":1612103596,"event":{"mods":["100% Spire Juice","AchievementEnabler","Arknights","BaseMod","BetterRewards","Colored Map","Custom Start","Decade(王小明)","Defuse TimeMaze Blight","Downfall","Friendly Minions","GifTheSpireLib","HexUI Lib","Minty Spire (QoL Compilation)","MostiFishMod","Quarter Circle Forward PUNCH!","RumiaBox-露米娅的神秘盒子","Ryuuou龙王","Shop Mod","Spicy Shops","StSLib","TestMod","The Fake Hero","Waifu the Spire","WarShipGirlsR/战舰少女R mod"],"gold_per_floor":[114,125,285,89,108,139,153,14,14,14,27,17,32,52,52,148,148,162,162,17,17,33,33,68,68,68,68,87,87,113,129,129,229,109,124,14,14,26,71,71,87,116,143,18,0,0,0,0,0,0],"floor_reached":51,"language":"ZHS","playtime":1722,"items_purged":["Moonworks:Defend","Moonworks:Strike","Moonworks:SealedMemories+1"],"score":915,"play_id":"980536a8-e722-4908-85e8-0924ad86a90b","local_time":"20210131223316","is_ascension_mode":false,"campfire_choices":[{"data":"Moonworks:Ambush","floor":10,"key":"SMITH"},{"data":"Moonworks:Defend","floor":15,"key":"SMITH"},{"data":"Moonworks:Strike","floor":23,"key":"SMITH"},{"data":"Moonworks:LongDistanceShot","floor":25,"key":"SMITH"},{"floor":32,"key":"REST"},{"data":"Moonworks:Defend","floor":40,"key":"SMITH"},{"data":"Moonworks:Strike","floor":47,"key":"SMITH"},{"floor":49,"key":"REST"}],"circlet_count":0,"master_deck":["Moonworks:Strike+1","Moonworks:Strike+1","Moonworks:Strike+1","Moonworks:Defend+1","Moonworks:Defend+1","Moonworks:Defend+1","Moonworks:Ambush+1","Moonworks:JonathanRush+1","Moonworks:LuckyCharm+1","Moonworks:MeltingMemories+1","Moonworks:DeployBits+1","Moonworks:CloudOfSeagulls+1","Moonworks:BigBangBell+1","Moonworks:SakisCookie+1","Moonworks:SakisCookie+1","Moonworks:JonathanRush+1","Moonworks:JonathanRush+1","Moonworks:DeployBits+1","Moonworks:Encore+1","Moonworks:NicePresent+1","Moonworks:JonathanRush+1","Moonworks:CloudOfSeagulls+1","Moonworks:Bloodlust+1","Moonworks:ScrambledEve+1","Moonworks:EvilSpyWorkPreparation+1","Moonworks:CloudOfSeagulls+1","Moonworks:EvilSpyWorkPreparation+1","Moonworks:PlushieMaster+1","Moonworks:EvilSpyWorkPreparation+1","Moonworks:AccelHyper+1","Moonworks:EvilSpyWorkPreparation+1","Moonworks:JonathanRush+1","Moonworks:MiracleRedBeanIceCream+1"],"relics":["Moonworks:BrokenBomb","Moonworks:Homemark","DaveBox","DianPoetry","testmod-EqualTreatment","Frozen Egg 2","Molten Egg 2","Toxic Egg 2","Black Star","SynthV:TestCard","hexamod:BolsterEngine","Blue Candle","testmod-TurbochargingSystem","RhineSuit","qcfpunch:Necklace_of_Skulls","GodSword3","Pen Nib","Bottled Tornado","testmod-InjuryResistance","HereWithMe","ZombieArmy","qcfpunch:Not_Strongest_Fighting_Style_Guidebook","Ancient Tea Set","Red Mask"],"acts_visited":["Exordium","TheCity","TheBeyond"],"potions_floor_usage":[30],"damage_taken":[{"damage":0,"enemies":"Small Slimes","floor":1,"turns":2},{"damage":6,"enemies":"Jaw Worm","floor":2,"turns":3},{"damage":0,"enemies":"Cultist","floor":5,"turns":2},{"damage":4,"enemies":"Gremlin Nob","floor":6,"turns":3},{"damage":12,"enemies":"2 Fungi Beasts","floor":7,"turns":2},{"damage":11,"enemies":"Blue Slaver","floor":11,"turns":2},{"damage":0,"enemies":"Large Slime","floor":13,"turns":3},{"damage":0,"enemies":"2 Fungi Beasts","floor":14,"turns":1},{"damage":0,"enemies":"Slime Boss","floor":16,"turns":4},{"damage":0,"enemies":"2 Thieves","floor":18,"turns":1},{"damage":10,"enemies":"Shell Parasite","floor":22,"turns":2},{"damage":24,"enemies":"Book of Stabbing","floor":24,"turns":3},{"damage":5,"enemies":"Snake Plant","floor":28,"turns":2},{"damage":28,"enemies":"Slavers","floor":30,"turns":3},{"damage":18,"enemies":"3 Cultists","floor":31,"turns":4},{"damage":4,"enemies":"Champ","floor":33,"turns":4},{"damage":0,"enemies":"3 Shapes","floor":35,"turns":2},{"damage":0,"enemies":"Orb Walker","floor":36,"turns":2},{"damage":16,"enemies":"Writhing Mass","floor":38,"turns":4},{"damage":0,"enemies":"Sphere and 2 Shapes","floor":41,"turns":2},{"damage":10,"enemies":"Giant Head","floor":42,"turns":5},{"damage":0,"enemies":"Donu and Deca","floor":50,"turns":3}],"seed_played":"-6395341795396811855","potions_obtained":[{"floor":5,"key":"Fire Potion"},{"floor":6,"key":"GamblersBrew"},{"floor":11,"key":"Strength Potion"},{"floor":28,"key":"DuplicationPotion"},{"floor":30,"key":"Regen Potion"}],"is_trial":true,"path_per_floor":["M","M","?","$","M","E","M","$","T","R","M","?","M","M","R","B",null,"M","?","$","?","M","R","E","R","T","?","M","?","E","M","R","B",null,"M","M","?","M","T","R","M","E","T","$","?","?","R","?","R","B",null],"character_chosen":"THE_STARBREAKER","items_purchased":["Moonworks:MeltingMemories+1","Moonworks:BigBangBell+1","Moonworks:JonathanRush+1"],"campfire_rested":2,"item_purchase_floors":[4,8,20],"current_hp_per_floor":[60,54,54,54,54,50,38,38,38,38,27,27,30,30,30,36,60,60,60,60,60,55,55,47,47,47,47,45,45,37,34,52,60,60,60,60,60,60,60,60,60,60,60,60,60,60,60,60,60,60],"gold":0,"neow_bonus":"","is_daily":false,"chose_seed":false,"campfire_upgraded":6,"win_rate":0.0,"timestamp":1612103596,"path_taken":["M","M","?","$","M","E","M","$","T","R","M","?","M","M","R","BOSS","M","?","$","?","M","R","E","R","T","?","M","?","E","M","R","BOSS","M","M","?","?","?","R","M","E","T","$","?","?","R","?","R","BOSS"],"items_purchased_type":["Card","Card","Card"],"build_version":"2020-12-22","purchased_purges":3,"victory":true,"max_hp_per_floor":[60,60,60,60,60,60,60,60,60,60,60,60,60,60,60,60,60,60,60,60,60,60,60,60,60,60,60,60,60,60,60,60,60,60,60,60,60,60,60,60,60,60,60,60,60,60,60,60,60,60],"card_choices":[{"not_picked":["Moonworks:LulusLuckyEgg+1","Moonworks:DeployBits+1"],"picked":"Moonworks:JonathanRush+1","floor":1},{"not_picked":["Moonworks:BigMagnum+1","Moonworks:CastOff+1","Moonworks:LulusLuckyEgg+1","Moonworks:BeyondHell+1"],"picked":"Moonworks:LuckyCharm+1","floor":2},{"not_picked":["Moonworks:NicePresent+1","Moonworks:BigMagnum+1","Moonworks:LulusLuckyEgg+1","Moonworks:SakisCookie+1"],"picked":"Moonworks:DeployBits+1","floor":5},{"not_picked":["Moonworks:SweetBattle+1","Moonworks:NicePresent+1","Moonworks:CastOff+1","Moonworks:ImOnFire+1"],"picked":"Moonworks:SealedMemories+1","floor":6},{"not_picked":["Moonworks:IndiscriminateFireSupport+1","Moonworks:BigMagnum+1","Moonworks:CastOff+1","Moonworks:DeployBits+1"],"picked":"Moonworks:CloudOfSeagulls+1","floor":7},{"not_picked":["Moonworks:TacticalRetreat+1","Moonworks:BigBangBell+1","Moonworks:CompletionReward+1","Moonworks:Assault+1"],"picked":"Moonworks:SakisCookie+1","floor":11},{"not_picked":[],"picked":"Moonworks:SakisCookie","floor":12},{"not_picked":[],"picked":"Moonworks:JonathanRush","floor":12},{"not_picked":["Moonworks:SakisCookie+1","Moonworks:LulusLuckyEgg+1","Moonworks:ShieldCounter+1","Moonworks:StiffCrystal+1"],"picked":"Moonworks:JonathanRush+1","floor":13},{"not_picked":["Moonworks:Dinner+1","Moonworks:Assault+1","Moonworks:ScrambledEve+1","Moonworks:BigBangBell+1"],"picked":"Moonworks:DeployBits+1","floor":14},{"not_picked":["Moonworks:Accelerator+1","Moonworks:StarBlastingFuse+1","Moonworks:Gamble+1","Moonworks:Blazing+1"],"picked":"Moonworks:Encore+1","floor":16},{"not_picked":["Moonworks:StiffCrystal+1","Moonworks:Poppoformation+1","Moonworks:LulusLuckyEgg+1","Moonworks:x16BigRocket+1"],"picked":"Moonworks:NicePresent+1","floor":18},{"not_picked":["Moonworks:DeployBits+1","Moonworks:EvilSpyWorkPreparation+1","Moonworks:DevilHand+1","Moonworks:ImOnFire+1"],"picked":"Moonworks:Bloodlust+1","floor":22},{"not_picked":["Moonworks:RagingMadness+1","Moonworks:BigBangBell+1","Moonworks:DeployBits+1","Moonworks:WeAreWaruda+1"],"picked":"Moonworks:ScrambledEve+1","floor":24},{"not_picked":["Moonworks:Assault+1","Moonworks:ImOnFire+1","Moonworks:IndiscriminateFireSupport+1","Moonworks:DeployBits+1"],"picked":"Moonworks:EvilSpyWorkPreparation+1","floor":28},{"not_picked":["Moonworks:IndiscriminateFireSupport+1","Moonworks:DevilHand+1","Moonworks:TreasureThief+1","Moonworks:ReproductionOfRecords+1"],"picked":"Moonworks:CloudOfSeagulls+1","floor":30},{"not_picked":["Moonworks:UnpaidWork+1","Moonworks:NicePresent+1","Moonworks:AccelHyper+1","Moonworks:DeployBits+1"],"picked":"Moonworks:EvilSpyWorkPreparation+1","floor":31},{"not_picked":["Moonworks:SinkOrSwim+1","Moonworks:Encore+1","Moonworks:MeltingMemories+1","Moonworks:LeapThroughSpace+1"],"picked":"Moonworks:PlushieMaster+1","floor":33},{"not_picked":["Moonworks:TacticalRetreat+1","Moonworks:LuckyCharm+1","Moonworks:IndiscriminateFireSupport+1","Moonworks:ImmovableObject+1"],"picked":"Moonworks:EvilSpyWorkPreparation+1","floor":35},{"not_picked":["Moonworks:NicePresent+1","Moonworks:BackdoorTrade+1","Moonworks:AngelHand+1","Moonworks:BeyondHell+1"],"picked":"Moonworks:EvilSpyWorkPreparation+1","floor":36},{"not_picked":["Moonworks:AccelHyper+1","Moonworks:CastOff+1","Moonworks:BigBangBell+1","Moonworks:LulusLuckyEgg+1"],"picked":"Moonworks:EvilSpyWorkPreparation+1","floor":38},{"not_picked":["Moonworks:BeyondHell+1","Moonworks:EvilSpyWorkPreparation+1","Moonworks:ImOnFire+1","Moonworks:Assault+1"],"picked":"Moonworks:JonathanRush+1","floor":41},{"not_picked":["Moonworks:Dash+1","Moonworks:AngelHand+1","Moonworks:SweetBattle+1","Moonworks:RagingMadness+1"],"picked":"Moonworks:MiracleRedBeanIceCream+1","floor":42}],"player_experience":46709,"relics_obtained":[{"floor":1,"key":"SynthV:TestCard"},{"floor":6,"key":"hexamod:BolsterEngine"},{"floor":6,"key":"Blue Candle"},{"floor":9,"key":"testmod-TurbochargingSystem"},{"floor":24,"key":"qcfpunch:Necklace_of_Skulls"},{"floor":24,"key":"GodSword3"},{"floor":26,"key":"Pen Nib"},{"floor":30,"key":"Bottled Tornado"},{"floor":30,"key":"testmod-InjuryResistance"},{"floor":39,"key":"ZombieArmy"},{"floor":42,"key":"qcfpunch:Not_Strongest_Fighting_Style_Guidebook"},{"floor":43,"key":"Ancient Tea Set"}],"event_choices":[{"damage_healed":0,"gold_gain":400,"player_choice":"Sell","damage_taken":0,"max_hp_gain":0,"max_hp_loss":0,"event_name":"恩洛斯的盘子","floor":3,"relics_lost":["testmod-TestBox"],"gold_loss":0},{"damage_healed":0,"gold_gain":0,"player_choice":"Ignored","damage_taken":0,"max_hp_gain":0,"max_hp_loss":0,"event_name":"Ghosts","floor":19,"gold_loss":0},{"damage_healed":0,"gold_gain":0,"player_choice":"Read","damage_taken":0,"max_hp_gain":0,"max_hp_loss":0,"event_name":"The Library","floor":21,"gold_loss":0,"cards_obtained":["Moonworks:CloudOfSeagulls"]},{"damage_healed":0,"gold_gain":0,"player_choice":"Ignored","damage_taken":0,"max_hp_gain":0,"max_hp_loss":0,"event_name":"给自己的盒子","floor":29,"gold_loss":0},{"damage_healed":0,"gold_gain":0,"cards_transformed":["Moonworks:LongDistanceShot"],"player_choice":"Transformed","damage_taken":0,"max_hp_gain":0,"max_hp_loss":0,"event_name":"Transmorgrifier","floor":37,"gold_loss":0,"cards_obtained":["Moonworks:AccelHyper"]},{"damage_healed":0,"gold_gain":0,"player_choice":"Paid","damage_taken":0,"relics_obtained":["Red Mask"],"max_hp_gain":0,"max_hp_loss":0,"event_name":"Tomb of Lord Red Mask","floor":45,"gold_loss":18},{"damage_healed":0,"gold_gain":0,"player_choice":"Memory 1","damage_taken":0,"max_hp_gain":0,"max_hp_loss":0,"event_name":"SensoryStone","floor":46,"gold_loss":0},{"cards_removed":["Moonworks:EvilSpyWorkPreparation"],"damage_healed":0,"gold_gain":0,"player_choice":"Removed Skill","damage_taken":0,"max_hp_gain":0,"max_hp_loss":0,"event_name":"Falling","floor":48,"gold_loss":0}],"is_beta":false,"boss_relics":[{"not_picked":["GuanYuAspect","Calling Bell"],"picked":"RhineSuit"},{"not_picked":["BloodWine","testmod-KeyOfTheVoid"],"picked":"HereWithMe"}],"items_purged_floors":[4,8,44],"is_endless":false,"potions_floor_spawned":[5,6,11,16,28,30,31,42],"ascension_level":0}}