{"host":"yx5rao87132cy5xq","time":1612051948,"event":{"mods":["2.2 Compatiblity","AchievementEnabler","BaseMod","Bestiary","Colored Map","Colored Powertips","Minty Spire (QoL Compilation)","Quick Restart","Relic Stats","Slay-I","SuperFastMode"],"gold_per_floor":[116,135,135,150,150,180,237,237,311,344,394,429,158,190,190,267,267,285,24,40,40,51,51,104,143,155,5,31,31,58,78,78,152,152,169,169,169,4,1003,1028,1028,1056,1056,354,371,398,398,398,398,398],"floor_reached":51,"language":"ENG","playtime":3659,"items_purged":["Strike_R","Strike_R","Strike_R"],"score":1504,"play_id":"05d7abab-4386-4cb0-b300-b4d616be8b48","local_time":"20210131011228","is_ascension_mode":true,"campfire_choices":[{"data":"Iron Wave","floor":8.0,"key":"SMITH"},{"floor":15.0,"key":"REST"},{"data":"Berserk","floor":23.0,"key":"SMITH"},{"floor":29.0,"key":"REST"},{"floor":32.0,"key":"REST"},{"data":"True Grit","floor":49,"key":"SMITH"}],"circlet_count":0,"master_deck":["AscendersBane","Defend_R","Defend_R","Defend_R","Bash+1","Wild Strike","Iron Wave","Iron Wave+1","Havoc","Spot Weakness","Finesse","Armaments","Inflame","Berserk+1","Battle Trance","Power Through","Shrug It Off","Flame Barrier","Shrug It Off","Shockwave","Rage","Flame Barrier","Second Wind","Barricade+1","Demon Form+1","Entrench+1","Feel No Pain+1","Normality","True Grit+1","Intimidate","Fire Breathing+1","Corruption+1","Entrench+1","Bloodletting","Flash of Steel","Reaper","Secret Weapon","Iron Wave+1","Disarm","Dark Shackles"],"relics":["Burning Blood","Dream Catcher","Happy Flower","InkBottle","Vajra","Omamori","Membership Card","MealTicket","Philosopher\u0027s Stone","ClockworkSouvenir","Frozen Egg 2","MawBank","Pen Nib","Prayer Wheel","Sling","Torii","StoneCalendar","Empty Cage","Medical Kit","Self Forming Clay","Oddly Smooth Stone","Bottled Lightning","Lizard Tail","Champion Belt","Orrery","Art of War"],"acts_visited":["Exordium","TheCity","TheBeyond"],"potions_floor_usage":[33,46,50,50],"damage_taken":[{"damage":8.0,"enemies":"2 Louse","floor":1.0,"turns":4.0},{"damage":14.0,"enemies":"Jaw Worm","floor":2.0,"turns":3.0},{"damage":0.0,"enemies":"Small Slimes","floor":4.0,"turns":2.0},{"damage":24.0,"enemies":"Gremlin Nob","floor":6.0,"turns":4.0},{"damage":13.0,"enemies":"Gremlin Nob","floor":7.0,"turns":4.0},{"damage":20.0,"enemies":"3 Sentries","floor":10.0,"turns":9.0},{"damage":17.0,"enemies":"Gremlin Nob","floor":12.0,"turns":4.0},{"damage":13.0,"enemies":"3 Sentries","floor":14.0,"turns":7.0},{"damage":26.0,"enemies":"Slime Boss","floor":16.0,"turns":7.0},{"damage":41.0,"enemies":"3 Byrds","floor":18.0,"turns":6.0},{"damage":0.0,"enemies":"Chosen","floor":20.0,"turns":4.0},{"damage":22.0,"enemies":"Snake Plant","floor":22.0,"turns":4.0},{"damage":38.0,"enemies":"Slavers","floor":25.0,"turns":7.0},{"damage":2.0,"enemies":"Book of Stabbing","floor":28.0,"turns":5.0},{"damage":17.0,"enemies":"Slavers","floor":30.0,"turns":4.0},{"damage":13.0,"enemies":"Sentry and Sphere","floor":31.0,"turns":7.0},{"damage":38,"enemies":"Champ","floor":33,"turns":11},{"damage":2,"enemies":"3 Shapes","floor":35,"turns":7},{"damage":57,"enemies":"Giant Head","floor":40,"turns":9},{"damage":20,"enemies":"Nemesis","floor":42,"turns":7},{"damage":2,"enemies":"Orb Walker","floor":45,"turns":7},{"damage":0,"enemies":"Giant Head","floor":46,"turns":9},{"damage":55,"enemies":"Time Eater","floor":50,"turns":15}],"seed_played":"108740403151684660","potions_obtained":[{"floor":2.0,"key":"SteroidPotion"},{"floor":6.0,"key":"Weak Potion"},{"floor":7.0,"key":"Explosive Potion"},{"floor":18.0,"key":"Block Potion"},{"floor":22.0,"key":"LiquidBronze"},{"floor":25.0,"key":"SkillPotion"},{"floor":28.0,"key":"Explosive Potion"},{"floor":35,"key":"BlessingOfTheForge"},{"floor":46,"key":"ColorlessPotion"}],"is_trial":false,"path_per_floor":["M","M","?","M","?","E","?","R","T","E","?","E","$","E","R","B",null,"M","$","M","?","M","R","T","E","T","$","E","R","E","M","R","B",null,"M","?","?","$","?","E","?","E","T","$","M","E","?","?","R","B",null],"character_chosen":"IRONCLAD","items_purchased":["Spot Weakness","Membership Card","Finesse","Power Through","Shrug It Off","ClockworkSouvenir","Frozen Egg 2","Sling","Shrug It Off","SpeedPotion","Feel No Pain+1","Medical Kit","Lizard Tail","Champion Belt","Orrery","Fire Potion","Energy Potion","Flash of Steel","Reaper","Secret Weapon"],"campfire_rested":3,"item_purchase_floors":[13,13,13,19,19,19,19,27,27,27,38,38,44,44,44,44,44,44,44,44],"current_hp_per_floor":[73,65,70,76,76,58,51,51,51,37,37,26,26,19,45,25,72,37,52,58,58,42,42,42,10,10,25,29,55,44,37,63,31,73,77,77,87,87,87,36,36,22,22,37,51,76,76,76,76,34],"gold":398,"neow_bonus":"TEN_PERCENT_HP_BONUS","is_daily":false,"chose_seed":false,"campfire_upgraded":3,"win_rate":0.0,"timestamp":1612051948,"path_taken":["M","M","?","M","?","E","?","R","T","E","?","E","$","E","R","BOSS","M","?","M","?","M","R","?","E","T","?","E","R","E","M","R","BOSS","M","?","?","$","?","E","?","E","T","$","?","E","?","?","R","BOSS"],"items_purchased_type":["Card","Relic","Card","Card","Card","Relic","Relic","Relic","Card","Potion","Card","Relic","Relic","Relic","Relic","Potion","Potion","Card","Card","Card"],"build_version":"2020-12-22","purchased_purges":3,"victory":true,"max_hp_per_floor":[82,82,87,87,87,87,87,87,87,87,87,87,87,87,87,87,87,87,87,87,87,87,87,87,87,87,87,87,87,87,87,87,87,87,87,87,87,87,87,87,87,87,87,87,87,87,87,87,87,87],"relic_stats":{"Happy Flower":[43],"Torii":7,"counters":[23,146],"Self Forming Clay":[42],"StoneCalendar":[291],"Pen Nib":[10],"MawBank":36,"Medical Kit":[19],"Burning Blood":138,"Dream Catcher":3,"Lizard Tail":0,"MealTicket":45,"Prayer Wheel":3,"Art of War":[6],"Champion Belt":[10],"obtain_stats":[{"Torii":28,"Vajra":10,"StoneCalendar":30,"Sling":27,"Empty Cage":34,"Burning Blood":0,"ClockworkSouvenir":19,"Dream Catcher":6,"Lizard Tail":44,"MealTicket":14,"Philosopher\u0027s Stone":17,"Prayer Wheel":26,"InkBottle":9,"Happy Flower":7,"Self Forming Clay":40,"Oddly Smooth Stone":42,"Pen Nib":25,"Omamori":12,"Frozen Egg 2":19,"MawBank":24,"Medical Kit":38,"Orrery":44,"Art of War":46,"Membership Card":13,"Bottled Lightning":43,"Champion Belt":44},{"Torii":14,"Vajra":6,"StoneCalendar":15,"Sling":13,"Empty Cage":17,"Burning Blood":0,"ClockworkSouvenir":10,"Dream Catcher":4,"Lizard Tail":20,"MealTicket":8,"Philosopher\u0027s Stone":9,"Prayer Wheel":13,"InkBottle":5,"Happy Flower":5,"Self Forming Clay":19,"Oddly Smooth Stone":20,"Pen Nib":13,"Omamori":7,"Frozen Egg 2":10,"MawBank":12,"Medical Kit":18,"Orrery":20,"Art of War":22,"Membership Card":7,"Bottled Lightning":20,"Champion Belt":20},{"Torii":70,"Vajra":26,"StoneCalendar":74,"Sling":65,"Empty Cage":92,"Burning Blood":0,"ClockworkSouvenir":50,"Dream Catcher":13,"Lizard Tail":115,"MealTicket":37,"Philosopher\u0027s Stone":44,"Prayer Wheel":65,"InkBottle":17,"Happy Flower":17,"Self Forming Clay":108,"Oddly Smooth Stone":115,"Pen Nib":65,"Omamori":30,"Frozen Egg 2":50,"MawBank":58,"Medical Kit":99,"Orrery":115,"Art of War":131,"Membership Card":30,"Bottled Lightning":115,"Champion Belt":115}],"InkBottle":[45]},"card_choices":[{"not_picked":["Battle Trance","Thunderclap"],"picked":"Perfected Strike","floor":1.0},{"not_picked":["Sentinel","Pommel Strike"],"picked":"Wild Strike","floor":2.0},{"not_picked":["Clash","Rupture"],"picked":"Iron Wave","floor":4.0},{"not_picked":["Pommel Strike","Fire Breathing"],"picked":"Iron Wave","floor":6.0},{"not_picked":["Pummel","Infernal Blade"],"picked":"Havoc","floor":10.0},{"not_picked":["Dual Wield","Exhume","Clothesline"],"picked":"SKIP","floor":12.0},{"not_picked":["Headbutt","Spot Weakness"],"picked":"Armaments","floor":14.0},{"not_picked":["Thunderclap","Sword Boomerang"],"picked":"Inflame","floor":15.0},{"not_picked":["Feed","Bludgeon"],"picked":"Berserk","floor":16.0},{"not_picked":["True Grit","Burning Pact"],"picked":"Battle Trance","floor":18.0},{"not_picked":["Havoc","Anger","Twin Strike"],"picked":"SKIP","floor":20.0},{"not_picked":["Pommel Strike","Perfected Strike","Clothesline"],"picked":"SKIP","floor":22.0},{"not_picked":["Sever Soul","Spot Weakness","Clash"],"picked":"SKIP","floor":25.0},{"not_picked":["Headbutt","Heavy Blade","Uppercut"],"picked":"SKIP","floor":28.0},{"not_picked":["Pommel Strike","Armaments"],"picked":"Shockwave","floor":29.0},{"not_picked":["Dark Embrace+1","Sword Boomerang+1"],"picked":"Rage","floor":30.0},{"not_picked":["Warcry","Armaments"],"picked":"Flame Barrier","floor":31.0},{"not_picked":["Twin Strike","Warcry"],"picked":"Second Wind","floor":31.0},{"not_picked":["Metallicize+1","Dark Embrace+1"],"picked":"Barricade+1","floor":32.0},{"not_picked":["Exhume","Reaper"],"picked":"Demon Form+1","floor":33},{"not_picked":["Cleave","Evolve+1"],"picked":"Entrench+1","floor":35},{"not_picked":["Clash","Headbutt","Sentinel"],"picked":"SKIP","floor":35},{"not_picked":["Wild Strike","Perfected Strike"],"picked":"True Grit","floor":40},{"not_picked":["Havoc","Anger"],"picked":"Fire Breathing+1","floor":42},{"not_picked":["Reaper","Offering"],"picked":"Corruption+1","floor":44},{"not_picked":["Shockwave","Heavy Blade"],"picked":"Entrench+1","floor":44},{"not_picked":["Flex","Wild Strike"],"picked":"Bloodletting","floor":44},{"not_picked":["Cleave","Wild Strike"],"picked":"Iron Wave+1","floor":45},{"not_picked":["Headbutt","Spot Weakness","Blood for Blood"],"picked":"SKIP","floor":45},{"not_picked":["Fiend Fire","Carnage"],"picked":"Disarm","floor":46},{"not_picked":["Panacea","Mind Blast"],"picked":"Dark Shackles","floor":48}],"player_experience":922742,"relics_obtained":[{"floor":6.0,"key":"Dream Catcher"},{"floor":7.0,"key":"Happy Flower"},{"floor":9.0,"key":"InkBottle"},{"floor":10.0,"key":"Vajra"},{"floor":12.0,"key":"Omamori"},{"floor":14.0,"key":"MealTicket"},{"floor":24.0,"key":"MawBank"},{"floor":25.0,"key":"Pen Nib"},{"floor":26.0,"key":"Prayer Wheel"},{"floor":28.0,"key":"Torii"},{"floor":30.0,"key":"StoneCalendar"},{"floor":40,"key":"Self Forming Clay"},{"floor":42,"key":"Oddly Smooth Stone"},{"floor":43,"key":"Bottled Lightning"},{"floor":46,"key":"Art of War"}],"event_choices":[{"damage_healed":0.0,"max_hp_gain":5.0,"max_hp_loss":0.0,"gold_gain":0.0,"event_name":"Big Fish","player_choice":"Donut","floor":3.0,"gold_loss":0.0,"damage_taken":0.0},{"damage_healed":0.0,"max_hp_gain":0.0,"max_hp_loss":0.0,"gold_gain":0.0,"event_name":"Living Wall","player_choice":"Grow","floor":5.0,"gold_loss":0.0,"damage_taken":0.0,"cards_upgraded":["Bash"]},{"damage_healed":0.0,"max_hp_gain":0.0,"max_hp_loss":0.0,"gold_gain":0.0,"event_name":"Dead Adventurer","player_choice":"Searched \u00271\u0027 times","floor":7.0,"gold_loss":0.0,"damage_taken":0.0},{"damage_healed":0.0,"max_hp_gain":0.0,"max_hp_loss":0.0,"gold_gain":50.0,"event_name":"Golden Shrine","player_choice":"Pray","floor":11.0,"gold_loss":0.0,"damage_taken":0.0},{"damage_healed":0.0,"max_hp_gain":0.0,"max_hp_loss":0.0,"gold_gain":0.0,"event_name":"The Library","player_choice":"Read","floor":21.0,"gold_loss":0.0,"damage_taken":0.0,"cards_obtained":["Flame Barrier"]},{"cards_removed":["Defend_R"],"damage_healed":0,"gold_gain":0,"player_choice":"Removed Skill","damage_taken":0,"max_hp_gain":0,"max_hp_loss":0,"event_name":"Falling","floor":36,"gold_loss":0},{"damage_healed":17,"gold_gain":0,"player_choice":"Writhe","damage_taken":0,"max_hp_gain":0,"max_hp_loss":0,"event_name":"Winding Halls","floor":37,"gold_loss":0,"cards_obtained":["Writhe"]},{"damage_healed":0,"gold_gain":999,"player_choice":"Gold","damage_taken":0,"max_hp_gain":0,"max_hp_loss":0,"event_name":"MindBloom","floor":39,"gold_loss":0,"cards_obtained":["Normality","Normality"]},{"damage_healed":0,"gold_gain":0,"cards_transformed":["Strike_R"],"player_choice":"Transformed","damage_taken":0,"max_hp_gain":0,"max_hp_loss":0,"event_name":"Transmorgrifier","floor":41,"gold_loss":0,"cards_obtained":["Intimidate"]},{"damage_healed":0,"gold_gain":0,"player_choice":"Ignored","damage_taken":0,"max_hp_gain":0,"max_hp_loss":0,"event_name":"Mysterious Sphere","floor":47,"gold_loss":0},{"damage_healed":0,"gold_gain":0,"player_choice":"Memory 1","damage_taken":0,"max_hp_gain":0,"max_hp_loss":0,"event_name":"SensoryStone","floor":48,"gold_loss":0}],"is_beta":false,"boss_relics":[{"not_picked":["Snecko Eye","Busted Crown"],"picked":"Philosopher\u0027s Stone"},{"not_picked":["Runic Pyramid","Tiny House"],"picked":"Empty Cage"}],"items_purged_floors":[27,38,44],"is_endless":false,"potions_floor_spawned":[2,6,7,18,22,25,28,35,46],"ascension_level":15}}