{"host":"kzpuingyul43kz0j","time":1612113411,"event":{"mods":["2.2 Compatiblity","BaseMod","Bestiary","Better Skull","BetterRewards","Colored Map","Colored Powertips","Curses Come First","Displayed Cursed Tome","Gold Saver","Highlight Path","Keyboard Shortcuts","Minty Spire (QoL Compilation)","Relic Stats","Remove Card Discount Mod","StSLib","Uncapped"],"gold_per_floor":[1279,741,761,776,776,776,792,806,806,806,840,188,198,198,198,298,298,309,49,66,66,66,97,97,110,110,110,179,179,197,210,210,310,310,330,350,362,381,398,398,138,156,156,156,167,177,177,192,192,192,192,192,46,77,77,77],"floor_reached":55,"language":"ENG","playtime":2984,"items_purged":["Strike_G","Defend_G","Defend_G","Strike_G","Strike_G","Defend_G","Strike_G","Strike_G","Grand Finale+1","Quick Slash"],"score":695,"play_id":"2f9dbcee-eca4-4d12-8c98-781bbfe5640c","local_time":"20210131181651","is_ascension_mode":false,"campfire_choices":[{"data":"Noxious Fumes","floor":6,"key":"SMITH"},{"data":"Neutralize","floor":15,"key":"SMITH"},{"data":"Envenom","floor":24,"key":"SMITH"},{"floor":27,"key":"REST"},{"floor":29,"key":"RECALL"},{"floor":32,"key":"REST"},{"data":"Backflip","floor":40,"key":"SMITH"},{"data":"Sucker Punch","floor":44,"key":"SMITH"},{"floor":49,"key":"REST"},{"data":"Finesse","floor":52,"key":"SMITH"}],"circlet_count":0,"master_deck":["Survivor","Neutralize+1","Slice","Backflip+1","Finesse+1","Noxious Fumes+1","Dagger Spray","Endless Agony","Dagger Spray","Blade Dance","Sucker Punch+1","Noxious Fumes","Envenom+1","Flying Knee+1","Backflip","RitualDagger+1","Cloak And Dagger+1","Quick Slash+1"],"relics":["Ring of the Snake","Ice Cream","Mummified Hand","Boot","Darkstone Periapt","Paper Crane","Shuriken","Bag of Preparation","Bottled Flame","Frozen Eye","Black Star","Molten Egg 2","Ninja Scroll","Bottled Tornado","Letter Opener","Empty Cage","Pantograph","Ornamental Fan","Orichalcum","Bronze Scales","Pocketwatch"],"acts_visited":["Exordium","TheCity","TheBeyond","TheEnding"],"potions_floor_usage":[11,23,25,33,38,50,50,50,55],"damage_taken":[{"damage":0,"enemies":"2 Louse","floor":1,"turns":3},{"damage":0,"enemies":"Cultist","floor":3,"turns":3},{"damage":0,"enemies":"Small Slimes","floor":4,"turns":3},{"damage":0,"enemies":"2 Fungi Beasts","floor":7,"turns":3},{"damage":0,"enemies":"Exordium Wildlife","floor":8,"turns":3},{"damage":1,"enemies":"Gremlin Nob","floor":11,"turns":3},{"damage":0,"enemies":"Blue Slaver","floor":13,"turns":1},{"damage":0,"enemies":"Slime Boss","floor":16,"turns":5},{"damage":0,"enemies":"3 Byrds","floor":18,"turns":2},{"damage":11,"enemies":"2 Thieves","floor":20,"turns":3},{"damage":23,"enemies":"Slavers","floor":23,"turns":3},{"damage":9,"enemies":"Centurion and Healer","floor":25,"turns":3},{"damage":0,"enemies":"Snake Plant","floor":30,"turns":2},{"damage":10,"enemies":"Sentry and Sphere","floor":31,"turns":3},{"damage":9,"enemies":"Collector","floor":33,"turns":5},{"damage":22,"enemies":"3 Darklings","floor":35,"turns":3},{"damage":9,"enemies":"3 Shapes","floor":36,"turns":4},{"damage":0,"enemies":"Spire Growth","floor":37,"turns":2},{"damage":16,"enemies":"3 Darklings","floor":38,"turns":3},{"damage":1,"enemies":"4 Shapes","floor":39,"turns":5},{"damage":0,"enemies":"Jaw Worm Horde","floor":42,"turns":2},{"damage":1,"enemies":"Writhing Mass","floor":45,"turns":4},{"damage":4,"enemies":"Spire Growth","floor":46,"turns":4},{"damage":4,"enemies":"Sphere and 2 Shapes","floor":48,"turns":3},{"damage":18,"enemies":"Awakened One","floor":50,"turns":8},{"damage":14,"enemies":"Shield and Spear","floor":54,"turns":4},{"damage":60,"enemies":"The Heart","floor":55,"turns":6}],"seed_played":"-7716017826261216107","potions_obtained":[{"floor":3,"key":"BlessingOfTheForge"},{"floor":8,"key":"SteroidPotion"},{"floor":11,"key":"Strength Potion"},{"floor":16,"key":"SteroidPotion"},{"floor":23,"key":"BlessingOfTheForge"},{"floor":31,"key":"PowerPotion"},{"floor":33,"key":"Explosive Potion"},{"floor":37,"key":"BlessingOfTheForge"},{"floor":42,"key":"Ancient Potion"},{"floor":45,"key":"CunningPotion"},{"floor":46,"key":"PowerPotion"},{"floor":54,"key":"LiquidBronze"}],"is_trial":false,"path_per_floor":["M","$","M","M","?","R","M","M","T","T","E","$","M","?","R","B",null,"M","$","M","?","?","E","R","M","T","R","T","R","M","M","R","B",null,"M","M","M","M","M","R","$","M","T","R","M","M","?","M","R","B",null,"R","$","E","B"],"character_chosen":"THE_SILENT","items_purchased":["Mummified Hand","Boot","Backflip","Finesse","Bag of Preparation","Quick Slash","Bottled Flame","Frozen Eye","Sucker Punch","Molten Egg 2","Pantograph","Orichalcum"],"campfire_rested":3,"item_purchase_floors":[2,2,2,2,12,12,12,12,12,19,41,53],"current_hp_per_floor":[63,63,63,63,63,63,63,63,63,63,62,62,62,62,62,62,63,63,63,52,43,37,14,14,5,5,23,23,23,23,13,31,22,63,41,32,32,16,15,15,15,15,15,15,14,10,10,6,24,31,60,60,60,46,0,0],"gold":77,"neow_bonus":"ONE_RARE_RELIC","is_daily":false,"chose_seed":false,"campfire_upgraded":6,"win_rate":0.0,"timestamp":1612113411,"path_taken":["M","$","M","M","?","R","?","M","T","?","E","$","M","?","R","BOSS","M","$","M","?","?","E","R","M","T","R","?","R","M","M","R","BOSS","M","M","M","M","M","R","$","M","T","R","M","M","?","M","R","BOSS","R","$","E","BOSS"],"items_purchased_type":["Relic","Relic","Card","Card","Relic","Card","Relic","Relic","Card","Relic","Relic","Relic"],"build_version":"2020-12-22","purchased_purges":10,"victory":false,"max_hp_per_floor":[63,63,63,63,63,63,63,63,63,63,63,63,63,63,63,63,63,63,63,63,63,63,63,63,63,63,63,63,63,63,63,63,63,63,63,63,63,63,63,63,63,63,63,63,63,63,60,60,60,60,60,60,60,60,60,60],"relic_stats":{"Darkstone Periapt":0,"counters":[27,93],"Bag of Preparation":[12],"Letter Opener":[74],"Orichalcum":[12],"Boot":[171],"Mummified Hand":[44],"Shuriken":[98],"Ornamental Fan":[168],"Pantograph":39,"Bronze Scales":[63],"Black Star":2,"obtain_stats":[{"Ice Cream":0,"Darkstone Periapt":9,"Bag of Preparation":12,"Letter Opener":28,"Paper Crane":10,"Bottled Tornado":23,"Orichalcum":53,"Boot":2,"Empty Cage":34,"Frozen Eye":12,"Bottled Flame":12,"Mummified Hand":2,"Shuriken":11,"Ninja Scroll":23,"Ornamental Fan":43,"Pantograph":41,"Bronze Scales":54,"Molten Egg 2":19,"Black Star":17,"Ring of the Snake":0,"Pocketwatch":54},{"Ice Cream":0,"Darkstone Periapt":5,"Bag of Preparation":6,"Letter Opener":12,"Paper Crane":5,"Bottled Tornado":11,"Orichalcum":25,"Boot":1,"Empty Cage":15,"Frozen Eye":6,"Bottled Flame":6,"Mummified Hand":1,"Shuriken":6,"Ninja Scroll":11,"Ornamental Fan":21,"Pantograph":20,"Bronze Scales":26,"Molten Egg 2":9,"Black Star":8,"Ring of the Snake":0,"Pocketwatch":26},{"Ice Cream":0,"Darkstone Periapt":15,"Bag of Preparation":18,"Letter Opener":35,"Paper Crane":15,"Bottled Tornado":32,"Orichalcum":83,"Boot":3,"Empty Cage":45,"Frozen Eye":18,"Bottled Flame":18,"Mummified Hand":3,"Shuriken":18,"Ninja Scroll":32,"Ornamental Fan":64,"Pantograph":62,"Bronze Scales":87,"Molten Egg 2":26,"Black Star":24,"Ring of the Snake":0,"Pocketwatch":87}],"Ring of the Snake":[54],"Pocketwatch":[0]},"card_choices":[{"not_picked":["Deadly Poison","Leg Sweep"],"picked":"Slice","floor":1},{"not_picked":["Bouncing Flask","Prepared"],"picked":"Noxious Fumes","floor":3},{"not_picked":["Prepared","Setup"],"picked":"Dagger Spray","floor":4},{"not_picked":["Caltrops","Masterful Stab"],"picked":"Endless Agony","floor":7},{"not_picked":["Dagger Throw","Expertise"],"picked":"Dagger Spray","floor":8},{"not_picked":["Poisoned Stab","Cloak And Dagger"],"picked":"Blade Dance","floor":11},{"not_picked":["Dagger Throw","Outmaneuver"],"picked":"Noxious Fumes","floor":13},{"not_picked":["Bullet Time","Corpse Explosion"],"picked":"Envenom","floor":16},{"not_picked":["Deadly Poison","Acrobatics"],"picked":"Flying Knee+1","floor":18},{"not_picked":["Setup+1","Accuracy"],"picked":"Backflip","floor":20},{"not_picked":["Prepared","Dagger Throw+1","Deadly Poison"],"picked":"SKIP","floor":23},{"not_picked":["Flying Knee+1","Caltrops+1","Eviscerate+1"],"picked":"SKIP","floor":25},{"not_picked":["Riddle With Holes+1","Bane+1","Well Laid Plans"],"picked":"SKIP","floor":30},{"not_picked":["Blur","Noxious Fumes","Dash+1"],"picked":"SKIP","floor":31},{"not_picked":["Envenom","Storm of Steel"],"picked":"Grand Finale+1","floor":33},{"not_picked":["Flechettes+1","Terror","Masterful Stab+1"],"picked":"SKIP","floor":35},{"not_picked":["Terror","Bane+1","Slice+1"],"picked":"SKIP","floor":36},{"not_picked":["Acrobatics","Sucker Punch+1"],"picked":"Cloak And Dagger+1","floor":37},{"not_picked":["Cloak And Dagger","Backflip","Phantasmal Killer"],"picked":"SKIP","floor":38},{"not_picked":["Deadly Poison+1","Backflip","Dagger Spray+1"],"picked":"SKIP","floor":39},{"not_picked":["Deflect+1","PiercingWail"],"picked":"Quick Slash+1","floor":42},{"not_picked":["PiercingWail+1","Accuracy","Choke+1"],"picked":"SKIP","floor":45},{"not_picked":["Eviscerate+1","Deadly Poison+1","Masterful Stab+1"],"picked":"SKIP","floor":46},{"not_picked":["Glass Knife+1","Flying Knee+1","Prepared+1"],"picked":"SKIP","floor":48},{"not_picked":["Riddle With Holes+1","Predator+1","Blade Dance"],"picked":"SKIP","floor":54}],"player_experience":85427,"relics_obtained":[{"floor":9,"key":"Darkstone Periapt"},{"floor":10,"key":"Paper Crane"},{"floor":11,"key":"Shuriken"},{"floor":23,"key":"Ninja Scroll"},{"floor":23,"key":"Bottled Tornado"},{"floor":28,"key":"Letter Opener"},{"floor":43,"key":"Ornamental Fan"},{"floor":54,"key":"Bronze Scales"},{"floor":54,"key":"Pocketwatch"}],"event_choices":[{"damage_healed":0,"gold_gain":0,"cards_transformed":["Defend_G"],"player_choice":"Transformed","damage_taken":0,"max_hp_gain":0,"max_hp_loss":0,"event_name":"Transmorgrifier","floor":5,"gold_loss":0,"cards_obtained":["Reflex"]},{"damage_healed":0,"gold_gain":0,"player_choice":"Leave","damage_taken":0,"max_hp_gain":0,"max_hp_loss":0,"event_name":"The Cleric","floor":14,"gold_loss":0},{"damage_healed":0,"gold_gain":0,"player_choice":"Stopped","damage_taken":9,"max_hp_gain":0,"max_hp_loss":0,"event_name":"Cursed Tome","floor":21,"gold_loss":0},{"damage_healed":0,"gold_gain":0,"player_choice":"Joined the Cult","damage_taken":6,"max_hp_gain":0,"max_hp_loss":0,"event_name":"Nest","floor":22,"gold_loss":0,"cards_obtained":["RitualDagger"]},{"damage_healed":0,"gold_gain":0,"player_choice":"Max HP","damage_taken":0,"max_hp_gain":0,"max_hp_loss":3,"event_name":"Winding Halls","floor":47,"gold_loss":0}],"is_beta":false,"boss_relics":[{"not_picked":["Snecko Eye","Busted Crown"],"picked":"Black Star"},{"not_picked":["Fusion Hammer","Velvet Choker"],"picked":"Empty Cage"}],"items_purged_floors":[2,2,2,2,12,12,12,12,41,53],"is_endless":false,"potions_floor_spawned":[3,8,11,16,23,31,33,37,42,45,46,54],"killed_by":"The Heart","ascension_level":0}}