{"host":"FirstDane","time":1612057602,"event":{"mods":["BaseMod","Bestiary","Downfall","Highlight Path","Minty Spire (QoL Compilation)","Relic Stats","Slay the Relics Exporter","StSLib"],"gold_per_floor":[99,114,124,124,137,170,194,211,211,229,229,249,262,290,300,396,396,396,412,429,429,287,287,311,311,325,358,358,498,529,542,557,662,662,562,576,576,576,590,490,490,507,507,542,442,442,457,467,487,487,487,517,51,51,51,51,51,51],"floor_reached":56,"language":"ENG","playtime":5565,"items_purged":["Slimebound:Strike_Slimebound","Slimebound:Strike_Slimebound","Slimebound:Tackle"],"score":833,"play_id":"1027604e-65a3-44f7-8fc6-1741f33457de","local_time":"20210130194642","is_ascension_mode":false,"campfire_choices":[{"data":"Slimebound:CorrosiveSpit","floor":1,"key":"SMITH"},{"data":"Slimebound:MegaLick","floor":9,"key":"SMITH"},{"data":"Slimebound:Schlurp","floor":18,"key":"SMITH"},{"floor":35,"key":"RECALL"},{"data":"Slimebound:AcidTongue","floor":40,"key":"SMITH"},{"data":"Slimebound:RainOfGoop","floor":43,"key":"SMITH"},{"data":"Slimebound:HauntingLick","floor":45,"key":"SMITH"},{"floor":54,"key":"REST"}],"circlet_count":0,"master_deck":["Slimebound:Defend_Slimebound","Slimebound:Defend_Slimebound","Slimebound:Defend_Slimebound","Slimebound:Split","Slimebound:CorrosiveSpit+1","Slimebound:MegaLick+1","Slimebound:TongueLash+1","Slimebound:HauntingLick+1","Slimebound:TongueLash+1","Slimebound:HauntingLick","Slimebound:Schlurp+1","Slimebound:Schlurp+1","Slimebound:RainOfGoop+1","Slimebound:TongueLash+1","Slimebound:LeechingTouch","Slimebound:Schlurp","Slimebound:DouseInSlime+1","Slimebound:AcidTongue+1","Slimebound:SamplingLick+1","Slimebound:Gluttony","Slimebound:DuplicatedForm","Slimebound:Schlurp+1","Slimebound:Prepare+1","Slimebound:DouseInSlime+1","Slimebound:OozeBath","Slimebound:LeechLife"],"relics":["Slimebound:AbsorbEndCombat","Akabeko","Kunai","Meat on the Bone","Sozu","downfall:RedIOU","Vajra","War Paint","Strawberry","Runic Dome","downfall:HeartBlessingBlue","Ornamental Fan","downfall:HeartBlessingRed","The Courier","Thread and Needle","downfall:HeartBlessingGreen","Bag of Preparation","Torii","Pen Nib"],"acts_visited":["Exordium","TheCity","TheBeyond","TheEnding"],"potions_floor_usage":[6,44,55,55],"damage_taken":[{"damage":5,"enemies":"Small Slimes","floor":2,"turns":4},{"damage":0,"enemies":"2 Louse","floor":3,"turns":2},{"damage":11,"enemies":"Jaw Worm","floor":5,"turns":4},{"damage":6,"enemies":"3 Sentries","floor":6,"turns":6},{"damage":0,"enemies":"3 Louse","floor":8,"turns":3},{"damage":2,"enemies":"Exordium Thugs","floor":10,"turns":3},{"damage":3,"enemies":"2 Fungi Beasts","floor":12,"turns":2},{"damage":3,"enemies":"Large Slime","floor":13,"turns":2},{"damage":0,"enemies":"Lagavulin","floor":14,"turns":4},{"damage":0,"enemies":"Lots of Slimes","floor":15,"turns":3},{"damage":38,"enemies":"DF_ARCHETYPE_STREAMLINE","floor":16,"turns":8},{"damage":4,"enemies":"Chosen","floor":19,"turns":3},{"damage":0,"enemies":"Spheric Guardian","floor":20,"turns":3},{"damage":16,"enemies":"downfall:FleeingMerchant","floor":22,"turns":4},{"damage":1,"enemies":"Snecko","floor":26,"turns":4},{"damage":13,"enemies":"Slavers","floor":27,"turns":4},{"damage":10,"enemies":"downfall:FleeingMerchant","floor":29,"turns":4},{"damage":9,"enemies":"Gremlin Leader","floor":30,"turns":4},{"damage":0,"enemies":"Snake Plant","floor":31,"turns":2},{"damage":0,"enemies":"3 Cultists","floor":32,"turns":3},{"damage":38,"enemies":"SI_MIRROR_ARCHETYPE","floor":33,"turns":8},{"damage":19,"enemies":"3 Darklings","floor":36,"turns":4},{"damage":27,"enemies":"3 Shapes","floor":39,"turns":5},{"damage":10,"enemies":"Writhing Mass","floor":42,"turns":3},{"damage":33,"enemies":"Giant Head","floor":44,"turns":5},{"damage":41,"enemies":"3 Darklings","floor":47,"turns":7},{"damage":29,"enemies":"Transient","floor":48,"turns":5},{"damage":12,"enemies":"Spire Growth","floor":49,"turns":3},{"damage":31,"enemies":"WA_ARCHETYPE_DIVINITY","floor":50,"turns":6},{"damage":71,"enemies":"downfall:CharBossMerchant","floor":52,"turns":6},{"damage":40,"enemies":"downfall:NeowBoss","floor":55,"turns":14},{"damage":98,"enemies":"downfall:NeowBossFinal","floor":56,"turns":8}],"seed_played":"-8769957207384327388","potions_obtained":[{"floor":3,"key":"Dexterity Potion"},{"floor":5,"key":"BlessingOfTheForge"},{"floor":6,"key":"Slimebound:SlimyTonguePotion"},{"floor":12,"key":"Swift Potion"}],"is_trial":false,"path_per_floor":["R","M","M","?","M","E","T","M","R","M","?","M","M","E","M","B",null,"R","M","M","?","$","?","T","?","M","E","T","$","E","M","M","B",null,"R","M","?","?","M","R","T","M","R","E","R","?","M","M","M","B",null,"E","$","R","B","B"],"character_chosen":"SLIMEBOUND","items_purchased":["Slimebound:LeechingTouch","Slimebound:AcidTongue","Torii","Pen Nib"],"campfire_rested":1,"item_purchase_floors":[22,29,53,53],"current_hp_per_floor":[71,68,71,71,66,68,68,71,71,71,64,65,66,70,71,47,71,71,69,71,71,57,57,57,57,62,57,57,53,59,61,67,49,78,88,77,77,77,71,71,71,65,65,65,65,65,59,65,59,46,88,33,33,59,88,0,0,0],"gold":51,"neow_bonus":"TEN_PERCENT_HP_BONUS","is_daily":false,"chose_seed":false,"campfire_upgraded":6,"win_rate":0.0,"timestamp":1612057602,"path_taken":["R","M","M","?","M","E","T","M","R","M","?","M","M","E","M","BOSS","R","M","M","?","$","?","T","?","M","E","?","$","E","?","M","BOSS","R","M","?","?","M","R","T","M","R","E","R","?","M","?","M","BOSS","E","$","R","BOSS","BOSS"],"items_purchased_type":["Card","Card","Relic","Relic"],"build_version":"2020-12-18","purchased_purges":3,"victory":false,"max_hp_per_floor":[71,71,71,71,71,71,71,71,71,71,71,71,71,71,71,71,71,71,71,71,71,71,71,71,71,71,71,71,71,78,78,78,78,78,88,88,88,88,88,88,88,88,88,88,88,88,88,88,88,88,88,88,88,88,88,88,88,88],"relic_stats":{"Sozu":8,"Torii":4,"counters":[32,144],"Ornamental Fan":[12],"Pen Nib":[1],"Bag of Preparation":[4],"Kunai":[4],"War Paint":["Slimebound:DouseInSlime","Slimebound:Schlurp"],"obtain_stats":[{"downfall:HeartBlessingRed":40,"Torii":53,"Vajra":24,"Thread and Needle":44,"downfall:HeartBlessingGreen":45,"The Courier":41,"Pen Nib":53,"Bag of Preparation":52,"Whetstone":6,"War Paint":27,"Akabeko":7,"Sozu":17,"Runic Dome":34,"downfall:HeartBlessingBlue":35,"Ornamental Fan":38,"Strawberry":30,"downfall:RedIOU":21,"Slimebound:AbsorbEndCombat":0,"Kunai":11,"Meat on the Bone":14},{"downfall:HeartBlessingRed":23,"Torii":30,"Vajra":14,"Thread and Needle":25,"downfall:HeartBlessingGreen":25,"The Courier":23,"Pen Nib":30,"Bag of Preparation":30,"Whetstone":4,"War Paint":16,"Akabeko":4,"Sozu":11,"Runic Dome":21,"downfall:HeartBlessingBlue":21,"Ornamental Fan":22,"Strawberry":18,"downfall:RedIOU":13,"Slimebound:AbsorbEndCombat":0,"Kunai":6,"Meat on the Bone":9},{"downfall:HeartBlessingRed":88,"Torii":122,"Vajra":50,"Thread and Needle":95,"downfall:HeartBlessingGreen":95,"The Courier":88,"Pen Nib":122,"Bag of Preparation":122,"Whetstone":16,"War Paint":58,"Akabeko":16,"Sozu":40,"Runic Dome":79,"downfall:HeartBlessingBlue":79,"Ornamental Fan":83,"Strawberry":66,"downfall:RedIOU":46,"Slimebound:AbsorbEndCombat":0,"Kunai":21,"Meat on the Bone":29}],"Meat on the Bone":84},"card_choices":[{"not_picked":["Slimebound:SplitAcid","Slimebound:FlameTackle"],"picked":"Slimebound:MegaLick","floor":2},{"not_picked":["Slimebound:PressTheAttack","Slimebound:SplitAcid"],"picked":"Slimebound:TongueLash","floor":3},{"not_picked":["Slimebound:Prepare","Slimebound:SlimeTap"],"picked":"Slimebound:HauntingLick","floor":5},{"not_picked":["Slimebound:SplitLeeching","Slimebound:FinishingTackle"],"picked":"Slimebound:TongueLash","floor":6},{"not_picked":["Slimebound:MinionMaster","Slimebound:ProtectTheBoss"],"picked":"Slimebound:HauntingLick","floor":8},{"not_picked":["Slimebound:ItLooksTasty","Slimebound:SplitLeeching"],"picked":"Slimebound:Schlurp","floor":10},{"not_picked":["Slimebound:GoopSpray","Slimebound:AcidTongue"],"picked":"Slimebound:Schlurp","floor":12},{"not_picked":["Slimebound:RollThrough","Slimebound:AcidTongue","Slimebound:GoopSpray"],"picked":"SKIP","floor":13},{"not_picked":["Slimebound:FormOfPuddle","Slimebound:GoopSpray","Slimebound:Repurpose"],"picked":"SKIP","floor":14},{"not_picked":["Slimebound:ItLooksTasty","Slimebound:RallyTheTroops"],"picked":"Slimebound:RainOfGoop","floor":15},{"not_picked":["Slimebound:RollThrough","Slimebound:Equalize","Slimebound:SplitAcid"],"picked":"SKIP","floor":19},{"not_picked":["Slimebound:ComboTackle","Slimebound:SplitLeeching"],"picked":"Slimebound:TongueLash+1","floor":20},{"not_picked":["Slimebound:SlimeTap","Slimebound:Equalize","Slimebound:Chomp"],"picked":"SKIP","floor":22},{"not_picked":["Slimebound:LeadByExample+1","Slimebound:SplitLeeching"],"picked":"Slimebound:Schlurp","floor":26},{"not_picked":["Slimebound:RainOfGoop+1","Slimebound:GoopTackle"],"picked":"Slimebound:DouseInSlime","floor":27},{"not_picked":["Slimebound:RollThrough","Slimebound:Replication+1","Slimebound:ViciousTackle"],"picked":"SKIP","floor":29},{"not_picked":["Slimebound:SlimeSpikes","Slimebound:Equalize+1"],"picked":"Slimebound:SamplingLick+1","floor":30},{"not_picked":["Slimebound:TongueLash","Slimebound:BestDefense+1","Slimebound:SlimeBarrage"],"picked":"SKIP","floor":31},{"not_picked":["Slimebound:HauntingLick","Slimebound:Dissolve"],"picked":"Slimebound:Gluttony","floor":32},{"not_picked":["Slimebound:SelfFormingGoo","Slimebound:MassRepurpose"],"picked":"Slimebound:DuplicatedForm","floor":33},{"not_picked":["Slimebound:SlimeTap+1","Slimebound:Prepare"],"picked":"Slimebound:Schlurp+1","floor":36},{"not_picked":["Slimebound:LeechEnergy","Slimebound:SplitBruiser"],"picked":"Slimebound:Prepare+1","floor":39},{"not_picked":["Slimebound:SamplingLick","Slimebound:DisruptingSlam+1","Slimebound:PressTheAttack+1"],"picked":"SKIP","floor":42},{"not_picked":["Slimebound:OneTwoCombo","Slimebound:SplitBruiser+1","Slimebound:SplitLeeching"],"picked":"SKIP","floor":44},{"not_picked":["Slimebound:RainOfGoop","Slimebound:BestDefense","Slimebound:Chomp"],"picked":"SKIP","floor":47},{"not_picked":["Slimebound:RainOfGoop","Slimebound:BestDefense","Slimebound:Chomp"],"picked":"SKIP","floor":47},{"not_picked":["Slimebound:Grow+1","Slimebound:GoopTackle+1","Slimebound:LeechEnergy+1"],"picked":"SKIP","floor":48},{"not_picked":["Slimebound:LeechEnergy+1","Slimebound:SplitAcid"],"picked":"Slimebound:OozeBath","floor":49},{"not_picked":["Slimebound:LevelUp+1","Slimebound:Prepare"],"picked":"Slimebound:LeechLife","floor":52}],"player_experience":4021608,"relics_obtained":[{"floor":6,"key":"Whetstone"},{"floor":7,"key":"Akabeko"},{"floor":14,"key":"Meat on the Bone"},{"floor":24,"key":"Vajra"},{"floor":27,"key":"War Paint"},{"floor":30,"key":"Strawberry"},{"floor":38,"key":"Ornamental Fan"},{"floor":41,"key":"The Courier"},{"floor":44,"key":"Thread and Needle"},{"floor":52,"key":"Bag of Preparation"}],"event_choices":[{"damage_healed":0,"gold_gain":0,"player_choice":"Success","damage_taken":7,"relics_obtained":["Kunai"],"max_hp_gain":0,"max_hp_loss":0,"event_name":"Scrap Ooze","floor":11,"gold_loss":0},{"cards_removed":["Slimebound:Defend_Slimebound"],"damage_healed":0,"gold_gain":0,"player_choice":"Removed Skill","damage_taken":0,"max_hp_gain":0,"max_hp_loss":0,"event_name":"Falling","floor":37,"gold_loss":0}],"is_beta":true,"boss_relics":[{"not_picked":["Fusion Hammer","Slimebound:AbsorbEndCombatUpgraded"],"picked":"Sozu"},{"not_picked":["SacredBark","Pandora\u0027s Box"],"picked":"Runic Dome"}],"items_purged_floors":[22,29,53],"is_endless":false,"potions_floor_spawned":[3,5,6,12,19,20,26,31,32,39,48,49],"killed_by":"downfall:NeowBossFinal","ascension_level":0}}