{"host":"ekyl8r8j8fco3zlk","time":1612083387,"event":{"mods":["ATMod(∞¢Ë™Mod)","Act Like it!","Arknights","BaseMod","CapriCore","Decade(Õı–°√˜)","Dota2Spire","Downfall","Friendly Minions","Gensokyo","Lobotomy","LobotomyExtend","Marisa£®ÏF”Í°°ƒß¿Ì…≥£©","Minty Spire (QoL Compilation)","READ ME - Guardian Mod","Rare Cards Sparkle","Reimu£®≤©¿ˆ¡È√Œ£©","StSLib","The Alterego","The Immortal","The Jungle","TheWitcher","Waifu the Spire","WarShipGirlsR/’ΩΩ¢…Ÿ≈ÆR mod","Yakumo Yukari mod","°æ“≈ŒÔø®≈∆°øREMEMod"],"gold_per_floor":[119,119,137,157,232,232,250,140,209,209,209,209,209,224,224,322,322,335,91,26,40,40,40,75,92,141,167,167,167,167,179,179,280,280,292,308,308,288,305,333,349,349,398,430,446,40,58,85,85,85,85,85,85,10,45,45],"floor_reached":57,"language":"ZHS","playtime":2051,"items_purged":["ats:Magnetic Hammer"],"score":1445,"play_id":"adfa16ea-247a-42af-a97b-d6d2929faee7","local_time":"20210131165627","is_ascension_mode":false,"campfire_choices":[{"data":"AT_OneInchPunch","floor":6,"key":"SMITH"},{"data":"ats:Charging Defense","floor":10,"key":"SMITH"},{"data":"ats:Soul Absorption","floor":13,"key":"SMITH"},{"data":"ats:Assault Order","floor":15,"key":"SMITH"},{"data":"REME_FirmDetermination","floor":23,"key":"SMITH"},{"floor":28,"key":"RECALL"},{"data":"ats:Serious Mode","floor":30,"key":"SMITH"},{"data":"ats:Calcification","floor":32,"key":"SMITH"},{"data":"ats:Absolute Focus","floor":42,"key":"SMITH"},{"data":"ats:Echo Reverb","floor":49,"key":"SMITH"},{"data":"ats:Fractured Body","floor":53,"key":"SMITH"}],"circlet_count":0,"master_deck":["ats:Strike C","ats:Strike G","ats:Strike S","ats:Strike V","ats:Armor Crushing Shot","ats:Defend","ats:Defend","ats:Defend","ats:Defend","ats:Emotion Absorption","ats:Closed Bolt Burst Fire","ats:Fractured Body+1","AT_OneInchPunch+1","ats:Shell Defense","ats:Absolute Focus+1","ats:Consecutive Shot Auto","ats:Assault Order+1","ats:Guard Mode","ats:Charging Defense+1","ats:Leaping Hammer","ats:Cat Scratch","ats:Hook Shot","ats:Soul Absorption+1","ats:Part Time Job+1","REME_FirmDetermination+1","ats:Powerful Strike+1","ats:Blood Oath+1","ats:Serious Mode+1","ats:Calcification+1","ats:True Silver Slash","ats:Steam Pump+1","ats:Echo Reverb+1","ats:Soul Rend","Panacea+1","ats:Sashimi Platter","ats:Explosion Area Strengthen+1","ats:Ignite+1","ats:Encircling Forest+1","ats:Song Of Battle+1","ats:Revitalization+1"],"relics":["ats:Sanity","AT_ATBox","REME_ComplimentaryCards","LetterFromLob","Tea:ReiMu","Gaze_r","Dota2Spire:Satanic","AT_TrinityForce","ats:Special","Dota2Spire:DrumOfEndurance","ats:Originium","Boot","SnafuTest:BearRelic","Bag of Preparation","REME_LowDesire","Dream Catcher","ats:Rhine Circuitry","Prayer Wheel","Vajra","Dota2Spire:LinkenSphere","ats:Arts","Ornamental Fan","Dota2Spire:AghanimScepter","AT_DeathDance"],"acts_visited":["Exordium","TheCity","TheBeyond","TheEnding"],"potions_floor_usage":[16,16,27,28,44,47,50,55,56],"damage_taken":[{"damage":11,"enemies":"Jaw Worm","floor":1,"turns":2},{"damage":0,"enemies":"Small Slimes","floor":3,"turns":3},{"damage":6,"enemies":"Cultist","floor":4,"turns":3},{"damage":2,"enemies":"Exordium Thugs","floor":7,"turns":3},{"damage":0,"enemies":"3 Sentries","floor":11,"turns":3},{"damage":0,"enemies":"Lots of Slimes","floor":14,"turns":4},{"damage":10,"enemies":"Hexaghost","floor":16,"turns":8},{"damage":0,"enemies":"Chosen","floor":18,"turns":4},{"damage":0,"enemies":"Shell Parasite","floor":21,"turns":2},{"damage":47,"enemies":"REME_1_Revenger","floor":24,"turns":4},{"damage":0,"enemies":"Snake Plant","floor":25,"turns":1},{"damage":0,"enemies":"Book of Stabbing","floor":27,"turns":3},{"damage":0,"enemies":"Sentry and Sphere","floor":31,"turns":2},{"damage":5,"enemies":"Automaton","floor":33,"turns":5},{"damage":0,"enemies":"Orb Walker","floor":35,"turns":2},{"damage":0,"enemies":"3 Shapes","floor":36,"turns":2},{"damage":10,"enemies":"3 Darklings","floor":39,"turns":4},{"damage":60,"enemies":"Nemesis","floor":40,"turns":5},{"damage":0,"enemies":"Transient","floor":41,"turns":5},{"damage":0,"enemies":"Giant Head","floor":44,"turns":6},{"damage":15,"enemies":"Maw","floor":45,"turns":5},{"damage":15,"enemies":"4 Shapes","floor":47,"turns":6},{"damage":21,"enemies":"Nemesis","floor":48,"turns":3},{"damage":35,"enemies":"Donu and Deca","floor":50,"turns":7},{"damage":22,"enemies":"Shield and Spear","floor":55,"turns":5},{"damage":141,"enemies":"The Heart","floor":56,"turns":10}],"seed_played":"-6465870423924253397","potions_obtained":[{"floor":3,"key":"DistilledChaos"},{"floor":4,"key":"ColorlessPotion"},{"floor":24,"key":"LiquidMemories"},{"floor":27,"key":"Fruit Juice"},{"floor":31,"key":"SmokeBomb"},{"floor":33,"key":"SkillPotion"},{"floor":40,"key":"Weak Potion"},{"floor":45,"key":"Fire Potion"},{"floor":47,"key":"Fruit Juice"},{"floor":48,"key":"AttackPotion"}],"is_trial":false,"path_per_floor":["M","?","M","M","?","R","M","$","T","R","E","T","R","M","R","B",null,"M","$","?","M","?","R","E","M","T","E","R","T","R","M","R","B",null,"M","M","?","?","M","E","M","R","T","E","M","$","M","E","R","B",null,null,"R","$","E","B",null],"character_chosen":"DOCTOR_CLASS","items_purchased":["ats:Magnetic Hammer","ats:Soul Absorption","ats:Special","REME_FirmDetermination","ats:Arts","Ornamental Fan"],"campfire_rested":0,"item_purchase_floors":[8,8,19,19,46,46],"current_hp_per_floor":[61,61,61,55,44,44,42,42,42,42,44,44,44,44,44,37,72,72,72,72,72,72,72,28,28,28,30,35,35,35,35,35,46,77,77,77,77,77,67,13,23,23,23,77,77,77,72,51,51,77,77,82,82,82,62,21],"gold":45,"neow_bonus":"THREE_CARDS","is_daily":false,"chose_seed":false,"campfire_upgraded":10,"win_rate":0.0,"timestamp":1612083387,"path_taken":["M","?","M","M","?","R","M","$","T","R","E","?","R","?","R","BOSS","M","?","?","?","?","R","E","M","T","E","R","?","R","M","R","BOSS","M","M","?","?","M","E","M","R","T","E","M","$","M","E","R","BOSS","R","$","E","BOSS"],"items_purchased_type":["Card","Card","Relic","Card","Relic","Relic"],"build_version":"2020-12-22","purchased_purges":1,"victory":true,"max_hp_per_floor":[72,72,72,72,72,72,72,72,72,72,72,72,72,72,72,72,72,72,72,72,72,72,72,72,72,72,72,77,77,77,77,77,77,77,77,77,77,77,77,77,77,77,77,77,77,77,82,82,82,82,82,82,82,82,82,82],"card_choices":[{"not_picked":["ats:Phantom","ats:LN2 Cannon"],"picked":"ats:Closed Bolt Burst Fire","floor":0},{"not_picked":["ats:Closed Bolt Burst Fire","ats:Leaping Hammer"],"picked":"ats:Shell Defense","floor":1},{"not_picked":["ats:Absolute Focus","ats:Poison Spread"],"picked":"ats:Leaping Hammer","floor":3},{"not_picked":["ats:Automatic Cover","ats:Ignite"],"picked":"ats:Cat Scratch","floor":4},{"not_picked":["ats:Absolute Focus","ats:Poison Spread"],"picked":"ats:Hook Shot","floor":7},{"not_picked":["ats:Apocalypse","ats:Rat Pack","ats:Cat Scratch"],"picked":"SKIP","floor":14},{"not_picked":["ats:Explosion Area Strengthen","ats:Apocalypse+1"],"picked":"ats:Part Time Job+1","floor":18},{"not_picked":["ats:Overload","ats:Shell Defense"],"picked":"ats:Powerful Strike+1","floor":21},{"not_picked":["ats:Composite Medical Shells","ats:Counter Healing Mode","ats:Mental Burst"],"picked":"SKIP","floor":24},{"not_picked":["ats:Sunburst+1","ats:Explosion Area Strengthen"],"picked":"ats:Blood Oath+1","floor":25},{"not_picked":["ats:Explosion Area Strengthen","ats:Leaping Hammer"],"picked":"ats:Serious Mode","floor":27},{"not_picked":["ats:Explosion Area Strengthen","ats:Beaten Up"],"picked":"ats:Calcification","floor":31},{"not_picked":["ats:Calcification","ats:Fractured Body"],"picked":"ats:True Silver Slash","floor":33},{"not_picked":["ats:Guard Mode+1","ats:Apocalypse","REME_ProfessionalPlagiarism"],"picked":"ats:Steam Pump+1","floor":35},{"not_picked":["ats:Hammer On","ats:Guardian Obelisk+1","ats:Cat Scratch+1","REME_HeartOfCthun"],"picked":"SKIP","floor":36},{"not_picked":[],"picked":"ats:Echo Reverb","floor":38},{"not_picked":["ats:Cat Scratch","ats:Ignite+1","Metamorphosis"],"picked":"ats:Soul Rend","floor":39},{"not_picked":["ats:Hammer On+1","ats:Powerful Strike+1","ats:Guard Mode+1"],"picked":"Panacea+1","floor":40},{"not_picked":["ats:Closed Bolt Burst Fire+1","ats:Explosion Area Strengthen+1","Secret Weapon"],"picked":"ats:Sashimi Platter","floor":41},{"not_picked":["ats:Poison Spread+1","ats:Rat Pack","ats:Leaping Hammer+1","Violence"],"picked":"SKIP","floor":41},{"not_picked":["ats:Automatic Cover","ats:Poison Spread+1","Apotheosis"],"picked":"ats:Explosion Area Strengthen+1","floor":44},{"not_picked":["ats:Red Shift","ats:Flexible Camouflage","ats:Steam Pump+1","REME_HeartOfCthun"],"picked":"SKIP","floor":45},{"not_picked":["ats:Shell Defense","ats:Assault Order","ats:Serious Mode","HandOfGreed"],"picked":"SKIP","floor":45},{"not_picked":["ats:Flexible Camouflage","ats:Hook Shot+1","Transmutation"],"picked":"ats:Ignite+1","floor":47},{"not_picked":["ats:Cat Scratch","ats:Very Hot Blade","Enlightenment+1"],"picked":"ats:Encircling Forest+1","floor":47},{"not_picked":["ats:Blood Oath+1","ats:Thermite Blade","REME_ShortnessOfBreath+1"],"picked":"ats:Song Of Battle+1","floor":48},{"not_picked":["ats:Soul Rend","ats:Defend Order","REME_Flogging"],"picked":"ats:Revitalization+1","floor":55}],"player_experience":748949,"relics_obtained":[{"floor":1,"key":"LetterFromLob"},{"floor":9,"key":"Tea:ReiMu"},{"floor":12,"key":"Dota2Spire:Satanic"},{"floor":24,"key":"ats:Originium"},{"floor":24,"key":"Boot"},{"floor":27,"key":"ats:Originium"},{"floor":27,"key":"SnafuTest:BearRelic"},{"floor":29,"key":"Bag of Preparation"},{"floor":34,"key":"Dream Catcher"},{"floor":34,"key":"ats:Rhine Circuitry"},{"floor":40,"key":"ats:Originium"},{"floor":40,"key":"Prayer Wheel"},{"floor":43,"key":"Vajra"},{"floor":44,"key":"ats:Originium"},{"floor":44,"key":"Dota2Spire:LinkenSphere"},{"floor":48,"key":"Dota2Spire:AghanimScepter"},{"floor":55,"key":"AT_DeathDance"}],"event_choices":[{"damage_healed":0,"gold_gain":75,"player_choice":"Gather Gold","damage_taken":11,"max_hp_gain":0,"max_hp_loss":0,"event_name":"World of Goop","floor":5,"gold_loss":0},{"damage_healed":0,"gold_gain":0,"player_choice":"Paid Gold","damage_taken":0,"relics_obtained":["Dota2Spire:DrumOfEndurance"],"max_hp_gain":0,"max_hp_loss":0,"event_name":"WeMeetAgain","floor":20,"gold_loss":65}],"is_beta":false,"boss_relics":[{"not_picked":["Fusion Hammer","Astrolabe"],"picked":"AT_TrinityForce"},{"not_picked":["Coffee Dripper","RedLine:ReiMu"],"picked":"REME_LowDesire"}],"items_purged_floors":[54],"is_endless":false,"potions_floor_spawned":[3,4,11,24,27,31,33,40,45,47,48],"ascension_level":0}}