{"host":"6kyqgln1ip325a4v","time":1612060212,"event":{"mods":["BaseMod","Minty Spire (QoL Compilation)"],"gold_per_floor":[114,114,129,144,144,174,174,204,279,279,294,294,309,84,84,84,84],"floor_reached":16,"language":"ENG","playtime":744,"items_purged":["Strike_R"],"score":110,"play_id":"97aa165a-fdee-4d22-bfd4-a019082f682d","local_time":"20210130213012","daily_mods":["Allstar","Diverse","Elite Swarm"],"is_ascension_mode":false,"campfire_choices":[{"data":"Transmutation","floor":7,"key":"SMITH"},{"data":"Storm of Steel","floor":10,"key":"SMITH"},{"data":"Envenom","floor":12,"key":"SMITH"},{"data":"Skewer","floor":15,"key":"SMITH"}],"circlet_count":0,"master_deck":["Strike_R","Strike_R","Strike_R","Strike_R","Defend_R","Defend_R","Defend_R","Defend_R","Bash","Discovery","Blind","Transmutation+1","Impatience","Panacea","Conserve Battery","Skewer+1","ReachHeaven","Envenom+1","Storm of Steel+1","Flex"],"relics":["Burning Blood","Incense Burner","Self Forming Clay","Bronze Scales","Paper Frog","Chemical X"],"acts_visited":["Exordium"],"potions_floor_usage":[8,16],"damage_taken":[{"damage":0,"enemies":"Small Slimes","floor":1,"turns":3},{"damage":2,"enemies":"Jaw Worm","floor":3,"turns":4},{"damage":1,"enemies":"Cultist","floor":4,"turns":3},{"damage":18,"enemies":"Lagavulin","floor":6,"turns":4},{"damage":34,"enemies":"3 Sentries","floor":8,"turns":9},{"damage":9,"enemies":"Lots of Slimes","floor":11,"turns":4},{"damage":14,"enemies":"3 Louse","floor":13,"turns":2},{"damage":40,"enemies":"Slime Boss","floor":16,"turns":6}],"seed_played":"7510361231737359051","potions_obtained":[{"floor":3,"key":"BloodPotion"},{"floor":6,"key":"Dexterity Potion"}],"is_trial":false,"path_per_floor":["M","?","M","M","?","E","R","E","T","R","M","R","M","$","R","B"],"character_chosen":"IRONCLAD","items_purchased":["Chemical X"],"campfire_rested":0,"item_purchase_floors":[14],"current_hp_per_floor":[80,62,66,71,71,59,59,47,47,47,44,44,36,36,36,0,0],"gold":84,"neow_bonus":"","is_daily":true,"chose_seed":false,"campfire_upgraded":4,"win_rate":0.0,"timestamp":1612060212,"path_taken":["M","?","M","M","?","E","R","E","T","R","M","R","M","$","R","BOSS"],"items_purchased_type":["Relic"],"build_version":"2020-12-22","purchased_purges":1,"victory":false,"max_hp_per_floor":[80,80,80,80,80,80,80,80,80,80,80,80,80,80,80,80,80],"card_choices":[{"not_picked":["Prostrate","Prepared"],"picked":"Conserve Battery","floor":1},{"not_picked":["CutThroughFate","Pummel"],"picked":"Skewer","floor":3},{"not_picked":["Conserve Battery","FollowUp"],"picked":"ReachHeaven","floor":4},{"not_picked":["Fiend Fire","Grand Finale"],"picked":"Envenom","floor":6},{"not_picked":["Establishment","ConjureBlade"],"picked":"Storm of Steel","floor":8},{"not_picked":["Defragment","Warcry","Streamline"],"picked":"SKIP","floor":11},{"not_picked":["ClearTheMind","Cloak And Dagger"],"picked":"Flex","floor":13}],"player_experience":160022,"relics_obtained":[{"floor":6,"key":"Self Forming Clay"},{"floor":8,"key":"Bronze Scales"},{"floor":9,"key":"Paper Frog"}],"event_choices":[{"damage_healed":0,"gold_gain":0,"player_choice":"Success","damage_taken":18,"relics_obtained":["Incense Burner"],"max_hp_gain":0,"max_hp_loss":0,"event_name":"Scrap Ooze","floor":2,"gold_loss":0},{"damage_healed":0,"gold_gain":0,"player_choice":"Ignored","damage_taken":0,"max_hp_gain":0,"max_hp_loss":0,"event_name":"Shining Light","floor":5,"gold_loss":0}],"is_beta":false,"boss_relics":[],"items_purged_floors":[14],"is_endless":false,"potions_floor_spawned":[3,6],"killed_by":"Slime Boss","ascension_level":0}}