{"host":"6p0attdrtjqaih7v","time":1612070486,"event":{"mods":["2.2 Compatiblity","AchievementEnabler","Bard","BaseMod","Better Skull","Better Third Choice","Colored Powertips","Downfall","Hermit","Highlight Path","Key Reminder","Minty Spire (QoL Compilation)","Permanent Neow","Quick Restart","Random Character Button","Relic Stats","Replay The Spire","Robot Space Explorer","StSLib","The Witch"],"gold_per_floor":[213,213,224,34,86,86,146,181,181,266,266,335,335,400,400,503,603,639,679,679,679,722,722,722,722],"floor_reached":24,"language":"ENG","playtime":1160,"items_purged":[],"score":416,"play_id":"633bf83a-3b7b-47df-bcd6-488fcbf919a1","local_time":"20210131002126","is_ascension_mode":true,"campfire_choices":[{"data":"HandOfGreed","floor":6,"key":"SMITH"},{"data":"Dual Wield","floor":11,"key":"SMITH"},{"floor":15,"key":"REST"},{"floor":23,"key":"REST"}],"circlet_count":0,"master_deck":["AscendersBane","Strike_R+1","Defend_R","Defend_R","Defend_R","Defend_R","Bash","Metallicize","HandOfGreed+1","Dual Wield+1","Second Wind+1","Dark Embrace","Body Slam","Ghostly Armor","Barricade","Whirlwind","Iron Wave","Shrug It Off","Flame Barrier","Havoc+1","Massacre"],"relics":["Burning Blood","Replay:PocketPolymizer","StoneCalendar","champ:DuelingGlove","keyreminder:keyreminder","Replay:Wanted Poster"],"acts_visited":["Exordium","TheCity"],"potions_floor_usage":[8,10,10,16,24,24],"damage_taken":[{"damage":2,"enemies":"Cultist","floor":1,"turns":4},{"damage":9,"enemies":"Jaw Worm","floor":3,"turns":5},{"damage":10,"enemies":"Small Slimes","floor":5,"turns":4},{"damage":22,"enemies":"Replay:BlueRogue","floor":7,"turns":6},{"damage":15,"enemies":"Blue Slaver","floor":8,"turns":4},{"damage":19,"enemies":"3 Sentries","floor":10,"turns":7},{"damage":12,"enemies":"Exordium Thugs","floor":12,"turns":4},{"damage":9,"enemies":"Exordium Wildlife","floor":14,"turns":5},{"damage":18,"enemies":"The Guardian","floor":16,"turns":13},{"damage":16,"enemies":"Spheric Guardian","floor":18,"turns":6},{"damage":4,"enemies":"Chosen","floor":19,"turns":5},{"damage":40,"enemies":"Snecko","floor":22,"turns":8},{"damage":46,"enemies":"Gremlin Leader","floor":24,"turns":5}],"seed_played":"-76350789498628253","potions_obtained":[{"floor":1,"key":"BloodPotion"},{"floor":2,"key":"Explosive Potion"},{"floor":8,"key":"AttackPotion"},{"floor":14,"key":"ColorlessPotion"},{"floor":16,"key":"Energy Potion"},{"floor":22,"key":"Reflective Coating"}],"is_trial":false,"path_per_floor":["M","?","M","$","M","R","E","M","T","E","R","M","?","M","R","B",null,"M","M","?","?","M","R","E"],"character_chosen":"IRONCLAD","items_purchased":["HandOfGreed"],"campfire_rested":2,"item_purchase_floors":[4],"current_hp_per_floor":[72,72,69,69,65,65,49,55,55,42,42,36,13,10,32,20,61,51,53,53,53,19,41,0,0],"gold":722,"neow_bonus":"HUNDRED_GOLD","is_daily":false,"chose_seed":false,"campfire_upgraded":2,"win_rate":0.0,"timestamp":1612070486,"path_taken":["M","?","?","$","M","R","E","M","T","E","R","M","?","M","R","BOSS","M","M","?","?","M","R","E"],"items_purchased_type":["Card"],"build_version":"2020-12-22","purchased_purges":0,"victory":false,"max_hp_per_floor":[75,75,75,75,75,75,75,75,75,75,75,75,75,75,75,75,75,75,75,75,75,75,75,75,75],"relic_stats":{"counters":[13,76],"StoneCalendar":[115],"obtain_stats":[{"keyreminder:keyreminder":10,"Replay:Wanted Poster":17,"champ:DuelingGlove":10,"Replay:PocketPolymizer":7,"StoneCalendar":9,"Burning Blood":0},{"keyreminder:keyreminder":6,"Replay:Wanted Poster":9,"champ:DuelingGlove":6,"Replay:PocketPolymizer":4,"StoneCalendar":5,"Burning Blood":0},{"keyreminder:keyreminder":30,"Replay:Wanted Poster":52,"champ:DuelingGlove":30,"Replay:PocketPolymizer":19,"StoneCalendar":23,"Burning Blood":0}],"Burning Blood":72},"card_choices":[{"not_picked":["Rupture","Sentinel","Searing Blow"],"picked":"SKIP","floor":1},{"not_picked":["Replay:Undeath\u0027s Touch","Clash"],"picked":"Metallicize","floor":3},{"not_picked":["Perfected Strike","Flex","Sever Soul"],"picked":"SKIP","floor":5},{"not_picked":["Burning Pact","Hemokinesis"],"picked":"Dual Wield","floor":7},{"not_picked":["ReplayTheSpireMod:Strike From Hell","Body Slam"],"picked":"Second Wind","floor":8},{"not_picked":["Flex","Wild Strike"],"picked":"Dark Embrace","floor":10},{"not_picked":["Sever Soul","Rampage"],"picked":"Ghostly Armor","floor":12},{"not_picked":["Infernal Blade","Pummel"],"picked":"Barricade","floor":14},{"not_picked":["Heavy Blade","Headbutt"],"picked":"Iron Wave","floor":18},{"not_picked":["Flex","Reckless Charge"],"picked":"Shrug It Off","floor":19},{"not_picked":["Replay:Undeath\u0027s Touch","Cleave"],"picked":"Havoc+1","floor":22}],"player_experience":991077,"relics_obtained":[{"floor":7,"key":"Replay:PocketPolymizer"},{"floor":9,"key":"StoneCalendar"},{"floor":10,"key":"champ:DuelingGlove"}],"event_choices":[{"damage_healed":0,"gold_gain":0,"player_choice":"Got Potions","damage_taken":0,"max_hp_gain":0,"max_hp_loss":0,"event_name":"Lab","floor":2,"gold_loss":0},{"damage_healed":0,"gold_gain":0,"player_choice":"Entered Light","damage_taken":23,"max_hp_gain":0,"max_hp_loss":0,"event_name":"Shining Light","floor":13,"gold_loss":0,"cards_upgraded":["Strike_R","Second Wind"]},{"damage_healed":0,"gold_gain":0,"cards_transformed":["Strike_R"],"player_choice":"Transformed","damage_taken":0,"max_hp_gain":0,"max_hp_loss":0,"event_name":"Transmorgrifier","floor":21,"gold_loss":0,"cards_obtained":["Flame Barrier"]}],"is_beta":false,"boss_relics":[{"not_picked":["Black Blood","Empty Cage"],"picked":"Replay:Wanted Poster"}],"items_purged_floors":[],"is_endless":false,"potions_floor_spawned":[1,8,14,16,22],"killed_by":"Gremlin Leader","ascension_level":20}}