{"host":"xwgrz7y3g1a3iikb","time":1612132376,"event":{"mods":["BaseMod","Minty Spire (QoL Compilation)","Permanent Neow","Quick Restart","Relic Stats","StSLib"],"gold_per_floor":[112,112,128,37,54,96,117,117,117,143,180,255,255,299,299,379,379,362,13,22,50,59,59,59],"floor_reached":23,"language":"ENG","playtime":841,"items_purged":["Strike_G"],"score":468,"play_id":"83ecb6e8-141c-44de-a0cd-97b78acec52a","local_time":"20210131143256","is_ascension_mode":true,"campfire_choices":[{"data":"Neutralize","floor":8,"key":"SMITH"},{"data":"Bouncing Flask","floor":15,"key":"SMITH"}],"circlet_count":0,"master_deck":["AscendersBane","Strike_G","Strike_G","Strike_G","Strike_G","Defend_G","Defend_G","Defend_G","Defend_G","Defend_G","Survivor","Neutralize+1","Masterful Stab","Neutralize","Flying Knee","Flash of Steel","Backstab","Terror","Bouncing Flask+1","Leg Sweep","Endless Agony","Die Die Die","Blade Dance","RitualDagger","Well Laid Plans","J.A.X."],"relics":["Ring of the Serpent","Regal Pillow","CeramicFish","Meat on the Bone","Pocketwatch","Potion Belt","Membership Card","InkBottle"],"acts_visited":["Exordium","TheCity"],"potions_floor_usage":[6,11,14],"damage_taken":[{"damage":0,"enemies":"2 Louse","floor":1,"turns":2},{"damage":0,"enemies":"Cultist","floor":3,"turns":4},{"damage":4,"enemies":"Small Slimes","floor":5,"turns":3},{"damage":21,"enemies":"Gremlin Nob","floor":6,"turns":4},{"damage":0,"enemies":"Red Slaver","floor":7,"turns":2},{"damage":0,"enemies":"Exordium Wildlife","floor":10,"turns":3},{"damage":5,"enemies":"Lagavulin","floor":11,"turns":5},{"damage":0,"enemies":"Gremlin Nob","floor":14,"turns":3},{"damage":20,"enemies":"Hexaghost","floor":16,"turns":8},{"damage":11,"enemies":"2 Thieves","floor":18,"turns":4},{"damage":1,"enemies":"Chosen","floor":21,"turns":3},{"damage":40,"enemies":"Book of Stabbing","floor":23,"turns":5}],"seed_played":"7484999879861978580","potions_obtained":[{"floor":3,"key":"SkillPotion"},{"floor":10,"key":"ColorlessPotion"},{"floor":11,"key":"PowerPotion"},{"floor":13,"key":"DuplicationPotion"},{"floor":14,"key":"EssenceOfSteel"},{"floor":18,"key":"CultistPotion"}],"is_trial":false,"path_per_floor":["M","?","M","$","M","E","M","R","T","M","E","?","?","E","R","B",null,"M","$","?","M","?","E"],"character_chosen":"THE_SILENT","items_purchased":["Flash of Steel","Membership Card","InkBottle"],"campfire_rested":0,"item_purchase_floors":[4,19,19],"current_hp_per_floor":[59,59,59,59,55,34,34,34,34,34,41,30,30,42,42,34,58,47,47,41,40,40,0,0],"gold":59,"neow_bonus":"RANDOM_COMMON_RELIC","is_daily":false,"chose_seed":false,"campfire_upgraded":2,"win_rate":0.0,"timestamp":1612132376,"path_taken":["M","?","M","?","?","E","M","R","T","M","E","?","?","E","R","BOSS","M","$","?","M","?","E"],"items_purchased_type":["Card","Relic","Relic"],"build_version":"2020-12-22","purchased_purges":1,"victory":false,"max_hp_per_floor":[66,66,66,66,66,66,66,66,66,66,66,66,66,66,66,66,66,66,66,66,66,66,66,66],"relic_stats":{"Regal Pillow":0,"counters":[12,46],"CeramicFish":90,"obtain_stats":[{"Potion Belt":14,"Regal Pillow":0,"CeramicFish":6,"Membership Card":19,"Ring of the Serpent":17,"InkBottle":19,"Ring of the Snake":0,"Meat on the Bone":9,"Pocketwatch":11},{"Potion Belt":8,"Regal Pillow":0,"CeramicFish":4,"Membership Card":10,"Ring of the Serpent":9,"InkBottle":10,"Ring of the Snake":0,"Meat on the Bone":5,"Pocketwatch":7},{"Potion Belt":26,"Regal Pillow":0,"CeramicFish":13,"Membership Card":38,"Ring of the Serpent":34,"InkBottle":38,"Ring of the Snake":0,"Meat on the Bone":15,"Pocketwatch":23}],"InkBottle":[3],"Meat on the Bone":36,"Pocketwatch":[6]},"card_choices":[{"not_picked":["PiercingWail","Prepared"],"picked":"Masterful Stab","floor":1},{"not_picked":["Escape Plan","Expertise"],"picked":"Flying Knee","floor":3},{"not_picked":["Poisoned Stab","Prepared","Outmaneuver"],"picked":"SKIP","floor":5},{"not_picked":["Cloak And Dagger","Backflip"],"picked":"Backstab","floor":6},{"not_picked":["Catalyst","PiercingWail"],"picked":"Terror","floor":7},{"not_picked":["Dodge and Roll","Dagger Throw"],"picked":"Bouncing Flask","floor":10},{"not_picked":["Grand Finale","Noxious Fumes"],"picked":"Leg Sweep","floor":11},{"not_picked":["Dash","Escape Plan"],"picked":"Endless Agony","floor":14},{"not_picked":["Storm of Steel","Doppelganger"],"picked":"Die Die Die","floor":16},{"not_picked":["Terror","Escape Plan"],"picked":"Blade Dance","floor":18},{"not_picked":["Flying Knee","Dagger Spray"],"picked":"Well Laid Plans","floor":21}],"player_experience":303866,"relics_obtained":[{"floor":6,"key":"CeramicFish"},{"floor":9,"key":"Meat on the Bone"},{"floor":11,"key":"Pocketwatch"},{"floor":14,"key":"Potion Belt"}],"event_choices":[{"damage_healed":0,"gold_gain":0,"player_choice":"1 cards matched","damage_taken":0,"max_hp_gain":0,"max_hp_loss":0,"event_name":"Match and Keep!","floor":2,"gold_loss":0,"cards_obtained":["Neutralize"]},{"damage_healed":0,"gold_gain":75,"player_choice":"Gather Gold","damage_taken":11,"max_hp_gain":0,"max_hp_loss":0,"event_name":"World of Goop","floor":12,"gold_loss":0},{"damage_healed":0,"gold_gain":0,"player_choice":"Got Potions","damage_taken":0,"max_hp_gain":0,"max_hp_loss":0,"event_name":"Lab","floor":13,"gold_loss":0},{"damage_healed":0,"gold_gain":0,"player_choice":"Joined the Cult","damage_taken":6,"max_hp_gain":0,"max_hp_loss":0,"event_name":"Nest","floor":20,"gold_loss":0,"cards_obtained":["RitualDagger"]},{"damage_healed":0,"gold_gain":0,"player_choice":"Obtain J.A.X.","damage_taken":0,"max_hp_gain":0,"max_hp_loss":0,"event_name":"Drug Dealer","floor":22,"gold_loss":0,"cards_obtained":["J.A.X."]}],"is_beta":false,"boss_relics":[{"not_picked":["Ectoplasm","Snecko Eye"],"picked":"Ring of the Serpent"}],"items_purged_floors":[19],"is_endless":false,"potions_floor_spawned":[3,10,11,14,18],"killed_by":"Book of Stabbing","ascension_level":20}}