{"host":"sav7uxregyirlf69","time":1612057681,"event":{"mods":["AchievementEnabler","BaseMod","Colored Map","DeckTracker","Keyboard Shortcuts","Minty Spire (QoL Compilation)","READ ME - Guardian Mod","StSLib","SuperFastMode"],"gold_per_floor":[114,114,389,409,139,139,157,185,209,224,224,224],"floor_reached":11,"language":"KOR","playtime":151,"items_purged":["Regret"],"score":128,"play_id":"c0637a1d-8b81-482f-b179-2a845f9a2b2e","local_time":"20210131104801","is_ascension_mode":true,"campfire_choices":[{"data":"Sunder","floor":6,"key":"SMITH"}],"circlet_count":0,"master_deck":["AscendersBane","Strike_B","Strike_B","Strike_B","Strike_B","Defend_B","Defend_B","Defend_B","Defend_B","Zap","Dualcast","Genetic Algorithm","Sunder+1","Reinforced Body","Turbo","FTL"],"relics":["Cracked Core","NeowsBlessing","Omamori","Lantern","Potion Belt"],"acts_visited":["Exordium"],"potions_floor_usage":[10,11],"damage_taken":[{"damage":0,"enemies":"Cultist","floor":1,"turns":1},{"damage":0,"enemies":"Jaw Worm","floor":4,"turns":1},{"damage":0,"enemies":"2 Louse","floor":7,"turns":1},{"damage":44,"enemies":"3 Sentries","floor":8,"turns":11},{"damage":0,"enemies":"Looter","floor":10,"turns":4},{"damage":20,"enemies":"Lagavulin","floor":11,"turns":3}],"seed_played":"-420112144837091911","potions_obtained":[{"floor":7,"key":"SpeedPotion"},{"floor":8,"key":"Block Potion"}],"is_trial":false,"path_per_floor":["M","$","?","M","$","R","M","E","T","M","E"],"character_chosen":"DEFECT","items_purchased":["Sunder","Omamori"],"campfire_rested":0,"item_purchase_floors":[5,5],"current_hp_per_floor":[64,64,64,64,64,64,64,20,20,20,0,0],"gold":224,"neow_bonus":"THREE_ENEMY_KILL","is_daily":false,"chose_seed":false,"campfire_upgraded":1,"win_rate":0.0,"timestamp":1612057681,"path_taken":["M","?","?","M","$","R","?","E","T","M","E"],"items_purchased_type":["Card","Relic"],"build_version":"2020-12-22","purchased_purges":1,"victory":false,"max_hp_per_floor":[71,71,71,71,71,71,71,71,71,71,71,71],"card_choices":[{"not_picked":["Coolheaded","Hologram"],"picked":"Genetic Algorithm","floor":1},{"not_picked":["Hello World","Auto Shields","Static Discharge"],"picked":"SKIP","floor":4},{"not_picked":["Compile Driver","Coolheaded"],"picked":"Reinforced Body","floor":7},{"not_picked":["Redo","Streamline"],"picked":"Turbo","floor":8},{"not_picked":["Fusion","Reinforced Body"],"picked":"FTL","floor":10}],"player_experience":1442211,"relics_obtained":[{"floor":8,"key":"Lantern"},{"floor":9,"key":"Potion Belt"}],"event_choices":[{"damage_healed":0,"gold_gain":275,"player_choice":"Desecrate","damage_taken":0,"max_hp_gain":0,"max_hp_loss":0,"event_name":"Golden Shrine","floor":3,"gold_loss":0,"cards_obtained":["Regret"]}],"is_beta":false,"boss_relics":[],"items_purged_floors":[5],"is_endless":false,"potions_floor_spawned":[7,8],"killed_by":"Lagavulin","ascension_level":15}}