{"host":"g1wmg2w41xhsnw8g","time":1612085320,"event":{"mods":["2.2 Compatiblity","Act Like it!","Aspiration","BaseMod","Better Altar","Better Match","Better Note","Better Sensory Stone","Better Skull","Better Third Choice","BetterRewards","Booster Modes","CapriCore","Colored Map","Colored Powertips","Defuse TimeMaze Blight","Displayed Cursed Tome","Evolution","Fox Events","Friendly Minions","GifTheSpireLib","Good Game Mod","Googly Eyes","Hubris","Infinite Spire","Ironclad Rager","Jedi Mod","Minty Spire (QoL Compilation)","Monster B Gone","Red Circlet Mod","Relic Filter Mod","Relic Sorter","Reliquary","SCP261 Mod","Shop Mod","Smile Girya","Spicy Shops","Spikes Relics","StSLib","Strawberry Spire","Stuff the Spire","The Runesmith","The Sage","Trackpad","Transform Curses","Wandering Minibosses","Weighted Paths","????"],"gold_per_floor":[115,134,134,134,134,165,165,200,200,200,227,247,247,273,15,111,111,122,140,140,65,79,113,16,51,77,108,123,90,90,90,90,186,186,131,56,106,124,140,175,175,175],"floor_reached":41,"language":"ENG","playtime":3065,"items_purged":[],"score":572,"play_id":"846dd0b2-7621-4a1e-a677-398855d1fade","local_time":"20210131042840","is_ascension_mode":true,"campfire_choices":[{"data":"ICR:Cyclone","floor":7,"key":"SMITH"},{"data":"Zap","floor":10,"key":"SMITH"},{"data":"Ball Lightning","floor":13,"key":"SMITH"},{"data":"infinitespire:TheBestDefense","floor":32,"key":"SMITH"}],"circlet_count":0,"master_deck":["Ball Lightning+1","Barrage","strawberrySpire:DataDump","jedi:BurstLightning","Conserve Battery","jedi:blockon","Leap","jedi:BurstFrost","Zap+1","Dualcast","Coolheaded","ICR:Cyclone+1","Gash+1","Gash","StuffTheSpire:ShieldGenerator","jedi:gatheringstorm","Doom and Gloom","jedi:BurstLightning","Machine Learning+1","sagemod:Perplexing_Glare+1","Go for the Eyes+1","All For One+1","Loop+1","Gash","Tempest","infinitespire:TheBestDefense+1","strawberrySpire:AnotherWinter+1","Sweeping Beam+1","StuffTheSpire:ForEach","Streamline","Hologram+1","Hello World+1"],"relics":["Cracked Core","EVO:Axolotl","REME:ComplimentaryCards","Frozen Egg 2","hubris:EvacipatedBox","hubris:FruitBowl","Blood Vial","Odd Mushroom","Vajra","Membership Card","MerchantsRug","Girya","Nuclear Battery","Bottled Tornado","Letter Opener","hubris:SlimyHat","Whetstone","ClockworkSouvenir","SlaversCollar","Black Star","trackpad:SneckoScepter","CrustySpines","reliquary:TuningFork"],"acts_visited":["Exordium","TheCity","TheBeyond"],"potions_floor_usage":[6,28,38,40,40,41],"damage_taken":[{"damage":0,"enemies":"Jaw Worm","floor":1,"turns":3},{"damage":0,"enemies":"Cultist","floor":2,"turns":3},{"damage":5,"enemies":"Lagavulin","floor":6,"turns":5},{"damage":12,"enemies":"strawberrySpire:EnergyPylons","floor":8,"turns":5},{"damage":0,"enemies":"The Mushroom Lair","floor":11,"turns":3},{"damage":0,"enemies":"2 Louse","floor":12,"turns":2},{"damage":16,"enemies":"Gremlin Nob","floor":14,"turns":4},{"damage":6,"enemies":"The Guardian","floor":16,"turns":7},{"damage":10,"enemies":"2 Thieves","floor":18,"turns":3},{"damage":10,"enemies":"3 Byrds","floor":19,"turns":4},{"damage":0,"enemies":"Snecko","floor":22,"turns":4},{"damage":19,"enemies":"Nightmare","floor":23,"turns":7},{"damage":17,"enemies":"strawberrySpire:AncientClocktower","floor":25,"turns":5},{"damage":11,"enemies":"Book of Stabbing","floor":27,"turns":5},{"damage":1,"enemies":"Snake Plant","floor":28,"turns":3},{"damage":0,"enemies":"Centurion and Healer","floor":29,"turns":5},{"damage":13,"enemies":"Automaton","floor":33,"turns":7},{"damage":3,"enemies":"3 Darklings","floor":35,"turns":6},{"damage":0,"enemies":"Mind Bloom Boss Battle","floor":37,"turns":5},{"damage":26,"enemies":"3 Shapes","floor":38,"turns":3},{"damage":51,"enemies":"3 Darklings","floor":39,"turns":4},{"damage":22,"enemies":"Nightmare","floor":40,"turns":7},{"damage":14,"enemies":"Jaw Worm Horde","floor":41,"turns":2}],"seed_played":"-2476200983181027007","potions_obtained":[{"floor":2,"key":"Weak Potion"},{"floor":12,"key":"SpeedPotion"},{"floor":23,"key":"SpeedPotion"},{"floor":25,"key":"EssenceOfDarkness"},{"floor":29,"key":"Ancient Potion"},{"floor":33,"key":"Ancient Potion"},{"floor":37,"key":"PowerPotion"},{"floor":40,"key":"SkillPotion"}],"is_trial":false,"path_per_floor":["M","M","?","?","$","E","R","E","T","R","?","M","R","E","R","B",null,"M","M","?","?","M","NM","$","E","T","E","M","M","?","AVR","R","B",null,"M","?","?","M","M","NM","M"],"character_chosen":"DEFECT","items_purchased":["hubris:EvacipatedBox","hubris:FruitBowl","Orichalcum","Membership Card","MerchantsRug","Girya","Letter Opener"],"campfire_rested":0,"item_purchase_floors":[5,5,5,15,15,15,24],"current_hp_per_floor":[91,91,91,91,43,38,38,43,43,43,45,47,47,33,33,29,106,96,88,99,99,101,84,84,69,69,60,61,63,63,63,63,52,106,103,103,105,80,31,11,0,0],"gold":175,"neow_bonus":"DEFECT_WARDEN","is_daily":false,"chose_seed":false,"campfire_upgraded":4,"win_rate":0.0,"timestamp":1612085320,"path_taken":["M","M","?","?","?","E","R","E","T","R","?","M","R","E","R","BOSS","M","M","?","?","M","NM","$","E","T","E","?","M","?","AVR","R","BOSS","M","?","?","?","M","NM","M"],"items_purchased_type":["Relic","Relic","Relic","Relic","Relic","Relic","Relic"],"build_version":"2020-12-22","purchased_purges":0,"victory":false,"max_hp_per_floor":[91,91,91,91,91,91,91,106,106,106,106,106,106,106,106,106,106,106,106,106,106,106,106,106,106,106,106,106,106,106,106,106,106,106,106,106,106,106,106,106,106,106],"card_choices":[{"not_picked":["Steam Power","jedi:BurstLightning"],"picked":"Coolheaded","floor":1},{"not_picked":["Beam Cell","strawberrySpire:DataDump"],"picked":"Gash","floor":2},{"not_picked":["Ball Lightning","Auto Shields"],"picked":"StuffTheSpire:ShieldGenerator","floor":6},{"not_picked":["strawberrySpire:ReturnNull","jedi:BurstFrost"],"picked":"jedi:gatheringstorm","floor":8},{"not_picked":["Compile Driver","Barrage"],"picked":"Doom and Gloom","floor":11},{"not_picked":["strawberrySpire:Disconnect","Redo","Conserve Battery"],"picked":"SKIP","floor":12},{"not_picked":["Reinforced Body","jedi:BurstFrost"],"picked":"jedi:BurstLightning","floor":14},{"not_picked":["jedi:gatheringstorm","jedi:darknesscall"],"picked":"Machine Learning+1","floor":16},{"not_picked":["Sweeping Beam+1","Melter","strawberrySpire:Disconnect"],"picked":"SKIP","floor":18},{"not_picked":["hubris:Ukulele+1","strawberrySpire:Disconnect","jedi:blockon"],"picked":"SKIP","floor":19},{"not_picked":["Trip+1","Good Instincts+1"],"picked":"sagemod:Perplexing_Glare+1","floor":21},{"not_picked":["strawberrySpire:SearchEngine","hubris:Ukulele+1"],"picked":"Go for the Eyes+1","floor":22},{"not_picked":["Beam Cell","strawberrySpire:BreederCore+1"],"picked":"All For One","floor":23},{"not_picked":["strawberrySpire:NeonFlight","Sweeping Beam"],"picked":"Loop+1","floor":25},{"not_picked":["Compile Driver","Stack"],"picked":"Gash","floor":27},{"not_picked":["Fusion+1","StuffTheSpire:Plugnplay"],"picked":"Tempest","floor":28},{"not_picked":["strawberrySpire:SearchEngine","Multi-Cast","Rebound"],"picked":"SKIP","floor":29},{"not_picked":["jedi:gatheringstorm","strawberrySpire:Ronchyble+1"],"picked":"strawberrySpire:AnotherWinter+1","floor":33},{"not_picked":["jedi:blockon","strawberrySpire:GearCrunch","Hologram+1"],"picked":"SKIP","floor":35},{"not_picked":["strawberrySpire:NeonFlight+1","jedi:BurstLightning+1"],"picked":"Sweeping Beam+1","floor":36},{"not_picked":["StuffTheSpire:LoadUp+1","Rebound"],"picked":"StuffTheSpire:ForEach","floor":37},{"not_picked":["Rebound+1","Steam"],"picked":"Streamline","floor":38},{"not_picked":["Beam Cell+1","hubris:Ukulele+1"],"picked":"Hologram+1","floor":39},{"not_picked":["Steam Power+1","Recycle+1"],"picked":"Hello World+1","floor":40}],"player_experience":959267,"relics_obtained":[{"floor":6,"key":"Blood Vial"},{"floor":8,"key":"Pear"},{"floor":11,"key":"Odd Mushroom"},{"floor":14,"key":"Vajra"},{"floor":23,"key":"Bottled Tornado"},{"floor":25,"key":"hubris:SlimyHat"},{"floor":26,"key":"Whetstone"},{"floor":27,"key":"sagemod:Red_Beast_Statue"},{"floor":37,"key":"trackpad:SneckoScepter"},{"floor":40,"key":"CrustySpines"},{"floor":40,"key":"reliquary:TuningFork"}],"event_choices":[{"damage_healed":0,"gold_gain":0,"player_choice":"Fought Mushrooms","damage_taken":0,"max_hp_gain":0,"max_hp_loss":0,"event_name":"Mushrooms","floor":11,"gold_loss":0},{"damage_healed":0,"gold_gain":0,"player_choice":"2","damage_taken":0,"max_hp_gain":0,"max_hp_loss":0,"event_name":"betterMatch:BetterMatch","floor":21,"gold_loss":0,"cards_obtained":["betterMatch:ColorlessUncommonCard"]},{"cards_removed":["Injury"],"damage_healed":0,"gold_gain":0,"player_choice":"Purged","damage_taken":0,"max_hp_gain":0,"max_hp_loss":0,"event_name":"Purifier","floor":30,"gold_loss":0},{"damage_healed":0,"gold_gain":0,"player_choice":"2","damage_taken":0,"max_hp_gain":0,"max_hp_loss":0,"event_name":"betterMatch:BetterMatch","floor":36,"gold_loss":0,"cards_obtained":["betterMatch:CommonCard"]},{"damage_healed":0,"gold_gain":0,"player_choice":"Fight","damage_taken":0,"max_hp_gain":0,"max_hp_loss":0,"event_name":"MindBloom","floor":37,"gold_loss":0}],"is_beta":false,"boss_relics":[{"not_picked":["FrozenCore","aspiration:Stellarator","Philosopher\u0027s Stone"],"picked":"Nuclear Battery"},{"not_picked":["Empty Cage","aspiration:WatcherSkillbook","sagemod:Falmels_Amulet"],"picked":"Black Star"}],"items_purged_floors":[],"is_endless":true,"potions_floor_spawned":[2,12,23,25,29,33,37,40],"killed_by":"Jaw Worm Horde","ascension_level":1}}