{"host":"17xjy7b7ubl548g2","time":1612080434,"event":{"mods":["2.2 Compatiblity","Act Like it!","Aspiration","Astrologer","Bard","BaseMod","Challenge The Spire","ChefMod","Colored Map","Colored Powertips","Conspire","Elementarium","Energized Spire","Gensokyo","GifTheSpireLib","Halation","Hallownest","Hermit","Hubris","Infinite Spire","Jedi Mod","Jorbs\u0027s Wanderer Trilogy","Marisa（霧雨　魔理沙）","Marked Mod","Menagerie","Minty Spire (QoL Compilation)","Permanent Neow","Reliquary","Replay The Spire","Robot Space Explorer","Spicy Shops","Spire Arcade","StSLib","Stuff the Spire","The Blue Laboratory","The Bug Knight","The Construct","The Disciple","The Hayseed","The Hierophant","The Marked","The Runesmith","The Sage","TheFirefly"],"gold_per_floor":[105,17,37,36,36,45,45,69,69,90,104,104,136,136,211,211,232,222,74,74,87,87,126,126,154,166,166,193,193,280,280,309,309,329,324,324,334,380,34,60,60,103,103,93,93,93,44,91,91,91],"floor_reached":55,"language":"ENG","playtime":4791,"items_purged":["hierophant:Strike_Hierophant","Decay","hierophant:LocustPlague","Languid"],"score":1315,"play_id":"95a661fb-7046-41a1-9e40-911a4a820d21","local_time":"20210131030714","is_ascension_mode":true,"campfire_choices":[{"data":"hierophant:Sermon","floor":8,"key":"SMITH"},{"data":"hierophant:PristineSoul","floor":10,"key":"SMITH"},{"data":"hierophant:PristineSoul","floor":13,"key":"SMITH"},{"data":"hierophant:Strike_Hierophant","floor":15,"key":"PURGE"},{"data":"infinitespire:DeathsTouch","floor":24,"key":"SMITH"},{"data":"Elementarium:GildedEssence","floor":30,"key":"SMITH"},{"data":"hierophant:PristineSoul","floor":32,"key":"SMITH"},{"floor":41,"key":"REST"},{"floor":49,"key":"RECALL"},{"floor":52,"key":"REST"}],"circlet_count":0,"master_deck":["AscendersBane","hierophant:Strike_Hierophant","hierophant:Strike_Hierophant","hierophant:Punish","hierophant:Defend_Hierophant","hierophant:Defend_Hierophant","hierophant:Defend_Hierophant","hierophant:Defend_Hierophant","hierophant:ChurchCoffers+1","hierophant:OrnateBuckler","hierophant:PristineSoul+1","hierophant:FieryStrike","hierophant:Sermon+1","hierophant:SealAway+1","hierophant:OrnateBuckler","hierophant:PristineSoul+1","hierophant:PristineSoul+1","hierophant:PassingBell+1","Elementarium:GildedEssence+1","infinitespire:DeathsTouch+1","hierophant:PristineSoul","hierophant:OrnateBuckler","hierophant:AuricBeam+1","hierophant:Purify","infinitespire:Gouge","hierophant:OrnateBuckler"],"relics":["hierophant:PropheticMaskRelic","hubris:Teleporter","Nunchaku","infinitespire:Lucky Rock","energizedSpire:StickyHand","Replay:Rubber Ducky","sagemod:Red_Beast_Statue","Mercury Hourglass","StuffTheSpire:Tea","aspiration:HatOfInfinitePower","conspire:Boomerang","infinitespire:Satchel","Elementarium:ElementariumTrophy","Fusion Hammer","Pet Ghost","Gremlin Horn","jedi:fakemustache","Oddly Smooth Stone","hubris:OldNail","StuffTheSpire:Nightcore","ReplayTheSpireMod:CursedCoin","Art of War"],"acts_visited":["Exordium","Menagerie:Menagerie","TheBeyond","TheEnding"],"potions_floor_usage":[14,23,25,40,40,40,54],"damage_taken":[{"damage":0.0,"enemies":"Menagerie:WhisperingWraith","floor":1.0,"turns":3.0},{"damage":2.0,"enemies":"Menagerie:StygianBoar","floor":3.0,"turns":3.0},{"damage":0.0,"enemies":"Menagerie:2_RABBITS","floor":4.0,"turns":3.0},{"damage":7,"enemies":"Menagerie:MaskedSummoner","floor":6,"turns":5},{"damage":0,"enemies":"Menagerie:DREAD_MOTH_AND_GRAFTED_WORMS","floor":11,"turns":3},{"damage":3,"enemies":"Menagerie:Hexasnake","floor":12,"turns":5},{"damage":4,"enemies":"Menagerie:Hydra","floor":14,"turns":4},{"damage":8,"enemies":"Menagerie:Chimera","floor":16,"turns":19},{"damage":0,"enemies":"Elementarium:MUD_AND_TAR_GOLEMS","floor":18,"turns":5},{"damage":0,"enemies":"Nightmare","floor":23,"turns":11},{"damage":0,"enemies":"Elementarium:ElementalPortal","floor":25,"turns":7},{"damage":7,"enemies":"Elementarium:FIRE_NOBILITY","floor":27,"turns":4},{"damage":0,"enemies":"Elementarium:2_ELEMENTALS","floor":29,"turns":3},{"damage":16,"enemies":"Elementarium:WarGolem","floor":31,"turns":5},{"damage":7,"enemies":"Elementarium:GolemEmperor","floor":33,"turns":8},{"damage":4,"enemies":"3 Shapes","floor":35,"turns":4},{"damage":3,"enemies":"Orb Walker","floor":38,"turns":3},{"damage":34,"enemies":"Giant Head","floor":40,"turns":7},{"damage":19,"enemies":"Reptomancer","floor":42,"turns":6},{"damage":0,"enemies":"Sphere and 2 Shapes","floor":46,"turns":2},{"damage":0,"enemies":"HollowMod:StalkingDevout","floor":48,"turns":4},{"damage":9,"enemies":"hubris:GrandSnecko","floor":50,"turns":8},{"damage":66,"enemies":"Shield and Spear","floor":54,"turns":5},{"damage":45,"enemies":"The Heart","floor":55,"turns":2}],"seed_played":"806949661421277575","potions_obtained":[{"floor":1.0,"key":"blueLaboratory:BottleOfRum"},{"floor":14,"key":"SkillPotion"},{"floor":18,"key":"Adrenaline Potion"},{"floor":31,"key":"LiquidMemories"},{"floor":33,"key":"blueLaboratory:PhilterOfMotion"},{"floor":38,"key":"AttackPotion"},{"floor":46,"key":"Weak Potion"},{"floor":48,"key":"Weak Potion"},{"floor":54,"key":"blueLaboratory:AbyssPotion"}],"is_trial":false,"path_per_floor":["M","$","M","M","?","E","R","T","R","M","M","R","E","R_BF","B",null,"M","?","$","AVR","NM","R","E","T","E","M","R","E","R","B",null,"M","?","M","E","R","E","T","$","M","AVR","E","R","B",null,"R","$","E","B"],"character_chosen":"HIEROPHANT","items_purchased":["hierophant:PristineSoul","hierophant:FieryStrike","Replay:Rubber Ducky","jedi:fakemustache","Oddly Smooth Stone","hierophant:Purify","ReplayTheSpireMod:CursedCoin","hierophant:OrnateBuckler","blueLaboratory:FrostheartPotion"],"campfire_rested":2,"item_purchase_floors":[2,2,20,44,44,44,53,53,53],"current_hp_per_floor":[68,68,66,66,66,59,59,59,59,59,56,56,52,52,44,67,67,67,67,67,67,67,67,67,60,60,60,44,44,37,66,62,62,59,25,47,28,28,53,53,53,53,53,44,67,75,75,9,0,0],"gold":91,"neow_bonus":"RANDOM_EVENT","is_daily":false,"chose_seed":false,"campfire_upgraded":6,"win_rate":0.0,"timestamp":1612080434,"path_taken":["M","$","M","M","?","E","R","T","R","M","M","R","E","R_BF","BOSS","M","?","$","AVR","NM","R","E","T","E","M","R","E","R","BOSS","M","?","?","E","R","E","T","$","M","AVR","E","R","BOSS","R","$","E","BOSS"],"items_purchased_type":["Card","Card","Relic","Relic","Relic","Card","Relic","Card","Potion"],"build_version":"2020-12-22","purchased_purges":4,"victory":false,"max_hp_per_floor":[75,75,75,75,75,75,75,75,75,75,75,75,75,75,75,75,75,75,75,75,75,75,75,75,75,75,75,75,75,75,75,75,75,75,75,75,75,75,75,75,75,75,75,75,75,75,75,75,75,75],"card_choices":[{"not_picked":["hierophant:Embezzle","hierophant:HammerAndAnvil"],"picked":"hierophant:OrnateBuckler","floor":1.0},{"not_picked":["hierophant:Purify","hierophant:FieryStrike"],"picked":"hierophant:Sermon","floor":3.0},{"not_picked":["hierophant:Remorse","hierophant:Doubloon"],"picked":"hierophant:SealAway","floor":4.0},{"not_picked":["hierophant:Glossolalia","hierophant:CoinFling"],"picked":"hierophant:OrnateBuckler","floor":6},{"not_picked":["hierophant:EyeForCoin","hierophant:CoinFling"],"picked":"hierophant:PristineSoul","floor":11},{"not_picked":["hierophant:ArchangelShield","hierophant:MorningPrayer"],"picked":"hierophant:PristineSoul","floor":12},{"not_picked":["hierophant:Cornucopia","hierophant:SealAway"],"picked":"hierophant:PassingBell","floor":14},{"not_picked":["hierophant:DeathKnell","hierophant:Generosity"],"picked":"hierophant:LocustPlague","floor":16},{"not_picked":["hierophant:HammerAndAnvil","hierophant:PristineSoul","hierophant:Patience"],"picked":"SKIP","floor":18},{"not_picked":["hierophant:OrnateBuckler","hierophant:AuricShield","hierophant:RustyCrate"],"picked":"SKIP","floor":23},{"not_picked":["hierophant:ThreeLashes","hierophant:Shelter","hierophant:Prophecy"],"picked":"SKIP","floor":25},{"not_picked":["hierophant:Blessing","hierophant:Patience","hierophant:SecretStash"],"picked":"SKIP","floor":27},{"not_picked":["hierophant:SolarFlare","hierophant:Upheaval","hierophant:MorningPrayer"],"picked":"SKIP","floor":29},{"not_picked":["hierophant:PristineSoul","hierophant:AuricBeam+1"],"picked":"hierophant:OrnateBuckler","floor":31},{"not_picked":["hierophant:PristineSoul+1","hierophant:DisplayOfPower+1","hierophant:FaithHealing+1"],"picked":"SKIP","floor":35},{"not_picked":["hierophant:RustyCrate+1","hierophant:Bribe+1","hierophant:Exaltation+1"],"picked":"SKIP","floor":38},{"not_picked":["hierophant:Community+1","hierophant:Purify+1","hierophant:MirrorShield+1"],"picked":"SKIP","floor":40},{"not_picked":["hierophant:Mercenaries","hierophant:Encroach","hierophant:Doubloon+1"],"picked":"SKIP","floor":42},{"not_picked":["hierophant:Determination","hierophant:Shelter+1","hierophant:ConvertCurrency"],"picked":"SKIP","floor":46},{"not_picked":["hierophant:Zeal","hierophant:FlamingChariot","hierophant:Racketeering+1"],"picked":"SKIP","floor":48},{"not_picked":["hierophant:Zeal+1","hierophant:Cornucopia","hierophant:Flagellation"],"picked":"SKIP","floor":54}],"player_experience":2028810,"relics_obtained":[{"floor":6,"key":"hubris:Teleporter"},{"floor":9,"key":"Nunchaku"},{"floor":14,"key":"infinitespire:Lucky Rock"},{"floor":23,"key":"Mercury Hourglass"},{"floor":25,"key":"StuffTheSpire:Tea"},{"floor":26,"key":"aspiration:HatOfInfinitePower"},{"floor":27,"key":"conspire:Boomerang"},{"floor":31,"key":"infinitespire:Satchel"},{"floor":40,"key":"Pet Ghost"},{"floor":42,"key":"Gremlin Horn"},{"floor":48,"key":"StuffTheSpire:Nightcore"},{"floor":54,"key":"Art of War"}],"event_choices":[{"damage_healed":0.0,"max_hp_gain":0.0,"max_hp_loss":0.0,"gold_gain":0.0,"event_name":"Accursed Blacksmith","player_choice":"Forge","floor":5.0,"gold_loss":0.0,"damage_taken":0.0,"cards_upgraded":["hierophant:SealAway"]},{"damage_healed":0,"gold_gain":0,"player_choice":"Toss","damage_taken":0,"max_hp_gain":0,"max_hp_loss":0,"event_name":"Elementarium:OnrushingOffering","floor":19,"gold_loss":10,"cards_obtained":["Elementarium:GildedEssence"]},{"damage_healed":0,"gold_gain":0,"player_choice":"Upgraded","damage_taken":0,"max_hp_gain":0,"max_hp_loss":0,"event_name":"Upgrade Shrine","floor":36,"gold_loss":0,"cards_upgraded":["hierophant:PassingBell"]}],"is_beta":false,"boss_relics":[{"not_picked":["reliquary:WritOfMandamus","hubris:GrandSneckoEye"],"picked":"energizedSpire:StickyHand"},{"not_picked":["ReplayTheSpireMod:SealedPack","halation:PlatinumPhoenix"],"picked":"Fusion Hammer"}],"items_purged_floors":[22,44,47,53],"is_endless":false,"potions_floor_spawned":[1,14,18,31,33,38,46,48,54],"killed_by":"The Heart","ascension_level":10}}