{"host":"fa35vd3kig5td25x","time":1612099942,"event":{"mods":["BaseMod","Colored Powertips","Minty Spire (QoL Compilation)","Relic Stats","Slay the Relics Exporter"],"gold_per_floor":[111,128,128,143,64,64,97,97,174,174,200,200,217,236,236,310,310,329,346,346,132,148,148,182,201,201,216,247,259,309,336,336,409,409,429,444,459,93,93,93,93,122,122,122,154,154,172,191,191,191,191,191,191,17,49,49],"floor_reached":57,"language":"ENG","playtime":5397,"items_purged":["Dualcast+1","Parasite"],"score":3339,"play_id":"dfc92d18-6903-4d06-9bae-989836753450","local_time":"20210131143222","is_ascension_mode":true,"campfire_choices":[{"data":"Gash","floor":6.0,"key":"SMITH"},{"floor":8.0,"key":"REST"},{"data":"Zap","floor":10.0,"key":"SMITH"},{"data":"Fission","floor":15.0,"key":"SMITH"},{"data":"Fission","floor":23.0,"key":"SMITH"},{"data":"Go for the Eyes","floor":32.0,"key":"SMITH"},{"data":"Buffer","floor":40.0,"key":"SMITH"},{"floor":44.0,"key":"RECALL"},{"data":"Seek","floor":49.0,"key":"SMITH"},{"data":"Coolheaded","floor":53.0,"key":"SMITH"}],"circlet_count":0,"master_deck":["AscendersBane","Zap+1","Self Repair+1","Echo Form+1","Force Field+1","Gash+1","Hologram+1","Cold Snap","Coolheaded+1","Fission+1","Genetic Algorithm","Machine Learning","Seek+1","Fission+1","Biased Cognition","Rainbow","Scrape","Genetic Algorithm","Go for the Eyes+1","Turbo+1","Glacier+1","Gash+1","Buffer+1","Loop+1","Flash of Steel","Flash of Steel","Finesse","Undo","Hologram+1","Madness","Madness","Compile Driver","Aggregate","Capacitor","Reboot","Creative AI"],"relics":["Astrolabe","Vajra","InkBottle","FossilizedHelix","Pandora\u0027s Box","Membership Card","Regal Pillow","Shuriken","Potion Belt","Blood Vial","Coffee Dripper","Turnip","HandDrill","War Paint","Bottled Flame","Gremlin Horn"],"acts_visited":["Exordium","TheCity","TheBeyond","TheEnding"],"potions_floor_usage":[56,56,56,56],"damage_taken":[{"damage":6.0,"enemies":"Cultist","floor":1.0,"turns":5.0},{"damage":7.0,"enemies":"2 Louse","floor":2.0,"turns":5.0},{"damage":12.0,"enemies":"Jaw Worm","floor":4.0,"turns":5.0},{"damage":51.0,"enemies":"Gremlin Nob","floor":7.0,"turns":5.0},{"damage":18.0,"enemies":"3 Sentries","floor":11.0,"turns":11.0},{"damage":0.0,"enemies":"Looter","floor":13.0,"turns":3.0},{"damage":16.0,"enemies":"Lots of Slimes","floor":14.0,"turns":6.0},{"damage":0.0,"enemies":"The Guardian","floor":16.0,"turns":10.0},{"damage":2.0,"enemies":"Shell Parasite","floor":18.0,"turns":4.0},{"damage":0.0,"enemies":"Spheric Guardian","floor":19.0,"turns":6.0},{"damage":2.0,"enemies":"Chosen and Byrds","floor":22.0,"turns":7.0},{"damage":0.0,"enemies":"Book of Stabbing","floor":24.0,"turns":5.0},{"damage":2.0,"enemies":"Snecko","floor":25.0,"turns":7.0},{"damage":12.0,"enemies":"Sentry and Sphere","floor":27.0,"turns":7.0},{"damage":0.0,"enemies":"Slavers","floor":28.0,"turns":5.0},{"damage":0.0,"enemies":"Centurion and Healer","floor":29.0,"turns":7.0},{"damage":0.0,"enemies":"Gremlin Leader","floor":31.0,"turns":6.0},{"damage":0.0,"enemies":"Collector","floor":33.0,"turns":8.0},{"damage":0.0,"enemies":"3 Darklings","floor":35.0,"turns":6.0},{"damage":0.0,"enemies":"3 Shapes","floor":36.0,"turns":5.0},{"damage":0.0,"enemies":"Transient","floor":37.0,"turns":6.0},{"damage":34.0,"enemies":"Reptomancer","floor":42.0,"turns":9.0},{"damage":0.0,"enemies":"Nemesis","floor":45.0,"turns":7.0},{"damage":0.0,"enemies":"Jaw Worm Horde","floor":47.0,"turns":8.0},{"damage":0.0,"enemies":"Writhing Mass","floor":48.0,"turns":6.0},{"damage":0.0,"enemies":"Donu and Deca","floor":50.0,"turns":10.0},{"damage":0.0,"enemies":"Awakened One","floor":51.0,"turns":11.0},{"damage":48.0,"enemies":"Shield and Spear","floor":55.0,"turns":9.0},{"damage":37,"enemies":"The Heart","floor":56,"turns":10}],"seed_played":"7391570512480369503","potions_obtained":[{"floor":1.0,"key":"Energy Potion"},{"floor":7.0,"key":"Weak Potion"},{"floor":11.0,"key":"LiquidMemories"},{"floor":18.0,"key":"SkillPotion"},{"floor":24.0,"key":"EssenceOfDarkness"},{"floor":31.0,"key":"Ancient Potion"},{"floor":33.0,"key":"Dexterity Potion"},{"floor":42.0,"key":"ColorlessPotion"},{"floor":45.0,"key":"EssenceOfSteel"},{"floor":48.0,"key":"EssenceOfDarkness"}],"is_trial":false,"path_per_floor":["M","M","?","M","$","R","E","R","T","R","E","?","M","M","R","B",null,"M","M","?","$","M","R","E","M","T","M","E","M","?","E","R","B",null,"M","M","M","$","?","R","?","E","T","R","E","?","M","M","R","B","B",null,"R","$","E","B",null],"character_chosen":"DEFECT","items_purchased":["Cold Snap","Fire Potion","Membership Card","Go for the Eyes","Fire Potion","Turnip","HandDrill","LiquidBronze","DistilledChaos","DuplicationPotion","Capacitor","Reboot"],"campfire_rested":1,"item_purchase_floors":[5,5,21,21,21,38,38,38,38,54,54,54],"current_hp_per_floor":[68,71,50,58,58,58,17,38,38,38,40,33,43,37,37,57,68,71,71,71,71,71,71,71,71,71,71,71,71,64,71,71,71,71,71,71,71,71,71,71,61,39,39,39,61,48,60,71,71,71,71,71,71,68,40,15],"gold":49,"neow_bonus":"BOSS_RELIC","is_daily":false,"chose_seed":false,"campfire_upgraded":8,"win_rate":0.0,"timestamp":1612099942,"path_taken":["M","M","?","M","$","R","E","R","T","R","E","?","M","M","R","BOSS","M","M","?","$","M","R","E","M","T","M","E","M","?","E","R","BOSS","M","M","?","$","?","R","?","E","T","R","E","?","M","M","R","BOSS","BOSS","R","$","E","BOSS"],"items_purchased_type":["Card","Potion","Relic","Card","Potion","Relic","Relic","Potion","Potion","Potion","Card","Card"],"build_version":"2020-12-22","purchased_purges":2,"victory":true,"max_hp_per_floor":[71,71,71,71,71,71,71,71,71,71,71,71,71,71,71,71,71,71,71,71,71,71,71,71,71,71,71,71,71,71,71,71,71,71,71,71,71,71,71,71,71,71,71,71,71,71,71,71,71,71,71,71,71,68,68,68],"relic_stats":{"Blood Vial":10,"Regal Pillow":0,"Gremlin Horn":[0,0],"counters":[29,198],"Shuriken":[85],"Astrolabe":["Self Repair","Echo Form","Force Field"],"Pandora\u0027s Box":["Seek","Fission","Biased Cognition","Rainbow"],"Turnip":[2],"HandDrill":[42],"War Paint":["Turbo","Glacier"],"obtain_stats":[{"Potion Belt":28,"Regal Pillow":24,"Gremlin Horn":55,"Astrolabe":0,"Vajra":7,"War Paint":42,"Blood Vial":31,"Bottled Flame":45,"Shuriken":26,"Pandora\u0027s Box":17,"Turnip":38,"Coffee Dripper":34,"HandDrill":38,"Membership Card":21,"Cracked Core":0,"InkBottle":9,"FossilizedHelix":11},{"Potion Belt":15,"Regal Pillow":12,"Gremlin Horn":28,"Astrolabe":0,"Vajra":4,"War Paint":22,"Blood Vial":17,"Bottled Flame":23,"Shuriken":13,"Pandora\u0027s Box":8,"Turnip":21,"Coffee Dripper":18,"HandDrill":21,"Membership Card":10,"Cracked Core":0,"InkBottle":4,"FossilizedHelix":5},{"Potion Belt":91,"Regal Pillow":72,"Gremlin Horn":189,"Astrolabe":0,"Vajra":20,"War Paint":138,"Blood Vial":104,"Bottled Flame":145,"Shuriken":79,"Pandora\u0027s Box":50,"Turnip":129,"Coffee Dripper":112,"HandDrill":129,"Membership Card":60,"Cracked Core":0,"InkBottle":20,"FossilizedHelix":31}],"InkBottle":[113]},"card_choices":[{"not_picked":["Consume","Conserve Battery"],"picked":"Gash","floor":1.0},{"not_picked":["Steam Power","Redo"],"picked":"Hologram","floor":2.0},{"not_picked":["Self Repair","Hologram","Hello World"],"picked":"SKIP","floor":4.0},{"not_picked":["Streamline","Sweeping Beam"],"picked":"Coolheaded","floor":7.0},{"not_picked":["Beam Cell","Compile Driver"],"picked":"Fission","floor":11.0},{"not_picked":["Beam Cell","Streamline","Leap"],"picked":"SKIP","floor":13.0},{"not_picked":["Fusion","Streamline"],"picked":"Genetic Algorithm","floor":14.0},{"not_picked":["Hyperbeam","Rainbow"],"picked":"Machine Learning","floor":16.0},{"not_picked":["Cold Snap","Blizzard"],"picked":"Scrape","floor":18.0},{"not_picked":["Coolheaded","Barrage"],"picked":"Genetic Algorithm","floor":19.0},{"not_picked":["Storm","Auto Shields","Blizzard"],"picked":"SKIP","floor":22.0},{"not_picked":["Go for the Eyes","Reboot","Redo"],"picked":"SKIP","floor":24.0},{"not_picked":["Conserve Battery","Ball Lightning"],"picked":"Turbo","floor":25.0},{"not_picked":["Fusion","Reinforced Body"],"picked":"Glacier","floor":27.0},{"not_picked":["Streamline","Thunder Strike"],"picked":"Gash+1","floor":28.0},{"not_picked":["Leap","Heatsinks","Storm"],"picked":"SKIP","floor":29.0},{"not_picked":["Turbo","Gash","Chaos"],"picked":"SKIP","floor":31.0},{"not_picked":["Multi-Cast","Hyperbeam"],"picked":"Buffer","floor":33.0},{"not_picked":["Aggregate","Go for the Eyes","Auto Shields"],"picked":"SKIP","floor":35.0},{"not_picked":["Ball Lightning","Leap"],"picked":"Loop+1","floor":36.0},{"not_picked":["Rainbow","Genetic Algorithm+1"],"picked":"Compile Driver","floor":37.0},{"not_picked":["Bandage Up","Impatience"],"picked":"Flash of Steel","floor":41.0},{"not_picked":["Discovery","HandOfGreed"],"picked":"Flash of Steel","floor":41.0},{"not_picked":["Deep Breath","Magnetism"],"picked":"Finesse","floor":41.0},{"not_picked":["Gash","Go for the Eyes"],"picked":"Undo","floor":42.0},{"not_picked":["Streamline","Conserve Battery"],"picked":"Hologram+1","floor":45.0},{"not_picked":["Cold Snap","Skim"],"picked":"Compile Driver","floor":47.0},{"not_picked":["Stack+1","Reprogram"],"picked":"Aggregate","floor":48.0},{"not_picked":["Ball Lightning+1","Redo"],"picked":"Creative AI","floor":55.0}],"player_experience":3027971,"relics_obtained":[{"floor":7.0,"key":"Vajra"},{"floor":9.0,"key":"InkBottle"},{"floor":11.0,"key":"FossilizedHelix"},{"floor":24.0,"key":"Regal Pillow"},{"floor":26.0,"key":"Shuriken"},{"floor":28.0,"key":"Potion Belt"},{"floor":31.0,"key":"Blood Vial"},{"floor":42.0,"key":"War Paint"},{"floor":45.0,"key":"Bottled Flame"},{"floor":55.0,"key":"Gremlin Horn"}],"event_choices":[{"damage_healed":0.0,"max_hp_gain":0.0,"max_hp_loss":0.0,"gold_gain":0.0,"event_name":"Shining Light","player_choice":"Entered Light","floor":3.0,"gold_loss":0.0,"damage_taken":21.0,"cards_upgraded":["Hologram","Dualcast"]},{"cards_removed":["Strike_B"],"damage_healed":0.0,"max_hp_gain":0.0,"max_hp_loss":0.0,"gold_gain":0.0,"event_name":"Golden Wing","player_choice":"Card Removal","floor":12.0,"gold_loss":0.0,"damage_taken":7.0},{"damage_healed":0.0,"max_hp_gain":0.0,"max_hp_loss":0.0,"gold_gain":0.0,"event_name":"Vampires","player_choice":"Ignored","floor":20.0,"gold_loss":0.0,"damage_taken":0.0},{"damage_healed":0.0,"max_hp_gain":0.0,"max_hp_loss":0.0,"gold_gain":50.0,"event_name":"FaceTrader","player_choice":"Touch","floor":30.0,"gold_loss":0.0,"damage_taken":7.0},{"cards_removed":["Compile Driver"],"damage_healed":0.0,"max_hp_gain":0.0,"max_hp_loss":0.0,"gold_gain":0.0,"event_name":"Falling","player_choice":"Removed Attack","floor":39.0,"gold_loss":0.0,"damage_taken":0.0},{"damage_healed":0.0,"max_hp_gain":0.0,"max_hp_loss":0.0,"gold_gain":0.0,"event_name":"SensoryStone","player_choice":"Memory 3","floor":41.0,"gold_loss":0.0,"damage_taken":10.0},{"damage_healed":0.0,"max_hp_gain":0.0,"max_hp_loss":0.0,"gold_gain":0.0,"event_name":"Winding Halls","player_choice":"Embrace Madness","floor":46.0,"gold_loss":0.0,"damage_taken":13.0,"cards_obtained":["Madness","Madness"]}],"is_beta":false,"boss_relics":[{"not_picked":["Fusion Hammer","Empty Cage"],"picked":"Pandora\u0027s Box"},{"not_picked":["Velvet Choker","Busted Crown"],"picked":"Coffee Dripper"}],"items_purged_floors":[38,54],"is_endless":false,"potions_floor_spawned":[1,7,11,18,24,27,31,33,42,45,48,55],"ascension_level":20}}