{"host":"fzjysjq26ryju8gm","time":1612103074,"event":{"mods":["BaseMod","BetterRewards","CapriCore","Downfall","Koishi","Minty Spire (QoL Compilation)","Replay The Spire","Shop Mod","StSLib","The Immortal","Waifu the Spire","Yakumo Yukari mod","[IsaacMod]以撒尖塔","noobMod","篝火指南"],"gold_per_floor":[99,128,146,166,179,213,293,309,336,350,368,378,411,421,434,529,529,529,547,647,661,646,676,676,687,687,712,721,760,467,490,513,619,619,519,540,567,174,174,211,211,253,276,119,148,169,169,219,235,235],"floor_reached":51,"language":"ZHS","playtime":3236,"items_purged":[],"score":1059,"play_id":"eee16a3d-f718-4f41-9a1a-087a0b867e44","local_time":"20210131222434","is_ascension_mode":false,"campfire_choices":[{"data":"bronze:Goto","floor":1.0,"key":"SMITH"},{"floor":18.0,"key":"DIG"},{"data":"bronze:AlphaBuild","floor":35.0,"key":"SMITH"},{"data":"bronze:Fortify","floor":47,"key":"SMITH"}],"circlet_count":0,"master_deck":["bronze:Strike","bronze:Strike","bronze:Strike","bronze:Strike","bronze:Defend","bronze:Defend","bronze:Defend","bronze:Defend","bronze:Replicate","bronze:Goto+1","BettingIsNotGood","bronze:FineTuning","bronze:ChosenStrike","bronze:Flail","bronze:ThunderWave+1","bronze:ChildClass+1","bronze:Fortify","bronze:Backtrace","bronze:MaxOutput","bronze:GetLatest+1","bronze:BronzeArmor+1","bronze:Virus+1","AbeCurse","bronze:ForLoop+1","bronze:DonuBeam","bronze:DecaBeam+1","bronze:Return+1","bronze:FollowUp+1","bronze:Repulsor+1","bronze:CloningBeam","bronze:Iterate","bronze:Shell+1","bronze:Fortify+1","expansioncontent:QuickStudy+1","bronze:ForceShield+1","bronze:Invalidate+1","bronze:AlphaBuild+1","bronze:ClassDefault+1","bronze:FineTuning+1","bronze:ItsAFeature","bronze:FineTuning+1","bronze:ChosenStrike","bronze:Boost+1","bronze:MaxOutput"],"relics":["bronze:BronzeCore","HushsDoor","ice","Leech","Calipers","Toxic Egg 2","Gremlin Horn","Bronze Scales","Abe\u0027s Treasure","Lantern","UnicornStump","CeramicFish","Divine Protection","Guide Book","Vajra","Akabeko","Coffee Dripper","downfall:HeartBlessingGreen","Shuriken","Strange Spoon","Replay:Accelerometer","SharpPlug","Replay:Multitool","Sling","ReplayTheSpireMod:TigerMarble"],"acts_visited":["Exordium","TheCity","TheBeyond"],"potions_floor_usage":[40,50,50,50],"damage_taken":[{"damage":6.0,"enemies":"Cultist","floor":2.0,"turns":3.0},{"damage":2.0,"enemies":"Small Slimes","floor":3.0,"turns":3.0},{"damage":6.0,"enemies":"2 Louse","floor":4.0,"turns":2.0},{"damage":12.0,"enemies":"2 Fungi Beasts","floor":5.0,"turns":3.0},{"damage":6.0,"enemies":"Lagavulin","floor":6.0,"turns":3.0},{"damage":10.0,"enemies":"Gremlin Gang","floor":8.0,"turns":2.0},{"damage":21.0,"enemies":"3 Sentries","floor":9.0,"turns":6.0},{"damage":5.0,"enemies":"3 Louse","floor":10.0,"turns":2.0},{"damage":0.0,"enemies":"Gremlin Gang","floor":11.0,"turns":2.0},{"damage":4.0,"enemies":"Exordium Wildlife","floor":12.0,"turns":2.0},{"damage":0.0,"enemies":"Gremlin Nob","floor":13.0,"turns":1.0},{"damage":0.0,"enemies":"Lots of Slimes","floor":14.0,"turns":1.0},{"damage":0.0,"enemies":"Blue Slaver","floor":15.0,"turns":2.0},{"damage":32.0,"enemies":"WA_ARCHETYPE_RETAIN","floor":16.0,"turns":7.0},{"damage":0.0,"enemies":"3 Byrds","floor":19.0,"turns":3.0},{"damage":14.0,"enemies":"3 Byrds","floor":20.0,"turns":3.0},{"damage":0.0,"enemies":"Centurion and Healer","floor":21.0,"turns":3.0},{"damage":0.0,"enemies":"downfall:FleeingMerchant","floor":22.0,"turns":4.0},{"damage":0.0,"enemies":"Gremlin Leader","floor":23.0,"turns":3.0},{"damage":0.0,"enemies":"Snecko","floor":25.0,"turns":3.0},{"damage":0.0,"enemies":"3 Cultists","floor":27.0,"turns":1.0},{"damage":6.0,"enemies":"Book of Stabbing","floor":29.0,"turns":2.0},{"damage":0.0,"enemies":"downfall:FleeingMerchant","floor":30.0,"turns":2.0},{"damage":0.0,"enemies":"Snake Plant","floor":31.0,"turns":1.0},{"damage":0.0,"enemies":"Snecko","floor":32.0,"turns":2.0},{"damage":15.0,"enemies":"IC_MUSHROOM_ARCHETYPE","floor":33.0,"turns":3.0},{"damage":9.0,"enemies":"3 Darklings","floor":36.0,"turns":4.0},{"damage":0.0,"enemies":"Orb Walker","floor":37.0,"turns":1.0},{"damage":0,"enemies":"Reptomancer","floor":40,"turns":2},{"damage":28,"enemies":"Nemesis","floor":42,"turns":3},{"damage":8,"enemies":"Spire Growth","floor":43,"turns":3},{"damage":0,"enemies":"4 Shapes","floor":45,"turns":2},{"damage":0,"enemies":"Jaw Worm Horde","floor":46,"turns":3},{"damage":14,"enemies":"R_Hoarder","floor":48,"turns":4},{"damage":0,"enemies":"Maw","floor":49,"turns":5},{"damage":40,"enemies":"SI_POISON_ARCHETYPE","floor":50,"turns":5}],"seed_played":"-6339272891783065178","potions_obtained":[{"floor":2.0,"key":"Swift Potion"},{"floor":6.0,"key":"DuplicationPotion"},{"floor":9.0,"key":"AttackPotion"},{"floor":11.0,"key":"Explosive Potion"},{"floor":13.0,"key":"Fire Potion"},{"floor":14.0,"key":"PanachePotion"},{"floor":20.0,"key":"Adrenaline Potion"},{"floor":21.0,"key":"BlessingOfTheForge"},{"floor":26.0,"key":"CultistPotion"},{"floor":31.0,"key":"champ:CounterPotion"},{"floor":33.0,"key":"DistilledChaos"},{"floor":42,"key":"Reflective Coating"}],"is_trial":false,"path_per_floor":["R","M","M","M","M","E","T","M","E","M","M","M","E","M","M","B",null,"R","M","?","M","$","E","T","M","?","M","?","E","$","M","M","B",null,"R","M","M","$","?","E","T","E","M","$","M","M","R","E","M","B",null],"character_chosen":"THE_AUTOMATON","items_purchased":["Guide Book","expansioncontent:QuickStudy","Vajra","Akabeko","Shuriken","Strange Spoon","Sling"],"campfire_rested":0,"item_purchase_floors":[30,30,30,30,38,38,44],"current_hp_per_floor":[77,71,75,70,60,56,56,52,41,37,39,36,36,41,42,77,78,78,78,66,68,72,74,74,81,81,87,87,86,87,87,88,75,98,98,91,92,92,92,93,93,67,61,61,62,64,64,53,57,21],"gold":235,"neow_bonus":"TEN_PERCENT_HP_BONUS","is_daily":false,"chose_seed":false,"campfire_upgraded":3,"win_rate":0.0,"timestamp":1612103074,"path_taken":["R","M","M","M","M","E","T","M","E","M","?","M","E","M","M","BOSS","R","M","?","M","$","E","T","M","?","?","?","E","$","M","M","BOSS","R","M","?","$","?","E","T","E","M","$","M","?","R","E","M","BOSS"],"items_purchased_type":["Relic","Card","Relic","Relic","Relic","Relic","Relic"],"build_version":"2020-12-22","purchased_purges":0,"victory":true,"max_hp_per_floor":[77,77,77,77,77,77,77,77,77,77,77,77,77,77,77,78,78,78,80,82,84,89,89,89,90,90,90,90,95,95,95,95,98,98,98,103,104,104,104,104,104,104,104,104,104,104,104,104,104,104],"card_choices":[{"not_picked":[],"picked":"BettingIsNotGood","floor":0.0},{"not_picked":["bronze:Invalidate","bronze:Turbo"],"picked":"bronze:FineTuning","floor":2.0},{"not_picked":["bronze:FollowUp","bronze:Shield"],"picked":"bronze:ChosenStrike","floor":3.0},{"not_picked":["bronze:FineTuning","bronze:ForLoop"],"picked":"bronze:NullPointer","floor":4.0},{"not_picked":["bronze:WhirlingStrike","bronze:FineTuning"],"picked":"bronze:Flail","floor":5.0},{"not_picked":["bronze:Deprecate","bronze:WhirlingStrike"],"picked":"bronze:ThunderWave","floor":6.0},{"not_picked":["bronze:Flail","bronze:Turbo+1"],"picked":"bronze:ChildClass+1","floor":8.0},{"not_picked":["bronze:ChildClass+1","bronze:Branch"],"picked":"bronze:Fortify","floor":9.0},{"not_picked":["bronze:BugBarrage","bronze:Overheat"],"picked":"bronze:Backtrace","floor":10.0},{"not_picked":["bronze:Flail","bronze:Turbo+1"],"picked":"bronze:MaxOutput","floor":11.0},{"not_picked":["bronze:WhirlingStrike","bronze:Safeguard+1"],"picked":"bronze:GetLatest+1","floor":12.0},{"not_picked":["bronze:WhirlingStrike","bronze:BuggyMess+1"],"picked":"bronze:BronzeArmor+1","floor":13.0},{"not_picked":["bronze:DigitalCarnage","bronze:WhirlingStrike"],"picked":"Bomb","floor":14.0},{"not_picked":["bronze:CutThrough","bronze:FineTuning+1","bronze:Turbo+1"],"picked":"SKIP","floor":15.0},{"not_picked":["bronze:HyperBeam","bronze:FindAndReplace+1"],"picked":"bronze:Virus","floor":16.0},{"not_picked":["bronze:Shield+1","bronze:Iterate"],"picked":"bronze:ForLoop+1","floor":19.0},{"not_picked":[],"picked":"bronze:DonuBeam","floor":20.0},{"not_picked":[],"picked":"bronze:DecaBeam","floor":20.0},{"not_picked":["bronze:Deprecate+1","bronze:BugBarrage"],"picked":"bronze:Return+1","floor":20.0},{"not_picked":["bronze:NullPointer+1","bronze:ChildClass+1","bronze:Deprecate+1"],"picked":"SKIP","floor":21.0},{"not_picked":["bronze:Turbo+1","bronze:DelayedGuard+1"],"picked":"bronze:FollowUp+1","floor":22.0},{"not_picked":["bronze:DelayedGuard+1","bronze:WhirlingStrike"],"picked":"bronze:Repulsor+1","floor":23.0},{"not_picked":["bronze:Branch+1","bronze:Return+1","bronze:DelayedGuard+1"],"picked":"SKIP","floor":25.0},{"not_picked":["bronze:Iterate","bronze:FollowUp"],"picked":"bronze:CloningBeam","floor":27.0},{"not_picked":["bronze:ChildClass+1","bronze:Invalidate+1"],"picked":"bronze:Shell+1","floor":29.0},{"not_picked":["bronze:ChildClass+1","bronze:Frontload+1"],"picked":"bronze:Fortify","floor":30.0},{"not_picked":["bronze:BuggyMess+1","bronze:WildBeam"],"picked":"bronze:ForceShield+1","floor":31.0},{"not_picked":["bronze:FineTuning+1","bronze:HyperBeam"],"picked":"bronze:Invalidate+1","floor":32.0},{"not_picked":["bronze:Mutator","bronze:ThunderWave"],"picked":"bronze:AlphaBuild","floor":33.0},{"not_picked":["bronze:OilSpill","bronze:ChosenStrike"],"picked":"bronze:ClassDefault+1","floor":36.0},{"not_picked":["bronze:OilSpill","bronze:Overheat+1"],"picked":"bronze:FineTuning+1","floor":37.0},{"not_picked":["bronze:Overheat","bronze:Branch"],"picked":"bronze:ItsAFeature","floor":40},{"not_picked":["bronze:CutThrough+1","bronze:Return+1"],"picked":"bronze:FineTuning+1","floor":42},{"not_picked":["bronze:BugBarrage+1","bronze:WhirlingStrike"],"picked":"bronze:ChosenStrike","floor":43},{"not_picked":["bronze:WildBeam","bronze:CutThrough+1"],"picked":"bronze:Boost+1","floor":45},{"not_picked":["bronze:OilSpill","bronze:BitShift+1"],"picked":"bronze:MaxOutput","floor":46},{"not_picked":["bronze:Overload+1","bronze:Deprecate+1","bronze:Branch+1"],"picked":"SKIP","floor":48},{"not_picked":["bronze:ShipIt","bronze:Deprecate+1","bronze:ChildClass+1"],"picked":"SKIP","floor":49}],"player_experience":756164,"relics_obtained":[{"floor":6.0,"key":"Calipers"},{"floor":7.0,"key":"Toxic Egg 2"},{"floor":9.0,"key":"Gremlin Horn"},{"floor":13.0,"key":"Bronze Scales"},{"floor":18.0,"key":"Lantern"},{"floor":23.0,"key":"UnicornStump"},{"floor":24.0,"key":"CeramicFish"},{"floor":29.0,"key":"Divine Protection"},{"floor":40,"key":"Replay:Accelerometer"},{"floor":41,"key":"SharpPlug"},{"floor":42,"key":"Replay:Multitool"},{"floor":48,"key":"ReplayTheSpireMod:TigerMarble"}],"event_choices":[],"is_beta":false,"boss_relics":[{"not_picked":["Fusion Hammer","SacredBark"],"picked":"Abe\u0027s Treasure"},{"not_picked":[]},{"not_picked":["ChampionBelt","Replay:Drink Me"],"picked":"Coffee Dripper"},{"not_picked":[]}],"items_purged_floors":[],"is_endless":false,"potions_floor_spawned":[2,6,9,11,13,14,15,20,21,25,31,33,36,42,46,48,49],"ascension_level":0}}