{"host":"49pjgf1q9ev52n8z","time":1612082560,"event":{"mods":["BaseMod","Bestiary","Colored Map","Minty Spire (QoL Compilation)","Relic Stats","StSLib"],"gold_per_floor":[113,123,133,149,149,176,176,176,176,188,188,198,225,242,242,313,313,331,63,79,93,109,134,147,147,196,196,196,211,236,252,252,252,252],"floor_reached":33,"language":"ENG","playtime":2775,"items_purged":[],"score":737,"play_id":"7ad27b64-abe6-485b-92cf-023148ce1a2d","local_time":"20210131004240","is_ascension_mode":true,"campfire_choices":[{"floor":7,"key":"REST"},{"data":"Skewer","floor":15,"key":"SMITH"},{"floor":25,"key":"REST"},{"floor":32,"key":"REST"}],"circlet_count":0,"master_deck":["AscendersBane","Strike_G+1","Strike_G+1","Strike_G+1","Strike_G+1","Defend_G+1","Defend_G+1","Defend_G+1","Defend_G+1","Defend_G+1","Survivor","Neutralize","Dash+1","Dagger Spray","Predator","Slice","Backstab+1","Skewer+1","Malaise","Poisoned Stab","Corpse Explosion","Deadly Poison","Backflip","Quick Slash+1","Flying Knee","Blur+1","After Image"],"relics":["Ring of the Snake","NeowsBlessing","Ninja Scroll","Ginger","Ice Cream","Sozu","HornCleat","Pantograph","Whetstone","Letter Opener"],"acts_visited":["Exordium","TheCity"],"potions_floor_usage":[12,13,16,16],"damage_taken":[{"damage":0,"enemies":"Cultist","floor":1,"turns":1},{"damage":0,"enemies":"Jaw Worm","floor":2,"turns":1},{"damage":0,"enemies":"2 Louse","floor":3,"turns":1},{"damage":7,"enemies":"Exordium Wildlife","floor":4,"turns":6},{"damage":45,"enemies":"Lagavulin","floor":6,"turns":7},{"damage":1,"enemies":"3 Louse","floor":10,"turns":2},{"damage":0,"enemies":"Exordium Thugs","floor":12,"turns":2},{"damage":0,"enemies":"3 Sentries","floor":13,"turns":4},{"damage":0,"enemies":"Looter","floor":14,"turns":2},{"damage":0,"enemies":"Slime Boss","floor":16,"turns":5},{"damage":0,"enemies":"3 Byrds","floor":18,"turns":4},{"damage":0,"enemies":"Chosen","floor":20,"turns":2},{"damage":3,"enemies":"Snake Plant","floor":21,"turns":4},{"damage":4,"enemies":"Centurion and Healer","floor":22,"turns":5},{"damage":24,"enemies":"Book of Stabbing","floor":23,"turns":8},{"damage":0,"enemies":"3 Cultists","floor":24,"turns":2},{"damage":2,"enemies":"Colosseum Slavers","floor":28,"turns":3},{"damage":16,"enemies":"Snake Plant","floor":29,"turns":2},{"damage":25,"enemies":"Gremlin Leader","floor":30,"turns":6},{"damage":0,"enemies":"Centurion and Healer","floor":31,"turns":6},{"damage":63,"enemies":"Champ","floor":33,"turns":14}],"seed_played":"-4307979102501779863","potions_obtained":[{"floor":1,"key":"Explosive Potion"},{"floor":10,"key":"BlessingOfTheForge"},{"floor":12,"key":"ColorlessPotion"},{"floor":13,"key":"Energy Potion"},{"floor":14,"key":"Energy Potion"}],"is_trial":false,"path_per_floor":["M","M","M","M","?","E","R","?","T","M","?","M","E","M","R","B",null,"M","$","M","M","M","E","M","R","T","?","?","M","E","M","R","B"],"character_chosen":"THE_SILENT","items_purchased":["HornCleat"],"campfire_rested":3,"item_purchase_floors":[19],"current_hp_per_floor":[59,59,59,52,52,7,26,26,26,25,47,47,47,47,47,47,61,61,61,61,58,54,30,30,49,49,49,47,31,6,6,25,0,0],"gold":252,"neow_bonus":"THREE_ENEMY_KILL","is_daily":false,"chose_seed":false,"campfire_upgraded":1,"win_rate":0.0,"timestamp":1612082560,"path_taken":["M","?","M","M","?","E","R","?","T","?","?","M","E","M","R","BOSS","M","$","M","M","M","E","M","R","T","?","?","?","E","M","R","BOSS"],"items_purchased_type":["Relic"],"build_version":"2020-12-22","purchased_purges":0,"victory":false,"max_hp_per_floor":[66,66,66,66,66,66,66,66,66,66,66,66,66,66,66,66,66,66,66,66,66,66,66,66,66,66,66,66,66,66,66,66,66,66],"relic_stats":{"Sozu":4,"counters":[21,87],"Pantograph":25,"Ginger":[9],"Whetstone":["Quick Slash","Backstab"],"Letter Opener":[10],"obtain_stats":[{"Ice Cream":13,"Sozu":17,"HornCleat":19,"NeowsBlessing":0,"Ninja Scroll":6,"Pantograph":23,"Ginger":9,"Whetstone":26,"Letter Opener":30,"Ring of the Snake":0},{"Ice Cream":8,"Sozu":10,"HornCleat":11,"NeowsBlessing":0,"Ninja Scroll":5,"Pantograph":15,"Ginger":5,"Whetstone":16,"Letter Opener":19,"Ring of the Snake":0},{"Ice Cream":24,"Sozu":31,"HornCleat":35,"NeowsBlessing":0,"Ninja Scroll":16,"Pantograph":54,"Ginger":16,"Whetstone":56,"Letter Opener":67,"Ring of the Snake":0}],"Ring of the Snake":[42]},"card_choices":[{"not_picked":["Caltrops","Poisoned Stab"],"picked":"Dash","floor":1},{"not_picked":["Deflect","Acrobatics"],"picked":"Dagger Spray","floor":2},{"not_picked":["Choke","PiercingWail","Bane"],"picked":"SKIP","floor":3},{"not_picked":["Blade Dance","Bane"],"picked":"Predator","floor":4},{"not_picked":["Bane","PiercingWail"],"picked":"Slice","floor":6},{"not_picked":["Cloak And Dagger","Deflect"],"picked":"Backstab","floor":10},{"not_picked":["Flechettes","Riddle With Holes"],"picked":"Skewer","floor":12},{"not_picked":["PiercingWail","Accuracy"],"picked":"Malaise","floor":13},{"not_picked":["Acrobatics","Outmaneuver"],"picked":"Poisoned Stab","floor":14},{"not_picked":["Night Terror","Wraith Form v2"],"picked":"Corpse Explosion","floor":16},{"not_picked":["Acrobatics","Heel Hook","Slice"],"picked":"SKIP","floor":18},{"not_picked":["Backflip","Infinite Blades"],"picked":"Deadly Poison","floor":20},{"not_picked":["Endless Agony","Outmaneuver"],"picked":"Backflip","floor":21},{"not_picked":["Deadly Poison","Dodge and Roll"],"picked":"Quick Slash","floor":22},{"not_picked":["Backflip","Dagger Spray","Deflect"],"picked":"SKIP","floor":23},{"not_picked":["Masterful Stab","Slice"],"picked":"Flying Knee","floor":24},{"not_picked":["Cloak And Dagger","Bane"],"picked":"Blur+1","floor":29},{"not_picked":["Dagger Spray","Backflip"],"picked":"After Image","floor":30},{"not_picked":["Concentrate","Flying Knee","Blade Dance"],"picked":"SKIP","floor":31}],"player_experience":671178,"relics_obtained":[{"floor":6,"key":"Ninja Scroll"},{"floor":9,"key":"Ginger"},{"floor":13,"key":"Ice Cream"},{"floor":23,"key":"Pantograph"},{"floor":26,"key":"Whetstone"},{"floor":30,"key":"Letter Opener"}],"event_choices":[{"damage_healed":0,"gold_gain":0,"player_choice":"Grow","damage_taken":0,"max_hp_gain":0,"max_hp_loss":0,"event_name":"Living Wall","floor":5,"gold_loss":0,"cards_upgraded":["Dash"]},{"cards_removed":["Strike_G"],"damage_healed":0,"gold_gain":0,"player_choice":"Purged","damage_taken":0,"max_hp_gain":0,"max_hp_loss":0,"event_name":"Purifier","floor":8,"gold_loss":0},{"damage_healed":22,"gold_gain":0,"player_choice":"Banana","damage_taken":0,"max_hp_gain":0,"max_hp_loss":0,"event_name":"Big Fish","floor":11,"gold_loss":0},{"damage_healed":0,"gold_gain":0,"player_choice":"Simplicity","damage_taken":0,"max_hp_gain":0,"max_hp_loss":0,"event_name":"Back to Basics","floor":27,"gold_loss":0,"cards_upgraded":["Strike_G","Strike_G","Strike_G","Strike_G","Defend_G","Defend_G","Defend_G","Defend_G","Defend_G"]},{"damage_healed":0,"gold_gain":0,"player_choice":"Fight","damage_taken":0,"max_hp_gain":0,"max_hp_loss":0,"event_name":"Colosseum","floor":28,"gold_loss":0},{"damage_healed":0,"gold_gain":0,"player_choice":"Fled From Nobs","damage_taken":0,"max_hp_gain":0,"max_hp_loss":0,"event_name":"Colosseum","floor":28,"gold_loss":0}],"is_beta":false,"boss_relics":[{"not_picked":["WristBlade","Black Star"],"picked":"Sozu"}],"items_purged_floors":[],"is_endless":false,"potions_floor_spawned":[1,10,12,13,14,20,23,29,31],"killed_by":"Champ","ascension_level":19}}