{"host":"gttgmv2wah99hzdm","time":1612126316,"event":{"mods":["AchievementEnabler","BaseMod","Bestiary","Block Reminder","Filter the Spire","Jorbs\u0027s Wanderer Trilogy","Minty Spire (QoL Compilation)","Relic Stats","StSLib","Weighted Paths","ojb\u0027s Info Mod"],"gold_per_floor":[114,128,203,223,223,223,552,552,552,552,569,601,619,631,631,706,706,716,731,731,142,158,158,189,189,189,189,207,207,207,257,257,257,257],"floor_reached":33,"language":"ENG","playtime":1879,"items_purged":["Strike_G"],"score":550,"play_id":"b2dab924-d65b-4cb6-8004-0c5272c05441","local_time":"20210131145156","is_ascension_mode":true,"campfire_choices":[{"data":"Neutralize","floor":6.0,"key":"SMITH"},{"floor":8.0,"key":"REST"},{"data":"Dagger Throw","floor":10.0,"key":"SMITH"},{"data":"Eviscerate","floor":15,"key":"SMITH"},{"data":"Crippling Poison","floor":23,"key":"SMITH"},{"data":"Catalyst","floor":25,"key":"SMITH"},{"data":"Deadly Poison","floor":27,"key":"SMITH"},{"floor":32,"key":"REST"}],"circlet_count":0,"master_deck":["AscendersBane","Strike_G","Strike_G","Defend_G","Defend_G","Defend_G","Defend_G","Defend_G","Survivor","Neutralize+1","Skewer+1","Dagger Throw+1","PiercingWail","Deflect","Crippling Poison+1","Dagger Throw","Eviscerate+1","Bullet Time","Deadly Poison+1","Catalyst+1","Backflip","Finisher"],"relics":["Runic Pyramid","Old Coin","Ninja Scroll","Matryoshka","HoveringKite","TwistedFunnel","Meat on the Bone","Mummified Hand","Paper Crane"],"acts_visited":["Exordium","TheCity"],"potions_floor_usage":[14,19,24,24,33],"damage_taken":[{"damage":2.0,"enemies":"Jaw Worm","floor":1.0,"turns":6.0},{"damage":0.0,"enemies":"Cultist","floor":2.0,"turns":3.0},{"damage":0.0,"enemies":"2 Louse","floor":4.0,"turns":2.0},{"damage":33.0,"enemies":"Lagavulin","floor":7.0,"turns":11.0},{"damage":0.0,"enemies":"Lots of Slimes","floor":11.0,"turns":4.0},{"damage":5.0,"enemies":"Gremlin Nob","floor":12.0,"turns":3.0},{"damage":1.0,"enemies":"Looter","floor":13.0,"turns":2.0},{"damage":0,"enemies":"3 Louse","floor":14,"turns":1},{"damage":12,"enemies":"The Guardian","floor":16,"turns":14},{"damage":9,"enemies":"Shell Parasite","floor":18,"turns":4},{"damage":12,"enemies":"Chosen","floor":19,"turns":5},{"damage":6,"enemies":"Snake Plant","floor":22,"turns":4},{"damage":37,"enemies":"Slavers","floor":24,"turns":4},{"damage":2,"enemies":"Centurion and Healer","floor":28,"turns":6},{"damage":41,"enemies":"Collector","floor":33,"turns":5}],"seed_played":"-8024092980497830334","potions_obtained":[{"floor":4.0,"key":"Explosive Potion"},{"floor":11.0,"key":"Energy Potion"},{"floor":12.0,"key":"Regen Potion"},{"floor":16,"key":"CunningPotion"},{"floor":28,"key":"GamblersBrew"}],"is_trial":false,"path_per_floor":["M","M","?","M","?","R","E","R","T","R","M","E","M","M","R","B",null,"M","M","?","$","M","R","E","R","T","R","M","?","?","?","R","B"],"character_chosen":"THE_SILENT","items_purchased":["TwistedFunnel","Meat on the Bone","CunningPotion"],"campfire_rested":2,"item_purchase_floors":[21,21,21],"current_hp_per_floor":[57,57,46,46,46,46,13,32,32,32,32,27,26,26,26,14,53,44,32,26,26,32,32,21,21,21,21,31,13,13,13,34,0,0],"gold":257,"neow_bonus":"BOSS_RELIC","is_daily":false,"chose_seed":false,"campfire_upgraded":6,"win_rate":0.0,"timestamp":1612126316,"path_taken":["M","M","?","M","?","R","E","R","T","R","M","E","?","M","R","BOSS","M","?","?","$","M","R","E","R","T","R","?","?","?","?","R","BOSS"],"items_purchased_type":["Relic","Relic","Potion"],"build_version":"2020-12-22","purchased_purges":1,"victory":false,"max_hp_per_floor":[66,66,66,66,66,66,66,66,66,66,66,66,66,66,66,66,66,66,66,66,66,66,66,66,66,66,66,66,71,71,71,71,71,71],"relic_stats":{"counters":[15,74],"Mummified Hand":[0],"HoveringKite":[14],"obtain_stats":[{"TwistedFunnel":21,"Matryoshka":12,"Ninja Scroll":9,"Mummified Hand":24,"HoveringKite":17,"Paper Crane":26,"Ring of the Snake":0,"Runic Pyramid":0,"Old Coin":7,"Meat on the Bone":21},{"TwistedFunnel":11,"Matryoshka":6,"Ninja Scroll":4,"Mummified Hand":13,"HoveringKite":9,"Paper Crane":13,"Ring of the Snake":0,"Runic Pyramid":0,"Old Coin":4,"Meat on the Bone":11},{"TwistedFunnel":55,"Matryoshka":29,"Ninja Scroll":22,"Mummified Hand":63,"HoveringKite":46,"Paper Crane":63,"Ring of the Snake":0,"Runic Pyramid":0,"Old Coin":22,"Meat on the Bone":55}],"Meat on the Bone":36},"card_choices":[{"not_picked":["Slice","Bane"],"picked":"Skewer","floor":1.0},{"not_picked":["Calculated Gamble","Infinite Blades"],"picked":"Dagger Throw","floor":2.0},{"not_picked":["Cloak And Dagger","Outmaneuver"],"picked":"PiercingWail","floor":4.0},{"not_picked":["Quick Slash","Reflex"],"picked":"Deflect","floor":7.0},{"not_picked":["Grand Finale","Cloak And Dagger"],"picked":"Crippling Poison","floor":11.0},{"not_picked":["PiercingWail","Outmaneuver"],"picked":"Dagger Throw","floor":12.0},{"not_picked":["Dagger Spray","Backstab"],"picked":"Eviscerate","floor":13.0},{"not_picked":["Bane","Flying Knee","Predator"],"picked":"SKIP","floor":14},{"not_picked":["Burst","Wraith Form v2"],"picked":"Bullet Time","floor":16},{"not_picked":["Riddle With Holes","Concentrate","Sucker Punch+1"],"picked":"SKIP","floor":18},{"not_picked":["Bane+1","Cloak And Dagger"],"picked":"Deadly Poison","floor":19},{"not_picked":["Underhanded Strike","Blur","Riddle With Holes"],"picked":"SKIP","floor":22},{"not_picked":["Flying Knee","Unload"],"picked":"Catalyst","floor":24},{"not_picked":["Outmaneuver","Well Laid Plans","Terror"],"picked":"SKIP","floor":28}],"player_experience":1188738,"relics_obtained":[{"floor":7.0,"key":"Old Coin"},{"floor":9.0,"key":"Ninja Scroll"},{"floor":12.0,"key":"Matryoshka"},{"floor":24,"key":"Mummified Hand"},{"floor":26,"key":"Paper Crane"}],"event_choices":[{"damage_healed":0.0,"max_hp_gain":0.0,"max_hp_loss":0.0,"gold_gain":75.0,"event_name":"World of Goop","player_choice":"Gather Gold","floor":3.0,"gold_loss":0.0,"damage_taken":11.0},{"damage_healed":0.0,"max_hp_gain":0.0,"max_hp_loss":0.0,"gold_gain":0.0,"event_name":"Upgrade Shrine","player_choice":"Upgraded","floor":5.0,"gold_loss":0.0,"damage_taken":0.0,"cards_upgraded":["Skewer"]},{"damage_healed":0,"gold_gain":0,"player_choice":"","damage_taken":6,"max_hp_gain":0,"max_hp_loss":0,"event_name":"Knowing Skull","floor":20,"potions_obtained":[],"gold_loss":0,"cards_obtained":[]},{"damage_healed":0,"gold_gain":0,"player_choice":"Shed Blood","damage_taken":23,"max_hp_gain":5,"max_hp_loss":0,"event_name":"Forgotten Altar","floor":29,"gold_loss":0},{"damage_healed":0,"gold_gain":0,"cards_transformed":["Strike_G","Strike_G"],"player_choice":"Became Test Subject","damage_taken":0,"max_hp_gain":0,"max_hp_loss":0,"event_name":"Drug Dealer","floor":30,"gold_loss":0,"cards_obtained":["Backflip","Finisher"]},{"damage_healed":0,"gold_gain":50,"player_choice":"Pray","damage_taken":0,"max_hp_gain":0,"max_hp_loss":0,"event_name":"Golden Shrine","floor":31,"gold_loss":0}],"is_beta":false,"boss_relics":[{"not_picked":["Philosopher\u0027s Stone","Velvet Choker"],"picked":"HoveringKite"}],"items_purged_floors":[21],"is_endless":false,"potions_floor_spawned":[4,11,12,16,22,28],"killed_by":"Collector","ascension_level":20}}