{"host":"pgm1p3lvdjflie30","time":1612108321,"event":{"mods":["ATMod(阿瑾Mod)","AchievementEnabler","Alarm Clock","Aspiration","Astrologer","Bard","BaseMod","Colored Map","Colored Powertips","Conspire","Dark Map","Dota2Spire","Downfall","Energized Spire","GungeonMod","Highlight Path","Hunter ?人","LagranYue(拉格朗·月)","Mari Mod (Legacy)","Mari\u0027s V1 Patch","Minty Spire (QoL Compilation)","MostiFishMod","Nova Terra(?娃·泰拉)","Quarter Circle Forward PUNCH!","Quick Restart","Relic Stats","Reliquary","Replay The Spire","SOS（斯巴?之子）","Spicy Shops","StSLib","TestMod","The Blackbeard","The Bladedancer","The Bug Knight","The Cursed","The Dragon Tamer","The Hayseed","The Hierophant","The IronCluck","The Jungle","The Mystic","The Runesmith","The Saiyan","The Showman","TheHeartMod","TheWitcher","Waifu the Spire","【?物卡牌】REMEMod","篝火指南"],"gold_per_floor":[118,118,140,90,15,47,65,90,114,176,176,19,19,38,38,140,140,162,182,182,182,203,203,237,237,237,237,237,237],"floor_reached":27,"language":"ZHS","playtime":724,"items_purged":["blackbeard:BlackbeardDefend","Parasite"],"score":279,"play_id":"514ffcd1-0aad-4a17-858f-c7ebb6548d83","local_time":"20210131235201","is_ascension_mode":false,"campfire_choices":[{"floor":11,"key":"RECALL"},{"data":"AT_OneInchPunch","floor":13,"key":"SMITH"},{"data":"blackbeard:DangerousBlow","floor":15,"key":"SMITH"},{"data":"blackbeard:ReapersScythe","floor":23,"key":"SMITH"},{"data":"blackbeard:Shrapnel","floor":25,"key":"SMITH"}],"circlet_count":0,"master_deck":["blackbeard:BlackbeardStrike","blackbeard:BlackbeardStrike","blackbeard:BlackbeardStrike","blackbeard:BlackbeardStrike","blackbeard:IntimidatingStrike","blackbeard:BlackbeardDefend","blackbeard:Cutlass","hierophant:OrnateJavelin","AT_OneInchPunch+1","blackbeard:BlindAttacks","blackbeard:PowderKeg","blackbeard:Halberd","blackbeard:WoodenLeg","blackbeard:BrownPants","blackbeard:DangerousBlow+1","blackbeard:Lifeboat","blackbeard:ReapersScythe+1","blackbeard:DangerousBlow","blackbeard:CloakAndCannonball+1","Shame","theJungle:PetSnecko","blackbeard:Shrapnel+1","blackbeard:Spear+1"],"relics":["blackbeard:LoadTheCannons","AT_ATBox","REME_ComplimentaryCards","DaveBox","testmod-TestBox","LagranYue:RandomDrawCardRelic","PatriotShield","testmod-IncinerationGenerator","NeowsBlessing","SynthV:TestCard","Dota2Spire:MantaStyle","Juzu Bracelet","AT_SunfireAegis","Strawberry","Transparent","DemoMod:GlassGuonStoneRelic","theJungle:SneckoAutograph","reliquary:PorcupineQuills","Onion Ring"],"acts_visited":["Exordium","Exordium"],"potions_floor_usage":[24],"damage_taken":[{"damage":0,"enemies":"Small Slimes","floor":1,"turns":1},{"damage":0,"enemies":"Cultist","floor":3,"turns":1},{"damage":0,"enemies":"Gremlin Nob","floor":6,"turns":1},{"damage":0,"enemies":"2 Louse","floor":7,"turns":1},{"damage":0,"enemies":"conspire:MimicChest","floor":8,"turns":1},{"damage":0,"enemies":"Red Slaver","floor":14,"turns":1},{"damage":18,"enemies":"Hexaghost","floor":16,"turns":3},{"damage":15,"enemies":"Shell Parasite","floor":18,"turns":1},{"damage":15,"enemies":"theJungle:MUSHROOMGANG","floor":19,"turns":1},{"damage":15,"enemies":"theJungle:2_Snecko_Cultists","floor":22,"turns":1},{"damage":30,"enemies":"theJungle:2_Phrogs","floor":24,"turns":2},{"damage":90,"enemies":"theJungle:Snecko_Cultist_And_Trap","floor":27,"turns":1}],"seed_played":"2084410447062056080","potions_obtained":[{"floor":1,"key":"ColorlessPotion"},{"floor":8,"key":"Guardian:BlockOnCardUsePotion"},{"floor":10,"key":"Fire Potion"},{"floor":24,"key":"Reflective Coating"}],"is_trial":false,"path_per_floor":["M","?","M","?","$","E","M","?","T","?","R","$","R","M","R","B",null,"M","M","?","?","M","R","E","R","T","M"],"character_chosen":"BLACKBEARD_CLASS","items_purchased":["Strawberry"],"campfire_rested":0,"item_purchase_floors":[12],"current_hp_per_floor":[75,75,75,75,75,75,75,75,75,45,45,52,52,52,52,34,79,79,79,79,79,79,79,79,79,79,0,0,0],"gold":237,"neow_bonus":"THREE_ENEMY_KILL","is_daily":false,"chose_seed":false,"campfire_upgraded":4,"win_rate":0.0,"timestamp":1612108321,"path_taken":["M","?","?","?","$","E","M","?","T","?","R","?","R","M","R","BOSS","M","M","?","?","M","R","E","R","T","M"],"items_purchased_type":["Relic"],"build_version":"2020-12-22","purchased_purges":2,"victory":false,"max_hp_per_floor":[75,75,75,75,75,75,75,75,75,75,75,79,79,79,79,79,79,79,79,79,79,79,79,79,79,79,79,79,79],"relic_stats":{"counters":[12,15],"Juzu Bracelet":1,"obtain_stats":[{"PatriotShield":0,"Dota2Spire:MantaStyle":6,"AT_ATBox":0,"testmod-TestBox":0,"DaveBox":0,"LagranYue:RandomDrawCardRelic":0,"NeowsBlessing":0,"blackbeard:LoadTheCannons":0,"testmod-IncinerationGenerator":0,"DemoMod:GlassGuonStoneRelic":1,"Juzu Bracelet":8,"theJungle:SneckoAutograph":20,"SynthV:TestCard":1,"reliquary:PorcupineQuills":24,"Transparent":17,"Strawberry":12,"Onion Ring":26,"AT_SunfireAegis":10,"REME_ComplimentaryCards":0},{"PatriotShield":0,"Dota2Spire:MantaStyle":3,"AT_ATBox":0,"testmod-TestBox":0,"DaveBox":0,"LagranYue:RandomDrawCardRelic":0,"NeowsBlessing":0,"blackbeard:LoadTheCannons":0,"testmod-IncinerationGenerator":0,"DemoMod:GlassGuonStoneRelic":1,"Juzu Bracelet":5,"theJungle:SneckoAutograph":9,"SynthV:TestCard":1,"reliquary:PorcupineQuills":11,"Transparent":7,"Strawberry":5,"Onion Ring":11,"AT_SunfireAegis":5,"REME_ComplimentaryCards":0},{"PatriotShield":0,"Dota2Spire:MantaStyle":3,"AT_ATBox":0,"testmod-TestBox":0,"DaveBox":0,"LagranYue:RandomDrawCardRelic":0,"NeowsBlessing":0,"blackbeard:LoadTheCannons":0,"testmod-IncinerationGenerator":0,"DemoMod:GlassGuonStoneRelic":1,"Juzu Bracelet":5,"theJungle:SneckoAutograph":11,"SynthV:TestCard":1,"reliquary:PorcupineQuills":14,"Transparent":9,"Strawberry":5,"Onion Ring":14,"AT_SunfireAegis":5,"REME_ComplimentaryCards":0}]},"card_choices":[{"not_picked":["blackbeard:DeadlyArsenal","blackbeard:Toast"],"picked":"blackbeard:BlindAttacks","floor":1},{"not_picked":["blackbeard:GoldenDefense","blackbeard:Upgrade","blackbeard:VengefulSpirit","blackbeard:Eyepatch"],"picked":"blackbeard:PowderKeg","floor":3},{"not_picked":["blackbeard:Fencing","blackbeard:FieryDefense","blackbeard:WiseDefense","blackbeard:MegaUpgrade"],"picked":"blackbeard:Halberd","floor":6},{"not_picked":["blackbeard:Sword","blackbeard:GhostInTheRum","blackbeard:FieryDefense","blackbeard:RearmingStrike"],"picked":"blackbeard:WoodenLeg","floor":7},{"not_picked":["blackbeard:BlindAttacks","blackbeard:PirateHook","blackbeard:PiratesWill","blackbeard:InfiniteBarrage"],"picked":"blackbeard:BrownPants","floor":8},{"not_picked":["blackbeard:FishingNets","blackbeard:ChaoticDefense","blackbeard:TacticalRetreat","blackbeard:SwordDance"],"picked":"blackbeard:DangerousBlow","floor":10},{"not_picked":["blackbeard:Anchor","blackbeard:GhostInTheRum","blackbeard:AgileStrike","blackbeard:SwordDance"],"picked":"blackbeard:Lifeboat","floor":14},{"not_picked":["blackbeard:HumongousCannonball","blackbeard:Lifeboat","blackbeard:FinalBarrage","blackbeard:Salvager"],"picked":"blackbeard:ReapersScythe","floor":16},{"not_picked":["blackbeard:FieryDefense+1","blackbeard:JollyRoger","blackbeard:Provisioning","blackbeard:BeatUp"],"picked":"blackbeard:DangerousBlow","floor":18},{"not_picked":["blackbeard:DeadlyArsenal","blackbeard:GoldenStrike","blackbeard:BeatUp+1","blackbeard:JollyRoger"],"picked":"blackbeard:CloakAndCannonball+1","floor":19},{"not_picked":["blackbeard:BlindAttacks","blackbeard:SwordDance+1","blackbeard:RearmingStrike","blackbeard:PiratesWill+1"],"picked":"blackbeard:Shrapnel","floor":22},{"not_picked":["blackbeard:TacticalRetreat+1","blackbeard:InfiniteBarrage","blackbeard:GoldenDefense","blackbeard:SwordDance+1"],"picked":"blackbeard:Spear+1","floor":24}],"player_experience":300029,"relics_obtained":[{"floor":1,"key":"SynthV:TestCard"},{"floor":6,"key":"Dota2Spire:MantaStyle"},{"floor":8,"key":"Juzu Bracelet"},{"floor":10,"key":"AT_SunfireAegis"},{"floor":24,"key":"reliquary:PorcupineQuills"},{"floor":26,"key":"Onion Ring"}],"event_choices":[{"cards_removed":["blackbeard:BlackbeardDefend"],"damage_healed":0,"gold_gain":0,"player_choice":"Purged","damage_taken":0,"max_hp_gain":0,"max_hp_loss":0,"event_name":"Purifier","floor":2,"gold_loss":0},{"cards_removed":["blackbeard:BlackbeardDefend"],"damage_healed":0,"gold_gain":0,"player_choice":"Card Removal","damage_taken":0,"max_hp_gain":0,"max_hp_loss":0,"event_name":"The Cleric","floor":4,"gold_loss":50}],"is_beta":false,"boss_relics":[{"not_picked":["ChewingGum","LagranYue:ContractPerformanceRelic"],"picked":"Transparent"}],"items_purged_floors":[5,12],"is_endless":false,"potions_floor_spawned":[1,8,16,19,24],"killed_by":"theJungle:Snecko_Cultist_And_Trap","ascension_level":0}}