{"host":"o67iw34xdwlyp80a","time":1612123044,"event":{"mods":["BaseMod","Colored Map","Minty Spire (QoL Compilation)","Relic Stats","StSLib"],"gold_per_floor":[115,133,60,235,235,262,278,305,305,317,337,337,350,370,370,370,370],"floor_reached":16,"language":"ENG","playtime":879,"items_purged":[],"score":188,"play_id":"68280266-26f5-414e-b354-a8aa0247fe33","local_time":"20210131195724","is_ascension_mode":true,"campfire_choices":[{"data":"Combust","floor":12,"key":"SMITH"},{"floor":15,"key":"REST"}],"circlet_count":0,"master_deck":["Strike_R","Strike_R","Strike_R","Strike_R","Strike_R","Defend_R","Defend_R","Defend_R","Defend_R","Bash","Spot Weakness","Feel No Pain","Combust+1","Doubt","Cleave","Headbutt","Shrug It Off","Searing Blow","Body Slam"],"relics":["Burning Blood","NeowsBlessing","Toy Ornithopter","Ginger","Self Forming Clay"],"acts_visited":["Exordium"],"potions_floor_usage":[8,14,16,16],"damage_taken":[{"damage":0,"enemies":"2 Louse","floor":1,"turns":1},{"damage":0,"enemies":"Small Slimes","floor":2,"turns":1},{"damage":0,"enemies":"3 Sentries","floor":6,"turns":2},{"damage":20,"enemies":"Jaw Worm","floor":7,"turns":4},{"damage":51,"enemies":"Lagavulin","floor":8,"turns":8},{"damage":10,"enemies":"Blue Slaver","floor":10,"turns":4},{"damage":4,"enemies":"Large Slime","floor":11,"turns":7},{"damage":21,"enemies":"Exordium Wildlife","floor":13,"turns":4},{"damage":6,"enemies":"Lots of Slimes","floor":14,"turns":3},{"damage":58,"enemies":"The Guardian","floor":16,"turns":9}],"seed_played":"7043867582956816503","potions_obtained":[{"floor":7,"key":"Weak Potion"},{"floor":11,"key":"FearPotion"},{"floor":13,"key":"Energy Potion"},{"floor":14,"key":"Swift Potion"}],"is_trial":false,"path_per_floor":["M","M","$","?","?","E","M","E","T","M","M","R","M","M","R","B"],"character_chosen":"IRONCLAD","items_purchased":["Combust"],"campfire_rested":1,"item_purchase_floors":[3],"current_hp_per_floor":[78,80,80,80,85,85,71,31,31,27,29,29,14,19,44,0,0],"gold":370,"neow_bonus":"THREE_ENEMY_KILL","is_daily":false,"chose_seed":false,"campfire_upgraded":1,"win_rate":0.0,"timestamp":1612123044,"path_taken":["M","M","$","?","?","E","M","E","T","M","M","R","M","M","R","BOSS"],"items_purchased_type":["Card"],"build_version":"2020-12-22","purchased_purges":0,"victory":false,"max_hp_per_floor":[80,80,80,80,85,85,85,85,85,85,85,85,85,85,85,85,85],"relic_stats":{"counters":[10,43],"Self Forming Clay":[69],"Ginger":[10],"obtain_stats":[{"NeowsBlessing":0,"Self Forming Clay":9,"Ginger":8,"Burning Blood":0,"Toy Ornithopter":6},{"NeowsBlessing":0,"Self Forming Clay":5,"Ginger":5,"Burning Blood":0,"Toy Ornithopter":3},{"NeowsBlessing":0,"Self Forming Clay":16,"Ginger":16,"Burning Blood":0,"Toy Ornithopter":4}],"Burning Blood":44,"Toy Ornithopter":20},"card_choices":[{"not_picked":["Twin Strike","Iron Wave"],"picked":"Spot Weakness","floor":1},{"not_picked":["Metallicize","Bloodletting"],"picked":"Feel No Pain","floor":2},{"not_picked":["Fiend Fire","Wild Strike"],"picked":"Cleave","floor":6},{"not_picked":["Wild Strike","Clash"],"picked":"Headbutt","floor":7},{"not_picked":["Heavy Blade","Exhume"],"picked":"Shrug It Off","floor":8},{"not_picked":["Dark Embrace","Ghostly Armor","Clothesline"],"picked":"SKIP","floor":10},{"not_picked":["Sword Boomerang","Clash"],"picked":"Searing Blow","floor":11},{"not_picked":["Second Wind","Hemokinesis","Clothesline"],"picked":"SKIP","floor":13},{"not_picked":["Havoc","Clash"],"picked":"Body Slam","floor":14}],"player_experience":1140203,"relics_obtained":[{"floor":6,"key":"Toy Ornithopter"},{"floor":8,"key":"Ginger"},{"floor":9,"key":"Self Forming Clay"}],"event_choices":[{"damage_healed":0,"gold_gain":175,"player_choice":"AGREE","damage_taken":0,"max_hp_gain":0,"max_hp_loss":0,"event_name":"Liars Game","floor":4,"gold_loss":0,"cards_obtained":["Doubt"]},{"damage_healed":0,"gold_gain":0,"player_choice":"Donut","damage_taken":0,"max_hp_gain":5,"max_hp_loss":0,"event_name":"Big Fish","floor":5,"gold_loss":0}],"is_beta":false,"boss_relics":[],"items_purged_floors":[],"is_endless":false,"potions_floor_spawned":[7,11,13,14],"killed_by":"The Guardian","ascension_level":7}}