{"host":"Jedit","time":1612097966,"event":{"mods":["BaseMod","Minty Spire (QoL Compilation)","Relic Stats","StSLib"],"gold_per_floor":[109,121,13,13,33,33,47,81,81,81,115,127,149,236,248,338,350,374,276,52,52,69,69,69,69],"floor_reached":24,"language":"ENG","playtime":929,"items_purged":["Strike_P"],"score":508,"play_id":"73e77057-2b6f-4261-8051-c38835f39bdc","local_time":"20210131125926","is_ascension_mode":true,"campfire_choices":[{"data":"EmptyFist","floor":6,"key":"SMITH"},{"floor":10,"key":"REST"},{"data":"BowlingBash","floor":12,"key":"SMITH"},{"data":"Weave","floor":15,"key":"SMITH"},{"floor":23,"key":"REST"}],"circlet_count":0,"master_deck":["AscendersBane","Strike_P","Strike_P","Defend_P","Defend_P","Defend_P","Defend_P","Eruption","Vigilance","ClearTheMind","EmptyFist+1","Adaptation","BowlingBash+1","Wireheading","FlyingSleeves+1","DeusExMachina","BowlingBash","Weave+1","DevaForm","CrushJoints","JustLucky","ThirdEye","Adaptation","Halt+1"],"relics":["VioletLotus","FossilizedHelix","Mercury Hourglass","CloakClasp","MawBank","Sozu"],"acts_visited":["Exordium","TheCity"],"potions_floor_usage":[8,16],"damage_taken":[{"damage":5,"enemies":"2 Louse","floor":1,"turns":4},{"damage":2,"enemies":"Small Slimes","floor":2,"turns":4},{"damage":0,"enemies":"Cultist","floor":5,"turns":2},{"damage":24,"enemies":"Exordium Thugs","floor":7,"turns":5},{"damage":0,"enemies":"Gremlin Nob","floor":8,"turns":2},{"damage":0,"enemies":"Lagavulin","floor":11,"turns":5},{"damage":0,"enemies":"Looter","floor":13,"turns":3},{"damage":3,"enemies":"Hexaghost","floor":16,"turns":7},{"damage":27,"enemies":"3 Byrds","floor":18,"turns":5},{"damage":21,"enemies":"Shell Parasite","floor":22,"turns":5},{"damage":8,"enemies":"Book of Stabbing","floor":24,"turns":4}],"seed_played":"-7573354231374085975","potions_obtained":[{"floor":7,"key":"SteroidPotion"},{"floor":8,"key":"SpeedPotion"},{"floor":13,"key":"CultistPotion"},{"floor":16,"key":"Regen Potion"}],"is_trial":false,"path_per_floor":["M","M","$","?","M","R","M","E","T","R","E","R","M","?","R","B",null,"M","?","$","T","M","R","E"],"character_chosen":"WATCHER","items_purchased":["Adaptation","BowlingBash","JustLucky","ThirdEye","Adaptation"],"campfire_rested":2,"item_purchase_floors":[3,3,20,20,20],"current_hp_per_floor":[56,54,54,43,43,43,19,19,19,39,39,39,39,28,28,25,57,30,30,30,30,9,29,21,21],"gold":69,"neow_bonus":"BOSS_RELIC","is_daily":false,"chose_seed":false,"campfire_upgraded":3,"win_rate":0.0,"timestamp":1612097966,"path_taken":["M","M","$","?","M","R","M","E","T","R","E","R","M","?","R","BOSS","M","?","$","?","M","R","E"],"items_purchased_type":["Card","Card","Card","Card","Card"],"build_version":"2020-12-18","purchased_purges":1,"victory":false,"max_hp_per_floor":[68,68,68,68,68,68,68,68,68,68,68,68,68,68,68,68,68,68,68,68,68,68,68,68,68],"relic_stats":{"Sozu":1,"counters":[11,46],"VioletLotus":[10],"CloakClasp":[84],"MawBank":108,"obtain_stats":[{"Sozu":17,"VioletLotus":0,"CloakClasp":9,"PureWater":0,"MawBank":11,"FossilizedHelix":4,"Mercury Hourglass":8},{"Sozu":8,"VioletLotus":0,"CloakClasp":5,"PureWater":0,"MawBank":6,"FossilizedHelix":2,"Mercury Hourglass":5},{"Sozu":32,"VioletLotus":0,"CloakClasp":17,"PureWater":0,"MawBank":22,"FossilizedHelix":8,"Mercury Hourglass":17}],"Mercury Hourglass":[84]},"card_choices":[{"not_picked":["PathToVictory","Perseverance"],"picked":"ClearTheMind","floor":1},{"not_picked":["Wireheading","Crescendo"],"picked":"EmptyFist","floor":2},{"not_picked":["Prostrate","WindmillStrike"],"picked":"Wireheading","floor":5},{"not_picked":["FollowUp","Protect"],"picked":"FlyingSleeves","floor":7},{"not_picked":["Indignation","InnerPeace"],"picked":"DeusExMachina","floor":8},{"not_picked":["Crescendo","PathToVictory"],"picked":"BowlingBash","floor":11},{"not_picked":["BowlingBash","ThirdEye"],"picked":"Weave","floor":13},{"not_picked":["ConjureBlade","Blasphemy"],"picked":"DevaForm","floor":16},{"not_picked":["Prostrate","ForeignInfluence"],"picked":"CrushJoints","floor":18},{"not_picked":["ClearTheMind","EmptyFist"],"picked":"Halt+1","floor":22}],"player_experience":3465094,"relics_obtained":[{"floor":8,"key":"Mercury Hourglass"},{"floor":9,"key":"CloakClasp"},{"floor":11,"key":"MawBank"}],"event_choices":[{"damage_healed":0,"gold_gain":0,"player_choice":"Success","damage_taken":11,"relics_obtained":["FossilizedHelix"],"max_hp_gain":0,"max_hp_loss":0,"event_name":"Scrap Ooze","floor":4,"gold_loss":0},{"damage_healed":0,"gold_gain":75,"player_choice":"Gather Gold","damage_taken":11,"max_hp_gain":0,"max_hp_loss":0,"event_name":"World of Goop","floor":14,"gold_loss":0},{"cards_removed":["Strike_P"],"damage_healed":0,"gold_gain":0,"player_choice":"Upgrade and Remove","damage_taken":0,"max_hp_gain":0,"max_hp_loss":0,"event_name":"Designer","floor":19,"gold_loss":110,"cards_upgraded":["FlyingSleeves"]}],"is_beta":true,"boss_relics":[{"not_picked":["Runic Dome","Fusion Hammer"],"picked":"Sozu"}],"items_purged_floors":[20],"is_endless":false,"potions_floor_spawned":[7,8,13,16,18],"killed_by":"Book of Stabbing","ascension_level":20}}