{"host":"4m6kpaugsbveqjyd","time":1612087367,"event":{"mods":["Act Like it!","Ascension Reborn","BaseMod","Challenge The Spire","Colored Powertips","Downfall","Highlight Path","Hubris","Minty Spire (QoL Compilation)","Replay The Spire","StSLib","The Construct","UnlockEverythingMod"],"gold_per_floor":[99,99,38,38,38,38,88,116,16,45,58,58,77,109,128,228,228,128,143,143,159,69,82,82,93,109,109,123,73,83,117,134,231,231,231,244,244,294,124,137,137,37,37,47,47,67,67,86,104,104,104,104],"floor_reached":50,"language":"ZHS","playtime":3790,"items_purged":["sneckomod:Strike"],"score":659,"play_id":"74eb0a14-433c-4640-a353-4a9472285ccc","local_time":"20210131180247","is_ascension_mode":true,"campfire_choices":[{"data":"sneckomod:MorePower","floor":9.0,"key":"SMITH"},{"floor":12.0,"key":"REST"},{"floor":18.0,"key":"DIG"},{"floor":27.0,"key":"REST"},{"floor":35.0,"key":"RECALL"},{"floor":42,"key":"REST"},{"floor":47,"key":"REST"}],"circlet_count":0,"master_deck":["sneckomod:Strike","sneckomod:Strike","sneckomod:Defend","sneckomod:Defend","sneckomod:Defend","sneckomod:SnekBite","sneckomod:Unknown","champ:Taunt","sneckomod:Unknown1Cost","sneckomod:UnknownExhaust+1","sneckomod:MorePower+1","sneckomod:UnknownBoss+1","sneckomod:DiceCrush","sneckomod:UnknownWeak+1","sneckomod:IronFang","sneckomod:UnknownBoss+1","sneckomod:UnknownDraw","sneckomod:UnknownDraw+1","sneckomod:QuickBite","sneckomod:WideSting","sneckomod:UnknownClassTHE_BRONZE_AUTOMATON+1","sneckomod:Restock","sneckomod:Unknown3Cost+1","sneckomod:RainOfDice","sneckomod:UnknownDexterity+1","sneckomod:Unknown0Cost+1","sneckomod:UnknownUncommonAttack+1","sneckomod:SoulRoll","sneckomod:Nope","sneckomod:SnakeSap","sneckomod:UnknownRarePower+1","sneckomod:UnknownColorless+1","sneckomod:DangerNoodle","sneckomod:Unknown0Cost+1","sneckomod:SnakeSap","sneckomod:UnknownUncommonPower+1","sneckomod:DiceCrush+1","expansioncontent:Chronoboost+1","sneckomod:UnknownBlock+1","sneckomod:SerpentMind","CurseOfTheBell","sneckomod:SnakeSap","hubris:DuctTapeCard","sneckomod:UnknownClassTHE_BRONZE_AUTOMATON+1","expansioncontent:DashGenerateEvil","sneckomod:UnknownExhaust+1","sneckomod:SnakeSap","sneckomod:Unknown3Cost+1","sneckomod:ImprovisedAttack+1","sneckomod:UnknownRarePower+1","sneckomod:SoulDraw+1","sneckomod:UnknownStrength+1","sneckomod:SerpentIdol"],"relics":["sneckomod:SneckoSoul","downfall:HeartsMalice","hubris:Towel","hubris:DuctTape","Orichalcum","downfall:HeartBlessingBlue","Onion Ring","White Beast Statue","Fusion Hammer","downfall:HeartBlessingGreen","Blue Candle","downfall:KnowingSkull","CaptainsWheel","Replay:Rubber Ducky","Calling Bell","Happy Flower","StrikeDummy","hubris:Spice","hubris:Icosahedron","sneckomod:LoadedDie","HandDrill","Oddly Smooth Stone","downfall:HeartBlessingRed"],"acts_visited":["Exordium","TheCity","TheBeyond"],"potions_floor_usage":[39,39,39,40,44,50,50],"damage_taken":[{"damage":0.0,"enemies":"Jaw Worm","floor":2.0,"turns":1.0},{"damage":0.0,"enemies":"downfall:FleeingMerchant","floor":3.0,"turns":1.0},{"damage":0.0,"enemies":"Gremlin Nob","floor":8.0,"turns":1.0},{"damage":23.0,"enemies":"3 Sentries","floor":10.0,"turns":9.0},{"damage":3.0,"enemies":"Small Slimes","floor":11.0,"turns":4.0},{"damage":0.0,"enemies":"Cultist","floor":13.0,"turns":3.0},{"damage":13.0,"enemies":"Lagavulin","floor":14.0,"turns":5.0},{"damage":5.0,"enemies":"2 Fungi Beasts","floor":15.0,"turns":2.0},{"damage":72.0,"enemies":"SI_SHIV_ARCHETYPE","floor":16.0,"turns":11.0},{"damage":16.0,"enemies":"3 Byrds","floor":19.0,"turns":6.0},{"damage":7.0,"enemies":"Shell Parasite","floor":21.0,"turns":3.0},{"damage":1.0,"enemies":"downfall:FleeingMerchant","floor":22.0,"turns":4.0},{"damage":12.0,"enemies":"Shelled Parasite and Fungi","floor":23.0,"turns":7.0},{"damage":3.0,"enemies":"Snecko","floor":25.0,"turns":3.0},{"damage":1.0,"enemies":"Chosen and Byrds","floor":26.0,"turns":5.0},{"damage":15.0,"enemies":"Centurion and Healer","floor":28.0,"turns":4.0},{"damage":5.0,"enemies":"3 Cultists","floor":30.0,"turns":2.0},{"damage":4.0,"enemies":"Gremlin Leader","floor":31.0,"turns":6.0},{"damage":23.0,"enemies":"Shelled Parasite and Fungi","floor":32.0,"turns":4.0},{"damage":30.0,"enemies":"WA_ARCHETYPE_CALM","floor":33.0,"turns":10.0},{"damage":1.0,"enemies":"3 Shapes","floor":36.0,"turns":2.0},{"damage":4,"enemies":"downfall:FleeingMerchant","floor":39,"turns":4},{"damage":17,"enemies":"3 Darklings","floor":40,"turns":2},{"damage":11,"enemies":"Maw","floor":44,"turns":5},{"damage":1,"enemies":"4 Shapes","floor":46,"turns":4},{"damage":1,"enemies":"Transient","floor":48,"turns":5},{"damage":1,"enemies":"Spire Growth","floor":49,"turns":3},{"damage":164,"enemies":"IC_BLOCK_ARCHETYPE","floor":50,"turns":7}],"seed_played":"2940756144014249259","potions_obtained":[{"floor":8.0,"key":"Regen Potion"},{"floor":11.0,"key":"Explosive Potion"},{"floor":14.0,"key":"SpeedPotion"},{"floor":15.0,"key":"Reflective Coating"},{"floor":16.0,"key":"Fire Potion"},{"floor":19.0,"key":"Ancient Potion"},{"floor":21.0,"key":"GamblersBrew"},{"floor":22.0,"key":"SteroidPotion"},{"floor":23.0,"key":"LifebloodPotion"},{"floor":26.0,"key":"PowerPotion"},{"floor":31.0,"key":"BlessingOfTheForge"},{"floor":33.0,"key":"FearPotion"},{"floor":39,"key":"Toxic Potion"},{"floor":40,"key":"SpeedPotion"},{"floor":44,"key":"Adrenaline Potion"}],"is_trial":false,"path_per_floor":["R","M","$","?","?","?","T","E","R","E","M","R","M","E","M","B",null,"R","M","?","M","$","M","T","M","M","R","M","?","M","E","M","B",null,"R","M","?","T","$","M","T","R","$","M","$","M","R","M","M","B"],"character_chosen":"THE_SNECKO","items_purchased":["sneckomod:UnknownExhaust+1","HandDrill","expansioncontent:DashGenerateEvil","Oddly Smooth Stone"],"campfire_rested":4,"item_purchase_floors":[3,39,39,39],"current_hp_per_floor":[90,90,90,90,78,78,78,78,88,70,67,97,97,84,79,7,100,100,89,82,75,86,74,74,71,70,100,85,100,95,91,68,59,106,106,105,105,105,106,89,97,114,114,108,108,107,114,106,105,0,0,0],"gold":104,"neow_bonus":"THREE_ENEMY_KILL","is_daily":false,"chose_seed":false,"campfire_upgraded":1,"win_rate":0.0,"timestamp":1612087367,"path_taken":["R","M","$","?","?","?","T","E","R","E","M","R","M","E","M","BOSS","R","M","?","M","$","M","T","?","M","R","M","?","M","E","M","BOSS","R","M","?","?","$","M","T","R","$","M","?","M","R","M","M","BOSS"],"items_purchased_type":["Card","Relic","Card","Relic"],"build_version":"2020-12-22","purchased_purges":1,"victory":false,"max_hp_per_floor":[90,90,90,90,90,90,90,90,100,100,100,100,100,100,100,100,100,100,100,100,100,100,100,100,100,100,100,100,100,100,100,100,98,106,106,106,106,106,106,106,114,114,114,114,114,114,114,106,106,106,106,106],"card_choices":[{"not_picked":["sneckomod:UnknownStrike","sneckomod:SnakeSap"],"picked":"sneckomod:Unknown1Cost","floor":2.0},{"not_picked":["sneckomod:UnknownDexterity","sneckomod:Unknown1Cost"],"picked":"sneckomod:IronFang","floor":3.0},{"not_picked":["sneckomod:QuickMove","sneckomod:QuickBite"],"picked":"sneckomod:MorePower","floor":8.0},{"not_picked":["sneckomod:UnknownExhaust+1","sneckomod:UnknownColorless+1"],"picked":"sneckomod:UnknownBoss+1","floor":10.0},{"not_picked":["sneckomod:UnknownExhaust","sneckomod:DiceBoulder"],"picked":"sneckomod:DiceCrush","floor":10.0},{"not_picked":["sneckomod:UnknownExhaust+1","sneckomod:UnknownCommonSkill+1"],"picked":"sneckomod:UnknownWeak+1","floor":11.0},{"not_picked":["sneckomod:SoulRoll","sneckomod:DiceBlock"],"picked":"sneckomod:IronFang","floor":11.0},{"not_picked":["sneckomod:Unknown0Cost+1","sneckomod:UnknownDexterity+1"],"picked":"sneckomod:UnknownBoss+1","floor":13.0},{"not_picked":["sneckomod:DefensiveFlair","sneckomod:RainOfDice"],"picked":"sneckomod:UnknownDraw","floor":13.0},{"not_picked":["sneckomod:UnknownCommonSkill+1","sneckomod:UnknownBlock+1"],"picked":"sneckomod:UnknownDraw+1","floor":14.0},{"not_picked":["sneckomod:ImprovisedGuard","sneckomod:Nope"],"picked":"sneckomod:QuickBite","floor":14.0},{"not_picked":["sneckomod:UnknownStrike","sneckomod:DiceCrush"],"picked":"sneckomod:WideSting","floor":15.0},{"not_picked":["sneckomod:UnknownCommonSkill+1","sneckomod:UnknownBlock+1"],"picked":"sneckomod:UnknownClassTHE_BRONZE_AUTOMATON+1","floor":16.0},{"not_picked":["sneckomod:UnknownBoss","sneckomod:Unknown3Cost"],"picked":"sneckomod:Restock","floor":16.0},{"not_picked":["sneckomod:Unknown0Cost+1","sneckomod:UnknownUncommonSkill+1"],"picked":"sneckomod:Unknown3Cost+1","floor":19.0},{"not_picked":["sneckomod:UnknownClassTHE_BRONZE_AUTOMATON","sneckomod:UnknownBlock"],"picked":"sneckomod:RainOfDice","floor":19.0},{"not_picked":["sneckomod:Unknown1Cost+1","sneckomod:UnknownDraw+1"],"picked":"sneckomod:UnknownDexterity+1","floor":21.0},{"not_picked":["sneckomod:IronFang+1","sneckomod:UnknownBlock"],"picked":"sneckomod:Unknown0Cost+1","floor":21.0},{"not_picked":["sneckomod:UnknownColorless+1","sneckomod:UnknownCommonAttack+1"],"picked":"sneckomod:UnknownUncommonAttack+1","floor":22.0},{"not_picked":["sneckomod:QuickBite","sneckomod:UnknownBlock"],"picked":"sneckomod:SoulRoll","floor":22.0},{"not_picked":["sneckomod:UnknownStrength+1","sneckomod:UnknownRarePower+1"],"picked":"sneckomod:UnknownBoss+1","floor":23.0},{"not_picked":["sneckomod:RainOfDice","sneckomod:DefensiveFlair+1"],"picked":"sneckomod:Nope","floor":23.0},{"not_picked":["sneckomod:UnknownVulnerable","sneckomod:RainOfDice+1"],"picked":"sneckomod:SnakeSap","floor":25.0},{"not_picked":["sneckomod:UnknownBoss+1","sneckomod:Unknown1Cost+1"],"picked":"sneckomod:UnknownRarePower+1","floor":26.0},{"not_picked":["sneckomod:UnknownDraw","sneckomod:WideSting"],"picked":"sneckomod:UnknownColorless+1","floor":26.0},{"not_picked":["sneckomod:ImprovisedGuard","sneckomod:MasterEye+1"],"picked":"sneckomod:DangerNoodle","floor":28.0},{"not_picked":["sneckomod:UnknownClassTHE_CHAMP_GRAY+1","sneckomod:UnknownUncommonAttack+1"],"picked":"sneckomod:Unknown0Cost+1","floor":30.0},{"not_picked":["sneckomod:UnknownCommonSkill","sneckomod:TrashToTreasure"],"picked":"sneckomod:SnakeSap","floor":30.0},{"not_picked":["sneckomod:UnknownUncommonAttack+1","sneckomod:UnknownVulnerable+1"],"picked":"sneckomod:UnknownUncommonPower+1","floor":31.0},{"not_picked":["sneckomod:UnknownCommonAttack","sneckomod:Nope"],"picked":"sneckomod:DiceCrush+1","floor":31.0},{"not_picked":["sneckomod:UnknownVulnerable","sneckomod:UnknownClassTHE_BRONZE_AUTOMATON"],"picked":"sneckomod:Memorize+1","floor":32.0},{"not_picked":["sneckomod:UnknownColorless+1","sneckomod:Unknown1Cost+1"],"picked":"sneckomod:UnknownBlock+1","floor":33.0},{"not_picked":["sneckomod:UnlimitedRolls","sneckomod:MorePower"],"picked":"sneckomod:SerpentMind","floor":33.0},{"not_picked":["sneckomod:QuickMove","sneckomod:UnknownStrike"],"picked":"sneckomod:SnakeSap","floor":36.0},{"not_picked":["sneckomod:ImprovisedGuard+1","sneckomod:UnknownStrike"],"picked":"sneckomod:UnknownClassTHE_BRONZE_AUTOMATON+1","floor":39},{"not_picked":["sneckomod:UnknownUncommonPower+1","sneckomod:UnknownCommonAttack+1"],"picked":"sneckomod:UnknownExhaust+1","floor":40},{"not_picked":["sneckomod:UnknownStrike+1","sneckomod:UnknownBlock"],"picked":"sneckomod:SnakeSap","floor":40},{"not_picked":["sneckomod:UnknownRarePower+1","sneckomod:UnknownCommonSkill+1"],"picked":"sneckomod:Unknown3Cost+1","floor":44},{"not_picked":["sneckomod:IronFang","sneckomod:UnknownCommonAttack"],"picked":"sneckomod:ImprovisedAttack+1","floor":44},{"not_picked":["sneckomod:UnknownCommonAttack+1","sneckomod:UnknownBlock+1"],"picked":"sneckomod:UnknownRarePower+1","floor":46},{"not_picked":["sneckomod:UnknownClassTHE_BRONZE_AUTOMATON+1","sneckomod:UnknownStrength+1"],"picked":"sneckomod:SoulDraw+1","floor":46},{"not_picked":["sneckomod:UnknownVulnerable+1","sneckomod:UnknownStrike+1"],"picked":"sneckomod:UnknownStrength+1","floor":48},{"not_picked":["sneckomod:UnknownClassTHE_CHAMP_GRAY","sneckomod:UnknownBlock"],"picked":"hubris:SpiceAddiction","floor":48},{"not_picked":["sneckomod:ImprovisedAttack+1","sneckomod:UnknownUncommonSkill+1"],"picked":"sneckomod:SerpentIdol","floor":49}],"player_experience":175786,"relics_obtained":[{"floor":8.0,"key":"Orichalcum"},{"floor":10.0,"key":"Onion Ring"},{"floor":14.0,"key":"White Beast Statue"},{"floor":18.0,"key":"Blue Candle"},{"floor":24.0,"key":"CaptainsWheel"},{"floor":31.0,"key":"Replay:Rubber Ducky"},{"floor":34.0,"key":"Happy Flower"},{"floor":34.0,"key":"StrikeDummy"},{"floor":34.0,"key":"hubris:Spice"},{"floor":38.0,"key":"sneckomod:LoadedDie"},{"floor":41,"key":"hubris:Spice"}],"event_choices":[{"damage_healed":0.0,"max_hp_gain":0.0,"max_hp_loss":0.0,"gold_gain":0.0,"event_name":"Scrap Ooze","player_choice":"Success","floor":5.0,"gold_loss":0.0,"damage_taken":12.0,"relics_obtained":["hubris:DuctTape"]}],"is_beta":false,"boss_relics":[{"not_picked":["hubris:Stopwatch","hubris:CrackedHourglass"],"picked":"Fusion Hammer"},{"not_picked":["Tiny House","Replay:Drink Me"],"picked":"Calling Bell"}],"items_purged_floors":[22],"is_endless":false,"potions_floor_spawned":[8,11,14,15,16,19,21,22,23,25,26,28,30,31,32,33,36,39,40,44,46,48,49],"killed_by":"IC_BLOCK_ARCHETYPE","ascension_level":1}}