{"host":"cpnwtw6j9ov48mid","time":1612118721,"event":{"mods":["AchievementEnabler","Act Like it!","Aspiration","BaseMod","Bestiary","Better Third Choice","BetterRewards","CapriCore","Colored Map","Colored Powertips","Conspire","Energized Spire","Friendly Minions","GifTheSpireLib","Gold Saver","Halation","Hubris","Infinite Spire","Jedi Mod","Marked Mod","Minty Spire (QoL Compilation)","Permanent Neow","Quarter Circle Forward PUNCH!","Quick Restart","RRrroohrrRGHHhhh!!","Rare Cards Sparkle","RatMod","Relic Stats","Replay The Spire","Small Relic Pack","StSLib","Stuff the Spire","The Animator","The Blue Laboratory","The Marked","Transform Curses","yUi"],"gold_per_floor":[401,401,401,401,411,431,431,449,475,510,510,541,541,569,569,669,669,685,713,713,713],"floor_reached":20,"language":"ENG","playtime":794,"items_purged":[],"score":265,"play_id":"e4ee8f8b-c98e-4986-aac1-e491bd3fa9c7","local_time":"20210131194521","is_ascension_mode":false,"campfire_choices":[{"data":"theMarked:SoldierOfQuellstein","floor":7,"key":"SMITH"},{"floor":13,"key":"REST"},{"data":"theMarked:ResourceFulStrike","floor":15,"key":"SMITH"}],"circlet_count":0,"master_deck":["theMarked:Strike","theMarked:Strike","theMarked:Strike","theMarked:Strike","theMarked:Defend","theMarked:Defend","theMarked:Defend","theMarked:Defend","theMarked:SoldierOfQuellstein+1","theMarked:Frustration","theMarked:SwordAndMagic","theMarked:ChainLightning","theMarked:Frustration","theMarked:ResourceFulStrike+1","theMarked:FavorableWinds","theMarked:BanishingStrike","theMarked:Aftermath"],"relics":["theMarked:ArtifactOfAir","hubris:Towel","Omamori","jedi:shrinkray","StuffTheSpire:Mouthbags","hubris:OldNail","rorgmod:The Boot","MealTicket","hubris:TerracottaHorce","aspiration:StickyExplosives"],"acts_visited":["Exordium","TheCity"],"potions_floor_usage":[10,12,16,19],"damage_taken":[{"damage":1,"enemies":"conspire:RoseBush","floor":1,"turns":3},{"damage":0,"enemies":"2 Louse","floor":5,"turns":3},{"damage":12,"enemies":"infinitespire:Voidling","floor":6,"turns":3},{"damage":0,"enemies":"2 Fungi Beasts","floor":8,"turns":3},{"damage":18,"enemies":"Lagavulin","floor":10,"turns":5},{"damage":0,"enemies":"Gremlin Nob","floor":12,"turns":3},{"damage":17,"enemies":"3 Sentries","floor":14,"turns":5},{"damage":0,"enemies":"Slime Boss","floor":16,"turns":7},{"damage":16,"enemies":"Shell Parasite","floor":18,"turns":4},{"damage":40,"enemies":"conspire:MimicChest","floor":19,"turns":5},{"damage":11,"enemies":"Spheric Guardian","floor":20,"turns":2}],"seed_played":"3694234537843084135","potions_obtained":[{"floor":5,"key":"blueLaboratory:BubblePotion"},{"floor":8,"key":"blueLaboratory:BottleOfVodka"},{"floor":14,"key":"FearPotion"},{"floor":16,"key":"theMarked:ChargePotion"},{"floor":18,"key":"blueLaboratory:RememoryPotion"}],"is_trial":false,"path_per_floor":["M","?","?","T","M","M","R","M","T","E","$","E","R","E","R","B",null,"M","?","M"],"character_chosen":"THE_DEFAULT","items_purchased":["hubris:OldNail"],"campfire_rested":1,"item_purchase_floors":[11],"current_hp_per_floor":[69,69,69,69,69,61,61,61,61,43,33,33,54,37,37,37,62,46,6,0,0],"gold":713,"neow_bonus":"REMOVE_CARD","is_daily":false,"chose_seed":false,"campfire_upgraded":2,"win_rate":0.0,"timestamp":1612118721,"path_taken":["M","?","?","?","M","M","R","M","T","E","?","E","R","E","R","BOSS","M","?","?"],"items_purchased_type":["Relic"],"build_version":"2020-12-22","purchased_purges":0,"victory":false,"max_hp_per_floor":[70,70,70,70,70,70,70,70,70,70,70,70,70,70,70,70,70,70,70,70,70],"relic_stats":{"counters":[11,43],"MealTicket":0,"obtain_stats":[{"theMarked:ArtifactOfAir":0,"aspiration:StickyExplosives":19,"rorgmod:The Boot":12,"StuffTheSpire:Mouthbags":10,"MealTicket":14,"Omamori":4,"hubris:Towel":3,"hubris:OldNail":11,"jedi:shrinkray":9,"hubris:TerracottaHorce":17},{"theMarked:ArtifactOfAir":0,"aspiration:StickyExplosives":10,"rorgmod:The Boot":6,"StuffTheSpire:Mouthbags":5,"MealTicket":7,"Omamori":1,"hubris:Towel":1,"hubris:OldNail":5,"jedi:shrinkray":4,"hubris:TerracottaHorce":8},{"theMarked:ArtifactOfAir":0,"aspiration:StickyExplosives":41,"rorgmod:The Boot":20,"StuffTheSpire:Mouthbags":17,"MealTicket":25,"Omamori":3,"hubris:Towel":3,"hubris:OldNail":17,"jedi:shrinkray":12,"hubris:TerracottaHorce":32}]},"card_choices":[{"not_picked":["theMarked:TakeCover","theMarked:Improvise"],"picked":"theMarked:Frustration","floor":1},{"not_picked":["theMarked:ResourceFulStrike","theMarked:EnhanceMovement"],"picked":"theMarked:ChainLightning","floor":5},{"not_picked":["theMarked:RepellingDischarge","theMarked:Parkour","theMarked:HeightenedSenses"],"picked":"SKIP","floor":6},{"not_picked":["theMarked:WardOff","theMarked:RepellingDischarge"],"picked":"theMarked:SwordAndMagic","floor":8},{"not_picked":["theMarked:SwordAndMagic","theMarked:Convert"],"picked":"theMarked:Frustration","floor":10},{"not_picked":["theMarked:Parkour","theMarked:Improvise"],"picked":"theMarked:ResourceFulStrike","floor":12},{"not_picked":["theMarked:CreepingChasm","theMarked:Improvise","theMarked:KeepCalmAndFight"],"picked":"SKIP","floor":14},{"not_picked":["theMarked:Snap","theMarked:DispelDoubt"],"picked":"theMarked:FavorableWinds","floor":16},{"not_picked":["theMarked:Friction","theMarked:EmpowerWeapon"],"picked":"theMarked:BanishingStrike","floor":18},{"not_picked":["theMarked:Electrify+1","theMarked:Seal"],"picked":"theMarked:Aftermath","floor":19}],"player_experience":5806,"relics_obtained":[{"floor":4,"key":"Omamori"},{"floor":9,"key":"jedi:shrinkray"},{"floor":10,"key":"StuffTheSpire:Mouthbags"},{"floor":12,"key":"rorgmod:The Boot"},{"floor":14,"key":"MealTicket"},{"floor":19,"key":"aspiration:StickyExplosives"}],"event_choices":[{"damage_healed":0,"gold_gain":0,"player_choice":"Leave","damage_taken":0,"max_hp_gain":0,"max_hp_loss":0,"event_name":"conspire:Investor","floor":2,"gold_loss":0}],"is_beta":false,"boss_relics":[{"not_picked":["SlaversCollar","Pandora\u0027s Box"],"picked":"hubris:TerracottaHorce"}],"items_purged_floors":[],"is_endless":false,"potions_floor_spawned":[5,8,14,16,18],"killed_by":"Spheric Guardian","ascension_level":0}}