{"host":"sad04l3m69qtnhom","time":1612083581,"event":{"mods":["AchievementEnabler","BaseMod","Colored Map","Colored Powertips","DeckTracker","Highlight Path","Minty Spire (QoL Compilation)","Permanent Neow","Quick Restart","SuperFastMode","everything is the same but u backflip on backflip"],"gold_per_floor":[10,10,23,23,46,46,71,95,118,118,196,217,65,65,65,194,194,213,213,213,226,247,247,447,277,277,293,293,293],"floor_reached":28,"language":"KOR","playtime":1060,"items_purged":["Strike_B","Strike_B"],"score":252,"play_id":"f3624063-ff9c-4786-ade7-1da296a42585","local_time":"20210131175941","is_ascension_mode":true,"campfire_choices":[{"data":"Capacitor","floor":6,"key":"SMITH"},{"floor":10,"key":"REST"},{"floor":15,"key":"REST"},{"data":"Static Discharge","floor":23,"key":"SMITH"}],"circlet_count":0,"master_deck":["Defend_B","Defend_B","Defend_B","Defend_B","Zap","Dualcast","Electrodynamics","Capacitor+1","Machine Learning","Ball Lightning","Static Discharge+1","Self Repair","Fission","Ball Lightning","Auto Shields+1","Defragment","Reinforced Body+1"],"relics":["Cracked Core","Golden Idol","Blood Vial","Bag of Marbles","Nunchaku","Velvet Choker"],"acts_visited":["Exordium","TheCity"],"potions_floor_usage":[11,18],"damage_taken":[{"damage":7,"enemies":"Jaw Worm","floor":1,"turns":3},{"damage":0,"enemies":"2 Louse","floor":3,"turns":1},{"damage":0,"enemies":"Small Slimes","floor":5,"turns":2},{"damage":25,"enemies":"Gremlin Gang","floor":7,"turns":5},{"damage":18,"enemies":"3 Louse","floor":8,"turns":2},{"damage":10,"enemies":"Gremlin Nob","floor":11,"turns":3},{"damage":14,"enemies":"Red Slaver","floor":12,"turns":3},{"damage":23,"enemies":"The Guardian","floor":16,"turns":11},{"damage":27,"enemies":"2 Thieves","floor":18,"turns":4},{"damage":2,"enemies":"3 Byrds","floor":21,"turns":1},{"damage":26,"enemies":"Snake Plant","floor":22,"turns":3},{"damage":7,"enemies":"3 Cultists","floor":27,"turns":3},{"damage":0,"enemies":"Slavers","floor":28,"turns":1}],"seed_played":"4453624650635089670","potions_obtained":[{"floor":8,"key":"BlessingOfTheForge"},{"floor":11,"key":"SteroidPotion"},{"floor":16,"key":"SpeedPotion"},{"floor":27,"key":"Strength Potion"}],"is_trial":false,"path_per_floor":["M","?","M","?","M","R","M","M","T","R","?","M","$","?","R","B",null,"M","?","?","M","M","R","?","$","T","M","E"],"character_chosen":"DEFECT","items_purchased":["Self Repair","Defragment"],"campfire_rested":2,"item_purchase_floors":[13,25],"current_hp_per_floor":[68,68,68,50,52,52,29,13,13,33,25,13,13,6,26,12,69,49,49,43,43,26,26,26,26,26,21,23,23],"gold":293,"neow_bonus":"THREE_RARE_CARDS","is_daily":false,"chose_seed":false,"campfire_upgraded":2,"win_rate":0.0,"timestamp":1612083581,"path_taken":["M","?","M","?","M","R","M","M","T","R","?","M","?","?","R","BOSS","M","?","?","?","M","R","?","$","T","?","E"],"items_purchased_type":["Card","Card"],"build_version":"2020-12-22","purchased_purges":2,"victory":false,"max_hp_per_floor":[75,69,69,69,69,69,69,69,69,69,69,69,69,69,69,69,69,69,69,69,69,69,69,69,69,69,69,69,69],"card_choices":[{"not_picked":["Thunder Strike","Fission"],"picked":"Electrodynamics","floor":0},{"not_picked":["Gash","Leap","Doom and Gloom"],"picked":"SKIP","floor":1},{"not_picked":["Loop","Conserve Battery"],"picked":"Capacitor","floor":3},{"not_picked":["Streamline","Leap","Compile Driver"],"picked":"SKIP","floor":5},{"not_picked":["Streamline","Leap","Compile Driver"],"picked":"SKIP","floor":5},{"not_picked":["Turbo","Steam"],"picked":"Machine Learning","floor":7},{"not_picked":["Cold Snap","Recycle","Beam Cell"],"picked":"SKIP","floor":8},{"not_picked":["Go for the Eyes","Compile Driver"],"picked":"Ball Lightning","floor":11},{"not_picked":["Reinforced Body","Sweeping Beam"],"picked":"Static Discharge","floor":12},{"not_picked":["Echo Form","Creative AI"],"picked":"Fission","floor":16},{"not_picked":["Gash+1","Steam","Redo"],"picked":"SKIP","floor":18},{"not_picked":["Beam Cell","Turbo+1"],"picked":"Ball Lightning","floor":21},{"not_picked":["Redo","Genetic Algorithm+1"],"picked":"Auto Shields+1","floor":22},{"not_picked":["Chill","Steam"],"picked":"Reinforced Body+1","floor":27}],"player_experience":422451,"relics_obtained":[{"floor":9,"key":"Bag of Marbles"},{"floor":11,"key":"Nunchaku"}],"event_choices":[{"damage_healed":0,"gold_gain":0,"player_choice":"Lose Max HP","damage_taken":0,"relics_obtained":["Golden Idol"],"max_hp_gain":0,"max_hp_loss":6,"event_name":"Golden Idol","floor":2,"gold_loss":0},{"damage_healed":0,"gold_gain":0,"player_choice":"Success","damage_taken":18,"relics_obtained":["Blood Vial"],"max_hp_gain":0,"max_hp_loss":0,"event_name":"Scrap Ooze","floor":4,"gold_loss":0},{"damage_healed":0,"gold_gain":0,"player_choice":"Searched \u00271\u0027 times","damage_taken":0,"max_hp_gain":0,"max_hp_loss":0,"event_name":"Dead Adventurer","floor":11,"gold_loss":0},{"cards_removed":["Strike_B"],"damage_healed":0,"gold_gain":0,"player_choice":"Card Removal","damage_taken":7,"max_hp_gain":0,"max_hp_loss":0,"event_name":"Golden Wing","floor":14,"gold_loss":0},{"cards_removed":["Strike_B"],"damage_healed":0,"gold_gain":0,"player_choice":"Elegance","damage_taken":0,"max_hp_gain":0,"max_hp_loss":0,"event_name":"Back to Basics","floor":19,"gold_loss":0},{"damage_healed":0,"gold_gain":0,"player_choice":"","damage_taken":6,"max_hp_gain":0,"max_hp_loss":0,"event_name":"Knowing Skull","floor":20,"potions_obtained":[],"gold_loss":0,"cards_obtained":[]},{"damage_healed":0,"gold_gain":250,"player_choice":"Bet on Owner","damage_taken":0,"max_hp_gain":0,"max_hp_loss":0,"event_name":"The Joust","floor":24,"gold_loss":50}],"is_beta":false,"boss_relics":[{"not_picked":["SacredBark","Tiny House"],"picked":"Velvet Choker"}],"items_purged_floors":[13,25],"is_endless":false,"potions_floor_spawned":[8,11,16,27],"killed_by":"Slavers","ascension_level":4}}