{"host":"87mnajev72vv2sjg","time":1612064931,"event":{"mods":["BaseMod","BetterRewards","Colored Map","Curses Come First","Infinite Spire","Minty Spire (QoL Compilation)","Replay The Spire","Shop Mod","StSLib","SuperFastMode","The Bug Knight"],"gold_per_floor":[118,138,156,8,19,46,63,63,90,90,117,131,131,56,56,153,153,163,197,97,168,187,216,216,227,227,227,227,260,271,271,271],"floor_reached":31,"language":"ENG","playtime":1257,"items_purged":["Feel No Pain","Strike_R"],"score":435,"play_id":"e8702163-f312-449e-939d-e753cf5f81be","local_time":"20210130224851","is_ascension_mode":false,"campfire_choices":[{"floor":8,"key":"REST"},{"data":"Rupture","floor":8,"key":"SMITH"},{"floor":10,"key":"REST"},{"data":"Offering","floor":10,"key":"SMITH"},{"floor":13,"key":"REST"},{"data":"Hemokinesis","floor":13,"key":"SMITH"},{"data":"Offering","floor":15,"key":"SMITH"},{"floor":24,"key":"REST"},{"data":"infinitespire:DeathsTouch","floor":24,"key":"SMITH"}],"circlet_count":0,"master_deck":["Strike_R","Strike_R","Strike_R","Strike_R","Defend_R","Defend_R","Defend_R","Defend_R","Bash","Fire Breathing","Offering+1","Rupture+1","Clothesline","Offering+1","Fire Breathing","Bloodletting","Hemokinesis+1","Offering","Amnesia","Reaper","infinitespire:DeathsTouch+1","Evolve","ReplayTheSpireMod:Strike From Hell+1","ReplayTheSpireMod:Limb From Limb","RitualDagger","infinitespire:OneForAll"],"relics":["Sizzling Blood","infinitespire:Magic Flask","infinitespire:Cubic Diamond","Replay:Bottled Snecko","Boot","Bag of Marbles","ReplayTheSpireMod:SealedPack","Champion Belt","Golden Egg","Nunchaku","infinitespire:WardingShard","Mirror"],"acts_visited":["Exordium","TheCity"],"potions_floor_usage":[22,23,23,29,29],"damage_taken":[{"damage":1,"enemies":"Cultist","floor":1,"turns":3},{"damage":7,"enemies":"2 Louse","floor":2,"turns":3},{"damage":5,"enemies":"Small Slimes","floor":3,"turns":3},{"damage":11,"enemies":"Red Slaver","floor":5,"turns":6},{"damage":16,"enemies":"3 Sentries","floor":6,"turns":6},{"damage":18,"enemies":"2 Fungi Beasts","floor":7,"turns":3},{"damage":16,"enemies":"Gremlin Nob","floor":11,"turns":3},{"damage":19,"enemies":"Looter","floor":12,"turns":4},{"damage":36,"enemies":"Fading Forest","floor":16,"turns":11},{"damage":21,"enemies":"Chosen","floor":18,"turns":2},{"damage":28,"enemies":"Spheric Guardian","floor":22,"turns":4},{"damage":36,"enemies":"Book of Stabbing","floor":23,"turns":4},{"damage":8,"enemies":"Snake Plant","floor":25,"turns":1},{"damage":29,"enemies":"Gremlin Leader","floor":29,"turns":4},{"damage":17,"enemies":"Snecko","floor":30,"turns":2},{"damage":30,"enemies":"Nightmare","floor":31,"turns":3}],"seed_played":"-1466228717662214000","potions_obtained":[{"floor":1,"key":"Adrenaline Potion"},{"floor":2,"key":"Adrenaline Potion"},{"floor":11,"key":"SneckoOil"},{"floor":16,"key":"BloodPotion"},{"floor":22,"key":"Fruit Juice"},{"floor":23,"key":"Ancient Potion"},{"floor":25,"key":"Swift Potion"},{"floor":28,"key":"Regen Potion"},{"floor":28,"key":"FairyPotion"},{"floor":28,"key":"FearPotion"}],"is_trial":false,"path_per_floor":["M","M","M","$","M","E","M","R","T","R","E","M","R","$","R","B",null,"M","?","$","T","M","E","R","M","T","?","?","E","M","NM"],"character_chosen":"IRONCLAD","items_purchased":["infinitespire:Magic Flask","Offering","Rupture"],"campfire_rested":4,"item_purchase_floors":[0,4,4],"current_hp_per_floor":[70,67,66,66,59,47,33,57,57,80,68,53,77,77,77,55,80,63,43,43,43,24,15,40,36,36,30,30,14,26,0,0],"gold":271,"neow_bonus":"","is_daily":false,"chose_seed":false,"campfire_upgraded":5,"win_rate":0.0,"timestamp":1612064931,"path_taken":["M","M","M","$","?","E","M","R","T","R","E","M","R","$","R","BOSS","M","?","$","?","?","E","R","M","T","?","?","E","M","NM"],"items_purchased_type":["Relic","Card","Card"],"build_version":"2020-12-22","purchased_purges":2,"victory":false,"max_hp_per_floor":[80,80,80,80,80,80,80,80,80,80,80,80,80,80,80,80,80,80,80,80,80,85,85,85,85,85,85,85,85,85,85,85],"card_choices":[{"not_picked":["Armaments","Iron Wave","Twin Strike"],"picked":"SKIP","floor":1},{"not_picked":["Run Through","Clothesline"],"picked":"Fire Breathing","floor":2},{"not_picked":["Searing Blow","Defy Death"],"picked":"Feel No Pain","floor":3},{"not_picked":["Sword Boomerang","Sentinel"],"picked":"Clothesline","floor":5},{"not_picked":["Burning Pact","Feel No Pain"],"picked":"Offering","floor":6},{"not_picked":["Clothesline","Perfected Strike"],"picked":"Fire Breathing","floor":7},{"not_picked":["Feel No Pain","Flex"],"picked":"Bloodletting","floor":11},{"not_picked":["Uppercut","Replay:Undeath\u0027s Touch"],"picked":"Hemokinesis","floor":12},{"not_picked":["Demon Form","Corruption"],"picked":"Offering","floor":16},{"not_picked":["Brutality","Demonic Infusion"],"picked":"Reaper","floor":17},{"not_picked":["infinitespire:SealOfDarkness+","infinitespire:Execution"],"picked":"infinitespire:DeathsTouch","floor":17},{"not_picked":["Warcry+1","Armaments"],"picked":"Evolve","floor":18},{"not_picked":["Searing Blow","Thunderclap","Whirlwind"],"picked":"SKIP","floor":22},{"not_picked":["Pommel Strike","ReplayReversal"],"picked":"ReplayTheSpireMod:Strike From Hell+1","floor":23},{"not_picked":["Replay:Undeath\u0027s Touch+1","Dual Wield"],"picked":"ReplayTheSpireMod:Limb From Limb","floor":25},{"not_picked":["Armaments","Blood for Blood","Power Through"],"picked":"SKIP","floor":29},{"not_picked":["Dual Wield","Havoc"],"picked":"infinitespire:OneForAll","floor":30}],"player_experience":317033,"relics_obtained":[{"floor":6,"key":"Replay:Bottled Snecko"},{"floor":9,"key":"Boot"},{"floor":11,"key":"Bag of Marbles"},{"floor":19,"key":"Champion Belt"},{"floor":21,"key":"Golden Egg"},{"floor":23,"key":"Nunchaku"},{"floor":26,"key":"infinitespire:WardingShard"},{"floor":29,"key":"Mirror"}],"event_choices":[{"damage_healed":0,"gold_gain":0,"player_choice":"Joined the Cult","damage_taken":6,"max_hp_gain":0,"max_hp_loss":0,"event_name":"Nest","floor":27,"gold_loss":0,"cards_obtained":["RitualDagger"]},{"damage_healed":0,"gold_gain":0,"player_choice":"Got Potions","damage_taken":0,"max_hp_gain":0,"max_hp_loss":0,"event_name":"Lab","floor":28,"gold_loss":0}],"is_beta":false,"boss_relics":[{"not_picked":["Painkiller Herb","Runic Cube"],"picked":"ReplayTheSpireMod:SealedPack"}],"items_purged_floors":[14,20],"is_endless":false,"potions_floor_spawned":[1,2,11,16,22,23,25],"killed_by":"Nightmare","ascension_level":0}}