{"host":"pgm1p3lvdjflie30","time":1612109612,"event":{"mods":["ATMod(阿瑾Mod)","AchievementEnabler","Alarm Clock","Aspiration","Astrologer","Bard","BaseMod","Colored Map","Colored Powertips","Conspire","Dark Map","Dota2Spire","Downfall","Energized Spire","GungeonMod","Highlight Path","Hunter ?人","LagranYue(拉格朗·月)","Mari Mod (Legacy)","Mari\u0027s V1 Patch","Minty Spire (QoL Compilation)","MostiFishMod","Nova Terra(?娃·泰拉)","Quarter Circle Forward PUNCH!","Quick Restart","Relic Stats","Reliquary","Replay The Spire","SOS（斯巴?之子）","Spicy Shops","StSLib","TestMod","The Blackbeard","The Bladedancer","The Bug Knight","The Cursed","The Dragon Tamer","The Hayseed","The Hierophant","The IronCluck","The Jungle","The Mystic","The Runesmith","The Saiyan","The Showman","TheHeartMod","TheWitcher","Waifu the Spire","【?物卡牌】REMEMod","篝火指南"],"gold_per_floor":[113,129,129,190,209,209,209,209],"floor_reached":6,"language":"ZHS","playtime":201,"items_purged":[],"score":36,"play_id":"a941adc3-782d-4d30-8463-20c5332da02f","local_time":"20210201001332","is_ascension_mode":false,"campfire_choices":[],"circlet_count":0,"master_deck":["blackbeard:BlackbeardStrike","blackbeard:BlackbeardStrike","blackbeard:BlackbeardStrike","blackbeard:BlackbeardStrike","blackbeard:IntimidatingStrike","blackbeard:BlackbeardDefend","blackbeard:BlackbeardDefend","blackbeard:BlackbeardDefend","blackbeard:BlackbeardDefend","blackbeard:Cutlass","blackbeard:PirateHook","blackbeard:Sword","blackbeard:Shrapnel","blackbeard:Recklessness"],"relics":["blackbeard:LoadTheCannons","AT_ATBox","REME_ComplimentaryCards","DaveBox","testmod-TestBox","LagranYue:RandomDrawCardRelic","ShadowXiaoBlade","testmod-FatalChain","NeowsBlessing","DemoMod:GlassGuonStoneRelic","SynthV:TestCard","Blue Candle","Gremlin Food"],"acts_visited":["Exordium"],"potions_floor_usage":[6],"damage_taken":[{"damage":0,"enemies":"2 Louse","floor":1,"turns":1},{"damage":0,"enemies":"Small Slimes","floor":2,"turns":1},{"damage":0,"enemies":"Jaw Worm","floor":5,"turns":1},{"damage":0,"enemies":"3 Sentries","floor":6,"turns":1}],"seed_played":"1077463603362362765","potions_obtained":[{"floor":1,"key":"Guardian:BlockOnCardUsePotion"},{"floor":2,"key":"testmod-TestPotion"},{"floor":4,"key":"SkillPotion"},{"floor":4,"key":"BlessingOfTheForge"}],"is_trial":false,"path_per_floor":["M","M","?","?","M","E"],"character_chosen":"BLACKBEARD_CLASS","items_purchased":[],"campfire_rested":0,"item_purchase_floors":[],"current_hp_per_floor":[75,75,70,40,40,40,40,40],"gold":209,"neow_bonus":"THREE_ENEMY_KILL","is_daily":false,"chose_seed":false,"campfire_upgraded":0,"win_rate":0.0,"timestamp":1612109612,"path_taken":["M","M","?","?","M","E"],"items_purchased_type":[],"build_version":"2020-12-22","purchased_purges":0,"victory":false,"max_hp_per_floor":[75,75,75,75,75,75,75,75],"relic_stats":{"counters":[4,4],"Blue Candle":[0],"obtain_stats":[{"Gremlin Food":4,"AT_ATBox":0,"testmod-TestBox":0,"DaveBox":0,"LagranYue:RandomDrawCardRelic":0,"NeowsBlessing":0,"blackbeard:LoadTheCannons":0,"testmod-FatalChain":0,"Blue Candle":3,"ShadowXiaoBlade":0,"DemoMod:GlassGuonStoneRelic":1,"SynthV:TestCard":1,"REME_ComplimentaryCards":0},{"Gremlin Food":2,"AT_ATBox":0,"testmod-TestBox":0,"DaveBox":0,"LagranYue:RandomDrawCardRelic":0,"NeowsBlessing":0,"blackbeard:LoadTheCannons":0,"testmod-FatalChain":0,"Blue Candle":2,"ShadowXiaoBlade":0,"DemoMod:GlassGuonStoneRelic":1,"SynthV:TestCard":1,"REME_ComplimentaryCards":0},{"Gremlin Food":2,"AT_ATBox":0,"testmod-TestBox":0,"DaveBox":0,"LagranYue:RandomDrawCardRelic":0,"NeowsBlessing":0,"blackbeard:LoadTheCannons":0,"testmod-FatalChain":0,"Blue Candle":2,"ShadowXiaoBlade":0,"DemoMod:GlassGuonStoneRelic":1,"SynthV:TestCard":1,"REME_ComplimentaryCards":0}]},"card_choices":[{"not_picked":["blackbeard:FieryDefense","blackbeard:Provisioning"],"picked":"blackbeard:PirateHook","floor":1},{"not_picked":["blackbeard:TacticalRetreat","blackbeard:GoldenDefense","blackbeard:Rum","blackbeard:SwordDance"],"picked":"blackbeard:Sword","floor":2},{"not_picked":["blackbeard:GoldenDefense","blackbeard:BlindAttacks","blackbeard:ChaoticDefense","blackbeard:BuriedTreasure"],"picked":"blackbeard:Shrapnel","floor":4},{"not_picked":["blackbeard:Rum","blackbeard:WoodenLeg","blackbeard:JollyRoger","blackbeard:GoldenDefense"],"picked":"blackbeard:Recklessness","floor":5}],"player_experience":302530,"relics_obtained":[{"floor":1,"key":"SynthV:TestCard"},{"floor":4,"key":"Gremlin Food"}],"event_choices":[],"is_beta":false,"boss_relics":[],"items_purged_floors":[],"is_endless":false,"potions_floor_spawned":[1,2],"killed_by":"3 Sentries","ascension_level":0}}