{"host":"cbu6enf2xtq4r7r3","time":1612051303,"event":{"mods":["2.2 Compatiblity","AlwaysNeverKeys","BaseMod","Better Match","Better Note","Better Sensory Stone","Better Skull","Better Third Choice","Colored Map","Colored Powertips","Defuse TimeMaze Blight","Emptier Cage","Minty Spire (QoL Compilation)","Permanent Neow","Quick Restart","Random Character Button","Relic Sorter","Reorder Act Four","Shop Mod","StSLib"],"gold_per_floor":[117,33,51,65,82,82,112,125,195,120,120,153,153,184,184,287,287,267,267,11,61,111,111,233,250,250,250,310,310,345,395,395,495,495,508,521,3,0,50,50,76,76,76,126,138,138,167,227,227,227,227],"floor_reached":50,"language":"ENG","playtime":1604,"items_purged":["Strike_G","Strike_G"],"score":863,"play_id":"373e825e-b1ac-4476-a6b5-d23a81e99622","local_time":"20210131010143","is_ascension_mode":true,"campfire_choices":[{"data":"Noxious Fumes","floor":6,"key":"SMITH"},{"data":"Footwork","floor":11,"key":"SMITH"},{"data":"Neutralize","floor":13,"key":"SMITH"},{"floor":15,"key":"DIG"},{"data":"Glass Knife","floor":23,"key":"SMITH"},{"floor":27,"key":"DIG"},{"floor":29,"key":"DIG"},{"floor":32,"key":"DIG"},{"floor":40,"key":"DIG"},{"floor":42,"key":"DIG"},{"floor":46,"key":"DIG"},{"floor":49,"key":"DIG"}],"circlet_count":0,"master_deck":["Strike_G","Strike_G","Defend_G","Defend_G","Defend_G","Defend_G","Defend_G","Survivor","Neutralize+1","Unload","Noxious Fumes+1","Flying Knee","Poisoned Stab","Poisoned Stab","Footwork+1","Noxious Fumes+1","Glass Knife+1","Backflip","Necronomicurse","Backflip","Dodge and Roll","Wraith Form v2+1","Caltrops+1","Predator+1","Catalyst","Finesse","After Image+1","Concentrate","Eviscerate+1"],"relics":["Ring of the Serpent","Bag of Marbles","Shovel","Frozen Egg 2","Tiny Chest","Vajra","Unceasing Top","SsserpentHead","Eternal Feather","Necronomicon","Gremlin Horn","Sundial","Regal Pillow","StoneCalendar","Du-Vu Doll","Akabeko","Snecko Eye","Ornamental Fan","Red Mask","Blue Candle","Bottled Tornado","Thread and Needle","Bronze Scales","Darkstone Periapt","Bottled Lightning","StrikeDummy","Kunai"],"acts_visited":["Exordium","TheCity","TheBeyond"],"potions_floor_usage":[5,18,28,30,30,50,50],"damage_taken":[{"damage":1,"enemies":"Jaw Worm","floor":1,"turns":3},{"damage":0,"enemies":"Cultist","floor":3,"turns":3},{"damage":0,"enemies":"Small Slimes","floor":4,"turns":2},{"damage":0,"enemies":"2 Fungi Beasts","floor":5,"turns":3},{"damage":2,"enemies":"Gremlin Nob","floor":7,"turns":3},{"damage":1,"enemies":"Looter","floor":8,"turns":4},{"damage":10,"enemies":"Lagavulin","floor":12,"turns":6},{"damage":14,"enemies":"3 Sentries","floor":14,"turns":5},{"damage":8,"enemies":"The Guardian","floor":16,"turns":8},{"damage":19,"enemies":"2 Thieves","floor":18,"turns":4},{"damage":0,"enemies":"Chosen","floor":25,"turns":3},{"damage":4,"enemies":"Sentry and Sphere","floor":28,"turns":6},{"damage":30,"enemies":"Book of Stabbing","floor":30,"turns":5},{"damage":76,"enemies":"Automaton","floor":33,"turns":10},{"damage":0,"enemies":"3 Darklings","floor":35,"turns":1},{"damage":2,"enemies":"Orb Walker","floor":36,"turns":3},{"damage":29,"enemies":"Reptomancer","floor":41,"turns":7},{"damage":0,"enemies":"Jaw Worm Horde","floor":45,"turns":3},{"damage":0,"enemies":"Giant Head","floor":47,"turns":4},{"damage":0,"enemies":"3 Darklings","floor":48,"turns":1},{"damage":81,"enemies":"Donu and Deca","floor":50,"turns":6}],"seed_played":"8722086144009251822","potions_obtained":[{"floor":3,"key":"BlessingOfTheForge"},{"floor":5,"key":"FairyPotion"},{"floor":14,"key":"Strength Potion"},{"floor":16,"key":"Dexterity Potion"},{"floor":25,"key":"SpeedPotion"},{"floor":28,"key":"Fire Potion"},{"floor":30,"key":"FairyPotion"},{"floor":36,"key":"Poison Potion"},{"floor":45,"key":"DistilledChaos"}],"is_trial":false,"path_per_floor":["M","?","M","M","M","R","E","M","T","$","R","E","R","E","R","B",null,"M","?","$","?","?","R","T","M","T","R","M","R","E","?","R","B",null,"M","M","$","?","T","R","E","R","T","?","M","R","E","M","R","B"],"character_chosen":"THE_SILENT","items_purchased":["Eternal Feather","Catalyst","Finesse","Ornamental Fan"],"campfire_rested":0,"item_purchase_floors":[20,37,37,37],"current_hp_per_floor":[62,62,62,62,62,62,60,59,59,59,59,49,49,35,35,27,54,35,35,35,35,19,31,31,31,31,43,39,51,21,21,33,18,52,52,50,50,50,50,63,34,49,49,49,49,63,63,63,63,0,0],"gold":227,"neow_bonus":"THREE_RARE_CARDS","is_daily":false,"chose_seed":false,"campfire_upgraded":4,"win_rate":0.0,"timestamp":1612051303,"path_taken":["M","?","M","M","M","R","E","M","T","?","R","E","R","E","R","BOSS","M","?","$","?","?","R","?","M","T","R","?","R","E","?","R","BOSS","M","M","$","?","?","R","E","R","T","?","M","R","E","?","R","BOSS"],"items_purchased_type":["Relic","Card","Card","Relic"],"build_version":"2020-12-22","purchased_purges":2,"victory":false,"max_hp_per_floor":[63,63,63,63,63,63,63,63,63,63,63,63,63,63,63,63,63,63,63,63,63,63,63,63,63,63,63,63,63,63,63,63,63,63,63,63,63,63,63,63,63,63,63,63,63,63,63,63,63,63,63],"card_choices":[{"not_picked":["Venomology","Wraith Form v2"],"picked":"Unload","floor":0},{"not_picked":["Acrobatics","Dagger Spray"],"picked":"Noxious Fumes","floor":1},{"not_picked":["Outmaneuver","Storm of Steel"],"picked":"Flying Knee","floor":3},{"not_picked":["Backflip","Deflect"],"picked":"Poisoned Stab","floor":4},{"not_picked":["Quick Slash","Heel Hook"],"picked":"Poisoned Stab","floor":5},{"not_picked":["Masterful Stab","Unload"],"picked":"Footwork","floor":7},{"not_picked":["Blade Dance","Prepared","Poisoned Stab"],"picked":"SKIP","floor":8},{"not_picked":["Quick Slash","Backflip"],"picked":"Noxious Fumes+1","floor":12},{"not_picked":["Slice","Poisoned Stab","Eviscerate"],"picked":"SKIP","floor":14},{"not_picked":["Storm of Steel","Bullet Time"],"picked":"Glass Knife","floor":16},{"not_picked":["Deflect","Sucker Punch"],"picked":"Backflip","floor":18},{"not_picked":["Slice","Dagger Spray"],"picked":"Backflip","floor":25},{"not_picked":["Deadly Poison","Setup","Tools of the Trade+1"],"picked":"SKIP","floor":28},{"not_picked":["Prepared+1","Well Laid Plans+1"],"picked":"Dodge and Roll","floor":30},{"not_picked":["Grand Finale","Storm of Steel"],"picked":"Wraith Form v2+1","floor":33},{"not_picked":["Slice","Backstab"],"picked":"Caltrops+1","floor":35},{"not_picked":["Quick Slash+1","Noxious Fumes+1"],"picked":"Predator+1","floor":36},{"not_picked":["Dagger Spray","Bane"],"picked":"After Image+1","floor":41},{"not_picked":["Accuracy+1","Distraction"],"picked":"Eviscerate+1","floor":45},{"not_picked":["Dagger Spray+1","PiercingWail+1","Deadly Poison"],"picked":"SKIP","floor":47},{"not_picked":["Dodge and Roll","Well Laid Plans+1","Terror+1"],"picked":"SKIP","floor":48}],"player_experience":117271,"relics_obtained":[{"floor":7,"key":"Shovel"},{"floor":9,"key":"Frozen Egg 2"},{"floor":12,"key":"Tiny Chest"},{"floor":14,"key":"Vajra"},{"floor":15,"key":"Unceasing Top"},{"floor":22,"key":"Necronomicon"},{"floor":24,"key":"Gremlin Horn"},{"floor":26,"key":"Sundial"},{"floor":27,"key":"Regal Pillow"},{"floor":29,"key":"StoneCalendar"},{"floor":30,"key":"Du-Vu Doll"},{"floor":32,"key":"Akabeko"},{"floor":39,"key":"Blue Candle"},{"floor":40,"key":"Bottled Tornado"},{"floor":41,"key":"Thread and Needle"},{"floor":42,"key":"Bronze Scales"},{"floor":43,"key":"Darkstone Periapt"},{"floor":46,"key":"Bottled Lightning"},{"floor":47,"key":"StrikeDummy"},{"floor":49,"key":"Kunai"}],"event_choices":[{"damage_healed":0,"gold_gain":0,"player_choice":"Paid Gold","damage_taken":0,"relics_obtained":["Bag of Marbles"],"max_hp_gain":0,"max_hp_loss":0,"event_name":"WeMeetAgain","floor":2,"gold_loss":84},{"damage_healed":0,"gold_gain":0,"player_choice":"Trade","damage_taken":0,"relics_obtained":["SsserpentHead"],"max_hp_gain":0,"max_hp_loss":0,"event_name":"FaceTrader","floor":19,"gold_loss":0},{"damage_healed":0,"gold_gain":0,"player_choice":"Ignored","damage_taken":0,"max_hp_gain":0,"max_hp_loss":0,"event_name":"betterNote:BetterNote","floor":21,"gold_loss":0,"cards_obtained":["Armaments"]},{"damage_healed":0,"gold_gain":0,"player_choice":"Obtained Book","damage_taken":16,"max_hp_gain":0,"max_hp_loss":0,"event_name":"Cursed Tome","floor":22,"gold_loss":0},{"damage_healed":0,"gold_gain":0,"player_choice":"Ignored","damage_taken":0,"max_hp_gain":0,"max_hp_loss":0,"event_name":"Ghosts","floor":31,"gold_loss":0},{"damage_healed":0,"gold_gain":0,"player_choice":"Paid","damage_taken":0,"relics_obtained":["Red Mask"],"max_hp_gain":0,"max_hp_loss":0,"event_name":"Tomb of Lord Red Mask","floor":38,"gold_loss":53},{"damage_healed":0,"gold_gain":0,"cards_transformed":["Strike_G"],"player_choice":"Transformed","damage_taken":0,"max_hp_gain":0,"max_hp_loss":0,"event_name":"Transmorgrifier","floor":44,"gold_loss":0,"cards_obtained":["Concentrate"]}],"is_beta":false,"boss_relics":[{"not_picked":["Pandora\u0027s Box","Calling Bell"],"picked":"Ring of the Serpent"},{"not_picked":["Empty Cage","Cursed Key"],"picked":"Snecko Eye"}],"items_purged_floors":[10,37],"is_endless":false,"potions_floor_spawned":[3,5,14,16,25,28,30,36,45],"killed_by":"Donu and Deca","ascension_level":7}}