{"host":"qmnyg5dk1o6rw6mz","time":1612092497,"event":{"mods":["100% Spire Juice","2.2 Compatiblity","AchievementEnabler","Act Like it!","Aspiration","Astrologer","BaseMod","Beaked The Cultist","Better Altar","Better Match","Better Note","Better Sensory Stone","Better Skull","Better Third Choice","Better Vampires","Block Reminder","CapriCore","Challenge The Spire","ChefMod","Colored Map","Colored Powertips","Conspire","Defuse TimeMaze Blight","Disable Question Mark Monsters","Displayed Cursed Tome","Downfall","Energized Spire","Fox Events","Gensokyo","GifTheSpireLib","Hermit","Highlight Path","HornydragonMod","Hubris","Infinite Spire","Jedi Mod","Koishi","KomeijiMod","Mari Mod (Legacy)","Mari\u0027s V1 Patch","Marisa¡]Ãú«B¡@Å]²z¨F¡^","Marked Mod","Minty Spire (QoL Compilation)","Monster B Gone","Pale of the Ancients","Permanent Neow","Prisma Mod","Quick Restart","Reimu¡]³Õ???¡^","Relic Filter","Reliquary","Replay The Spire","SIMod","StSLib","Synergy Search","The Alterego","The Bug Knight","The Construct","The Cursed","The Dragon Tamer","The Gatherer","The Hayseed","The Immortal","The Poker Player","The Problem Sleuth","The Runesmith","The Showman","Unceasing Turn Reminder","Wide Potions","Yuri Mod","thorton"],"gold_per_floor":[119,134,34,48,37,37,37,67,67,94,94,94,106,106,106,106,106,106],"floor_reached":16,"language":"ENG","playtime":573,"items_purged":["theSleuth:Strike"],"score":135,"play_id":"f203b7c0-3ff1-4a20-954e-ffb04c5f79fa","local_time":"20210131192817","is_ascension_mode":false,"campfire_choices":[{"data":"theSleuth:RetrieveArms","floor":6,"key":"SMITH"},{"data":"theSleuth:KeyHandgun","floor":12,"key":"SMITH"},{"data":"theSleuth:Tootshotgun","floor":15,"key":"SMITH"}],"circlet_count":0,"master_deck":["conspire:GhostlyStrike","conspire:GhostlyStrike","conspire:GhostlyStrike","conspire:GhostlyDefend","conspire:GhostlyDefend","conspire:GhostlyDefend","theSleuth:KeyHandgun+1","theSleuth:TakeInventory","theSleuth:Diplomacy+1","theSleuth:SnoopDoggBust","theSleuth:FlaskOfWhiskey","theSleuth:Tootshotgun+1","theSleuth:RetrieveArms+1","theSleuth:Parry","theSleuth:FlaskOfWhiskey","Regret","theSleuth:WilsonBust","theSleuth:OglogMRubbit"],"relics":["theSleuth:Typewriter","aspiration:FrozenJewel","The Courier","Mirror","infinitespire:Joker Card","hubris:DisguiseKit"],"acts_visited":["Exordium"],"potions_floor_usage":[8,10,13],"damage_taken":[{"damage":11,"enemies":"Jaw Worm","floor":1,"turns":4},{"damage":6,"enemies":"Small Slimes","floor":2,"turns":4},{"damage":1,"enemies":"2 Louse","floor":4,"turns":3},{"damage":6,"enemies":"Exordium Thugs","floor":5,"turns":4},{"damage":0,"enemies":"Gremlin Nob","floor":8,"turns":1},{"damage":8,"enemies":"Lagavulin","floor":10,"turns":7},{"damage":0,"enemies":"Red Slaver","floor":13,"turns":4},{"damage":19,"enemies":"Hexaghost","floor":16,"turns":4}],"seed_played":"-947969500530322242","potions_obtained":[{"floor":2,"key":"SmokeBomb"},{"floor":5,"key":"CultistPotion"},{"floor":10,"key":"SkillPotion"}],"is_trial":false,"path_per_floor":["M","M","$","M","M","R","?","E","T","E","?","R","M","?","R","B"],"character_chosen":"THE_sleuth","items_purchased":["theSleuth:FlaskOfWhiskey"],"campfire_rested":0,"item_purchase_floors":[3],"current_hp_per_floor":[62,56,56,55,49,49,49,49,49,41,41,41,41,41,41,22,22,22],"gold":106,"neow_bonus":"RANDOM_EVENT","is_daily":false,"chose_seed":false,"campfire_upgraded":3,"win_rate":0.0,"timestamp":1612092497,"path_taken":["M","M","$","M","M","R","?","E","T","E","?","R","M","?","R","BOSS"],"items_purchased_type":["Card"],"build_version":"2020-12-22","purchased_purges":1,"victory":false,"max_hp_per_floor":[73,73,73,73,73,73,73,73,73,73,73,73,73,73,73,73,73,73],"card_choices":[{"not_picked":["theSleuth:BellyOTheWhale","theSleuth:Ogle"],"picked":"theSleuth:SnoopDoggBust","floor":1},{"not_picked":["theSleuth:ThinkAhead","theSleuth:TruffleShuffle","theSleuth:CandyLeather"],"picked":"SKIP","floor":2},{"not_picked":["theSleuth:Deprogram","theSleuth:PezUzi"],"picked":"theSleuth:Tootshotgun","floor":4},{"not_picked":["theSleuth:Joust","theSleuth:Taze"],"picked":"theSleuth:RetrieveArms","floor":5},{"not_picked":["theSleuth:Distill","theSleuth:CandyCorn"],"picked":"theSleuth:Parry","floor":8},{"not_picked":["theSleuth:CandyMech","theSleuth:RetrieveArms"],"picked":"theSleuth:FlaskOfWhiskey","floor":10},{"not_picked":["theSleuth:Pepperminthryl","theSleuth:BellyOTheWhale"],"picked":"theSleuth:WilsonBust","floor":13}],"player_experience":256101,"relics_obtained":[{"floor":8,"key":"aspiration:FrozenJewel"},{"floor":9,"key":"The Courier"},{"floor":10,"key":"Mirror"}],"event_choices":[{"damage_healed":0,"gold_gain":0,"player_choice":"Agree","damage_taken":0,"max_hp_gain":0,"max_hp_loss":0,"event_name":"conspire:LoneGhost","floor":7,"gold_loss":0},{"damage_healed":0,"gold_gain":0,"player_choice":"Box","damage_taken":0,"relics_obtained":["infinitespire:Joker Card"],"max_hp_gain":0,"max_hp_loss":0,"event_name":"Big Fish","floor":11,"gold_loss":0,"cards_obtained":["Regret"]}],"is_beta":false,"boss_relics":[],"items_purged_floors":[3],"is_endless":false,"potions_floor_spawned":[2,5,10],"killed_by":"Hexaghost","ascension_level":0}}