{"host":"yx5rao87132cy5xq","time":1612132608,"event":{"mods":["2.2 Compatiblity","AchievementEnabler","BaseMod","Bestiary","Colored Map","Colored Powertips","Minty Spire (QoL Compilation)","Quick Restart","Relic Stats","Slay-I","SuperFastMode"],"gold_per_floor":[20,20,20,95,113,113,133,153,180,219,240,240,240,240],"floor_reached":13,"language":"ENG","playtime":823,"items_purged":[],"score":153,"play_id":"d6b92588-b283-4382-ac5e-465ccfa88345","local_time":"20210131233648","is_ascension_mode":true,"campfire_choices":[{"floor":6,"key":"REST"}],"circlet_count":0,"master_deck":["AscendersBane","Strike_R","Strike_R","Strike_R","Strike_R","Strike_R","Defend_R","Defend_R","Defend_R","Defend_R","Bash","Juggernaut","Body Slam","Shrug It Off","Ghostly Armor","Wild Strike","Cleave","Reckless Charge"],"relics":["Burning Blood","Golden Idol","Smiling Mask","Centennial Puzzle","White Beast Statue"],"acts_visited":["Exordium"],"potions_floor_usage":[8,11],"damage_taken":[{"damage":19,"enemies":"Jaw Worm","floor":1,"turns":4},{"damage":1,"enemies":"2 Louse","floor":5,"turns":3},{"damage":1,"enemies":"Small Slimes","floor":7,"turns":4},{"damage":9,"enemies":"Looter","floor":8,"turns":4},{"damage":39,"enemies":"Lagavulin","floor":10,"turns":9},{"damage":0,"enemies":"Lots of Slimes","floor":11,"turns":2},{"damage":8,"enemies":"Gremlin Nob","floor":13,"turns":3}],"seed_played":"-768627994020626933","potions_obtained":[{"floor":1,"key":"Explosive Potion"},{"floor":7,"key":"Explosive Potion"}],"is_trial":false,"path_per_floor":["M","?","?","?","M","R","M","M","T","E","M","T","E"],"character_chosen":"IRONCLAD","items_purchased":[],"campfire_rested":1,"item_purchase_floors":[],"current_hp_per_floor":[55,29,29,18,23,45,50,47,47,14,20,20,12,12],"gold":240,"neow_bonus":"THREE_RARE_CARDS","is_daily":false,"chose_seed":false,"campfire_upgraded":0,"win_rate":0.0,"timestamp":1612132608,"path_taken":["M","?","?","?","M","R","M","M","T","E","M","?","E"],"items_purchased_type":[],"build_version":"2020-12-22","purchased_purges":0,"victory":false,"max_hp_per_floor":[75,75,75,75,75,75,75,75,75,75,75,75,75,75],"relic_stats":{"Centennial Puzzle":[3],"counters":[7,29],"Golden Idol":24,"Smiling Mask":0,"obtain_stats":[{"Centennial Puzzle":10,"Golden Idol":2,"Smiling Mask":9,"Burning Blood":0,"White Beast Statue":12},{"Centennial Puzzle":5,"Golden Idol":1,"Smiling Mask":4,"Burning Blood":0,"White Beast Statue":6},{"Centennial Puzzle":24,"Golden Idol":4,"Smiling Mask":15,"Burning Blood":0,"White Beast Statue":26}],"Burning Blood":36},"card_choices":[{"not_picked":["Fiend Fire","Limit Break"],"picked":"Juggernaut","floor":0},{"not_picked":["Heavy Blade","Bloodletting"],"picked":"Body Slam","floor":1},{"not_picked":["Havoc","Cleave"],"picked":"Shrug It Off","floor":5},{"not_picked":["Evolve","Disarm"],"picked":"Ghostly Armor","floor":7},{"not_picked":["Shrug It Off","Clash"],"picked":"Wild Strike","floor":8},{"not_picked":["Warcry","Hemokinesis"],"picked":"Cleave","floor":10},{"not_picked":["Pommel Strike","Twin Strike"],"picked":"Reckless Charge","floor":11}],"player_experience":951104,"relics_obtained":[{"floor":9,"key":"Smiling Mask"},{"floor":10,"key":"Centennial Puzzle"},{"floor":12,"key":"White Beast Statue"}],"event_choices":[{"damage_healed":0,"gold_gain":0,"player_choice":"Take Damage","damage_taken":26,"relics_obtained":["Golden Idol"],"max_hp_gain":0,"max_hp_loss":0,"event_name":"Golden Idol","floor":2,"gold_loss":0},{"damage_healed":0,"gold_gain":0,"player_choice":"Ignored","damage_taken":0,"max_hp_gain":0,"max_hp_loss":0,"event_name":"Golden Wing","floor":3,"gold_loss":0},{"damage_healed":0,"gold_gain":75,"player_choice":"Gather Gold","damage_taken":11,"max_hp_gain":0,"max_hp_loss":0,"event_name":"World of Goop","floor":4,"gold_loss":0}],"is_beta":false,"boss_relics":[],"items_purged_floors":[],"is_endless":false,"potions_floor_spawned":[1,7],"killed_by":"Gremlin Nob","ascension_level":16}}