{"host":"takgv9cv6xf64vhq","time":1612129816,"event":{"mods":["BaseMod","Colored Powertips","Conspire","Decade(王小明)","Downfall","Energized Spire","Hermit","Hubris","LagranYue(拉格朗・月)","Marisa（F雨　魔理沙）","Minty Spire (QoL Compilation)","Replay The Spire","StSLib","The Cursed","The Hierophant","The Jungle","The Servant 0.9.4","TheHeartMod"],"gold_per_floor":[110,31,51,64,164,164,197,197,197,224,224,242,277,277,277,408,408,433,473,473,466,480,605,605,655,708,739,763,763,774,809,809,904,904,918,918,918,1140,159,186,186,217,217,235,282,302,302,321,321,321,321,321,12,42,42],"floor_reached":56,"language":"ZHS","playtime":6233,"items_purged":["Sickly","Injury","Delirium"],"score":2100,"play_id":"faaf965b-a1ce-45ba-8b16-6c2dd728b244","local_time":"20210201055016","is_ascension_mode":true,"campfire_choices":[{"data":"After Image","floor":6.0,"key":"SMITH"},{"data":"Fluid Movement","floor":8.0,"key":"SMITH"},{"floor":15.0,"key":"DIG"},{"data":"Injury","floor":32,"key":"PURGE"},{"floor":41,"key":"RECALL"},{"data":"Shame","floor":49,"key":"PURGE"}],"circlet_count":0,"master_deck":["Defend_G","Defend_G","Defend_G","Defend_G","Defend_G","Survivor","Neutralize","hubris:SlightOfHand","Fluid Movement+1","Acrobatics","PiercingWail","After Image+1","ReplayTheSpireMod:Faulty Equipment","Backflip","ReplayTheSpireMod:Splinters","Noxious Fumes","Calculated Gamble+1","ReplayTheSpireMod:Speed Training","Doppelganger+1","Infinite Blades+1","Deflect","Necronomicurse","Draining Mist","Riddle With Holes+1","Deflect","hubris:Despair","Bane","Dagger Throw","Poisoned Stab+1","Cloak And Dagger","Die Die Die","Clumsy","Hallucinations","Delirium","Pot Of Greed","Pot Of Greed","Pot Of Greed","Expertise+1","Pot Of Greed","Noxious Fumes","Mayhem","Blade Dance","Underhanded Strike+1","Fluid Movement","hubris:Sniper+1","Blade Dance","Quick Slash+1","Madness","Madness","Pot Of Greed","Deadly Poison+1","Footwork","Replay:BasicMightCard","Dash","Eviscerate"],"relics":["Busted Crown","downfall:ExtraCursedKey","Toy Ornithopter","Replay:Multitool","hubris:CrystalStatue","Bloody Idol","Pen Nib","hubris:Icosahedron","Bird Faced Urn","conspire:RunicOctahedron","Red Mask","Necronomicon","Slimebound:PreparedRelic","Replay:Kaleidoscope","Smiling Mask","ReplayFunnel","War Paint","Kintsugi","Ring of Misfortune","Grinning Jar","bronze:DonusWashers","Pear","hubris:TenFootPole","Thread and Needle","CatCart","hubris:Towel","champ:DuelingGlove"],"acts_visited":["Exordium","TheCity","TheBeyond","TheEnding"],"potions_floor_usage":[21,27,33,55,55],"damage_taken":[{"damage":0.0,"enemies":"Cultist","floor":1.0,"turns":4.0},{"damage":2.0,"enemies":"2 Louse","floor":3.0,"turns":4.0},{"damage":4.0,"enemies":"Jaw Worm","floor":4.0,"turns":6.0},{"damage":39.0,"enemies":"3 Sentries","floor":7.0,"turns":17.0},{"damage":3.0,"enemies":"Replay:BlueRogue","floor":10.0,"turns":17.0},{"damage":1.0,"enemies":"3 Louse","floor":12.0,"turns":5.0},{"damage":6.0,"enemies":"Lagavulin","floor":13.0,"turns":10.0},{"damage":17.0,"enemies":"The Guardian","floor":16.0,"turns":15.0},{"damage":4.0,"enemies":"conspire:FuzzyDice","floor":18.0,"turns":9.0},{"damage":28.0,"enemies":"Masked Bandits","floor":19.0,"turns":7.0},{"damage":6,"enemies":"2 Thieves","floor":21,"turns":4},{"damage":2,"enemies":"Snake Plant","floor":22,"turns":9},{"damage":17,"enemies":"Colosseum Slavers","floor":23,"turns":6},{"damage":24,"enemies":"Colosseum Nobs","floor":23,"turns":5},{"damage":4,"enemies":"Slavers","floor":27,"turns":5},{"damage":2,"enemies":"conspire:HollyBat","floor":28,"turns":9},{"damage":0,"enemies":"Centurion and Healer","floor":30,"turns":8},{"damage":3,"enemies":"Replay:Snechameleon","floor":31,"turns":6},{"damage":36,"enemies":"Automaton","floor":33,"turns":10},{"damage":0,"enemies":"3 Darklings","floor":35,"turns":8},{"damage":0,"enemies":"Giant Head","floor":40,"turns":6},{"damage":0,"enemies":"R_Hoarder","floor":42,"turns":5},{"damage":0,"enemies":"Orb Walker","floor":44,"turns":2},{"damage":0,"enemies":"Orin","floor":45,"turns":8},{"damage":0,"enemies":"4 Shapes","floor":46,"turns":5},{"damage":0,"enemies":"Writhing Mass","floor":48,"turns":4},{"damage":0,"enemies":"Donu and Deca","floor":50,"turns":7},{"damage":0,"enemies":"Shield and Spear","floor":54,"turns":4},{"damage":24,"enemies":"The Heart","floor":55,"turns":7}],"seed_played":"-2305171557335454681","potions_obtained":[{"floor":7.0,"key":"Slimebound:ThreeZeroPotion"},{"floor":12.0,"key":"FearPotion"},{"floor":13.0,"key":"Venom Potion"},{"floor":16.0,"key":"Weak Potion"},{"floor":19.0,"key":"Reflective Coating"},{"floor":23,"key":"Cursed Concoction"},{"floor":27,"key":"SpeedPotion"},{"floor":31,"key":"Energy Potion"},{"floor":45,"key":"SpeedPotion"},{"floor":46,"key":"GamblersBrew"},{"floor":48,"key":"Elixir"}],"is_trial":false,"path_per_floor":["M","$","M","M","?","R","E","R","T","E","?","M","E","?","R","B",null,"M","?","?","M","M","R","$","?","T","E","M","?","M","E","R","B",null,"M","?","?","?","$","E","R","E","T","M","R","M","?","M","R","B",null,"R","$","E","B",null],"character_chosen":"THE_SILENT","items_purchased":["Fluid Movement","Grinning Jar","bronze:DonusWashers","Pear","Expertise+1","Noxious Fumes","Mayhem","Blade Dance","Footwork","Replay:BasicMightCard","Dash","Eviscerate"],"campfire_rested":0,"item_purchase_floors":[2,39,39,39,39,39,39,39,53,53,53,53],"current_hp_per_floor":[63,63,61,57,57,57,18,18,18,15,15,19,18,18,18,12,52,54,37,21,28,34,7,2,2,2,11,17,17,28,38,38,20,54,65,65,65,65,75,75,75,75,75,75,75,75,71,75,75,75,75,75,75,75,58],"gold":42,"neow_bonus":"BOSS_RELIC","is_daily":false,"chose_seed":false,"campfire_upgraded":2,"win_rate":0.0,"timestamp":1612129816,"path_taken":["M","?","M","?","?","R","E","R","T","E","?","M","E","?","R","BOSS","M","?","?","M","M","R","?","?","T","E","?","?","M","E","R","BOSS","M","?","?","?","$","E","R","E","T","M","R","?","?","M","R","BOSS","R","$","E","BOSS"],"items_purchased_type":["Card","Relic","Relic","Relic","Card","Card","Card","Card","Card","Card","Card","Card"],"build_version":"2020-12-22","purchased_purges":3,"victory":true,"max_hp_per_floor":[70,70,70,70,70,70,70,70,70,70,65,65,65,65,65,65,65,65,65,65,65,65,65,65,65,65,65,65,65,65,65,65,65,65,65,65,65,65,75,75,75,75,75,75,75,75,75,75,75,75,75,75,75,75,75],"card_choices":[{"not_picked":[],"picked":"hubris:SlightOfHand","floor":1.0},{"not_picked":[],"picked":"Acrobatics","floor":3.0},{"not_picked":[],"picked":"PiercingWail","floor":4.0},{"not_picked":[],"picked":"Backflip","floor":7.0},{"not_picked":[],"picked":"Noxious Fumes","floor":10.0},{"not_picked":[],"picked":"Calculated Gamble","floor":12.0},{"not_picked":[],"picked":"ReplayTheSpireMod:Speed Training","floor":13.0},{"not_picked":[],"picked":"Doppelganger","floor":16.0},{"not_picked":[],"picked":"Infinite Blades","floor":18.0},{"not_picked":[],"picked":"Deflect","floor":19.0},{"not_picked":[],"picked":"Draining Mist","floor":21},{"not_picked":[],"picked":"Riddle With Holes+1","floor":22},{"not_picked":[],"picked":"Deflect","floor":23},{"not_picked":[],"picked":"Bane","floor":27},{"not_picked":[],"picked":"Dagger Throw","floor":28},{"not_picked":[],"picked":"Poisoned Stab+1","floor":30},{"not_picked":[],"picked":"Cloak And Dagger","floor":31},{"not_picked":[],"picked":"Die Die Die","floor":33},{"not_picked":["Poisoned Stab+1"],"picked":"SKIP","floor":35},{"not_picked":[],"picked":"Underhanded Strike+1","floor":40},{"not_picked":[],"picked":"Fluid Movement","floor":42},{"not_picked":[],"picked":"hubris:Sniper+1","floor":44},{"not_picked":[],"picked":"Blade Dance","floor":45},{"not_picked":[],"picked":"Quick Slash+1","floor":46},{"not_picked":[],"picked":"Deadly Poison+1","floor":48},{"not_picked":["Toxin Wave"],"picked":"SKIP","floor":54}],"player_experience":286340,"relics_obtained":[{"floor":7.0,"key":"Toy Ornithopter"},{"floor":9.0,"key":"Replay:Multitool"},{"floor":10.0,"key":"hubris:CrystalStatue"},{"floor":13.0,"key":"Pen Nib"},{"floor":15.0,"key":"Bird Faced Urn"},{"floor":19.0,"key":"Red Mask"},{"floor":20.0,"key":"Necronomicon"},{"floor":23,"key":"Slimebound:PreparedRelic"},{"floor":23,"key":"Replay:Kaleidoscope"},{"floor":26,"key":"Smiling Mask"},{"floor":27,"key":"ReplayFunnel"},{"floor":31,"key":"War Paint"},{"floor":36,"key":"Ring of Misfortune"},{"floor":40,"key":"hubris:TenFootPole"},{"floor":42,"key":"Thread and Needle"},{"floor":45,"key":"CatCart"},{"floor":54,"key":"champ:DuelingGlove"}],"event_choices":[{"damage_healed":0.0,"max_hp_gain":0.0,"max_hp_loss":5.0,"gold_gain":0.0,"event_name":"Golden Idol","player_choice":"Lose Max HP","floor":11.0,"gold_loss":0.0,"damage_taken":0.0,"relics_obtained":["Golden Idol"]},{"damage_healed":0.0,"max_hp_gain":0.0,"max_hp_loss":0.0,"gold_gain":0.0,"event_name":"Masked Bandits","player_choice":"Fought Bandits","floor":19.0,"gold_loss":0.0,"damage_taken":0.0},{"damage_healed":0.0,"max_hp_gain":0.0,"max_hp_loss":0.0,"gold_gain":0.0,"event_name":"Cursed Tome","player_choice":"Obtained Book","floor":20.0,"gold_loss":0.0,"damage_taken":16.0},{"damage_healed":0,"gold_gain":0,"player_choice":"Fight","damage_taken":0,"max_hp_gain":0,"max_hp_loss":0,"event_name":"Colosseum","floor":23,"gold_loss":0},{"damage_healed":0,"gold_gain":0,"player_choice":"Fought Nobs","damage_taken":0,"max_hp_gain":0,"max_hp_loss":0,"event_name":"Colosseum","floor":23,"gold_loss":0},{"damage_healed":0,"gold_gain":100,"player_choice":"Bet on Murderer","damage_taken":0,"max_hp_gain":0,"max_hp_loss":0,"event_name":"The Joust","floor":25,"gold_loss":50},{"damage_healed":0,"gold_gain":0,"player_choice":"Gave Idol","damage_taken":0,"relics_obtained":["Bloody Idol"],"max_hp_gain":0,"max_hp_loss":0,"event_name":"Forgotten Altar","floor":29,"relics_lost":["Golden Idol"],"gold_loss":0},{"damage_healed":0,"gold_gain":222,"player_choice":"Wore Mask","damage_taken":0,"max_hp_gain":0,"max_hp_loss":0,"event_name":"Tomb of Lord Red Mask","floor":38,"gold_loss":0},{"damage_healed":0,"gold_gain":0,"player_choice":"Fight","damage_taken":0,"max_hp_gain":0,"max_hp_loss":0,"event_name":"OrinTheCat","floor":45,"gold_loss":0},{"damage_healed":0,"gold_gain":0,"player_choice":"Embrace Madness","damage_taken":9,"max_hp_gain":0,"max_hp_loss":0,"event_name":"Winding Halls","floor":47,"gold_loss":0,"cards_obtained":["Madness","Madness"]}],"is_beta":false,"boss_relics":[{"not_picked":["ReplayTheSpireMod:DimensionalGlitch","Replay:Grab Bag"],"picked":"conspire:RunicOctahedron"},{"not_picked":["Replay:Fungal Core","conspire:SeveredTorchhead"],"picked":"Kintsugi"}],"items_purged_floors":[24,39,53],"is_endless":false,"potions_floor_spawned":[7,12,13,16,19,23,27,31,45,46,48],"ascension_level":9}}