{"host":"d9m9v0h6vo0edadb","time":1612082423,"event":{"mods":["BaseMod","Hermit","Keyboard Shortcuts","Minty Spire (QoL Compilation)","StSLib","SuperFastMode","The Cursed"],"gold_per_floor":[119,119,394,266,285,325,341,341,341,353,404,437,474,561,573,585,585],"floor_reached":16,"language":"KOR","playtime":166,"items_purged":["Regret"],"score":270,"play_id":"acbc0d5d-f85b-4460-89ed-10276f166d3e","local_time":"20210131174023","is_ascension_mode":true,"campfire_choices":[{"data":"Dagger Throw","floor":10,"key":"SMITH"},{"data":"Bouncing Flask","floor":15,"key":"SMITH"}],"circlet_count":0,"master_deck":["AscendersBane","Strike_G","Strike_G","Strike_G","Strike_G","Strike_G","Defend_G","Defend_G","Defend_G","Defend_G","Defend_G","Survivor","Neutralize","Well Laid Plans","Dagger Throw+1","Poisoned Stab","Dagger Spray","Prepared+1","Backflip","Bouncing Flask+1"],"relics":["Ring of the Snake","NeowsBlessing","Golden Idol","InkBottle","MawBank","Shuriken"],"acts_visited":["Exordium"],"potions_floor_usage":[11,16],"damage_taken":[{"damage":0.0,"enemies":"Jaw Worm","floor":1.0,"turns":1.0},{"damage":0.0,"enemies":"2 Louse","floor":5.0,"turns":1.0},{"damage":0.0,"enemies":"Lagavulin","floor":6.0,"turns":1.0},{"damage":0.0,"enemies":"Cultist","floor":7.0,"turns":3.0},{"damage":8,"enemies":"Gremlin Nob","floor":11,"turns":3},{"damage":0,"enemies":"2 Fungi Beasts","floor":12,"turns":3},{"damage":2,"enemies":"Red Slaver","floor":13,"turns":3},{"damage":54,"enemies":"Hexaghost","floor":16,"turns":9}],"seed_played":"-8059643902942462082","potions_obtained":[{"floor":1.0,"key":"BlessingOfTheForge"},{"floor":7.0,"key":"Regen Potion"}],"is_trial":false,"path_per_floor":["M","?","?","$","M","E","M","?","T","R","E","M","M","?","R","B"],"character_chosen":"THE_SILENT","items_purchased":["Dagger Throw"],"campfire_rested":0,"item_purchase_floors":[4],"current_hp_per_floor":[59,59,59,59,59,59,59,59,59,59,51,51,49,38,38,0,0],"gold":585,"neow_bonus":"THREE_ENEMY_KILL","is_daily":false,"chose_seed":false,"campfire_upgraded":2,"win_rate":0.0,"timestamp":1612082423,"path_taken":["M","?","?","$","M","E","?","?","T","R","E","M","?","?","R","BOSS"],"items_purchased_type":["Card"],"build_version":"2020-12-22","purchased_purges":1,"victory":false,"max_hp_per_floor":[66,60,60,60,60,60,60,60,60,60,60,60,60,60,60,60,60],"card_choices":[{"not_picked":["Heel Hook","Expertise"],"picked":"Well Laid Plans","floor":1.0},{"not_picked":["Deflect","Backflip"],"picked":"Poisoned Stab","floor":5.0},{"not_picked":["Outmaneuver","Sucker Punch"],"picked":"Dagger Spray","floor":6.0},{"not_picked":["Backstab","PiercingWail"],"picked":"Prepared","floor":7.0},{"not_picked":["Prepared","Deadly Poison"],"picked":"Backflip","floor":11},{"not_picked":["PiercingWail","Sucker Punch"],"picked":"Bouncing Flask","floor":12},{"not_picked":["Night Terror","Cloak And Dagger","Well Laid Plans"],"picked":"SKIP","floor":13}],"player_experience":1001774,"relics_obtained":[{"floor":6.0,"key":"InkBottle"},{"floor":9,"key":"MawBank"},{"floor":11,"key":"Shuriken"}],"event_choices":[{"damage_healed":0.0,"max_hp_gain":0.0,"max_hp_loss":6.0,"gold_gain":0.0,"event_name":"Golden Idol","player_choice":"Lose Max HP","floor":2.0,"gold_loss":0.0,"damage_taken":0.0,"relics_obtained":["Golden Idol"]},{"damage_healed":0.0,"max_hp_gain":0.0,"max_hp_loss":0.0,"gold_gain":275.0,"event_name":"Golden Shrine","player_choice":"Desecrate","floor":3.0,"gold_loss":0.0,"damage_taken":0.0,"cards_obtained":["Regret"]},{"damage_healed":0,"gold_gain":0,"player_choice":"Forge","damage_taken":0,"max_hp_gain":0,"max_hp_loss":0,"event_name":"Accursed Blacksmith","floor":8,"gold_loss":0,"cards_upgraded":["Prepared"]},{"damage_healed":0,"gold_gain":75,"player_choice":"Gather Gold","damage_taken":11,"max_hp_gain":0,"max_hp_loss":0,"event_name":"World of Goop","floor":14,"gold_loss":0}],"is_beta":false,"boss_relics":[],"items_purged_floors":[4],"is_endless":false,"potions_floor_spawned":[1,7],"killed_by":"Hexaghost","ascension_level":20}}