{"host":"zwezhz46a5cjkxff","time":1612074660,"event":{"mods":["AchievementEnabler","BaseMod","Colored Map","Colored Powertips","DeckTracker","Hermit","Minty Spire (QoL Compilation)","Permanent Neow","Quick Restart","Rare Cards Sparkle","Relic Stats","Robot Space Explorer","StSLib","SuperFastMode","The Hierophant","The Servant 0.9.4","Weighted Paths","slay the spire mod where everything is the same but ironclad has a cowboy hat"],"gold_per_floor":[113,133,133,149,162,162,162],"floor_reached":6,"language":"ENG","playtime":180,"items_purged":[],"score":40,"play_id":"fcf4be2e-374b-4020-aede-8e5f21e91c45","local_time":"20210131003100","is_ascension_mode":true,"campfire_choices":[],"circlet_count":0,"master_deck":["Strike_R","Strike_R","Strike_R","Strike_R","Strike_R","Defend_R","Defend_R","Defend_R","Defend_R","Bash","Ghostly Armor","Iron Wave","Shrug It Off"],"relics":["Burning Blood","Incense Burner","Strawberry"],"acts_visited":["Exordium"],"potions_floor_usage":[6],"damage_taken":[{"damage":8,"enemies":"2 Louse","floor":1,"turns":2},{"damage":17,"enemies":"Small Slimes","floor":2,"turns":4},{"damage":0,"enemies":"Cultist","floor":4,"turns":3},{"damage":26,"enemies":"Lots of Slimes","floor":5,"turns":6},{"damage":37,"enemies":"3 Sentries","floor":6,"turns":8}],"seed_played":"-236755552494448247","potions_obtained":[{"floor":1,"key":"EssenceOfSteel"},{"floor":2,"key":"SpeedPotion"}],"is_trial":false,"path_per_floor":["M","M","?","M","M","E"],"character_chosen":"IRONCLAD","items_purchased":[],"campfire_rested":0,"item_purchase_floors":[],"current_hp_per_floor":[70,59,48,54,34,0,0],"gold":162,"neow_bonus":"ONE_RARE_RELIC","is_daily":false,"chose_seed":false,"campfire_upgraded":0,"win_rate":0.0,"timestamp":1612074660,"path_taken":["M","M","?","M","M","E"],"items_purchased_type":[],"build_version":"2020-12-22","purchased_purges":0,"victory":false,"max_hp_per_floor":[72,72,79,79,79,79,79],"relic_stats":{"counters":[5,23],"obtain_stats":[{"Strawberry":3,"Incense Burner":0,"Burning Blood":0},{"Strawberry":2,"Incense Burner":0,"Burning Blood":0},{"Strawberry":6,"Incense Burner":0,"Burning Blood":0}],"Burning Blood":24},"card_choices":[{"not_picked":["Armaments","Twin Strike"],"picked":"Ghostly Armor","floor":1},{"not_picked":["Thunderclap","Body Slam"],"picked":"Iron Wave","floor":2},{"not_picked":["Anger","Rampage","Battle Trance"],"picked":"SKIP","floor":4},{"not_picked":["Iron Wave","Evolve"],"picked":"Shrug It Off","floor":5}],"player_experience":52292,"relics_obtained":[],"event_choices":[{"damage_healed":0,"gold_gain":0,"player_choice":"Success","damage_taken":18,"relics_obtained":["Strawberry"],"max_hp_gain":0,"max_hp_loss":0,"event_name":"Scrap Ooze","floor":3,"gold_loss":0}],"is_beta":false,"boss_relics":[],"items_purged_floors":[],"is_endless":false,"potions_floor_spawned":[1,2],"killed_by":"3 Sentries","ascension_level":1}}