{"host":"2brg86hfzr3u5cix","time":1612070712,"event":{"mods":["AchievementEnabler","Ascension Unlocker","BaseMod","CapriCore","DeckTracker","Highlight Path","Keyboard Shortcuts","Minty Spire (QoL Compilation)","Permanent Neow","Relic Stats","StSLib","Twitch Utils","Uncapped","UnlockEverythingMod"],"gold_per_floor":[122,59,84,96,108,120,164,176,188,219,241,253,299,386,398,410,410],"floor_reached":16,"language":"KOR","playtime":395,"items_purged":[],"score":216,"play_id":"2a83be46-ad9f-40a1-8510-2e96661f0e93","local_time":"20210131142512","is_ascension_mode":true,"campfire_choices":[{"data":"Eruption","floor":6.0,"key":"SMITH"},{"floor":8.0,"key":"REST"},{"data":"TalkToTheHand","floor":12.0,"key":"SMITH"},{"floor":15.0,"key":"REST"}],"circlet_count":0,"master_deck":["AscendersBane","Strike_P","Strike_P","Strike_P","Defend_P","Defend_P","Defend_P","Defend_P","Eruption+1","Vigilance","TalkToTheHand+1","FlurryOfBlows","EmptyFist","Evaluate","Devotion"],"relics":["PureWater","MawBank","Singing Bowl","Letter Opener","TeardropLocket","Anchor"],"acts_visited":["Exordium"],"potions_floor_usage":[16,16],"damage_taken":[{"damage":0.0,"enemies":"Cultist","floor":1.0,"turns":2.0},{"damage":4.0,"enemies":"Jaw Worm","floor":3.0,"turns":4.0},{"damage":34.0,"enemies":"Gremlin Nob","floor":7.0,"turns":4.0},{"damage":2.0,"enemies":"Small Slimes","floor":10.0,"turns":3.0},{"damage":11.0,"enemies":"Exordium Wildlife","floor":11.0,"turns":3.0},{"damage":13.0,"enemies":"Lagavulin","floor":13.0,"turns":5.0},{"damage":24,"enemies":"Slime Boss","floor":16,"turns":9}],"seed_played":"7159041245277515781","potions_obtained":[{"floor":3.0,"key":"Energy Potion"},{"floor":11.0,"key":"SpeedPotion"},{"floor":13.0,"key":"SteroidPotion"}],"is_trial":false,"path_per_floor":["M","?","M","?","T","R","E","R","T","M","M","R","E","?","R","B"],"character_chosen":"WATCHER","items_purchased":[],"campfire_rested":2,"item_purchase_floors":[],"current_hp_per_floor":[61,61,57,57,57,57,23,43,43,43,32,32,19,8,29,5,5],"gold":410,"neow_bonus":"RANDOM_COMMON_RELIC","is_daily":false,"chose_seed":false,"campfire_upgraded":2,"win_rate":0.0,"timestamp":1612070712,"path_taken":["M","?","M","?","?","R","E","R","T","M","?","R","E","?","R","BOSS"],"items_purchased_type":[],"build_version":"2020-12-22","purchased_purges":0,"victory":false,"max_hp_per_floor":[68,68,68,68,68,68,68,68,68,70,70,70,70,70,70,70,70],"relic_stats":{"Singing Bowl":2,"counters":[7,30],"Letter Opener":[35],"MawBank":192,"obtain_stats":[{"Anchor":13,"Singing Bowl":5,"Letter Opener":7,"TeardropLocket":9,"PureWater":0,"MawBank":0},{"Anchor":6,"Singing Bowl":2,"Letter Opener":3,"TeardropLocket":3,"PureWater":0,"MawBank":0},{"Anchor":21,"Singing Bowl":6,"Letter Opener":10,"TeardropLocket":10,"PureWater":0,"MawBank":0}]},"card_choices":[{"not_picked":["ClearTheMind","CutThroughFate"],"picked":"TalkToTheHand","floor":1.0},{"not_picked":["Evaluate","ReachHeaven"],"picked":"FlurryOfBlows","floor":3.0},{"not_picked":["FlyingSleeves","TalkToTheHand"],"picked":"EmptyFist","floor":7.0},{"not_picked":["Protect","Fasting2","ClearTheMind"],"picked":"Singing Bowl","floor":10.0},{"not_picked":["PathToVictory","SashWhip"],"picked":"Evaluate","floor":11.0},{"not_picked":["Pray","FollowUp"],"picked":"Devotion","floor":13.0}],"player_experience":348044,"relics_obtained":[{"floor":5.0,"key":"Singing Bowl"},{"floor":7.0,"key":"Letter Opener"},{"floor":9.0,"key":"TeardropLocket"},{"floor":13.0,"key":"Anchor"}],"event_choices":[{"cards_removed":["Strike_P"],"damage_healed":0.0,"max_hp_gain":0.0,"max_hp_loss":0.0,"gold_gain":0.0,"event_name":"The Cleric","player_choice":"Card Removal","floor":2.0,"gold_loss":75.0,"damage_taken":0.0},{"damage_healed":0.0,"max_hp_gain":0.0,"max_hp_loss":0.0,"gold_gain":0.0,"event_name":"Liars Game","player_choice":"Ignored","floor":4.0,"gold_loss":0.0,"damage_taken":0.0},{"damage_healed":0.0,"max_hp_gain":0.0,"max_hp_loss":0.0,"gold_gain":75.0,"event_name":"World of Goop","player_choice":"Gather Gold","floor":14.0,"gold_loss":0.0,"damage_taken":11.0}],"is_beta":false,"boss_relics":[],"items_purged_floors":[],"is_endless":false,"potions_floor_spawned":[3,11,13],"killed_by":"Slime Boss","ascension_level":20}}