{"host":"q6r63elxu27obe7v","time":1612079515,"event":{"mods":["2.2 Compatiblity","AchievementEnabler","BaseMod","CapriCore","DeckTracker","Keyboard Shortcuts","Minty Spire (QoL Compilation)","Permanent Neow","Quick Restart","StSLib","SuperFastMode","¡¼?Úª?ø«¡½REMEMod"],"gold_per_floor":[10,21,21,44,62,62,62,62,62,82,123,48,92,107,107,235,235,259,259,243,243,262,262,162,162,162],"floor_reached":25,"language":"KOR","playtime":832,"items_purged":["Strike_P","Strike_P"],"score":238,"play_id":"a5e2aee6-9a61-4e7a-9e0b-7fda77fa3501","local_time":"20210131165155","is_ascension_mode":false,"campfire_choices":[{"data":"Alpha","floor":6,"key":"SMITH"},{"floor":8,"key":"RECALL"},{"floor":15,"key":"REST"},{"floor":23,"key":"REST"}],"circlet_count":0,"master_deck":["Strike_P","Defend_P","Defend_P","Defend_P","Defend_P","Eruption","Vigilance","Alpha+1","Master of Strategy","ReachHeaven","Halt","FollowUp","Sanctity","BattleHymn","Prostrate","JustLucky","JustLucky","Pray","JustLucky"],"relics":["PureWater","REME_ComplimentaryCards","Bloody Idol","Pantograph","Girya","REME_DuelDisc"],"acts_visited":["Exordium","TheCity"],"potions_floor_usage":[11,16],"damage_taken":[{"damage":0,"enemies":"2 Louse","floor":1,"turns":2},{"damage":5,"enemies":"Jaw Worm","floor":2,"turns":4},{"damage":0,"enemies":"Cultist","floor":4,"turns":5},{"damage":8,"enemies":"Red Slaver","floor":5,"turns":5},{"damage":13,"enemies":"3 Louse","floor":10,"turns":3},{"damage":18,"enemies":"3 Sentries","floor":11,"turns":5},{"damage":0,"enemies":"Lagavulin","floor":13,"turns":4},{"damage":0,"enemies":"Blue Slaver","floor":14,"turns":3},{"damage":33,"enemies":"Hexaghost","floor":16,"turns":8},{"damage":14,"enemies":"Shell Parasite","floor":18,"turns":5},{"damage":19,"enemies":"2 Thieves","floor":20,"turns":4},{"damage":32,"enemies":"Shelled Parasite and Fungi","floor":22,"turns":4},{"damage":48,"enemies":"Snecko","floor":25,"turns":5}],"seed_played":"-3403972389346576556","potions_obtained":[{"floor":10,"key":"Explosive Potion"},{"floor":11,"key":"DuplicationPotion"},{"floor":16,"key":"LiquidMemories"},{"floor":20,"key":"SteroidPotion"},{"floor":22,"key":"EssenceOfSteel"}],"is_trial":false,"path_per_floor":["M","M","?","M","M","R","?","R","T","M","E","$","E","M","R","B",null,"M","?","M","?","M","R","$","M"],"character_chosen":"WATCHER","items_purchased":[],"campfire_rested":2,"item_purchase_floors":[],"current_hp_per_floor":[72,67,49,49,41,41,34,34,34,21,3,3,3,3,24,16,72,58,58,49,49,22,43,43,0,0],"gold":162,"neow_bonus":"THREE_RARE_CARDS","is_daily":false,"chose_seed":false,"campfire_upgraded":1,"win_rate":0.0,"timestamp":1612079515,"path_taken":["M","M","?","M","M","R","?","R","T","M","E","$","E","M","R","BOSS","M","?","M","?","M","R","$","M"],"items_purchased_type":[],"build_version":"2020-12-22","purchased_purges":2,"victory":false,"max_hp_per_floor":[72,72,72,72,72,72,72,72,72,72,72,72,72,72,72,72,72,72,72,72,72,72,72,72,72,72],"card_choices":[{"not_picked":["Omniscience","ConjureBlade"],"picked":"Alpha","floor":0},{"not_picked":["CutThroughFate","Wallop"],"picked":"ReachHeaven","floor":1},{"not_picked":["Collect","FollowUp"],"picked":"Halt","floor":2},{"not_picked":["ThirdEye","CrushJoints","BowlingBash"],"picked":"SKIP","floor":4},{"not_picked":["Nirvana","ThirdEye"],"picked":"FollowUp","floor":5},{"not_picked":["Protect","MentalFortress"],"picked":"Sanctity","floor":10},{"not_picked":["DeceiveReality","CutThroughFate"],"picked":"BattleHymn","floor":11},{"not_picked":["Adaptation","Devotion"],"picked":"Prostrate","floor":13},{"not_picked":["Wallop","Conclude"],"picked":"JustLucky","floor":14},{"not_picked":["EmptyMind","FlurryOfBlows"],"picked":"JustLucky","floor":18},{"not_picked":["REME_MusicOfDeath","EmptyFist"],"picked":"Pray","floor":20},{"not_picked":["CrushJoints","Devotion"],"picked":"JustLucky","floor":22}],"player_experience":69113,"relics_obtained":[{"floor":11,"key":"Pantograph"},{"floor":13,"key":"Girya"}],"event_choices":[{"damage_healed":0,"gold_gain":0,"player_choice":"Take Damage","damage_taken":18,"relics_obtained":["Golden Idol"],"max_hp_gain":0,"max_hp_loss":0,"event_name":"Golden Idol","floor":3,"gold_loss":0},{"cards_removed":["Strike_P"],"damage_healed":0,"gold_gain":0,"player_choice":"Card Removal","damage_taken":7,"max_hp_gain":0,"max_hp_loss":0,"event_name":"Golden Wing","floor":7,"gold_loss":0},{"damage_healed":0,"gold_gain":0,"player_choice":"Gave Idol","damage_taken":0,"relics_obtained":["Bloody Idol"],"max_hp_gain":0,"max_hp_loss":0,"event_name":"Forgotten Altar","floor":19,"relics_lost":["Golden Idol"],"gold_loss":0},{"damage_healed":0,"gold_gain":0,"player_choice":"Ignored","damage_taken":0,"max_hp_gain":0,"max_hp_loss":0,"event_name":"Cursed Tome","floor":21,"gold_loss":0}],"is_beta":false,"boss_relics":[{"not_picked":["Calling Bell","SlaversCollar"],"picked":"REME_DuelDisc"}],"items_purged_floors":[12,24],"is_endless":false,"potions_floor_spawned":[10,11,16,20,22],"killed_by":"Snecko","ascension_level":0}}