{"host":"xb2tau8pgi8aflss","time":1612100558,"event":{"mods":["AchievementEnabler","BaseMod","Hermit","Minty Spire (QoL Compilation)","StSLib","SuperFastMode"],"gold_per_floor":[116,131,18,29,49,49,54,54],"floor_reached":7,"language":"KOR","playtime":189,"items_purged":[],"score":52,"play_id":"5b348045-f162-49f7-ba04-8bceeb43288b","local_time":"20210131224238","is_ascension_mode":true,"campfire_choices":[{"data":"hermit:EyeOfTheStorm","floor":6,"key":"SMITH"}],"circlet_count":0,"master_deck":["hermit:Strike_Hermit","hermit:Strike_Hermit","hermit:Strike_Hermit","hermit:Strike_Hermit","hermit:Defend_Hermit","hermit:Defend_Hermit","hermit:Defend_Hermit","hermit:Defend_Hermit","hermit:Snapshot","hermit:Covet","hermit:Scavenge","hermit:Virtue","hermit:GoldenBullet","hermit:EyeOfTheStorm+1","hermit:Coalescence","hermit:Snipe"],"relics":["hermit:Momento","MealTicket"],"acts_visited":["Exordium"],"potions_floor_usage":[5],"damage_taken":[{"damage":6,"enemies":"Cultist","floor":1,"turns":3},{"damage":4,"enemies":"Small Slimes","floor":2,"turns":4},{"damage":6,"enemies":"2 Louse","floor":4,"turns":2},{"damage":35,"enemies":"Gremlin Gang","floor":5,"turns":4},{"damage":42,"enemies":"Gremlin Nob","floor":7,"turns":3}],"seed_played":"3461549207711618203","potions_obtained":[{"floor":1,"key":"ColorlessPotion"}],"is_trial":false,"path_per_floor":["M","M","$","M","M","R","E"],"character_chosen":"HERMIT","items_purchased":["hermit:GoldenBullet","hermit:EyeOfTheStorm"],"campfire_rested":0,"item_purchase_floors":[3,3],"current_hp_per_floor":[69,65,75,69,34,34,0,0],"gold":54,"neow_bonus":"RANDOM_COMMON_RELIC","is_daily":false,"chose_seed":false,"campfire_upgraded":1,"win_rate":0.0,"timestamp":1612100558,"path_taken":["M","M","$","M","?","R","E"],"items_purchased_type":["Card","Card"],"build_version":"2020-12-22","purchased_purges":0,"victory":false,"max_hp_per_floor":[75,75,75,75,75,75,75,75],"card_choices":[{"not_picked":["hermit:DeadMansHand","hermit:Feint"],"picked":"hermit:Scavenge","floor":1},{"not_picked":["hermit:Quickdraw","hermit:Vantage"],"picked":"hermit:Virtue","floor":2},{"not_picked":["hermit:Glare","hermit:NoHoldsBarred"],"picked":"hermit:Coalescence","floor":4},{"not_picked":["hermit:Spite","hermit:Desperado"],"picked":"hermit:Snipe","floor":5}],"player_experience":797120,"relics_obtained":[],"event_choices":[],"is_beta":false,"boss_relics":[],"items_purged_floors":[],"is_endless":false,"potions_floor_spawned":[1],"killed_by":"Gremlin Nob","ascension_level":4}}