{"host":"61r95uy0hn86b9iu","time":1612059847,"event":{"mods":["AchievementEnabler","BaseMod","Better Vampires","BetterRewards","Colored Powertips","Hubris","Minty Spire (QoL Compilation)","Shop Mod","StSLib"],"gold_per_floor":[118,118,168,187,187,187,205,205,205,4,14,86,119,119,119,193,193,208,227,95,105,123,123,142,142,142],"floor_reached":25,"language":"ENG","playtime":2001,"items_purged":["Regret"],"score":591,"play_id":"59ec4e7c-7396-45c0-8c4a-7a9ee2a28605","local_time":"20210130202407","is_ascension_mode":true,"campfire_choices":[{"data":"Apotheosis","floor":6.0,"key":"SMITH"},{"floor":8.0,"key":"REST"},{"floor":15.0,"key":"REST"},{"floor":23.0,"key":"REST"}],"circlet_count":0,"master_deck":["AscendersBane","Strike_B","Strike_B","Strike_B","Strike_B","Defend_B","Defend_B","Defend_B","Defend_B","Zap","Dualcast","Apotheosis+1","Static Discharge+1","Conserve Battery","hubris:Ukulele","Rebound","Doom and Gloom","Loop+1","Sunder","Seek","Chill","Glacier"],"relics":["Cracked Core","Frozen Egg 2","TungstenRod","WingedGreaves","Membership Card","Bottled Tornado","Matryoshka","WarpedTongs","OrangePellets","MerchantsRug"],"acts_visited":["Exordium","TheCity"],"potions_floor_usage":[24,25,25],"damage_taken":[{"damage":7.0,"enemies":"Small Slimes","floor":1.0,"turns":3.0},{"damage":0.0,"enemies":"Cultist","floor":4.0,"turns":3.0},{"damage":6.0,"enemies":"Jaw Worm","floor":7.0,"turns":2.0},{"damage":1.0,"enemies":"Large Slime","floor":11.0,"turns":4.0},{"damage":18.0,"enemies":"3 Sentries","floor":13.0,"turns":4.0},{"damage":16.0,"enemies":"Hexaghost","floor":16.0,"turns":6.0},{"damage":14.0,"enemies":"2 Thieves","floor":18.0,"turns":2.0},{"damage":1.0,"enemies":"3 Byrds","floor":19.0,"turns":5.0},{"damage":23.0,"enemies":"Sentry and Sphere","floor":21.0,"turns":4.0},{"damage":15.0,"enemies":"Snecko","floor":22.0,"turns":4.0},{"damage":22,"enemies":"Shelled Parasite and Fungi","floor":24,"turns":3},{"damage":8,"enemies":"Sentry and Sphere","floor":25,"turns":3}],"seed_played":"1565768307195029150","potions_obtained":[{"floor":11.0,"key":"PowerPotion"},{"floor":16.0,"key":"ColorlessPotion"},{"floor":18.0,"key":"Weak Potion"},{"floor":22.0,"key":"PowerPotion"},{"floor":24,"key":"BlessingOfTheForge"}],"is_trial":false,"path_per_floor":["M","?","?","M","?","R","M","R","T","$","M","T","E","?","R","B",null,"M","M","$","M","M","R","M","M"],"character_chosen":"DEFECT","items_purchased":["Apotheosis","Frozen Egg 2","Static Discharge+1","Conserve Battery","hubris:Ukulele","Membership Card","OrangePellets","MerchantsRug"],"campfire_rested":3,"item_purchase_floors":[0,0,0,0,0,10,20,20],"current_hp_per_floor":[35,35,35,35,35,35,29,50,50,50,49,49,31,31,52,36,62,48,47,47,24,9,30,8,0,0],"gold":142,"neow_bonus":"","is_daily":false,"chose_seed":false,"campfire_upgraded":1,"win_rate":0.0,"timestamp":1612059847,"path_taken":["M","?","?","?","?","R","M","R","T","$","?","?","E","?","R","BOSS","M","M","$","M","M","R","M","M"],"items_purchased_type":["Card","Relic","Card","Card","Card","Relic","Relic","Relic"],"build_version":"2020-12-22","purchased_purges":1,"victory":false,"max_hp_per_floor":[71,71,71,71,71,71,71,71,71,71,71,71,71,71,71,71,71,71,71,71,71,71,71,71,71,71],"card_choices":[{"not_picked":["Stack","Conserve Battery"],"picked":"Rebound","floor":1.0},{"not_picked":["Beam Cell","Genetic Algorithm"],"picked":"Doom and Gloom","floor":4.0},{"not_picked":["Beam Cell","Hologram"],"picked":"Loop+1","floor":7.0},{"not_picked":["Redo","Rebound"],"picked":"Sunder","floor":11.0},{"not_picked":["Ball Lightning","Tempest","Barrage"],"picked":"SKIP","floor":13.0},{"not_picked":["Biased Cognition+1","Amplify"],"picked":"Seek","floor":16.0},{"not_picked":["Conserve Battery","Redo"],"picked":"Chill","floor":18.0},{"not_picked":["Steam","Rip and Tear","Stack+1"],"picked":"SKIP","floor":19.0},{"not_picked":["Redo","Sweeping Beam","Barrage"],"picked":"SKIP","floor":21.0},{"not_picked":["Ball Lightning","Double Energy","Steam"],"picked":"SKIP","floor":22.0},{"not_picked":["Rebound","Redo"],"picked":"Glacier","floor":24}],"player_experience":3336417,"relics_obtained":[{"floor":9.0,"key":"WingedGreaves"},{"floor":12.0,"key":"Bottled Tornado"},{"floor":13.0,"key":"Matryoshka"}],"event_choices":[{"damage_healed":0.0,"max_hp_gain":0.0,"max_hp_loss":0.0,"gold_gain":0.0,"event_name":"Big Fish","player_choice":"Box","floor":2.0,"gold_loss":0.0,"damage_taken":0.0,"relics_obtained":["TungstenRod"],"cards_obtained":["Regret"]},{"damage_healed":0.0,"max_hp_gain":0.0,"max_hp_loss":0.0,"gold_gain":50.0,"event_name":"Golden Shrine","player_choice":"Pray","floor":3.0,"gold_loss":0.0,"damage_taken":0.0},{"damage_healed":0.0,"max_hp_gain":0.0,"max_hp_loss":0.0,"gold_gain":0.0,"event_name":"Wheel of Change","player_choice":"Cursed","floor":5.0,"gold_loss":0.0,"damage_taken":0.0,"cards_obtained":["Decay"]},{"damage_healed":0.0,"max_hp_gain":0.0,"max_hp_loss":0.0,"gold_gain":0.0,"event_name":"Accursed Blacksmith","player_choice":"Rummage","floor":14.0,"gold_loss":0.0,"damage_taken":0.0,"relics_obtained":["WarpedTongs"],"cards_obtained":["Pain"]}],"is_beta":false,"boss_relics":[{"not_picked":["hubris:Stopwatch","Velvet Choker"],"picked":"Empty Cage"}],"items_purged_floors":[10],"is_endless":false,"potions_floor_spawned":[11,16,18,21,22,24],"killed_by":"Sentry and Sphere","ascension_level":19}}