{"host":"x3688v8yj57o2b0e","time":1612113045,"event":{"mods":["BaseMod","Minty Spire (QoL Compilation)"],"gold_per_floor":[112,123,135,28,28,28,43,76,103,115,141,153,188,216,228,371,383,413,425,437,474,509,521,568,580,617,629,189,189,204,230,230,329,329,348,358,56,76,76,108,150,150,150,165,0,14,14,14,14,14,14],"floor_reached":50,"language":"ENG","playtime":4850,"items_purged":[],"score":540,"play_id":"a311ccdc-5df7-44c1-898f-e2a2c2abc106","local_time":"20210131121045","is_ascension_mode":true,"campfire_choices":[{"data":"Wallop","floor":10.0,"key":"SMITH"},{"data":"ClearTheMind","floor":12.0,"key":"SMITH"},{"floor":15.0,"key":"REST"},{"floor":23,"key":"REST"},{"floor":25,"key":"REST"},{"floor":32,"key":"REST"},{"floor":42,"key":"REST"},{"floor":47,"key":"REST"},{"floor":49,"key":"RECALL"}],"circlet_count":0,"master_deck":["Eruption","Vigilance+1","ClearTheMind+1","Protect","EmptyFist","FearNoEvil+1","Wireheading","Consecrate","Meditate","EmptyBody+1","Indignation","Wallop+1","LikeWater+1","CutThroughFate","Halt+1","TalkToTheHand","MentalFortress","LessonLearned+1","Halt+1","RitualDagger","FlurryOfBlows","ReachHeaven+1","EmptyFist+1","MentalFortress","WheelKick","SashWhip","SashWhip","EmptyBody","Conclude","Wish","Nirvana","Weave+1","Adaptation","ThirdEye+1"],"relics":["Pandora\u0027s Box","Bloody Idol","Bag of Preparation","MawBank","Fusion Hammer","Vajra","War Paint","Whetstone","Anchor","Juzu Bracelet","Velvet Choker","Gambling Chip","The Courier","Red Mask"],"acts_visited":["TheBeyond"],"potions_floor_usage":[22,24,50],"damage_taken":[{"damage":7.0,"enemies":"Jaw Worm","floor":1.0,"turns":2.0},{"damage":0.0,"enemies":"2 Louse","floor":2.0,"turns":2.0},{"damage":2.0,"enemies":"Cultist","floor":3.0,"turns":3.0},{"damage":21.0,"enemies":"2 Fungi Beasts","floor":7.0,"turns":4.0},{"damage":4.0,"enemies":"3 Sentries","floor":8.0,"turns":7.0},{"damage":5.0,"enemies":"3 Louse","floor":11.0,"turns":3.0},{"damage":0.0,"enemies":"Large Slime","floor":13.0,"turns":3.0},{"damage":0.0,"enemies":"2 Fungi Beasts","floor":14.0,"turns":3.0},{"damage":4.0,"enemies":"The Guardian","floor":16.0,"turns":8.0},{"damage":11.0,"enemies":"3 Byrds","floor":18.0,"turns":4.0},{"damage":6.0,"enemies":"Spheric Guardian","floor":21.0,"turns":4.0},{"damage":8,"enemies":"Snecko","floor":22,"turns":6},{"damage":33,"enemies":"Slavers","floor":24,"turns":6},{"damage":12,"enemies":"Shelled Parasite and Fungi","floor":30,"turns":5},{"damage":9,"enemies":"Book of Stabbing","floor":31,"turns":4},{"damage":16,"enemies":"Automaton","floor":33,"turns":8},{"damage":0,"enemies":"3 Shapes","floor":35,"turns":2},{"damage":0,"enemies":"Orb Walker","floor":36,"turns":2},{"damage":42,"enemies":"Writhing Mass","floor":38,"turns":7},{"damage":10,"enemies":"Reptomancer","floor":40,"turns":6},{"damage":12,"enemies":"Sphere and 2 Shapes","floor":41,"turns":4},{"damage":16,"enemies":"3 Darklings","floor":44,"turns":3},{"damage":5,"enemies":"Jaw Worm Horde","floor":46,"turns":3},{"damage":80,"enemies":"Time Eater","floor":50,"turns":12}],"seed_played":"565302775643234239","potions_obtained":[{"floor":1.0,"key":"SmokeBomb"},{"floor":14.0,"key":"Fire Potion"},{"floor":16.0,"key":"SteroidPotion"},{"floor":21.0,"key":"SkillPotion"},{"floor":22,"key":"BlessingOfTheForge"},{"floor":30,"key":"FairyPotion"},{"floor":33,"key":"Dexterity Potion"},{"floor":36,"key":"GamblersBrew"},{"floor":41,"key":"LiquidMemories"}],"is_trial":false,"path_per_floor":["M","M","M","$","?","?","M","E","T","R","M","R","M","M","R","B",null,"M","?","?","M","M","R","E","R","T","?","$","?","M","E","R","B",null,"M","M","$","M","?","E","M","R","T","M","?","M","R","?","R","B"],"character_chosen":"WATCHER","items_purchased":["Indignation","Wallop","Whetstone","Anchor","MentalFortress","WheelKick","Gambling Chip"],"campfire_rested":6,"item_purchase_floors":[4,4,28,28,28,28,37],"current_hp_per_floor":[65,65,63,63,63,63,42,38,38,38,33,33,33,33,53,49,67,56,50,50,44,36,56,23,43,43,43,48,48,41,37,57,46,67,67,67,67,30,30,25,23,42,42,31,31,31,50,44,44,0,0],"gold":14,"neow_bonus":"BOSS_RELIC","is_daily":false,"chose_seed":false,"campfire_upgraded":2,"win_rate":0.0,"timestamp":1612113045,"path_taken":["M","M","M","$","?","?","M","E","T","R","M","R","M","?","R","BOSS","M","?","?","M","M","R","E","R","T","?","$","?","M","E","R","BOSS","M","M","$","M","?","E","M","R","T","M","?","M","R","?","R","BOSS"],"items_purchased_type":["Card","Card","Relic","Relic","Card","Card","Relic"],"build_version":"2020-12-22","purchased_purges":0,"victory":false,"max_hp_per_floor":[72,72,72,72,67,67,67,67,67,67,67,67,67,67,67,67,67,67,67,67,67,67,67,67,67,67,67,67,67,67,67,67,67,67,67,67,67,67,64,64,64,64,64,64,64,64,64,64,64,64,64],"card_choices":[{"not_picked":["ClearTheMind","BowlingBash"],"picked":"Consecrate","floor":1.0},{"not_picked":["Prostrate","EmptyBody"],"picked":"Meditate","floor":2.0},{"not_picked":["Protect","JustLucky"],"picked":"EmptyBody","floor":3.0},{"not_picked":["JustLucky","Halt"],"picked":"CutThroughFate","floor":7.0},{"not_picked":["Alpha","ClearTheMind"],"picked":"Halt","floor":8.0},{"not_picked":["WheelKick","ThirdEye"],"picked":"TalkToTheHand","floor":11.0},{"not_picked":["InnerPeace","EmptyBody"],"picked":"MentalFortress","floor":13.0},{"not_picked":["Protect","FollowUp","DeceiveReality"],"picked":"SKIP","floor":14.0},{"not_picked":["DeusExMachina","Alpha"],"picked":"LessonLearned","floor":16.0},{"not_picked":["Perseverance","Prostrate"],"picked":"Halt","floor":18.0},{"not_picked":["CrushJoints+1","Consecrate"],"picked":"FlurryOfBlows","floor":21.0},{"not_picked":["SashWhip","ClearTheMind"],"picked":"ReachHeaven","floor":22},{"not_picked":["ConjureBlade","CarveReality"],"picked":"EmptyFist","floor":24},{"not_picked":["ThirdEye","FlyingSleeves"],"picked":"EmptyBody","floor":30},{"not_picked":["SashWhip+1","Protect"],"picked":"Conclude","floor":31},{"not_picked":["Omniscience","Alpha"],"picked":"Wish","floor":33},{"not_picked":["CarveReality","Prostrate+1","Consecrate+1"],"picked":"SKIP","floor":35},{"not_picked":["Consecrate","FollowUp","Study"],"picked":"SKIP","floor":36},{"not_picked":["FlyingSleeves+1","Sanctity"],"picked":"Nirvana","floor":38},{"not_picked":["FollowUp","LessonLearned"],"picked":"Weave+1","floor":40},{"not_picked":["Nirvana","ThirdEye+1"],"picked":"Adaptation","floor":41},{"not_picked":["BowlingBash","Halt"],"picked":"ThirdEye+1","floor":44},{"not_picked":["WheelKick","BowlingBash","ReachHeaven+1"],"picked":"SKIP","floor":46}],"player_experience":185359,"relics_obtained":[{"floor":8.0,"key":"Bag of Preparation"},{"floor":9.0,"key":"MawBank"},{"floor":24,"key":"Vajra"},{"floor":26,"key":"War Paint"},{"floor":31,"key":"Juzu Bracelet"},{"floor":40,"key":"The Courier"}],"event_choices":[{"damage_healed":0.0,"max_hp_gain":0.0,"max_hp_loss":5.0,"gold_gain":0.0,"event_name":"Golden Idol","player_choice":"Lose Max HP","floor":5.0,"gold_loss":0.0,"damage_taken":0.0,"relics_obtained":["Golden Idol"]},{"damage_healed":0.0,"max_hp_gain":0.0,"max_hp_loss":0.0,"gold_gain":0.0,"cards_transformed":["Alpha"],"event_name":"Transmorgrifier","player_choice":"Transformed","floor":6.0,"gold_loss":0.0,"damage_taken":0.0,"cards_obtained":["LikeWater"]},{"damage_healed":0.0,"max_hp_gain":0.0,"max_hp_loss":0.0,"gold_gain":0.0,"event_name":"Nest","player_choice":"Joined the Cult","floor":19.0,"gold_loss":0.0,"damage_taken":6.0,"cards_obtained":["RitualDagger"]},{"damage_healed":0.0,"max_hp_gain":0.0,"max_hp_loss":0.0,"gold_gain":0.0,"event_name":"The Mausoleum","player_choice":"Ignored","floor":20.0,"gold_loss":0.0,"damage_taken":0.0},{"damage_healed":0,"gold_gain":0,"player_choice":"Gave Idol","damage_taken":0,"relics_obtained":["Bloody Idol"],"max_hp_gain":0,"max_hp_loss":0,"event_name":"Forgotten Altar","floor":27,"relics_lost":["Golden Idol"],"gold_loss":0},{"damage_healed":0,"gold_gain":0,"cards_transformed":["Brilliance","Prostrate"],"player_choice":"Became Test Subject","damage_taken":0,"max_hp_gain":0,"max_hp_loss":0,"event_name":"Drug Dealer","floor":29,"gold_loss":0,"cards_obtained":["SashWhip","SashWhip"]},{"damage_healed":0,"gold_gain":0,"player_choice":"Max HP","damage_taken":0,"max_hp_gain":0,"max_hp_loss":3,"event_name":"Winding Halls","floor":39,"gold_loss":0},{"damage_healed":0,"gold_gain":0,"player_choice":"Paid","damage_taken":0,"relics_obtained":["Red Mask"],"max_hp_gain":0,"max_hp_loss":0,"event_name":"Tomb of Lord Red Mask","floor":45,"gold_loss":165},{"damage_healed":0,"gold_gain":0,"player_choice":"Damaged","damage_taken":6,"max_hp_gain":0,"max_hp_loss":0,"event_name":"Wheel of Change","floor":48,"gold_loss":0}],"is_beta":false,"boss_relics":[{"not_picked":["Coffee Dripper","Calling Bell"],"picked":"Fusion Hammer"},{"not_picked":["Astrolabe","Tiny House"],"picked":"Velvet Choker"}],"items_purged_floors":[],"is_endless":false,"potions_floor_spawned":[1,14,16,21,22,30,33,35,36,41],"killed_by":"Time Eater","ascension_level":1}}