{"host":"79kl9rvhjzhuunbo","time":1612127067,"event":{"mods":["AchievementEnabler","BaseMod","Colored Powertips","Defuse TimeMaze Blight","Friendly Minions","Highlight Path","Minty Spire (QoL Compilation)","Permanent Neow","Quick Restart","Random Character Button","Relic Sorter","StSLib","SuperFastMode","Synergy Search","Unceasing Turn Reminder"],"gold_per_floor":[116,116,191,64,64,64,99,99,99,132,152,483,483,513,513,613,613,631,631,643,643,348,377,377,377,377,392,392,409,409,419,419,523,523,541,541,558,607,150,150,150,162,162,179,210,210,210,224,224,224,224,224,26,54,54],"floor_reached":56,"language":"ENG","playtime":4221,"items_purged":["Zap","Strike_B","Strike_B","Dualcast"],"score":1265,"play_id":"b983ec78-c706-4307-8eff-73e4d5346524","local_time":"20210131220427","is_ascension_mode":true,"campfire_choices":[{"data":"Cold Snap","floor":6.0,"key":"SMITH"},{"floor":8.0,"key":"REST"},{"data":"Conserve Battery","floor":13.0,"key":"SMITH"},{"floor":15.0,"key":"RECALL"},{"data":"Apotheosis","floor":24.0,"key":"SMITH"},{"data":"Creative AI","floor":28.0,"key":"SMITH"},{"floor":30.0,"key":"REST"},{"data":"Cold Snap","floor":32.0,"key":"SMITH"},{"data":"Defragment","floor":40.0,"key":"SMITH"},{"data":"Seek","floor":46.0,"key":"SMITH"},{"data":"Chill","floor":49.0,"key":"SMITH"},{"data":"Capacitor","floor":52.0,"key":"SMITH"}],"circlet_count":0,"master_deck":["Defend_B","Defend_B","Defend_B","Conserve Battery+1","Cold Snap+1","Gash","BootSequence","Gash","Creative AI+1","Gash","Cold Snap+1","Cold Snap","Apotheosis+1","FTL","Chill","BootSequence","Gash","Buffer+1","Genetic Algorithm+1","Capacitor+1","Seek+1","Self Repair","Defragment+1","Self Repair","Dark Shackles","Gash+1","Capacitor+1","Chill+1"],"relics":["FrozenCore","CaptainsWheel","TungstenRod","Meat on the Bone","Prayer Wheel","Old Coin","Nloth\u0027s Gift","Sundial","Bag of Preparation","Coffee Dripper","Pocketwatch","Singing Bowl","Bottled Tornado","Anchor","Eternal Feather"],"acts_visited":["Exordium","TheCity","TheBeyond","TheEnding"],"potions_floor_usage":[55],"damage_taken":[{"damage":0.0,"enemies":"2 Louse","floor":1.0,"turns":3.0},{"damage":16.0,"enemies":"Lagavulin","floor":7.0,"turns":9.0},{"damage":11.0,"enemies":"Gremlin Nob","floor":10.0,"turns":4.0},{"damage":0.0,"enemies":"Small Slimes","floor":11.0,"turns":3.0},{"damage":1.0,"enemies":"3 Sentries","floor":12.0,"turns":10.0},{"damage":4.0,"enemies":"Lagavulin","floor":14.0,"turns":9.0},{"damage":35.0,"enemies":"Hexaghost","floor":16.0,"turns":16.0},{"damage":2.0,"enemies":"Shell Parasite","floor":18.0,"turns":8.0},{"damage":0.0,"enemies":"Chosen","floor":20.0,"turns":8.0},{"damage":11.0,"enemies":"Book of Stabbing","floor":23.0,"turns":7.0},{"damage":7.0,"enemies":"Sentry and Sphere","floor":27.0,"turns":9.0},{"damage":19.0,"enemies":"Cultist and Chosen","floor":29.0,"turns":9.0},{"damage":0.0,"enemies":"Snecko","floor":31.0,"turns":8.0},{"damage":19.0,"enemies":"Collector","floor":33.0,"turns":11.0},{"damage":1.0,"enemies":"3 Darklings","floor":35.0,"turns":6.0},{"damage":0.0,"enemies":"Orb Walker","floor":37.0,"turns":6.0},{"damage":20.0,"enemies":"2 Orb Walkers","floor":38.0,"turns":9.0},{"damage":0.0,"enemies":"Writhing Mass","floor":42.0,"turns":10.0},{"damage":0.0,"enemies":"Jaw Worm Horde","floor":44.0,"turns":8.0},{"damage":0.0,"enemies":"Reptomancer","floor":45.0,"turns":8.0},{"damage":0.0,"enemies":"Maw","floor":48.0,"turns":8.0},{"damage":9.0,"enemies":"Donu and Deca","floor":50.0,"turns":11.0},{"damage":19.0,"enemies":"Shield and Spear","floor":54.0,"turns":12.0},{"damage":72,"enemies":"The Heart","floor":55,"turns":14}],"seed_played":"6792873267419391467","potions_obtained":[{"floor":7.0,"key":"EssenceOfSteel"},{"floor":10.0,"key":"FearPotion"},{"floor":16.0,"key":"Dexterity Potion"},{"floor":18.0,"key":"LiquidBronze"},{"floor":27.0,"key":"Swift Potion"},{"floor":29.0,"key":"LiquidMemories"},{"floor":31.0,"key":"LiquidBronze"},{"floor":37.0,"key":"Swift Potion"},{"floor":45.0,"key":"GamblersBrew"}],"is_trial":false,"path_per_floor":["M","?","?","$","?","R","E","R","T","E","M","E","R","E","R","B",null,"M","?","M","?","$","E","R","?","T","M","R","M","R","M","R","B",null,"M","?","M","?","$","R","?","M","T","M","E","R","T","M","R","B",null,"R","$","E","B",null],"character_chosen":"DEFECT","items_purchased":["Cold Snap","Apotheosis","Singing Bowl","Self Repair","Swift Potion"],"campfire_rested":2,"item_purchase_floors":[4,22,39,39,53],"current_hp_per_floor":[75,68,57,57,50,50,34,56,56,45,45,44,44,40,40,17,75,73,73,73,73,73,62,62,62,62,55,55,48,70,70,70,51,75,74,74,74,64,64,64,64,77,77,79,81,81,81,83,83,83,83,83,83,85,42],"gold":54,"neow_bonus":"REMOVE_CARD","is_daily":false,"chose_seed":false,"campfire_upgraded":9,"win_rate":0.0,"timestamp":1612127067,"path_taken":["M","?","?","?","?","R","E","R","T","E","M","E","R","E","R","BOSS","M","?","?","?","$","E","R","?","T","M","R","?","R","M","R","BOSS","M","?","?","?","$","R","?","M","T","M","E","R","?","M","R","BOSS","R","$","E","BOSS"],"items_purchased_type":["Card","Card","Relic","Card","Potion"],"build_version":"2020-12-22","purchased_purges":4,"victory":true,"max_hp_per_floor":[75,75,75,75,75,75,75,75,75,75,75,75,75,75,75,75,75,75,75,75,75,75,75,75,75,75,75,75,75,75,75,75,75,75,75,75,75,75,75,75,75,77,77,79,81,81,81,83,83,83,83,83,83,85,85],"card_choices":[{"not_picked":["Steam","Compile Driver"],"picked":"Conserve Battery","floor":1.0},{"not_picked":["Hologram","Steam Power"],"picked":"Gash","floor":7.0},{"not_picked":["Coolheaded","Consume","Hologram"],"picked":"SKIP","floor":10.0},{"not_picked":["Rip and Tear","Go for the Eyes"],"picked":"BootSequence","floor":11.0},{"not_picked":["Compile Driver","Auto Shields","Heatsinks"],"picked":"SKIP","floor":11.0},{"not_picked":["Rebound","Fusion","Lockon"],"picked":"SKIP","floor":12.0},{"not_picked":["Core Surge","Glacier"],"picked":"Gash","floor":14.0},{"not_picked":["Core Surge","Buffer"],"picked":"Creative AI","floor":16.0},{"not_picked":["Hologram","Coolheaded"],"picked":"Gash","floor":18.0},{"not_picked":["Lockon","Chaos","Heatsinks"],"picked":"SKIP","floor":18.0},{"not_picked":["Conserve Battery+1","Storm"],"picked":"Cold Snap","floor":20.0},{"not_picked":["Redo+1","Chill+1"],"picked":"Cold Snap","floor":20.0},{"not_picked":["Machine Learning","Rebound"],"picked":"FTL","floor":23.0},{"not_picked":["Sweeping Beam","Go for the Eyes"],"picked":"BootSequence","floor":27.0},{"not_picked":["Streamline","Ball Lightning","Auto Shields"],"picked":"SKIP","floor":27.0},{"not_picked":["Leap","Ball Lightning","Redo"],"picked":"SKIP","floor":29.0},{"not_picked":["Stack","Redo","Sweeping Beam+1"],"picked":"SKIP","floor":29.0},{"not_picked":["Blizzard","Ball Lightning"],"picked":"Gash","floor":31.0},{"not_picked":["Reprogram","Amplify","Compile Driver"],"picked":"SKIP","floor":31.0},{"not_picked":["Creative AI","Thunder Strike"],"picked":"Buffer","floor":33.0},{"not_picked":["Steam","Rebound+1"],"picked":"Genetic Algorithm+1","floor":35.0},{"not_picked":["Streamline","Redo"],"picked":"Capacitor+1","floor":35.0},{"not_picked":["Stack+1","Reboot"],"picked":"Seek","floor":37.0},{"not_picked":["Compile Driver+1","Conserve Battery+1"],"picked":"Self Repair","floor":37.0},{"not_picked":["Streamline+1","Fission"],"picked":"Defragment","floor":38.0},{"not_picked":["PanicButton","Forethought"],"picked":"Dark Shackles","floor":41.0},{"not_picked":["Cold Snap+1","Static Discharge","Rip and Tear"],"picked":"Singing Bowl","floor":42.0},{"not_picked":["Leap+1","Sweeping Beam+1"],"picked":"Gash+1","floor":42.0},{"not_picked":["Steam Power","Leap+1"],"picked":"Capacitor","floor":44.0},{"not_picked":["Leap","Beam Cell","Turbo"],"picked":"Singing Bowl","floor":44.0},{"not_picked":["Blizzard","Coolheaded","Barrage"],"picked":"Singing Bowl","floor":45.0},{"not_picked":["Turbo+1","Conserve Battery+1"],"picked":"Chill","floor":48.0},{"not_picked":["Barrage+1","Lockon+1","Conserve Battery"],"picked":"Singing Bowl","floor":48.0},{"not_picked":["Static Discharge+1","Multi-Cast","Genetic Algorithm+1"],"picked":"Singing Bowl","floor":54.0}],"player_experience":284339,"relics_obtained":[{"floor":7.0,"key":"TungstenRod"},{"floor":9.0,"key":"Meat on the Bone"},{"floor":10.0,"key":"Prayer Wheel"},{"floor":12.0,"key":"Old Coin"},{"floor":14.0,"key":"Ancient Tea Set"},{"floor":23.0,"key":"Sundial"},{"floor":26.0,"key":"Bag of Preparation"},{"floor":38.0,"key":"Pocketwatch"},{"floor":43.0,"key":"Bottled Tornado"},{"floor":45.0,"key":"Anchor"},{"floor":54.0,"key":"Eternal Feather"}],"event_choices":[{"damage_healed":0.0,"max_hp_gain":0.0,"max_hp_loss":0.0,"gold_gain":0.0,"event_name":"Scrap Ooze","player_choice":"Success","floor":2.0,"gold_loss":0.0,"damage_taken":7.0,"relics_obtained":["CaptainsWheel"]},{"damage_healed":0.0,"max_hp_gain":0.0,"max_hp_loss":0.0,"gold_gain":75.0,"event_name":"World of Goop","player_choice":"Gather Gold","floor":3.0,"gold_loss":0.0,"damage_taken":11.0},{"cards_removed":["Defend_B"],"damage_healed":0.0,"max_hp_gain":0.0,"max_hp_loss":0.0,"gold_gain":0.0,"event_name":"Golden Wing","player_choice":"Card Removal","floor":5.0,"gold_loss":0.0,"damage_taken":7.0},{"damage_healed":0.0,"max_hp_gain":0.0,"max_hp_loss":0.0,"gold_gain":0.0,"event_name":"N\u0027loth","player_choice":"Traded Relic","floor":19.0,"relics_lost":["Ancient Tea Set"],"gold_loss":0.0,"damage_taken":0.0,"relics_obtained":["Nloth\u0027s Gift"]},{"damage_healed":0.0,"max_hp_gain":0.0,"max_hp_loss":0.0,"gold_gain":0.0,"event_name":"Cursed Tome","player_choice":"Ignored","floor":21.0,"gold_loss":0.0,"damage_taken":0.0},{"damage_healed":0.0,"max_hp_gain":0.0,"max_hp_loss":0.0,"gold_gain":0.0,"cards_transformed":["Strike_B"],"event_name":"Transmorgrifier","player_choice":"Transformed","floor":25.0,"gold_loss":0.0,"damage_taken":0.0,"cards_obtained":["Chill"]},{"damage_healed":0.0,"max_hp_gain":0.0,"max_hp_loss":0.0,"gold_gain":0.0,"event_name":"Upgrade Shrine","player_choice":"Upgraded","floor":36.0,"gold_loss":0.0,"damage_taken":0.0,"cards_upgraded":["Buffer"]},{"damage_healed":0.0,"max_hp_gain":0.0,"max_hp_loss":0.0,"gold_gain":0.0,"event_name":"Mysterious Sphere","player_choice":"Fight","floor":38.0,"gold_loss":0.0,"damage_taken":0.0},{"damage_healed":0.0,"max_hp_gain":0.0,"max_hp_loss":0.0,"gold_gain":0.0,"event_name":"SensoryStone","player_choice":"Memory 1","floor":41.0,"gold_loss":0.0,"damage_taken":0.0}],"is_beta":false,"boss_relics":[{"not_picked":["Ectoplasm","Fusion Hammer"],"picked":"FrozenCore"},{"not_picked":["Velvet Choker","Pandora\u0027s Box"],"picked":"Coffee Dripper"}],"items_purged_floors":[4,22,39,53],"is_endless":false,"potions_floor_spawned":[7,10,16,18,27,29,31,37,45],"ascension_level":1}}