{"host":"99l0i25nwwr6z99u","time":1612133482,"event":{"mods":["Act Like it!","BaseMod","Colored Map","Colored Powertips","Downfall","Googly Eyes","Minty Spire (QoL Compilation)","Quick Restart","StSLib"],"gold_per_floor":[99,99,99,99,99,128,128,146,157,44,72,72,84,96,108,203,203,103,114,140,240,250,269,269,1,1,1,1],"floor_reached":26,"language":"ENG","playtime":998,"items_purged":["Regret","sneckomod:Strike"],"score":349,"play_id":"2d89134e-6c08-4bbd-97eb-9c1ecad7922f","local_time":"20210131175122","is_ascension_mode":true,"campfire_choices":[{"floor":12.0,"key":"REST"},{"data":"sneckomod:SerpentMind","floor":18,"key":"SMITH"}],"circlet_count":0,"master_deck":["sneckomod:Strike","sneckomod:Strike","sneckomod:Defend","sneckomod:Defend","sneckomod:Defend","sneckomod:TailWhip","sneckomod:SnekBite","sneckomod:Unknown","Madness","sneckomod:WideSting","sneckomod:RainOfDice","sneckomod:SoulDraw","sneckomod:QuickBite","sneckomod:SnakeSap","sneckomod:UnknownUncommonPower","sneckomod:UnknownDraw","sneckomod:UnlimitedRolls","sneckomod:QuickMove","sneckomod:SerpentIdol","sneckomod:UnknownUncommonAttack","sneckomod:SerpentMind+1"],"relics":["sneckomod:SneckoSoul","downfall:HeartsMalice","downfall:BrokenWingStatue","Shuriken","StoneCalendar","InkBottle","Centennial Puzzle","Sozu","downfall:HeartBlessingGreen","Red Mask","Pear","ClockworkSouvenir"],"acts_visited":["TheCity"],"potions_floor_usage":[16,16,16],"damage_taken":[{"damage":0.0,"enemies":"Jaw Worm","floor":2.0,"turns":1.0},{"damage":0.0,"enemies":"Small Slimes","floor":3.0,"turns":1.0},{"damage":0.0,"enemies":"Gremlin Nob","floor":6.0,"turns":1.0},{"damage":11.0,"enemies":"2 Louse","floor":8.0,"turns":2.0},{"damage":3.0,"enemies":"Blue Slaver","floor":9.0,"turns":2.0},{"damage":12.0,"enemies":"downfall:FleeingMerchant","floor":10.0,"turns":4.0},{"damage":45.0,"enemies":"3 Sentries","floor":11.0,"turns":5.0},{"damage":0.0,"enemies":"Lots of Slimes","floor":13.0,"turns":2.0},{"damage":15.0,"enemies":"Exordium Thugs","floor":14.0,"turns":4.0},{"damage":0.0,"enemies":"Large Slime","floor":15.0,"turns":4.0},{"damage":21,"enemies":"DF_ARCHETYPE_STREAMLINE","floor":16,"turns":7},{"damage":3,"enemies":"3 Byrds","floor":19,"turns":4},{"damage":48,"enemies":"Masked Bandits","floor":20,"turns":4},{"damage":5,"enemies":"Centurion and Healer","floor":22,"turns":6},{"damage":26,"enemies":"Snake Plant","floor":23,"turns":5},{"damage":10,"enemies":"downfall:FleeingMerchant","floor":25,"turns":4},{"damage":28,"enemies":"Shelled Parasite and Fungi","floor":26,"turns":3}],"seed_played":"-3096003449125187630","potions_obtained":[{"floor":6.0,"key":"Energy Potion"},{"floor":9.0,"key":"champ:CounterPotion"},{"floor":11.0,"key":"Block Potion"},{"floor":14.0,"key":"Ancient Potion"},{"floor":15.0,"key":"Explosive Potion"},{"floor":16,"key":"FairyPotion"}],"is_trial":false,"path_per_floor":["R","M","M","?","?","E","T","M","M","$","E","R","M","M","M","B",null,"R","M","?","?","M","M","T","$","M"],"character_chosen":"THE_SNECKO","items_purchased":["sneckomod:UnknownDraw","ClockworkSouvenir"],"campfire_rested":1,"item_purchase_floors":[10,25],"current_hp_per_floor":[81,81,81,81,81,81,81,70,67,55,10,37,37,22,22,1,68,68,65,17,17,12,13,23,13,0,0,0],"gold":1,"neow_bonus":"THREE_ENEMY_KILL","is_daily":false,"chose_seed":false,"campfire_upgraded":1,"win_rate":0.0,"timestamp":1612133482,"path_taken":["R","M","M","?","?","E","T","M","M","$","E","R","M","?","M","BOSS","R","M","?","?","M","M","T","?","?"],"items_purchased_type":["Card","Relic"],"build_version":"2020-12-22","purchased_purges":2,"victory":false,"max_hp_per_floor":[90,90,90,90,90,90,90,90,90,90,90,90,90,90,90,90,90,90,90,90,90,90,90,100,100,100,100,100],"card_choices":[{"not_picked":["sneckomod:UnknownCommonAttack","sneckomod:DiceBlock"],"picked":"sneckomod:WideSting","floor":2.0},{"not_picked":["sneckomod:Nope","sneckomod:SoulDraw"],"picked":"sneckomod:RainOfDice","floor":3.0},{"not_picked":["sneckomod:UnknownCommonSkill","sneckomod:SoulRoll"],"picked":"sneckomod:SoulDraw","floor":6.0},{"not_picked":["sneckomod:UnknownBlock","sneckomod:RainOfDice"],"picked":"sneckomod:QuickBite","floor":8.0},{"not_picked":["sneckomod:QuickBite","sneckomod:IronFang"],"picked":"sneckomod:SnakeSap","floor":9.0},{"not_picked":["sneckomod:SlitherStrike","sneckomod:UnknownStrength"],"picked":"sneckomod:UnknownUncommonPower","floor":10.0},{"not_picked":["sneckomod:UnknownUncommonPower","sneckomod:QuickMove"],"picked":"sneckomod:UnlimitedRolls","floor":11.0},{"not_picked":["sneckomod:UnknownCommonAttack","sneckomod:WideSting"],"picked":"sneckomod:QuickMove","floor":13.0},{"not_picked":["sneckomod:IronFang","sneckomod:CheapStock"],"picked":"sneckomod:SerpentIdol","floor":14.0},{"not_picked":["sneckomod:SoulRoll","sneckomod:CheapStock"],"picked":"sneckomod:UnknownUncommonAttack","floor":15.0},{"not_picked":["sneckomod:UnknownRareAttack","sneckomod:GlitteringGambit"],"picked":"sneckomod:SerpentMind","floor":16},{"not_picked":["sneckomod:DiceCrush","sneckomod:IronFang","sneckomod:UnknownDraw"],"picked":"SKIP","floor":19},{"not_picked":["sneckomod:DiceBoulder","sneckomod:QuickBite","sneckomod:RainOfDice"],"picked":"SKIP","floor":22},{"not_picked":["sneckomod:UnknownCommonAttack","sneckomod:WideSting+1","sneckomod:Nope"],"picked":"SKIP","floor":23},{"not_picked":["sneckomod:CheapStock","sneckomod:SoulRoll","sneckomod:UnknownDraw"],"picked":"SKIP","floor":25}],"player_experience":967439,"relics_obtained":[{"floor":6.0,"key":"StoneCalendar"},{"floor":7.0,"key":"InkBottle"},{"floor":11.0,"key":"Centennial Puzzle"},{"floor":20,"key":"Red Mask"},{"floor":24,"key":"Pear"}],"event_choices":[{"damage_healed":0.0,"max_hp_gain":0.0,"max_hp_loss":0.0,"gold_gain":0.0,"event_name":"Big Fish","player_choice":"Box","floor":5.0,"gold_loss":0.0,"damage_taken":0.0,"relics_obtained":["Shuriken"],"cards_obtained":["Regret"]},{"damage_healed":0,"gold_gain":0,"player_choice":"Fought Bandits","damage_taken":0,"max_hp_gain":0,"max_hp_loss":0,"event_name":"Masked Bandits","floor":20,"gold_loss":0}],"is_beta":false,"boss_relics":[{"not_picked":["sneckomod:SneckoTalon","SlaversCollar"],"picked":"Sozu"}],"items_purged_floors":[10,25],"is_endless":false,"potions_floor_spawned":[6,9,11,14,15,16,19,22],"killed_by":"Shelled Parasite and Fungi","ascension_level":9}}