{"host":"qmnyg5dk1o6rw6mz","time":1612066802,"event":{"mods":["100% Spire Juice","2.2 Compatiblity","AchievementEnabler","Act Like it!","Aspiration","Astrologer","BaseMod","Beaked The Cultist","Better Altar","Better Match","Better Note","Better Sensory Stone","Better Skull","Better Third Choice","Better Vampires","Block Reminder","CCEM2","CapriCore","Challenge The Spire","ChefMod","Colored Map","Colored Powertips","Conspire","DeckTracker","Defuse TimeMaze Blight","Disable Question Mark Monsters","Displayed Cursed Tome","Downfall","Energized Spire","Friendly Minions","Gensokyo","GifTheSpireLib","Hermit","Highlight Path","HornydragonMod","Hubris","Infinite Spire","Jedi Mod","Koishi","KomeijiMod","Lobotomy","Mari Mod (Legacy)","Mari\u0027s V1 Patch","Marisa¡]Ãú«B¡@Å]²z¨F¡^","Marked Mod","Minty Spire (QoL Compilation)","Monster B Gone","Pale of the Ancients","Permanent Neow","Prisma Mod","Quick Restart","Reimu¡]³Õ???¡^","Relic Filter","Relic Sorter","Reliquary","Replay The Spire","SIMod","StSLib","Synergy Search","The Alterego","The Bug Knight","The Construct","The Cursed","The Dragon Tamer","The Gatherer","The Hayseed","The Immortal","The Poker Player","The Problem Sleuth","The Runesmith","The Showman","Unceasing Turn Reminder","Wide Potions","Yuri Mod","thorton"],"gold_per_floor":[113,13,38,49,49,49,92,117,117,117,117,117],"floor_reached":10,"language":"ENG","playtime":444,"items_purged":[],"score":68,"play_id":"bd3e1655-3f2c-4710-b398-1ea096acd181","local_time":"20210131122002","is_ascension_mode":false,"metric_token":4818,"campfire_choices":[{"data":"PokerPlayerMod:TrumpStrike","floor":6.0,"key":"SMITH"}],"circlet_count":0,"master_deck":["PokerPlayerMod:Diamond1","PokerPlayerMod:Diamond2","PokerPlayerMod:Diamond3","PokerPlayerMod:Diamond4","PokerPlayerMod:Diamond5","PokerPlayerMod:Spade1","PokerPlayerMod:Spade2","PokerPlayerMod:Spade3","PokerPlayerMod:Spade4","PokerPlayerMod:Club1","PokerPlayerMod:Club2","PokerPlayerMod:Heart2","PokerPlayerMod:TrumpStrike+1","PokerPlayerMod:BadJoker","PokerPlayerMod:Mulligan","PokerPlayerMod:ClubStrike","PokerPlayerMod:Spade6","conspire:SpireCoStock","conspire:SpireCoStock","PokerPlayerMod:ClubsClub","PokerPlayerMod:Diamond4","PokerPlayerMod:Club5"],"relics":["PokerPlayerMod:DeckCase","hubris:64BitClover"],"acts_visited":["Exordium"],"potions_floor_usage":[],"damage_taken":[{"damage":0.0,"enemies":"2 Louse","floor":1.0,"turns":1.0},{"damage":0.0,"enemies":"Cultist","floor":3.0,"turns":3.0},{"damage":6.0,"enemies":"conspire:RoseBush","floor":4.0,"turns":3.0},{"damage":33.0,"enemies":"Exordium Thugs","floor":7.0,"turns":4.0},{"damage":17.0,"enemies":"Lagavulin","floor":8.0,"turns":4.0},{"damage":9,"enemies":"3 Sentries","floor":10,"turns":2}],"seed_played":"7028074700441115501","potions_obtained":[{"floor":4.0,"key":"BlessingOfTheForge"},{"floor":5.0,"key":"PowerPotion"}],"is_trial":false,"path_per_floor":["M","?","M","M","?","R","M","E","T","E"],"character_chosen":"THE_POKER_PLAYER","items_purchased":[],"campfire_rested":0,"item_purchase_floors":[],"current_hp_per_floor":[52,52,52,46,46,46,15,1,1,0,0,0],"gold":117,"neow_bonus":"THREE_CARDS","is_daily":false,"chose_seed":false,"campfire_upgraded":1,"win_rate":0.0,"timestamp":1612066802,"path_taken":["M","?","M","M","?","R","M","E","T","E"],"items_purchased_type":[],"build_version":"2020-12-22","purchased_purges":0,"victory":false,"max_hp_per_floor":[52,52,52,52,52,52,52,52,52,52,52,52],"card_choices":[{"not_picked":["PokerPlayerMod:DiamondStrike","PokerPlayerMod:SecondChance"],"picked":"PokerPlayerMod:ClubStrike","floor":0.0},{"not_picked":["PokerPlayerMod:Heart1","PokerPlayerMod:MagicTrick"],"picked":"PokerPlayerMod:Spade6","floor":1.0},{"not_picked":["PokerPlayerMod:HeartStrike","PokerPlayerMod:ClubDance"],"picked":"PokerPlayerMod:ClubsClub","floor":3.0},{"not_picked":["PokerPlayerMod:ClubsClub","PokerPlayerMod:Diamond2"],"picked":"PokerPlayerMod:Diamond4","floor":4.0},{"not_picked":["PokerPlayerMod:Manipulation","PokerPlayerMod:Club2"],"picked":"PokerPlayerMod:Club5","floor":7.0},{"not_picked":["PokerPlayerMod:Raise","PokerPlayerMod:Heart1","PokerPlayerMod:Diamond1"],"picked":"SKIP","floor":8.0}],"player_experience":239742,"relics_obtained":[{"floor":8.0,"key":"hubris:64BitClover"}],"event_choices":[{"damage_healed":0.0,"max_hp_gain":0.0,"max_hp_loss":0.0,"gold_gain":0.0,"event_name":"conspire:Investor","player_choice":"Invest 2","floor":2.0,"gold_loss":0.0,"damage_taken":0.0},{"damage_healed":0.0,"max_hp_gain":0.0,"max_hp_loss":0.0,"gold_gain":0.0,"event_name":"Lab","player_choice":"Got Potions","floor":5.0,"gold_loss":0.0,"damage_taken":0.0}],"is_beta":false,"boss_relics":[],"items_purged_floors":[],"is_endless":false,"potions_floor_spawned":[4,7],"killed_by":"3 Sentries","ascension_level":0}}