{"host":"rkd2egloqduv8drx","time":1612097574,"event":{"mods":["ATMod(°¢èªMod)","Act Like it!","Arknights","BaseMod","CapriCore","Gensokyo","GungeonMod","Hermit","Jedi Mod","Koishi","Minty Spire (QoL Compilation)","Permanent Neow","Prisma Mod","Quick Restart","Rare Cards Sparkle","Robot Space Explorer","Spicy Shops","StSLib","The Administrix","The Bug Knight","The Immortal","WarShipGirlsR/Õ½½¢ÉÙÅ®R mod"],"gold_per_floor":[116,66,66,79,93,93,93,93],"floor_reached":7,"language":"ZHS","playtime":372,"items_purged":[],"score":41,"play_id":"5345e59d-aa11-46cf-ac0a-819e93ee72e4","local_time":"20210131205254","is_ascension_mode":false,"campfire_choices":[{"data":"Koishi:Prune","floor":6,"key":"SMITH"}],"circlet_count":0,"master_deck":["Koishi:BasicStrike","Koishi:BasicStrike","Koishi:BasicStrike","Koishi:BasicStrike","Koishi:BasicDefend","Koishi:BasicDefend","Koishi:BasicDefend","Koishi:Provoke","Koishi:HauntingSlash","Koishi:UnconsciousUprising","Koishi:TerrifyingSpectre","Koishi:Prune+1","Koishi:RorschachInDanmaku"],"relics":["Koishi:ImaginaryFriend","AT_ATBox","AT_Manta"],"acts_visited":["Exordium"],"potions_floor_usage":[],"damage_taken":[{"damage":4,"enemies":"Cultist","floor":1,"turns":5},{"damage":10,"enemies":"Small Slimes","floor":4,"turns":6},{"damage":0,"enemies":"Jaw Worm","floor":5,"turns":4},{"damage":7,"enemies":"3 Sentries","floor":7,"turns":3}],"seed_played":"3156242485865860936","potions_obtained":[{"floor":5,"key":"AttackPotion"}],"is_trial":false,"path_per_floor":["M","?","?","M","M","R","E"],"character_chosen":"KOISHI","items_purchased":[],"campfire_rested":0,"item_purchase_floors":[],"current_hp_per_floor":[40,40,40,32,34,34,27,27],"gold":93,"neow_bonus":"ONE_RARE_RELIC","is_daily":false,"chose_seed":false,"campfire_upgraded":1,"win_rate":0.0,"timestamp":1612097574,"path_taken":["M","?","?","?","M","R","E"],"items_purchased_type":[],"build_version":"2020-12-22","purchased_purges":0,"victory":false,"max_hp_per_floor":[60,60,60,60,60,60,60,60],"card_choices":[{"not_picked":["Koishi:ParalyzingFear","Koishi:UnansweredLove"],"picked":"Koishi:UnconsciousUprising","floor":1},{"not_picked":[],"picked":"Koishi:TerrifyingSpectre","floor":3},{"not_picked":["Koishi:FidgetySnatcher","Koishi:ParalyzingFear"],"picked":"Koishi:Prune","floor":4},{"not_picked":["Koishi:CatchAndRose","Koishi:RacingHeart"],"picked":"Koishi:RorschachInDanmaku","floor":5}],"player_experience":326415,"relics_obtained":[],"event_choices":[{"cards_removed":["Koishi:BasicDefend"],"damage_healed":0,"gold_gain":0,"player_choice":"Card Removal","damage_taken":0,"max_hp_gain":0,"max_hp_loss":0,"event_name":"The Cleric","floor":2,"gold_loss":50}],"is_beta":false,"boss_relics":[],"items_purged_floors":[],"is_endless":false,"potions_floor_spawned":[5],"killed_by":"3 Sentries","ascension_level":0}}