{"host":"xj2wyr3bqqv4irjd","time":1612088828,"event":{"mods":["Act Like it!","Aspiration","BaseMod","Koishi","Lobotomy","LobotomyExtend","Marisa£®ÏF”Í°°ƒß¿Ì…≥£©","Minty Spire (QoL Compilation)","Quick Restart","Rare Cards Sparkle","Reimu£®≤©¿ˆ¡È√Œ£©","Remilia£®¿Ÿ√◊¿Ú—«£©","Replay The Spire","SIMod","StSLib","The Alterego","Waifu the Spire","WarShipGirlsR/’ΩΩ¢…Ÿ≈ÆR mod","Yakumo Yukari mod","Youmu£®ªÍ∆«—˝√Œ£©"],"gold_per_floor":[134,144,144,164,177,177,177,177],"floor_reached":7,"language":"ZHS","playtime":433,"items_purged":[],"score":56,"play_id":"52223735-c7cb-4014-a722-d4959c88cf01","local_time":"20210131182708","is_ascension_mode":true,"campfire_choices":[{"data":"PositiveMatter_Antimatter_Universe_purple","floor":6.0,"key":"SMITH"}],"circlet_count":0,"master_deck":["AT_purpleEX","AT_purpleEX","AT_purpleEX","AT_purpleEX","Defend_purpleEX","Defend_purpleEX","Defend_purpleEX","Defend_purpleEX","Observe_purple_1+1","Observe_purple_2","Parasite","AbeCurse","Bait_Toxicbait_purple","RealityDreamConfluencek_purple","DimensionStaggered_purple","PositiveMatter_Antimatter_Universe_purple+1"],"relics":["Boundary_crack","Memoryfragments_purpleEX","Abe\u0027s Treasure","LetterFromLob"],"acts_visited":["Exordium"],"potions_floor_usage":[],"damage_taken":[{"damage":5.0,"enemies":"Cultist","floor":1.0,"turns":4.0},{"damage":4.0,"enemies":"Small Slimes","floor":2.0,"turns":5.0},{"damage":12.0,"enemies":"Jaw Worm","floor":4.0,"turns":5.0},{"damage":10.0,"enemies":"3 Louse","floor":5.0,"turns":4.0},{"damage":72,"enemies":"Gremlin Nob","floor":7,"turns":5}],"seed_played":"-5836091132338539436","potions_obtained":[{"floor":2.0,"key":"SpeedPotion"}],"is_trial":false,"path_per_floor":["M","M","?","M","M","R","E"],"character_chosen":"Youkari","items_purchased":[],"campfire_rested":0,"item_purchase_floors":[],"current_hp_per_floor":[59,57,57,53,46,46,0,0],"gold":177,"neow_bonus":"CURSED_BOSS_RELIC","is_daily":false,"chose_seed":false,"campfire_upgraded":1,"win_rate":0.0,"timestamp":1612088828,"path_taken":["M","M","?","M","M","R","E"],"items_purchased_type":[],"build_version":"2020-12-22","purchased_purges":0,"victory":false,"max_hp_per_floor":[70,70,70,73,73,73,73,73],"card_choices":[{"not_picked":["WingOfChimera_purple","RuleDissolution_purple"],"picked":"Bait_Toxicbait_purple","floor":1.0},{"not_picked":["AdvanceAttack_purple","StateDuplicate_purple"],"picked":"RealityDreamConfluencek_purple","floor":2.0},{"not_picked":["SfantasyHide_purple","AdvanceAttack_purple"],"picked":"DimensionStaggered_purple","floor":4.0},{"not_picked":["Line_surface_state_purple","RuleDissolution_purple"],"picked":"PositiveMatter_Antimatter_Universe_purple","floor":5.0}],"player_experience":566342,"relics_obtained":[{"floor":1.0,"key":"LetterFromLob"}],"event_choices":[],"is_beta":false,"boss_relics":[],"items_purged_floors":[],"is_endless":false,"potions_floor_spawned":[2],"killed_by":"Gremlin Nob","ascension_level":6}}