{"host":"ocll6kdfqxraqtza","time":1612071743,"event":{"mods":["2.2 Compatiblity","Act Like it!","Aspiration","BaseMod","Better Third Choice","Gensokyo","Hallownest","Hermit","Hubris","Jorbs\u0027s Wanderer Trilogy","Luminous","Marisa（霧雨　魔理沙）","Minty Spire (QoL Compilation)","Reimu（博??梦）","Replay The Spire","Shade Mod","StSLib","The Alterego","The Bug Knight","The Cursed","The Hierophant","The Marked","The Runesmith","TheBandit","Wandering Minibosses"],"gold_per_floor":[113,113,43,43,143,143,154,154,181,181,201,215,250,263,263,366,366,379,379,389,389,101,114,114,139,162,162,162,162,162,162,162],"floor_reached":31,"language":"ENG","playtime":670,"items_purged":["theMarked:Strike"],"score":262,"play_id":"41b58e41-b353-4400-a5d7-4c16f4369954","local_time":"20210131134223","is_ascension_mode":true,"campfire_choices":[{"data":"theMarked:SoldierOfQuellstein","floor":6,"key":"SMITH"},{"data":"theMarked:BanishingWave","floor":15,"key":"SMITH"},{"data":"theMarked:Defy","floor":24,"key":"SMITH"},{"data":"theMarked:Seal","floor":27,"key":"SMITH"},{"data":"theMarked:Panic","floor":29,"key":"SMITH"}],"circlet_count":0,"master_deck":["theMarked:Strike","theMarked:Strike","theMarked:Strike","theMarked:Defend","theMarked:Defend","theMarked:Defend","theMarked:SoldierOfQuellstein+1","theMarked:TunnelVision","Clumsy","theMarked:Static","theMarked:WardOff","theMarked:BanishingWave+1","theMarked:ResourceFulStrike","theMarked:Aftermath","theMarked:LightningStrikesTwice","theMarked:Overcharge","theMarked:Defy+1","theMarked:Electrify+1","theMarked:Panic+1","Thunderclap","theMarked:Generate+1","theMarked:WardOff+1","theMarked:Seal+1"],"relics":["theMarked:ArtifactOfAir","NeowsBlessing","Gensokyo:NagashiBinaDoll","Replay:Rubber Ducky","Anchor","ReplayFunnel","aspiration:PoetsPen_weak","Gensokyo:SongOfSouls","TentaclePot:ReiMu","Ice Cream"],"acts_visited":["Gensokyo:Gensokyo","Gensokyo:Gensokyoer"],"potions_floor_usage":[18,25],"damage_taken":[{"damage":0.0,"enemies":"Gensokyo:Python","floor":1.0,"turns":1.0},{"damage":0,"enemies":"Gensokyo:3_Fairies","floor":7,"turns":1},{"damage":0,"enemies":"Gensokyo:2_Kodama","floor":11,"turns":1},{"damage":1,"enemies":"Gensokyo:5_Fairies","floor":12,"turns":4},{"damage":18,"enemies":"Gensokyo:Aya","floor":13,"turns":6},{"damage":2,"enemies":"Gensokyo:3_Kodama","floor":14,"turns":2},{"damage":31,"enemies":"Gensokyo:Reimu","floor":16,"turns":6},{"damage":2,"enemies":"Gensokyo:3_Dogs","floor":18,"turns":2},{"damage":0,"enemies":"Gensokyo:Chomper","floor":20,"turns":2},{"damage":13,"enemies":"Gensokyo:Mirror_and_Dog","floor":23,"turns":3},{"damage":53,"enemies":"Gensokyo:Koishi","floor":25,"turns":5},{"damage":20,"enemies":"Gensokyo:Monolith_and_Dog","floor":31,"turns":3}],"seed_played":"-3875387399183895079","potions_obtained":[{"floor":7,"key":"DistilledChaos"},{"floor":11,"key":"SteroidPotion"},{"floor":12,"key":"Cursed Concoction"},{"floor":16,"key":"Explosive Potion"}],"is_trial":false,"path_per_floor":["M","?","?","$","?","R","M","?","T","?","M","M","E","M","R","B",null,"M","?","M","?","$","M","R","E","T","R","?","R","?","M"],"character_chosen":"THE_DEFAULT","items_purchased":["theMarked:Generate+1","TentaclePot:ReiMu"],"campfire_rested":0,"item_purchase_floors":[22,22],"current_hp_per_floor":[70,70,70,70,70,70,70,70,70,65,65,64,46,44,44,13,80,78,78,78,78,78,65,65,12,12,12,12,12,20,0,0],"gold":162,"neow_bonus":"THREE_ENEMY_KILL","is_daily":false,"chose_seed":false,"campfire_upgraded":5,"win_rate":0.0,"timestamp":1612071743,"path_taken":["M","?","?","$","?","R","M","?","T","?","M","M","E","M","R","BOSS","M","?","M","?","?","?","R","E","T","R","?","R","?","M"],"items_purchased_type":["Card","Relic"],"build_version":"2020-12-22","purchased_purges":1,"victory":false,"max_hp_per_floor":[70,70,70,70,70,70,70,70,70,80,80,80,80,80,80,80,80,80,80,80,80,80,80,80,80,80,80,80,80,80,80,80],"card_choices":[{"not_picked":["theMarked:Frustration","theMarked:Opportunist"],"picked":"theMarked:TunnelVision","floor":1.0},{"not_picked":["theMarked:TwofoldDefense","theMarked:WardOff"],"picked":"theMarked:Static","floor":7},{"not_picked":["theMarked:RepellingDischarge","theMarked:BanishingStrike"],"picked":"theMarked:WardOff","floor":8},{"not_picked":["theMarked:ChannelForce","theMarked:TwofoldDefense"],"picked":"theMarked:BanishingWave","floor":8},{"not_picked":["theMarked:WastefulAttack","theMarked:Memento"],"picked":"theMarked:ResourceFulStrike","floor":11},{"not_picked":["theMarked:WardOff","theMarked:TwofoldDefense"],"picked":"theMarked:Aftermath","floor":12},{"not_picked":["theMarked:Maelstrom","theMarked:Parkour"],"picked":"theMarked:LightningStrikesTwice","floor":13},{"not_picked":["theMarked:Maelstrom","theMarked:Frustration"],"picked":"theMarked:Overcharge","floor":14},{"not_picked":["theMarked:ThrowWeapon","theMarked:TurnInvisible"],"picked":"theMarked:Defy","floor":16},{"not_picked":["theMarked:WardOff","theMarked:Frustration"],"picked":"theMarked:Electrify+1","floor":18},{"not_picked":["theMarked:EnhanceMovement","theMarked:SelfDefenseTraining"],"picked":"theMarked:Panic","floor":20},{"not_picked":["theMarked:Improvise","theMarked:SwordAndMagic"],"picked":"theMarked:WardOff+1","floor":23},{"not_picked":["theMarked:Parkour","theMarked:Aftermath"],"picked":"theMarked:Seal","floor":25}],"player_experience":488276,"relics_obtained":[{"floor":9,"key":"Anchor"},{"floor":13,"key":"ReplayFunnel"},{"floor":25,"key":"Ice Cream"}],"event_choices":[],"is_beta":false,"boss_relics":[{"not_picked":["aspiration:RitualDagger","Astrolabe"],"picked":"aspiration:PoetsPen_weak"}],"items_purged_floors":[22],"is_endless":false,"potions_floor_spawned":[7,11,12,16],"killed_by":"Gensokyo:Monolith_and_Dog","ascension_level":1}}