{"host":"gobyjzz6xbwq9f9i","time":1612063720,"event":{"mods":["AchievementEnabler","BaseMod","Bestiary","Colored Map","Minty Spire (QoL Compilation)","Relic Stats"],"gold_per_floor":[109,126,138,154,4,4,32,44,92,105,35,69,82,1,1,101,101,117,42,62,62,79,79,79,105,177,177,177],"floor_reached":27,"language":"ENG","playtime":918,"items_purged":[],"score":284,"play_id":"122e800c-7864-4455-963f-b67534f8e583","local_time":"20210130192840","is_ascension_mode":true,"campfire_choices":[{"data":"EmptyFist","floor":6,"key":"SMITH"},{"floor":15,"key":"DIG"},{"floor":23,"key":"DIG"}],"circlet_count":0,"master_deck":["Strike_P+1","Strike_P+1","Strike_P+1","Strike_P+1","Defend_P+1","Defend_P+1","Defend_P+1","Eruption","Vigilance","Crescendo","EmptyFist+1","Halt","SashWhip","Consecrate","DeceiveReality","CutThroughFate","EmptyMind","Indignation","CarveReality","ClearTheMind","DevaForm","ReachHeaven","CutThroughFate"],"relics":["Sozu","Sling","Shovel","Bag of Marbles","White Beast Statue","Juzu Bracelet","Akabeko","Coffee Dripper","Enchiridion","TeardropLocket","Incense Burner","Frozen Egg 2"],"acts_visited":["Exordium","TheCity"],"potions_floor_usage":[],"damage_taken":[{"damage":0,"enemies":"2 Louse","floor":1,"turns":3},{"damage":0,"enemies":"Cultist","floor":2,"turns":2},{"damage":2,"enemies":"Small Slimes","floor":3,"turns":2},{"damage":0,"enemies":"3 Louse","floor":4,"turns":3},{"damage":6,"enemies":"3 Sentries","floor":7,"turns":3},{"damage":0,"enemies":"Looter","floor":8,"turns":1},{"damage":0,"enemies":"Large Slime","floor":10,"turns":2},{"damage":0,"enemies":"Gremlin Nob","floor":12,"turns":2},{"damage":7,"enemies":"Exordium Thugs","floor":13,"turns":3},{"damage":11,"enemies":"The Guardian","floor":16,"turns":11},{"damage":5,"enemies":"3 Byrds","floor":18,"turns":4},{"damage":22,"enemies":"Shell Parasite","floor":20,"turns":6},{"damage":12,"enemies":"3 Cultists","floor":22,"turns":3},{"damage":11,"enemies":"Slavers","floor":25,"turns":3},{"damage":6,"enemies":"Centurion and Healer","floor":27,"turns":1}],"seed_played":"-3062144330175593084","potions_obtained":[],"is_trial":false,"path_per_floor":["M","M","M","M","$","R","E","M","T","M","?","E","M","$","R","B",null,"M","?","M","?","M","R","?","E","T","M"],"character_chosen":"WATCHER","items_purchased":["Sling","CarveReality","ClearTheMind"],"campfire_rested":0,"item_purchase_floors":[5,14,14],"current_hp_per_floor":[72,72,70,70,70,70,64,64,64,64,64,64,57,57,57,46,72,67,67,45,29,17,17,17,6,6,0,0],"gold":177,"neow_bonus":"BOSS_RELIC","is_daily":false,"chose_seed":false,"campfire_upgraded":1,"win_rate":0.0,"timestamp":1612063720,"path_taken":["M","M","M","M","$","R","E","M","T","M","?","E","M","?","R","BOSS","M","?","M","?","M","R","?","E","T","M"],"items_purchased_type":["Relic","Card","Card"],"build_version":"2020-12-22","purchased_purges":0,"victory":false,"max_hp_per_floor":[72,72,72,72,72,72,72,72,72,72,72,72,72,72,72,72,72,72,72,72,72,72,72,72,72,72,72,72],"relic_stats":{"Sozu":9,"Shovel":2,"counters":[15,49],"Juzu Bracelet":0,"obtain_stats":[{"Enchiridion":21,"Juzu Bracelet":12,"Incense Burner":25,"TeardropLocket":23,"Frozen Egg 2":26,"Sling":5,"White Beast Statue":11,"Akabeko":15,"Sozu":0,"Shovel":7,"Bag of Marbles":9,"Coffee Dripper":17,"PureWater":0},{"Enchiridion":12,"Juzu Bracelet":8,"Incense Burner":14,"TeardropLocket":13,"Frozen Egg 2":14,"Sling":4,"White Beast Statue":7,"Akabeko":9,"Sozu":0,"Shovel":5,"Bag of Marbles":6,"Coffee Dripper":10,"PureWater":0},{"Enchiridion":42,"Juzu Bracelet":18,"Incense Burner":48,"TeardropLocket":45,"Frozen Egg 2":48,"Sling":10,"White Beast Statue":16,"Akabeko":21,"Sozu":0,"Shovel":13,"Bag of Marbles":14,"Coffee Dripper":32,"PureWater":0}]},"card_choices":[{"not_picked":["Vengeance","MentalFortress"],"picked":"Crescendo","floor":1},{"not_picked":["CutThroughFate","JustLucky"],"picked":"EmptyFist","floor":2},{"not_picked":["Protect","Evaluate"],"picked":"Halt","floor":3},{"not_picked":["Swivel","ForeignInfluence"],"picked":"SashWhip","floor":4},{"not_picked":["Evaluate","Crescendo"],"picked":"Consecrate","floor":7},{"not_picked":["BattleHymn","ForeignInfluence"],"picked":"DeceiveReality","floor":8},{"not_picked":["Sanctity","JustLucky"],"picked":"CutThroughFate","floor":10},{"not_picked":["JustLucky","SignatureMove"],"picked":"EmptyMind","floor":12},{"not_picked":["Omniscience","Conclude"],"picked":"Indignation","floor":13},{"not_picked":["Judgement","Devotion"],"picked":"DevaForm","floor":16},{"not_picked":["Consecrate+1","SignatureMove","Indignation"],"picked":"SKIP","floor":18},{"not_picked":["Collect","EmptyBody+1"],"picked":"ReachHeaven","floor":20},{"not_picked":["EmptyFist","PathToVictory"],"picked":"CutThroughFate","floor":22},{"not_picked":["Study","MasterReality","EmptyBody"],"picked":"SKIP","floor":25}],"player_experience":1227110,"relics_obtained":[{"floor":7,"key":"Shovel"},{"floor":9,"key":"Bag of Marbles"},{"floor":12,"key":"Juzu Bracelet"},{"floor":15,"key":"Akabeko"},{"floor":21,"key":"Enchiridion"},{"floor":23,"key":"TeardropLocket"},{"floor":25,"key":"Incense Burner"},{"floor":26,"key":"Frozen Egg 2"}],"event_choices":[{"damage_healed":0,"gold_gain":0,"player_choice":"Paid Gold","damage_taken":0,"relics_obtained":["White Beast Statue"],"max_hp_gain":0,"max_hp_loss":0,"event_name":"WeMeetAgain","floor":11,"gold_loss":70},{"cards_removed":["Defend_P"],"damage_healed":0,"gold_gain":0,"player_choice":"Gave Gold","damage_taken":0,"max_hp_gain":0,"max_hp_loss":0,"event_name":"Beggar","floor":19,"gold_loss":75},{"damage_healed":0,"gold_gain":0,"player_choice":"Obtained Book","damage_taken":16,"max_hp_gain":0,"max_hp_loss":0,"event_name":"Cursed Tome","floor":21,"gold_loss":0},{"damage_healed":0,"gold_gain":0,"player_choice":"Simplicity","damage_taken":0,"max_hp_gain":0,"max_hp_loss":0,"event_name":"Back to Basics","floor":24,"gold_loss":0,"cards_upgraded":["Strike_P","Strike_P","Strike_P","Strike_P","Defend_P","Defend_P","Defend_P"]}],"is_beta":false,"boss_relics":[{"not_picked":["Velvet Choker","Runic Dome"],"picked":"Coffee Dripper"}],"items_purged_floors":[],"is_endless":false,"potions_floor_spawned":[3,7,12,13,16,18,20,22,25],"killed_by":"Centurion and Healer","ascension_level":1}}