{"host":"fzjk61lpi4bwj033","time":1612129763,"event":{"mods":["Ascension Unlocker","BaseMod","Conspire","Downfall","Hermit","Hubris","Infinite Spire","Jorbs\u0027s Wanderer Trilogy","Minty Spire (QoL Compilation)","Rare Cards Sparkle","Replay The Spire","StSLib","The Jungle"],"gold_per_floor":[133,133,155,185,11,11,45,45,45,72,101,133,149,149],"floor_reached":13,"language":"ENG","playtime":436,"items_purged":[],"score":174,"play_id":"bbe7fd02-53b1-4eb7-92fd-b10fea8d40ed","local_time":"20210131154923","is_ascension_mode":true,"campfire_choices":[{"data":"hermit:Determination","floor":6,"key":"SMITH"},{"floor":8,"key":"REST"}],"circlet_count":0,"master_deck":["AscendersBane","hermit:Strike_Hermit","hermit:Strike_Hermit","hermit:Strike_Hermit","hermit:Strike_Hermit","hermit:Defend_Hermit","hermit:Defend_Hermit","hermit:Defend_Hermit","hermit:Defend_Hermit","hermit:Snapshot","hermit:Covet","hermit:Quickdraw","hermit:Glare","hermit:Dive","hubris:DuctTapeCard","hermit:WideOpen","hermit:Coalescence","hermit:Determination"],"relics":["hermit:Momento","Replay:Bandana","hubris:DuctTape","infinitespire:Midas Blood"],"acts_visited":["Exordium"],"potions_floor_usage":[10,11],"damage_taken":[{"damage":0,"enemies":"Cultist","floor":1,"turns":3},{"damage":0,"enemies":"Jaw Worm","floor":3,"turns":4},{"damage":10,"enemies":"Small Slimes","floor":4,"turns":3},{"damage":29,"enemies":"Lagavulin","floor":7,"turns":8},{"damage":5,"enemies":"Red Slaver","floor":10,"turns":3},{"damage":13,"enemies":"Exordium Wildlife","floor":11,"turns":4},{"damage":6,"enemies":"Exordium Thugs","floor":12,"turns":4},{"damage":26,"enemies":"Gremlin Nob","floor":13,"turns":3}],"seed_played":"-2402930596060026191","potions_obtained":[{"floor":3,"key":"hermit:BlackBile"},{"floor":10,"key":"Fire Potion"}],"is_trial":false,"path_per_floor":["M","?","M","M","$","R","E","R","T","M","M","M","E"],"character_chosen":"HERMIT","items_purchased":["hermit:Determination","hermit:Dive","Explosive Potion"],"campfire_rested":1,"item_purchase_floors":[5,5,5],"current_hp_per_floor":[64,64,64,54,54,54,25,46,46,41,28,22,0,0],"gold":149,"neow_bonus":"RANDOM_COMMON_RELIC","is_daily":false,"chose_seed":false,"campfire_upgraded":1,"win_rate":0.0,"timestamp":1612129763,"path_taken":["M","?","M","?","$","R","E","R","T","M","M","M","E"],"items_purchased_type":["Card","Card","Potion"],"build_version":"2020-12-22","purchased_purges":0,"victory":false,"max_hp_per_floor":[71,71,71,71,71,71,71,71,71,71,71,71,71,71],"card_choices":[{"not_picked":["hermit:LoneWolf","hermit:WideOpen"],"picked":"hermit:Quickdraw","floor":1},{"not_picked":["hermit:Cheat","hermit:Quickdraw"],"picked":"hermit:Glare","floor":3},{"not_picked":["hermit:Midnight","hermit:WideOpen"],"picked":"hermit:ShadowCloak","floor":4},{"not_picked":["hermit:Quickdraw","hermit:BigShot","hermit:Cheat"],"picked":"SKIP","floor":7},{"not_picked":["hermit:HighCaliber","hermit:Glare"],"picked":"hermit:WideOpen","floor":10},{"not_picked":["hermit:TrackingShot","hermit:Quickdraw"],"picked":"hermit:Coalescence","floor":11},{"not_picked":["hermit:DeadMansHand","hermit:FullyLoaded"],"picked":"hermit:Determination","floor":12}],"player_experience":810930,"relics_obtained":[{"floor":7,"key":"hubris:DuctTape"},{"floor":9,"key":"infinitespire:Midas Blood"}],"event_choices":[{"damage_healed":0,"gold_gain":0,"player_choice":"Ignored","damage_taken":0,"max_hp_gain":0,"max_hp_loss":0,"event_name":"Purifier","floor":2,"gold_loss":0}],"is_beta":false,"boss_relics":[],"items_purged_floors":[],"is_endless":false,"potions_floor_spawned":[3,10],"killed_by":"Gremlin Nob","ascension_level":20}}