{"host":"q6r63elxu27obe7v","time":1612077835,"event":{"mods":["2.2 Compatiblity","AchievementEnabler","BaseMod","CapriCore","DeckTracker","Keyboard Shortcuts","Minty Spire (QoL Compilation)","Permanent Neow","Quick Restart","StSLib","SuperFastMode","¡¼?Úª?ø«¡½REMEMod"],"gold_per_floor":[118,43,43,63,74,109,109,109,109,121,121,121],"floor_reached":11,"language":"KOR","playtime":246,"items_purged":["Defend_P"],"score":73,"play_id":"4a25e045-348e-48bd-8f75-71c140902592","local_time":"20210131162355","is_ascension_mode":false,"campfire_choices":[],"circlet_count":0,"master_deck":["Strike_P","Strike_P","Strike_P","Strike_P","Defend_P","Defend_P","Eruption","Vigilance","Phantasmal Killer","Halt","Halt","Crescendo","DeusExMachina"],"relics":["PureWater","REME_ComplimentaryCards","NeowsBlessing","REME_LimitBreaker","Pantograph"],"acts_visited":["Exordium"],"potions_floor_usage":[6,6,11],"damage_taken":[{"damage":0,"enemies":"Cultist","floor":1,"turns":1},{"damage":0,"enemies":"Small Slimes","floor":4,"turns":2},{"damage":0,"enemies":"Jaw Worm","floor":5,"turns":1},{"damage":41,"enemies":"3 Sentries","floor":6,"turns":7},{"damage":23,"enemies":"Exordium Thugs","floor":10,"turns":4},{"damage":44,"enemies":"Gremlin Nob","floor":11,"turns":2}],"seed_played":"-7120902956118853882","potions_obtained":[{"floor":4,"key":"LiquidMemories"},{"floor":5,"key":"ColorlessPotion"},{"floor":10,"key":"BlessingOfTheForge"}],"is_trial":false,"path_per_floor":["M","$","?","M","M","E","?","?","T","M","E"],"character_chosen":"WATCHER","items_purchased":[],"campfire_rested":0,"item_purchase_floors":[],"current_hp_per_floor":[72,72,72,72,72,31,31,55,55,32,0,0],"gold":121,"neow_bonus":"THREE_ENEMY_KILL","is_daily":false,"chose_seed":false,"campfire_upgraded":0,"win_rate":0.0,"timestamp":1612077835,"path_taken":["M","?","?","?","M","E","?","?","T","M","E"],"items_purchased_type":[],"build_version":"2020-12-22","purchased_purges":1,"victory":false,"max_hp_per_floor":[72,72,72,72,72,72,72,72,72,72,72,72],"card_choices":[{"not_picked":["ClearTheMind","FlyingSleeves"],"picked":"Halt","floor":1},{"not_picked":["Evaluate","SashWhip"],"picked":"Halt","floor":4},{"not_picked":["FlurryOfBlows","Protect"],"picked":"Crescendo","floor":5},{"not_picked":["Sanctity","ClearTheMind"],"picked":"DeusExMachina","floor":6},{"not_picked":["PathToVictory","CrushJoints","Pray"],"picked":"SKIP","floor":10}],"player_experience":69113,"relics_obtained":[{"floor":6,"key":"REME_LimitBreaker"},{"floor":9,"key":"Pantograph"}],"event_choices":[{"damage_healed":0,"gold_gain":0,"player_choice":"Ignored","damage_taken":0,"max_hp_gain":0,"max_hp_loss":0,"event_name":"Liars Game","floor":3,"gold_loss":0},{"cards_removed":["Defend_P"],"damage_healed":0,"gold_gain":0,"player_choice":"Forget","damage_taken":0,"max_hp_gain":0,"max_hp_loss":0,"event_name":"Living Wall","floor":7,"gold_loss":0},{"damage_healed":24,"gold_gain":0,"player_choice":"Banana","damage_taken":0,"max_hp_gain":0,"max_hp_loss":0,"event_name":"Big Fish","floor":8,"gold_loss":0}],"is_beta":false,"boss_relics":[],"items_purged_floors":[2],"is_endless":false,"potions_floor_spawned":[4,5,10],"killed_by":"Gremlin Nob","ascension_level":0}}