{"host":"y1oqg7uy0jc6f5mb","time":1612090782,"event":{"mods":["BaseMod","Better Altar","Better Match","Better Note","Better Sensory Stone","Better Skull","Better Third Choice","Colored Map","Colored Powertips","Custom Start","Downfall","Highlight Path","Ironclad Rager","Minty Spire (QoL Compilation)","Permanent Neow","Quick Restart","Relic Stats","Replay The Spire","Shop Mod","StSLib"],"gold_per_floor":[209,209,221,19,31,31,48,48,95,95,109,122,122,156,156,254,254,269,269,281,281,293,293,309,337,337,337,364,364,21,21,21,117,117,129,129,4,4,24,24,38,38,38,72,72,82,107,118,118,118,118,118,85,116,116],"floor_reached":56,"language":"ENG","playtime":4803,"items_purged":["Defend_P","Defend_P","Strike_P"],"score":1287,"play_id":"0a00621e-1680-4849-a477-b5a0e4b3a80a","local_time":"20210131185942","is_ascension_mode":true,"campfire_choices":[{"data":"Eruption","floor":6.0,"key":"SMITH"},{"data":"WaveOfTheHand","floor":8.0,"key":"SMITH"},{"data":"LikeWater","floor":10.0,"key":"SMITH"},{"data":"Alpha","floor":13.0,"key":"SMITH"},{"data":"Tantrum","floor":15.0,"key":"SMITH"},{"floor":23.0,"key":"RECALL"},{"floor":27.0,"key":"REST"},{"floor":29.0,"key":"REST"},{"floor":32.0,"key":"REST"},{"floor":40.0,"key":"REST"},{"floor":42.0,"key":"REST"},{"floor":45.0,"key":"REST"},{"floor":49.0,"key":"REST"},{"floor":52,"key":"REST"}],"circlet_count":0,"master_deck":["Strike_P+1","Defend_P+1","Defend_P","Eruption+1","Vigilance","WaveOfTheHand+1","FearNoEvil","LikeWater+1","ClearTheMind+1","Protect","DeceiveReality","ReachHeaven","Alpha+1","Tantrum+1","DeusExMachina+1","EmptyFist","Replay:Vibes","FlurryOfBlows+1","WheelKick+1","DevaForm+1","Replay:DivineShield+1","Prostrate+1","Replay:Anticipation+1","Enlightenment+1","FollowUp+1","FollowUp+1","Vault+1","FlurryOfBlows","Worship+1","Adaptation","Fasting2+1","Crescendo+1","InnerPeace+1","EmptyBody+1","Wireheading","EmptyFist+1"],"relics":["PureWater","BargainBundle","Lantern","Boot","Fusion Hammer","Replay:Arrowhead","Toxic Egg 2","Gremlin Food","Bloody Idol","Sozu","Replay:Bottled Eggs","Anchor","Replay:Bottled Flurry","Pet Ghost"],"acts_visited":["Exordium","TheCity","TheBeyond","TheEnding"],"potions_floor_usage":[55],"damage_taken":[{"damage":3.0,"enemies":"Jaw Worm","floor":1.0,"turns":4.0},{"damage":0.0,"enemies":"Small Slimes","floor":3.0,"turns":2.0},{"damage":0.0,"enemies":"Cultist","floor":5.0,"turns":6.0},{"damage":5.0,"enemies":"Large Slime","floor":7.0,"turns":8.0},{"damage":0.0,"enemies":"Blue Slaver","floor":11.0,"turns":4.0},{"damage":1.0,"enemies":"Exordium Wildlife","floor":12.0,"turns":5.0},{"damage":2.0,"enemies":"Lagavulin","floor":14.0,"turns":9.0},{"damage":18.0,"enemies":"The Guardian","floor":16.0,"turns":7.0},{"damage":5.0,"enemies":"3 Byrds","floor":18.0,"turns":7.0},{"damage":6.0,"enemies":"Spheric Guardian","floor":20.0,"turns":4.0},{"damage":5.0,"enemies":"Centurion and Healer","floor":22.0,"turns":4.0},{"damage":13.0,"enemies":"Snecko","floor":24.0,"turns":3.0},{"damage":13.0,"enemies":"Book of Stabbing","floor":25.0,"turns":5.0},{"damage":9.0,"enemies":"Replay:Snechameleon","floor":28.0,"turns":6.0},{"damage":2.0,"enemies":"Champ","floor":33.0,"turns":8.0},{"damage":0.0,"enemies":"Orb Walker","floor":35.0,"turns":4.0},{"damage":19.0,"enemies":"3 Darklings","floor":39.0,"turns":8.0},{"damage":15.0,"enemies":"Maw","floor":41.0,"turns":7.0},{"damage":51.0,"enemies":"Reptomancer","floor":44.0,"turns":7.0},{"damage":21.0,"enemies":"Transient","floor":46.0,"turns":6.0},{"damage":26.0,"enemies":"Nemesis","floor":47.0,"turns":4.0},{"damage":10.0,"enemies":"Spire Growth","floor":48.0,"turns":6.0},{"damage":29,"enemies":"Awakened One","floor":50,"turns":10},{"damage":90,"enemies":"Shield and Spear","floor":54,"turns":8},{"damage":163,"enemies":"The Heart","floor":55,"turns":9}],"seed_played":"-799815895424206322","potions_obtained":[{"floor":3.0,"key":"Elixir"},{"floor":14.0,"key":"SkillPotion"},{"floor":20.0,"key":"Weak Potion"},{"floor":33.0,"key":"Elixir"}],"is_trial":false,"path_per_floor":["M","?","M","$","M","R","M","R","T","R","M","M","R","E","R","B",null,"M","?","M","?","M","R","M","E","T","R","E","R","$","?","R","B",null,"M","?","$","$","M","R","M","R","T","E","R","M","E","M","R","B",null,"R","$","E","B",null],"character_chosen":"WATCHER","items_purchased":["BargainBundle","LiquidBronze","bronze:BurnAndBuffPotion","LikeWater","ClearTheMind","Prostrate+1","Replay:Anticipation+1","Enlightenment+1","FollowUp","Wireheading"],"campfire_rested":8,"item_purchase_floors":[4,4,4,4,4,30,30,30,30,53],"current_hp_per_floor":[69,69,69,69,69,69,64,64,64,64,64,63,63,61,61,43,72,67,67,61,61,56,56,43,30,30,51,42,63,63,27,48,51,72,72,72,72,72,58,72,62,72,72,26,47,31,40,35,56,27,72,72,72,17,4],"gold":116,"neow_bonus":"HUNDRED_GOLD","is_daily":false,"chose_seed":false,"campfire_upgraded":5,"win_rate":0.0,"timestamp":1612090782,"path_taken":["M","?","M","$","M","R","M","R","T","R","M","M","R","E","R","BOSS","M","?","?","?","M","R","M","E","T","R","E","R","$","?","R","BOSS","M","?","?","$","?","R","M","R","T","E","R","M","E","M","R","BOSS","R","$","E","BOSS"],"items_purchased_type":["Relic","Potion","Potion","Card","Card","Card","Card","Card","Card","Card"],"build_version":"2020-12-22","purchased_purges":3,"victory":true,"max_hp_per_floor":[72,72,72,72,72,72,72,72,72,72,72,72,72,72,72,72,72,72,72,72,72,72,72,72,72,72,72,72,72,72,72,72,72,72,72,72,72,72,72,72,72,72,72,72,72,72,72,72,72,72,72,72,72,72,72],"relic_stats":{"Sozu":3,"counters":[25,151],"Bloody Idol":40,"Boot":[130],"obtain_stats":[{"Gremlin Food":28,"BargainBundle":4,"Lantern":9,"Boot":14,"Replay:Arrowhead":25,"Pet Ghost":54,"Sozu":34,"Anchor":44,"Bloody Idol":31,"Fusion Hammer":17,"Replay:Bottled Flurry":47,"PureWater":0,"Toxic Egg 2":26,"Replay:Bottled Eggs":36},{"Gremlin Food":14,"BargainBundle":2,"Lantern":4,"Boot":7,"Replay:Arrowhead":13,"Pet Ghost":24,"Sozu":15,"Anchor":19,"Bloody Idol":14,"Fusion Hammer":8,"Replay:Bottled Flurry":21,"PureWater":0,"Toxic Egg 2":13,"Replay:Bottled Eggs":16},{"Gremlin Food":74,"BargainBundle":6,"Lantern":20,"Boot":38,"Replay:Arrowhead":68,"Pet Ghost":142,"Sozu":82,"Anchor":108,"Bloody Idol":74,"Fusion Hammer":45,"Replay:Bottled Flurry":118,"PureWater":0,"Toxic Egg 2":68,"Replay:Bottled Eggs":86}]},"card_choices":[{"not_picked":["SashWhip","FollowUp"],"picked":"WaveOfTheHand","floor":1.0},{"not_picked":["Prostrate","SashWhip"],"picked":"FearNoEvil","floor":3.0},{"not_picked":["Replay:AtTheReady","Evaluate"],"picked":"Protect","floor":5.0},{"not_picked":["Meditate","FlyingSleeves"],"picked":"DeceiveReality","floor":7.0},{"not_picked":["JustLucky","Worship"],"picked":"ReachHeaven","floor":11.0},{"not_picked":["FollowUp","ClearTheMind"],"picked":"Alpha","floor":12.0},{"not_picked":["BowlingBash","Perseverance"],"picked":"Tantrum","floor":14.0},{"not_picked":["DevaForm","ConjureBlade"],"picked":"DeusExMachina","floor":16.0},{"not_picked":["Replay:ManipulateFuture+1","Perseverance","CrushJoints"],"picked":"SKIP","floor":18.0},{"not_picked":["Replay:ManipulateFuture","Consecrate"],"picked":"Replay:Vibes","floor":20.0},{"not_picked":["Replay:ManipulateFuture","ForeignInfluence"],"picked":"FlurryOfBlows+1","floor":22.0},{"not_picked":["Halt","Replay:Anticipation"],"picked":"WheelKick+1","floor":24.0},{"not_picked":["Replay:AtTheReady","ReachHeaven"],"picked":"DevaForm","floor":25.0},{"not_picked":["Consecrate","CutThroughFate"],"picked":"Replay:DivineShield+1","floor":28.0},{"not_picked":["Devotion","MasterReality"],"picked":"Vault+1","floor":33.0},{"not_picked":["FearNoEvil+1","Replay:Cycle+1"],"picked":"FlurryOfBlows","floor":35.0},{"not_picked":["WindmillStrike+1","FearNoEvil"],"picked":"Worship+1","floor":39.0},{"not_picked":["FlyingSleeves+1","FollowUp"],"picked":"Adaptation","floor":41.0},{"not_picked":["Replay:ManipulateFuture+1","Study"],"picked":"Fasting2","floor":44.0},{"not_picked":["Replay:ManipulateFuture+1","CutThroughFate+1"],"picked":"Crescendo+1","floor":46.0},{"not_picked":["ConjureBlade+1","Indignation+1"],"picked":"InnerPeace+1","floor":47.0},{"not_picked":["Protect+1","FollowUp"],"picked":"EmptyBody+1","floor":48.0},{"not_picked":["FlyingSleeves+1","Vengeance+1"],"picked":"EmptyFist+1","floor":54}],"player_experience":280366,"relics_obtained":[{"floor":9.0,"key":"Lantern"},{"floor":14.0,"key":"Boot"},{"floor":25.0,"key":"Replay:Arrowhead"},{"floor":26.0,"key":"Toxic Egg 2"},{"floor":28.0,"key":"Gremlin Food"},{"floor":36.0,"key":"Replay:Bottled Eggs"},{"floor":44.0,"key":"Anchor"},{"floor":47.0,"key":"Replay:Bottled Flurry"},{"floor":54,"key":"Pet Ghost"}],"event_choices":[{"damage_healed":0.0,"max_hp_gain":0.0,"max_hp_loss":0.0,"gold_gain":0.0,"cards_transformed":["Strike_P"],"event_name":"Transmorgrifier","player_choice":"Transformed","floor":19.0,"gold_loss":0.0,"damage_taken":0.0,"cards_obtained":["EmptyFist"]},{"damage_healed":0.0,"max_hp_gain":0.0,"max_hp_loss":0.0,"gold_gain":0.0,"event_name":"Vampires","player_choice":"Ignored","floor":21.0,"gold_loss":0.0,"damage_taken":0.0},{"damage_healed":0.0,"max_hp_gain":63.0,"max_hp_loss":27.0,"gold_gain":0.0,"event_name":"betterAltar:BetterAltar","player_choice":" Idol ","floor":31.0,"potions_obtained":[],"relics_lost":[],"gold_loss":0.0,"damage_taken":36.0,"relics_obtained":["Bloody Idol"]},{"damage_healed":0.0,"max_hp_gain":0.0,"max_hp_loss":0.0,"gold_gain":0.0,"event_name":"Wheel of Change","player_choice":"Relic","floor":36.0,"gold_loss":0.0,"damage_taken":0.0}],"is_beta":false,"boss_relics":[{"not_picked":["Replay:Grab Bag","SacredBark"],"picked":"Fusion Hammer"},{"not_picked":["Painkiller Herb","Velvet Choker"],"picked":"Sozu"}],"items_purged_floors":[4,30,37],"is_endless":false,"potions_floor_spawned":[3,12,14,20,33,41,47,54],"ascension_level":2}}