{"host":"yfdtuf6ojcxn06xg","time":1612071431,"event":{"mods":["2.2 Compatiblity","AchievementEnabler","BaseMod","Colored Map","Colored Powertips","Curses Come First","Hermit","JesterMod","Jorbs\u0027s Wanderer Trilogy","Minty Spire (QoL Compilation)","Quick Restart","Rare Cards Sparkle","Relic Stats","Replay The Spire","StSLib","The Cursed","The Disciple","The Hierophant","The Jungle","The Marked","The Necromancer","The Servant 0.9.4"],"gold_per_floor":[110,110,128,128,139,139,139],"floor_reached":6,"language":"ENG","playtime":100,"items_purged":[],"score":38,"play_id":"a650921b-9bd0-4569-b3c9-4c47dc47b438","local_time":"20210131003711","is_ascension_mode":true,"campfire_choices":[],"circlet_count":0,"master_deck":["Strike_B","Strike_B","Strike_B","Strike_B","Defend_B","Defend_B","Defend_B","Defend_B","Zap","Dualcast","Blizzard","Panic Button","Barrage"],"relics":["Cracked Core","NeowsBlessing"],"acts_visited":["Exordium"],"potions_floor_usage":[6],"damage_taken":[{"damage":0,"enemies":"Small Slimes","floor":1,"turns":1},{"damage":0,"enemies":"Cultist","floor":3,"turns":1},{"damage":0,"enemies":"2 Louse","floor":5,"turns":1},{"damage":28,"enemies":"Gremlin Nob","floor":6,"turns":4}],"seed_played":"-5549049229403949150","potions_obtained":[{"floor":4,"key":"SpeedPotion"},{"floor":4,"key":"Adrenaline Potion"},{"floor":4,"key":"Regen Potion"}],"is_trial":false,"path_per_floor":["M","?","M","?","M","E"],"character_chosen":"DEFECT","items_purchased":[],"campfire_rested":0,"item_purchase_floors":[],"current_hp_per_floor":[75,75,75,75,75,47,47],"gold":139,"neow_bonus":"THREE_ENEMY_KILL","is_daily":false,"chose_seed":false,"campfire_upgraded":0,"win_rate":0.0,"timestamp":1612071431,"path_taken":["M","?","?","?","?","E"],"items_purchased_type":[],"build_version":"2020-12-22","purchased_purges":0,"victory":false,"max_hp_per_floor":[75,75,75,75,75,75,75],"relic_stats":{"counters":[4,7],"obtain_stats":[{"NeowsBlessing":0,"Cracked Core":0},{"NeowsBlessing":0,"Cracked Core":0},{"NeowsBlessing":0,"Cracked Core":0}]},"card_choices":[{"not_picked":["Steam","Reinforced Body"],"picked":"Blizzard","floor":1},{"not_picked":["Hologram","Sunder"],"picked":"Panic Button","floor":3},{"not_picked":["Gash","Leap"],"picked":"Barrage","floor":5}],"player_experience":238077,"relics_obtained":[],"event_choices":[{"damage_healed":0,"gold_gain":0,"player_choice":"Bought 0 Potions","damage_taken":0,"max_hp_gain":0,"max_hp_loss":0,"event_name":"The Woman in Blue","floor":2,"gold_loss":0},{"damage_healed":0,"gold_gain":0,"player_choice":"Got Potions","damage_taken":0,"max_hp_gain":0,"max_hp_loss":0,"event_name":"Lab","floor":4,"gold_loss":0}],"is_beta":false,"boss_relics":[],"items_purged_floors":[],"is_endless":false,"potions_floor_spawned":[5],"killed_by":"Gremlin Nob","ascension_level":1}}