{"host":"facnppb4175fcpe2","time":1612062860,"event":{"mods":["BaseMod","Downfall","Minty Spire (QoL Compilation)","StSLib"],"gold_per_floor":[109,127,146,156,173,205,205,205,205],"floor_reached":8,"language":"ZHS","playtime":446,"items_purged":[],"score":69,"play_id":"22b0c30f-9ebb-459e-a809-5c4a88c360d0","local_time":"20210131111420","is_ascension_mode":true,"campfire_choices":[{"data":"Bash","floor":7.0,"key":"SMITH"}],"circlet_count":0,"master_deck":["Strike_R","Strike_R","Strike_R","Strike_R","Strike_R","Defend_R","Defend_R","Defend_R","Defend_R","Bash+1","Shrug It Off"],"relics":["Burning Blood","Eternal Feather"],"acts_visited":[],"potions_floor_usage":[8],"damage_taken":[{"damage":10.0,"enemies":"Cultist","floor":1.0,"turns":4.0},{"damage":6.0,"enemies":"Jaw Worm","floor":2.0,"turns":5.0},{"damage":3.0,"enemies":"2 Louse","floor":3.0,"turns":4.0},{"damage":29.0,"enemies":"Exordium Thugs","floor":4.0,"turns":4.0},{"damage":0.0,"enemies":"Large Slime","floor":5.0,"turns":6.0},{"damage":60.0,"enemies":"Lagavulin","floor":6.0,"turns":9.0},{"damage":40,"enemies":"Gremlin Nob","floor":8,"turns":4}],"seed_played":"6778621842137787516","potions_obtained":[{"floor":2.0,"key":"AttackPotion"},{"floor":3.0,"key":"bronze:BurnAndBuffPotion"},{"floor":5.0,"key":"SkillPotion"}],"is_trial":false,"path_per_floor":["M","M","M","M","M","E","R","E"],"character_chosen":"IRONCLAD","items_purchased":[],"campfire_rested":0,"item_purchase_floors":[],"current_hp_per_floor":[84,84,87,64,70,16,22,0,0],"gold":205,"neow_bonus":"TEN_PERCENT_HP_BONUS","is_daily":false,"chose_seed":false,"campfire_upgraded":1,"win_rate":0.0,"timestamp":1612062860,"path_taken":["M","M","?","M","M","E","R","E"],"items_purchased_type":[],"build_version":"2020-12-22","purchased_purges":0,"victory":false,"max_hp_per_floor":[88,88,88,88,88,88,88,88,88],"card_choices":[{"not_picked":["Perfected Strike","Thunderclap","Dual Wield"],"picked":"SKIP","floor":1.0},{"not_picked":["Thunderclap","Ghostly Armor","Disarm"],"picked":"SKIP","floor":2.0},{"not_picked":["Body Slam","Thunderclap","Anger"],"picked":"SKIP","floor":3.0},{"not_picked":["Intimidate","Pommel Strike","Reckless Charge"],"picked":"SKIP","floor":4.0},{"not_picked":["Pommel Strike","Havoc"],"picked":"Shrug It Off","floor":5.0},{"not_picked":["Thunderclap","Heavy Blade","Bloodletting"],"picked":"SKIP","floor":6.0}],"player_experience":77010,"relics_obtained":[{"floor":6.0,"key":"Eternal Feather"}],"event_choices":[],"is_beta":false,"boss_relics":[],"items_purged_floors":[],"is_endless":false,"potions_floor_spawned":[2,3,5],"killed_by":"Gremlin Nob","ascension_level":3}}