{"host":"5ddwedapke4fsx0r","time":1612097331,"event":{"mods":["BaseMod","Downfall","Infinite Spire","Minty Spire (QoL Compilation)","Reliquary","Shade Mod","StSLib","The Clintock","The Construct","The Forsaken","The Gatherer","The Hierophant","The Servant 0.9.4","TheHero","TheSurvivalist"],"gold_per_floor":[99,112,127,127,127,127,154,174,200,100,131,131,148,148,148],"floor_reached":14,"language":"ENG","playtime":853,"items_purged":[],"score":103,"play_id":"830e3905-24e4-4161-ad44-6b08b24e087d","local_time":"20210131134851","is_ascension_mode":true,"campfire_choices":[{"data":"construct:DefenseMode","floor":1,"key":"SMITH"},{"data":"construct:GuardCore","floor":10,"key":"SMITH"},{"floor":12,"key":"REST"}],"circlet_count":0,"master_deck":["construct:Strike_Gold","construct:Strike_Gold","construct:Strike_Gold","construct:Strike_Gold","construct:Strike_Gold","construct:Defend_Gold","construct:Defend_Gold","construct:Defend_Gold","construct:Defend_Gold","construct:Defend_Gold","construct:AttackMode","construct:DefenseMode+1","construct:Analyze","construct:ElectricArmor","infinitespire:UltimateForm","construct:GuardCore+1","construct:Autoturret","construct:Construct_Overclock","construct:Tumble","construct:Tumble"],"relics":["construct:Cogwheel","reliquary:Aerogel","Letter Opener","downfall:HeartBlessingGreen","infinitespire:BottledMercury"],"acts_visited":["Exordium"],"potions_floor_usage":[9,14],"damage_taken":[{"damage":0,"enemies":"Jaw Worm","floor":2,"turns":7},{"damage":5,"enemies":"Small Slimes","floor":3,"turns":4},{"damage":0,"enemies":"Cultist","floor":6,"turns":1},{"damage":0,"enemies":"2 Fungi Beasts","floor":8,"turns":8},{"damage":18,"enemies":"Lagavulin","floor":9,"turns":8},{"damage":27,"enemies":"3 Sentries","floor":11,"turns":12},{"damage":7,"enemies":"Blue Slaver","floor":13,"turns":4},{"damage":35,"enemies":"Gremlin Nob","floor":14,"turns":4}],"seed_played":"6187547752192923603","potions_obtained":[{"floor":3,"key":"ColorlessPotion"},{"floor":9,"key":"Fire Potion"},{"floor":13,"key":"Ancient Potion"}],"is_trial":false,"path_per_floor":["R","M","M","?","?","M","T","M","E","R","E","R","M","E"],"character_chosen":"THE_CONSTRUCT_MOD","items_purchased":[],"campfire_rested":1,"item_purchase_floors":[],"current_hp_per_floor":[85,85,80,80,59,59,59,59,41,41,14,39,32,0,0],"gold":148,"neow_bonus":"THREE_CARDS","is_daily":false,"chose_seed":false,"campfire_upgraded":2,"win_rate":0.0,"timestamp":1612097331,"path_taken":["R","M","M","?","?","M","T","M","E","R","E","R","M","E"],"items_purchased_type":[],"build_version":"2020-12-22","purchased_purges":0,"victory":false,"max_hp_per_floor":[85,85,85,85,85,85,85,85,85,85,85,85,85,85,85],"card_choices":[{"not_picked":["construct:HeavyBolt","construct:ModeShift"],"picked":"construct:Analyze","floor":0},{"not_picked":["construct:SaveState","construct:ShiftStrike","construct:Backfire"],"picked":"SKIP","floor":2},{"not_picked":["construct:Versatility","construct:Accumulate"],"picked":"construct:ElectricArmor","floor":3},{"not_picked":["infinitespire:SevenWalls","infinitespire:Menacing"],"picked":"infinitespire:UltimateForm","floor":5},{"not_picked":["construct:MemoryTap","construct:Electrocute"],"picked":"construct:GuardCore","floor":6},{"not_picked":["construct:Analyze","construct:SweepLaser"],"picked":"construct:Autoturret","floor":8},{"not_picked":["construct:ScrapCannon","construct:ScopeCore"],"picked":"construct:Construct_Overclock","floor":9},{"not_picked":["construct:Bunker","construct:UnbalancingBlast"],"picked":"construct:Tumble","floor":11},{"not_picked":["construct:SaveState","construct:FierceBash"],"picked":"construct:Tumble","floor":13}],"player_experience":531807,"relics_obtained":[{"floor":7,"key":"reliquary:Aerogel"},{"floor":9,"key":"Letter Opener"},{"floor":11,"key":"infinitespire:BottledMercury"}],"event_choices":[],"is_beta":false,"boss_relics":[],"items_purged_floors":[],"is_endless":false,"potions_floor_spawned":[3,9,13],"killed_by":"Gremlin Nob","ascension_level":1}}