{"host":"5853c1oyph9xmrns","time":1612120776,"event":{"mods":["BaseMod","Colored Powertips","Downfall","Googly Eyes","Hermit","Mimic Mod","Minty Spire (QoL Compilation)","Quick Restart","Rare Cards Sparkle","StSLib","The IronCluck","Wide Potions"],"gold_per_floor":[99,99,99,99,199,210,282,312,326,501,201,258,258,290,309,407,407,407,423,423,0,13,13,47,80,94,94,79,79,95,109,122,225,225,225,237,254,254,301,316,367,396,396,406,441,455,472,483,495,495,495,527,225,225,225,225],"floor_reached":57,"language":"ENG","playtime":3262,"items_purged":[],"score":1483,"play_id":"59706665-bb20-4235-84f4-967abc622a72","local_time":"20210131151936","is_ascension_mode":true,"campfire_choices":[{"floor":1.0,"key":"RECALL"},{"data":"Guardian:TimeSifter","floor":11.0,"key":"SMITH"},{"floor":13.0,"key":"REST"},{"data":"Guardian:PolyBeam","floor":18.0,"key":"SMITH"},{"floor":29.0,"key":"REST"},{"data":"Guardian:RefractedBeam","floor":35.0,"key":"SMITH"},{"data":"Guardian:RefractedBeam+1","floor":43.0,"key":"SMITH"},{"floor":54.0,"key":"REST"}],"circlet_count":0,"master_deck":["Guardian:Strike_Guardian","Guardian:Strike_Guardian","Guardian:Strike_Guardian","Guardian:Strike_Guardian","Guardian:Defend_Guardian","Guardian:Defend_Guardian","Guardian:Defend_Guardian","Guardian:Defend_Guardian","Guardian:CurlUp","Guardian:TwinSlam","Guardian:TimeCapacitor","Guardian:Emergency","Guardian:Clone+1","downfall:Haunted","downfall:Haunted","Parasite","Guardian:TimeSifter+1","downfall:Malfunctioning","downfall:Icky","Guardian:ShieldCharger","Guardian:FastForward","Guardian:Repulse+1","Doubt","Guardian:ChargeCore","Guardian:ChargeUp","Guardian:PolyBeam+1","Guardian:GatlingBeam","Guardian:Planning","Pride","Guardian:Reroute","expansioncontent:AwakenDeath","Guardian:ChargeUp","Guardian:TimeBomb","Guardian:ShieldCharger","Guardian:ExploitGems","downfall:Haunted","Guardian:BronzeOrb","Guardian:WalkerClaw+1","Guardian:RefractedBeam+2","Guardian:BronzeOrb","Guardian:GatlingBeam","Guardian:RefractedBeam","Guardian:TemporalStrike+1","Guardian:ChargeCore","Guardian:ShieldCharger+1","Guardian:HyperBeam_Guardian","Guardian:Repulse","Guardian:RefractedBeam","Guardian:ConstructionForm","Guardian:Suspension+1","Guardian:TimeCapacitor","Guardian:ChargeCore+1","Guardian:Suspension","Guardian:Preprogram","expansioncontent:YouAreMine","Guardian:PolyBeam"],"relics":["Guardian:ModeShifter","downfall:HeartsMalice","Du-Vu Doll","PreservedInsect","downfall:HeartBlessingRed","downfall:HeartBlessingBlue","downfall:HeartBlessingGreen","Ginger","Guardian:PickAxe","Black Star","Eternal Feather","Lizard Tail","bronze:DecasWashers","InkBottle","Tiny Chest","SacredBark","Strawberry","Membership Card","hexamod:BolsterEngine","Oddly Smooth Stone","Art of War","Guardian:DefensiveModeMoreBlock","Gremlin Horn","bronze:DonusWashers","bronze:BronzeIdol","Bronze Scales"],"acts_visited":["Exordium","TheCity","TheBeyond","TheEnding"],"potions_floor_usage":[56,56],"damage_taken":[{"damage":0.0,"enemies":"Small Slimes","floor":2.0,"turns":1.0},{"damage":0.0,"enemies":"2 Louse","floor":3.0,"turns":1.0},{"damage":0.0,"enemies":"Jaw Worm","floor":4.0,"turns":1.0},{"damage":14.0,"enemies":"Blue Slaver","floor":6.0,"turns":4.0},{"damage":14.0,"enemies":"Gremlin Nob","floor":8.0,"turns":5.0},{"damage":13.0,"enemies":"Large Slime","floor":9.0,"turns":6.0},{"damage":10.0,"enemies":"Gremlin Nob","floor":12.0,"turns":5.0},{"damage":20.0,"enemies":"Lagavulin","floor":14.0,"turns":7.0},{"damage":22.0,"enemies":"Lots of Slimes","floor":15.0,"turns":5.0},{"damage":23.0,"enemies":"IC_STATUS_ARCHETYPE","floor":16.0,"turns":8.0},{"damage":20.0,"enemies":"Spheric Guardian","floor":19.0,"turns":4.0},{"damage":4.0,"enemies":"downfall:FleeingMerchant","floor":21.0,"turns":4.0},{"damage":17.0,"enemies":"Snake Plant","floor":22.0,"turns":5.0},{"damage":8.0,"enemies":"Cultist and Chosen","floor":24.0,"turns":5.0},{"damage":31.0,"enemies":"Gremlin Leader","floor":25.0,"turns":6.0},{"damage":31.0,"enemies":"Cultist and Chosen","floor":26.0,"turns":8.0},{"damage":9.0,"enemies":"downfall:FleeingMerchant","floor":28.0,"turns":4.0},{"damage":14.0,"enemies":"Centurion and Healer","floor":30.0,"turns":7.0},{"damage":0.0,"enemies":"Snecko","floor":31.0,"turns":2.0},{"damage":15.0,"enemies":"Snake Plant","floor":32.0,"turns":2.0},{"damage":6.0,"enemies":"WA_ARCHETYPE_CALM","floor":33.0,"turns":7.0},{"damage":0.0,"enemies":"Orb Walker","floor":36.0,"turns":2.0},{"damage":14.0,"enemies":"3 Darklings","floor":37.0,"turns":6.0},{"damage":9.0,"enemies":"Sphere and 2 Shapes","floor":40.0,"turns":3.0},{"damage":0.0,"enemies":"downfall:FleeingMerchant","floor":42.0,"turns":1.0},{"damage":12.0,"enemies":"Jaw Worm Horde","floor":44.0,"turns":4.0},{"damage":8.0,"enemies":"Reptomancer","floor":45.0,"turns":4.0},{"damage":5.0,"enemies":"Maw","floor":46.0,"turns":5.0},{"damage":28.0,"enemies":"3 Darklings","floor":47.0,"turns":4.0},{"damage":13.0,"enemies":"Transient","floor":48.0,"turns":5.0},{"damage":6.0,"enemies":"Jaw Worm Horde","floor":49.0,"turns":4.0},{"damage":55.0,"enemies":"SI_POISON_ARCHETYPE","floor":50.0,"turns":9.0},{"damage":76.0,"enemies":"downfall:CharBossMerchant","floor":52.0,"turns":7.0},{"damage":44,"enemies":"downfall:NeowBoss","floor":55,"turns":13},{"damage":54,"enemies":"downfall:NeowBossFinal","floor":56,"turns":6}],"seed_played":"768292537893658607","potions_obtained":[{"floor":6.0,"key":"EssenceOfSteel"},{"floor":8.0,"key":"Strength Potion"},{"floor":15.0,"key":"CultistPotion"},{"floor":16.0,"key":"Fruit Juice"},{"floor":22.0,"key":"Swift Potion"},{"floor":25.0,"key":"Dexterity Potion"},{"floor":32.0,"key":"Strength Potion"}],"is_trial":false,"path_per_floor":["R","M","M","M","?","M","T","E","M","?","R","?","R","E","M","B",null,"R","M","?","$","M","?","MIM","E","M","?","$","R","M","M","M","B",null,"R","M","M","?","T","M","T","$","R","M","E","M","M","M","M","B",null,"E","$","R","B","B",null],"character_chosen":"GUARDIAN","items_purchased":["Lizard Tail","expansioncontent:AwakenDeath","Membership Card","Guardian:HyperBeam_Guardian","hexamod:BolsterEngine","Guardian:Repulse","bronze:DonusWashers","expansioncontent:YouAreMine","Guardian:PolyBeam","bronze:BronzeIdol","Bronze Scales"],"campfire_rested":3,"item_purchase_floors":[21,21,42,42,42,42,53,53,53,53,53],"current_hp_per_floor":[80,80,80,80,85,71,71,57,44,44,54,44,72,52,30,19,107,107,87,87,83,66,66,58,27,53,53,44,97,83,83,68,62,107,107,107,93,93,100,91,91,91,114,102,94,89,61,48,42,11,114,38,38,105,61,7],"gold":225,"neow_bonus":"THREE_ENEMY_KILL","is_daily":false,"chose_seed":false,"campfire_upgraded":4,"win_rate":0.0,"timestamp":1612120776,"path_taken":["R","M","M","M","?","M","T","E","M","?","R","?","R","E","M","BOSS","R","M","?","$","M","?","MIM","E","M","?","$","R","M","M","M","BOSS","R","M","?","?","?","M","T","$","R","M","E","?","M","M","M","BOSS","E","$","R","BOSS","BOSS"],"items_purchased_type":["Relic","Card","Relic","Card","Relic","Card","Relic","Card","Card","Relic","Relic"],"build_version":"2020-12-22","purchased_purges":0,"victory":true,"max_hp_per_floor":[80,80,80,80,85,85,85,85,85,85,95,95,95,95,95,107,107,107,107,107,107,107,107,107,107,107,107,107,107,107,107,107,107,107,107,107,107,107,114,114,114,114,114,114,114,114,114,114,114,114,114,114,114,114,114,114],"card_choices":[{"not_picked":["Guardian:RollAttack","Guardian:ShieldCharger"],"picked":"Guardian:TimeCapacitor","floor":2.0},{"not_picked":["Guardian:Gem_Cyan","Guardian:EvasiveProtocol"],"picked":"Guardian:Emergency","floor":3.0},{"not_picked":["Guardian:VentSteam","Guardian:SentryBeam"],"picked":"Guardian:Clone","floor":4.0},{"not_picked":["Guardian:Gem_Cyan","Guardian:CrystalBeam"],"picked":"Guardian:ShieldCharger","floor":6.0},{"not_picked":["Guardian:BronzeOrb","Guardian:Suspension"],"picked":"Guardian:FastForward","floor":8.0},{"not_picked":["Guardian:SpikerProtocol","Guardian:Recover"],"picked":"Guardian:Repulse","floor":9.0},{"not_picked":["Guardian:Gem_Red","Guardian:Gem_Cyan"],"picked":"Guardian:ChargeCore","floor":12.0},{"not_picked":["Guardian:TimeCapacitor","Guardian:BronzeArmor"],"picked":"Guardian:ChargeUp","floor":14.0},{"not_picked":["Guardian:Gem_Lightblue","Guardian:PrismaticBeam"],"picked":"Guardian:PolyBeam","floor":15.0},{"not_picked":["Guardian:Gem_Synthetic","Guardian:ExploitGems"],"picked":"Guardian:GatlingBeam","floor":16.0},{"not_picked":["Guardian:BronzeArmor+1","Guardian:PrimingBeam"],"picked":"Guardian:Planning","floor":19.0},{"not_picked":["Guardian:Gem_Red","Guardian:CrystalBeam"],"picked":"Guardian:Reroute","floor":21.0},{"not_picked":["Guardian:Reroute+1","Guardian:BaubleBeam"],"picked":"Guardian:ChargeUp","floor":22.0},{"not_picked":["Guardian:Suspension","Guardian:Incinerate"],"picked":"Guardian:TemporalShield","floor":24.0},{"not_picked":["Guardian:Gem_Cyan","Guardian:CrystalBeam+1"],"picked":"Guardian:ShieldCharger","floor":25.0},{"not_picked":["Guardian:ArmoredProtocol+1","Guardian:PrimingBeam"],"picked":"Guardian:ExploitGems","floor":26.0},{"not_picked":["Guardian:PrimingBeam+1","Guardian:ShieldSpikes+1"],"picked":"Guardian:BronzeOrb","floor":28.0},{"not_picked":["Guardian:Suspension","Guardian:MultiBeam+1"],"picked":"Guardian:WalkerClaw+1","floor":30.0},{"not_picked":["Guardian:Gem_White","Guardian:Gem_Green"],"picked":"Guardian:RefractedBeam","floor":31.0},{"not_picked":["Guardian:Orbwalk","Guardian:RollAttack"],"picked":"Guardian:BronzeOrb","floor":32.0},{"not_picked":["Guardian:GemFire","Guardian:RevengeProtocol"],"picked":"Guardian:GatlingBeam","floor":33.0},{"not_picked":["Guardian:Gem_Cyan","Guardian:TemporalShield"],"picked":"Guardian:RefractedBeam","floor":36.0},{"not_picked":["Guardian:Planning","Guardian:Reroute"],"picked":"Guardian:TemporalStrike+1","floor":37.0},{"not_picked":["Guardian:VentSteam","Guardian:Gem_Lightblue"],"picked":"Guardian:ChargeCore","floor":40.0},{"not_picked":["Guardian:ArmoredProtocol+1","Guardian:Gem_Blue"],"picked":"Guardian:ShieldCharger+1","floor":42.0},{"not_picked":["Guardian:Gem_Red","Guardian:Clone"],"picked":"Guardian:RefractedBeam","floor":44.0},{"not_picked":["Guardian:Harden","Guardian:PrismaticBarrier"],"picked":"Guardian:ConstructionForm","floor":45.0},{"not_picked":["Guardian:PrimingBeam","Guardian:RollAttack"],"picked":"Guardian:Suspension+1","floor":46.0},{"not_picked":["Guardian:Planning+1","Guardian:Recover"],"picked":"Guardian:TimeCapacitor","floor":47.0},{"not_picked":["Guardian:DecasProtection+1","Guardian:GuardianWhirl+1"],"picked":"Guardian:ChargeCore+1","floor":48.0},{"not_picked":["Guardian:Gem_Cyan","Guardian:CrystalBeam"],"picked":"Guardian:Suspension","floor":49.0},{"not_picked":["Guardian:MultiBeam","Guardian:Gem_Red"],"picked":"Guardian:Preprogram","floor":52.0}],"player_experience":470926,"relics_obtained":[{"floor":8.0,"key":"PreservedInsect"},{"floor":12.0,"key":"Ginger"},{"floor":14.0,"key":"Guardian:PickAxe"},{"floor":24.0,"key":"bronze:DecasWashers"},{"floor":25.0,"key":"InkBottle"},{"floor":25.0,"key":"Tiny Chest"},{"floor":39.0,"key":"Strawberry"},{"floor":45.0,"key":"Oddly Smooth Stone"},{"floor":45.0,"key":"Art of War"},{"floor":52.0,"key":"Guardian:DefensiveModeMoreBlock"},{"floor":52.0,"key":"Gremlin Horn"}],"event_choices":[{"damage_healed":0.0,"max_hp_gain":0.0,"max_hp_loss":0.0,"gold_gain":0.0,"event_name":"Addict","player_choice":"Stole Relic","floor":20.0,"gold_loss":0.0,"damage_taken":0.0,"relics_obtained":["Eternal Feather"],"cards_obtained":["Pride"]},{"damage_healed":0.0,"max_hp_gain":0.0,"max_hp_loss":0.0,"gold_gain":0.0,"event_name":"The Library","player_choice":"Read","floor":23.0,"gold_loss":0.0,"damage_taken":0.0,"cards_obtained":["Guardian:TimeBomb"]},{"cards_removed":["Guardian:TemporalShield"],"damage_healed":0.0,"max_hp_gain":0.0,"max_hp_loss":0.0,"gold_gain":0.0,"event_name":"Falling","player_choice":"Removed Skill","floor":38.0,"gold_loss":0.0,"damage_taken":0.0}],"is_beta":false,"boss_relics":[{"not_picked":["Astrolabe","Empty Cage"],"picked":"Black Star"},{"not_picked":["Cursed Key","Sozu"],"picked":"SacredBark"}],"items_purged_floors":[],"is_endless":false,"potions_floor_spawned":[6,8,12,15,16,22,25,26,32,33,36,46,49],"ascension_level":1}}