{"host":"nolo0osttpwefhwj","time":1612130004,"event":{"mods":["AchievementEnabler","BaseMod","Bestiary","Colored Powertips","Minty Spire (QoL Compilation)","Permanent Neow","Quick Restart","Relic Stats"],"gold_per_floor":[119,79,4,4,20,47,47,61,112,112,39,64,81,101,101,175,175,189,189,104,104,124,150,160,190,190,203,203,203],"floor_reached":28,"language":"ENG","playtime":1626,"items_purged":["Strike_G"],"score":629,"play_id":"f62e8b2c-5f1a-446a-807e-3e4e8c88d2ee","local_time":"20210131225324","is_ascension_mode":true,"campfire_choices":[{"data":"Terror","floor":7.0,"key":"SMITH"},{"data":"Blade Dance","floor":10.0,"key":"SMITH"},{"data":"Sucker Punch","floor":15.0,"key":"SMITH"}],"circlet_count":0,"master_deck":["AscendersBane","Defend_G+1","Defend_G","Defend_G","Defend_G+1","Defend_G","Survivor","Neutralize","Sucker Punch+1","Terror+1","Predator","Blade Dance+1","Night Terror+1","Venomology+1","Escape Plan+1","Bite","Bite","Bite","Bite","Bite","Night Terror+1","Escape Plan+1","Burst+1","Writhe","Deflect+1"],"relics":["Ring of the Snake","Lantern","TungstenRod","Boot","Toxic Egg 2","War Paint","Cursed Key","Sundial","Nloth\u0027s Gift","Nunchaku","Paper Crane"],"acts_visited":["Exordium","TheCity"],"potions_floor_usage":[23,24,24,24,24,24,25,27,27,27,27,27,27,27,27,27,27,27,27,27,28,28,28],"damage_taken":[{"damage":0.0,"enemies":"Small Slimes","floor":1.0,"turns":1.0},{"damage":0.0,"enemies":"Cultist","floor":5.0,"turns":1.0},{"damage":0.0,"enemies":"3 Sentries","floor":6.0,"turns":1.0},{"damage":0.0,"enemies":"2 Louse","floor":8.0,"turns":3.0},{"damage":1.0,"enemies":"Lagavulin","floor":12.0,"turns":6.0},{"damage":0.0,"enemies":"Red Slaver","floor":13.0,"turns":2.0},{"damage":3.0,"enemies":"Blue Slaver","floor":14.0,"turns":2.0},{"damage":20.0,"enemies":"The Guardian","floor":16.0,"turns":12.0},{"damage":5.0,"enemies":"2 Thieves","floor":18.0,"turns":4.0},{"damage":5.0,"enemies":"Shell Parasite","floor":22.0,"turns":3.0},{"damage":0,"enemies":"Book of Stabbing","floor":23,"turns":8},{"damage":36,"enemies":"Cultist and Chosen","floor":24,"turns":6},{"damage":35,"enemies":"Slavers","floor":25,"turns":7},{"damage":12,"enemies":"Snake Plant","floor":27,"turns":4},{"damage":8,"enemies":"Snecko","floor":28,"turns":5}],"seed_played":"-9086294499780625288","potions_obtained":[{"floor":2.0,"key":"Fruit Juice"},{"floor":2.0,"key":"CultistPotion"},{"floor":2.0,"key":"SpeedPotion"},{"floor":5.0,"key":"EntropicBrew"},{"floor":16.0,"key":"Explosive Potion"},{"floor":18.0,"key":"AttackPotion"},{"floor":25,"key":"Fire Potion"}],"is_trial":false,"path_per_floor":["M","?","$","T","M","E","R","M","T","R","?","E","M","M","R","B",null,"M","?","?","?","M","E","M","E","T","M","M"],"character_chosen":"THE_SILENT","items_purchased":[],"campfire_rested":0,"item_purchase_floors":[],"current_hp_per_floor":[59,64,64,64,64,64,64,64,64,64,64,63,63,60,60,40,63,58,49,49,49,48,49,26,11,11,3,0,0],"gold":203,"neow_bonus":"THREE_ENEMY_KILL","is_daily":false,"chose_seed":false,"campfire_upgraded":3,"win_rate":0.0,"timestamp":1612130004,"path_taken":["M","?","$","?","?","E","R","?","T","R","?","E","?","M","R","BOSS","M","?","?","?","M","E","M","E","T","M","M"],"items_purchased_type":[],"build_version":"2020-12-22","purchased_purges":1,"victory":false,"max_hp_per_floor":[66,71,71,71,71,71,71,71,71,71,71,71,71,71,71,71,71,71,49,49,49,49,49,49,49,49,49,49,49],"relic_stats":{"Nunchaku":[5],"counters":[15,65],"Sundial":[4],"Nloth\u0027s Gift":2,"War Paint":["Defend_G","Defend_G"],"Boot":[48],"Cursed Key":1,"obtain_stats":[{"Lantern":4,"Nunchaku":23,"NeowsBlessing":0,"Sundial":20,"Nloth\u0027s Gift":21,"Toxic Egg 2":11,"War Paint":12,"Paper Crane":25,"Boot":9,"Cursed Key":17,"TungstenRod":6,"Ring of the Snake":0},{"Lantern":1,"Nunchaku":11,"NeowsBlessing":0,"Sundial":9,"Nloth\u0027s Gift":9,"Toxic Egg 2":4,"War Paint":5,"Paper Crane":13,"Boot":4,"Cursed Key":8,"TungstenRod":3,"Ring of the Snake":0},{"Lantern":1,"Nunchaku":43,"NeowsBlessing":0,"Sundial":32,"Nloth\u0027s Gift":32,"Toxic Egg 2":6,"War Paint":12,"Paper Crane":56,"Boot":6,"Cursed Key":28,"TungstenRod":3,"Ring of the Snake":0}],"TungstenRod":56,"Ring of the Snake":[30]},"card_choices":[{"not_picked":["Quick Slash","Flying Knee"],"picked":"Sucker Punch","floor":1.0},{"not_picked":["Acrobatics","Calculated Gamble"],"picked":"Terror","floor":5.0},{"not_picked":["Slice","Skewer"],"picked":"Predator","floor":6.0},{"not_picked":["Backstab","Deadly Poison"],"picked":"Blade Dance","floor":8.0},{"not_picked":["Poisoned Stab","Heel Hook","Caltrops"],"picked":"SKIP","floor":12.0},{"not_picked":["Leg Sweep+1","Outmaneuver+1"],"picked":"Night Terror+1","floor":13.0},{"not_picked":["Slice","Poisoned Stab","Riddle With Holes"],"picked":"SKIP","floor":14.0},{"not_picked":["Phantasmal Killer+1","Die Die Die"],"picked":"Venomology+1","floor":16.0},{"not_picked":["Eviscerate+1","Sucker Punch"],"picked":"Escape Plan+1","floor":18.0},{"not_picked":["Blur+1","Outmaneuver+1"],"picked":"Night Terror+1","floor":22.0},{"not_picked":["Crippling Poison+1","Eviscerate"],"picked":"Escape Plan+1","floor":23},{"not_picked":["Predator","Bane","Masterful Stab"],"picked":"SKIP","floor":24},{"not_picked":["Bullet Time+1","Bane"],"picked":"Burst+1","floor":25},{"not_picked":["Dash","Sucker Punch+1"],"picked":"Deflect+1","floor":27}],"player_experience":282447,"relics_obtained":[{"floor":4.0,"key":"Lantern"},{"floor":6.0,"key":"TungstenRod"},{"floor":9.0,"key":"Boot"},{"floor":12.0,"key":"War Paint"},{"floor":23,"key":"Nunchaku"},{"floor":25,"key":"Paper Crane"}],"event_choices":[{"damage_healed":0.0,"max_hp_gain":0.0,"max_hp_loss":0.0,"gold_gain":0.0,"event_name":"The Woman in Blue","player_choice":"Bought 3 Potions","floor":2.0,"gold_loss":0.0,"damage_taken":0.0},{"damage_healed":0.0,"max_hp_gain":0.0,"max_hp_loss":0.0,"gold_gain":0.0,"event_name":"WeMeetAgain","player_choice":"Paid Gold","floor":11.0,"gold_loss":73.0,"damage_taken":0.0,"relics_obtained":["Toxic Egg 2"]},{"damage_healed":0.0,"max_hp_gain":0.0,"max_hp_loss":22.0,"gold_gain":0.0,"event_name":"Vampires","player_choice":"Became a vampire","floor":19.0,"gold_loss":0.0,"damage_taken":0.0,"cards_obtained":["Bite","Bite","Bite","Bite","Bite"]},{"damage_healed":0.0,"max_hp_gain":0.0,"max_hp_loss":0.0,"gold_gain":0.0,"event_name":"Addict","player_choice":"Obtained Relic","floor":20.0,"gold_loss":85.0,"damage_taken":0.0,"relics_obtained":["Sundial"]},{"damage_healed":0.0,"max_hp_gain":0.0,"max_hp_loss":0.0,"gold_gain":0.0,"event_name":"N\u0027loth","player_choice":"Traded Relic","floor":21.0,"relics_lost":["NeowsBlessing"],"gold_loss":0.0,"damage_taken":0.0,"relics_obtained":["Nloth\u0027s Gift"]}],"is_beta":false,"boss_relics":[{"not_picked":["Runic Pyramid","Ectoplasm"],"picked":"Cursed Key"}],"items_purged_floors":[3],"is_endless":false,"potions_floor_spawned":[5,14,16,18,25,27],"killed_by":"Snecko","ascension_level":18}}