{"host":"9ndbo4kgsfoemf7y","time":1612090937,"event":{"mods":["AchievementEnabler","BaseMod","Colored Map","DeckTracker","Keyboard Shortcuts","Minty Spire (QoL Compilation)","Permanent Neow","Quick Restart","Relic Stats","StSLib","SuperFastMode"],"gold_per_floor":[112,43,43,218,218,218,245,11,34,77,106,106,118,136,136,248,248,267,292,313,238,258,258,298,298,298,324,344,369,369,369,369,369,369],"floor_reached":33,"language":"KOR","playtime":1310,"items_purged":[],"score":537,"play_id":"53780267-8743-4f8b-87f7-1b0da3863ccb","local_time":"20210131200217","is_ascension_mode":true,"campfire_choices":[{"data":"Defragment","floor":6.0,"key":"SMITH"},{"data":"Redo","floor":12.0,"key":"SMITH"},{"data":"Coolheaded","floor":15.0,"key":"SMITH"},{"floor":23.0,"key":"REST"},{"floor":25.0,"key":"REST"},{"floor":30.0,"key":"REST"},{"data":"Recycle","floor":32.0,"key":"SMITH"}],"circlet_count":0,"master_deck":["Strike_B","Strike_B","Strike_B","Defend_B","Defend_B+1","Defend_B","Defend_B","Zap","Dualcast","Capacitor","Defragment+1","Turbo+1","Redo+1","Coolheaded+1","Doom and Gloom","Cold Snap","Stack","Reboot","Recycle+1","Defragment+1","Glacier","BootSequence","Defragment","Undo+1"],"relics":["Cracked Core","NeowsBlessing","War Paint","TungstenRod","DataDisk","PreservedInsect","CeramicFish","Black Star","Tiny Chest","Lantern","Bottled Tornado","Molten Egg 2","White Beast Statue"],"acts_visited":["Exordium","TheCity"],"potions_floor_usage":[33],"damage_taken":[{"damage":0.0,"enemies":"Cultist","floor":1.0,"turns":1.0},{"damage":0.0,"enemies":"Lagavulin","floor":7.0,"turns":1.0},{"damage":0.0,"enemies":"3 Sentries","floor":10.0,"turns":1.0},{"damage":9.0,"enemies":"Small Slimes","floor":11.0,"turns":2.0},{"damage":4.0,"enemies":"2 Louse","floor":13.0,"turns":2.0},{"damage":8.0,"enemies":"Red Slaver","floor":14.0,"turns":4.0},{"damage":12.0,"enemies":"Hexaghost","floor":16.0,"turns":10.0},{"damage":0.0,"enemies":"Shell Parasite","floor":18.0,"turns":5.0},{"damage":24.0,"enemies":"3 Byrds","floor":19.0,"turns":6.0},{"damage":3.0,"enemies":"Centurion and Healer","floor":20.0,"turns":8.0},{"damage":29.0,"enemies":"Snake Plant","floor":22.0,"turns":4.0},{"damage":41.0,"enemies":"Gremlin Leader","floor":24.0,"turns":8.0},{"damage":0.0,"enemies":"Book of Stabbing","floor":27.0,"turns":6.0},{"damage":5.0,"enemies":"Snecko","floor":28.0,"turns":5.0},{"damage":8.0,"enemies":"Centurion and Healer","floor":29.0,"turns":4.0},{"damage":75,"enemies":"Collector","floor":33,"turns":7}],"seed_played":"-4414505678884207256","potions_obtained":[{"floor":1.0,"key":"Regen Potion"},{"floor":11.0,"key":"Regen Potion"},{"floor":14.0,"key":"PowerPotion"},{"floor":16.0,"key":"Ancient Potion"},{"floor":19.0,"key":"SkillPotion"},{"floor":27.0,"key":"Fire Potion"},{"floor":29.0,"key":"LiquidBronze"}],"is_trial":false,"path_per_floor":["M","$","?","?","?","R","E","$","T","E","M","R","M","M","R","B",null,"M","M","M","?","M","R","E","R","T","E","M","M","R","?","R","B"],"character_chosen":"DEFECT","items_purchased":["Defragment","DataDisk","Coolheaded","Doom and Gloom"],"campfire_rested":3,"item_purchase_floors":[2,8,8,8],"current_hp_per_floor":[68,68,68,68,68,68,68,68,68,68,59,59,55,47,47,35,65,65,55,52,52,23,45,4,26,26,26,21,13,35,60,60,0,0],"gold":369,"neow_bonus":"THREE_ENEMY_KILL","is_daily":false,"chose_seed":false,"campfire_upgraded":4,"win_rate":0.0,"timestamp":1612090937,"path_taken":["M","?","?","?","?","R","E","$","T","E","M","R","M","M","R","BOSS","M","M","M","?","M","R","E","R","T","E","M","M","R","?","R","BOSS"],"items_purchased_type":["Card","Relic","Card","Card"],"build_version":"2020-12-22","purchased_purges":0,"victory":false,"max_hp_per_floor":[75,75,75,75,75,75,75,75,75,75,75,75,75,75,75,75,75,75,75,75,75,75,75,75,75,75,75,75,75,75,75,75,75,75],"relic_stats":{"counters":[16,74],"CeramicFish":81,"Tiny Chest":0,"PreservedInsect":91,"Black Star":2,"War Paint":["Defend_B","Turbo"],"obtain_stats":[{"Lantern":24,"NeowsBlessing":0,"CeramicFish":10,"PreservedInsect":9,"War Paint":5,"Bottled Tornado":26,"White Beast Statue":27,"DataDisk":8,"Tiny Chest":24,"Molten Egg 2":27,"Black Star":17,"Cracked Core":0,"TungstenRod":7},{"Lantern":12,"NeowsBlessing":0,"CeramicFish":3,"PreservedInsect":2,"War Paint":1,"Bottled Tornado":12,"White Beast Statue":13,"DataDisk":2,"Tiny Chest":12,"Molten Egg 2":13,"Black Star":7,"Cracked Core":0,"TungstenRod":2},{"Lantern":52,"NeowsBlessing":0,"CeramicFish":3,"PreservedInsect":2,"War Paint":1,"Bottled Tornado":52,"White Beast Statue":58,"DataDisk":2,"Tiny Chest":52,"Molten Egg 2":58,"Black Star":21,"Cracked Core":0,"TungstenRod":2}],"TungstenRod":49},"card_choices":[{"not_picked":["Force Field","Compile Driver"],"picked":"Capacitor","floor":1.0},{"not_picked":["Reprogram","Go for the Eyes"],"picked":"Redo","floor":7.0},{"not_picked":["Fusion","Stack"],"picked":"Cold Snap","floor":10.0},{"not_picked":["Streamline","Blizzard"],"picked":"Stack","floor":11.0},{"not_picked":["Static Discharge","Beam Cell","Redo"],"picked":"SKIP","floor":13.0},{"not_picked":["Steam","Stack","Redo"],"picked":"SKIP","floor":14.0},{"not_picked":["All For One","Fission"],"picked":"Reboot","floor":16.0},{"not_picked":["Conserve Battery","Compile Driver"],"picked":"Recycle","floor":18.0},{"not_picked":["Gash+1","Hologram"],"picked":"Defragment+1","floor":19.0},{"not_picked":["Turbo","Gash"],"picked":"Glacier","floor":20.0},{"not_picked":["Force Field","Coolheaded","Glacier+1"],"picked":"SKIP","floor":22.0},{"not_picked":["Chill","Barrage"],"picked":"BootSequence","floor":24.0},{"not_picked":["Amplify","Rebound+1","Hyperbeam+1"],"picked":"SKIP","floor":27.0},{"not_picked":["Scrape+1","Doom and Gloom+1"],"picked":"Defragment","floor":28.0},{"not_picked":["Leap+1","Stack"],"picked":"Undo+1","floor":29.0}],"player_experience":851437,"relics_obtained":[{"floor":5.0,"key":"War Paint"},{"floor":7.0,"key":"TungstenRod"},{"floor":9.0,"key":"PreservedInsect"},{"floor":10.0,"key":"CeramicFish"},{"floor":24.0,"key":"Tiny Chest"},{"floor":24.0,"key":"Lantern"},{"floor":26.0,"key":"Bottled Tornado"},{"floor":27.0,"key":"Molten Egg 2"},{"floor":27.0,"key":"White Beast Statue"}],"event_choices":[{"damage_healed":0.0,"max_hp_gain":0.0,"max_hp_loss":0.0,"gold_gain":0.0,"cards_transformed":["Strike_B"],"event_name":"Living Wall","player_choice":"Change","floor":3.0,"gold_loss":0.0,"damage_taken":0.0,"cards_obtained":["Turbo"]},{"damage_healed":0.0,"max_hp_gain":0.0,"max_hp_loss":0.0,"gold_gain":175.0,"event_name":"Liars Game","player_choice":"AGREE","floor":4.0,"gold_loss":0.0,"damage_taken":0.0,"cards_obtained":["Doubt"]},{"damage_healed":0.0,"max_hp_gain":0.0,"max_hp_loss":0.0,"gold_gain":0.0,"event_name":"Wheel of Change","player_choice":"Relic","floor":5.0,"gold_loss":0.0,"damage_taken":0.0},{"cards_removed":["Doubt"],"damage_healed":0.0,"max_hp_gain":0.0,"max_hp_loss":0.0,"gold_gain":0.0,"event_name":"Beggar","player_choice":"Gave Gold","floor":21.0,"gold_loss":75.0,"damage_taken":0.0},{"damage_healed":25.0,"max_hp_gain":0.0,"max_hp_loss":0.0,"gold_gain":0.0,"event_name":"The Library","player_choice":"Heal","floor":31.0,"gold_loss":0.0,"damage_taken":0.0}],"is_beta":false,"boss_relics":[{"not_picked":["SacredBark","Runic Pyramid"],"picked":"Black Star"}],"items_purged_floors":[],"is_endless":false,"potions_floor_spawned":[1,11,14,16,19,22,27,28,29],"killed_by":"Collector","ascension_level":9}}