{"host":"wax43jg6ifsmujjv","time":1612136259,"event":{"mods":["AchievementEnabler","BaseMod","Downfall","Minty Spire (QoL Compilation)","StSLib"],"gold_per_floor":[99,117,117,0,17,37,37,52,52,65,83,83,139,150,167,167,167,167],"floor_reached":16,"language":"ENG","playtime":1703,"items_purged":["downfall:Aged"],"score":121,"play_id":"a9a4c3c2-03f9-49e7-8c18-9d22b874a66e","local_time":"20210131183739","is_ascension_mode":false,"campfire_choices":[{"floor":1,"key":"RECALL"},{"data":"Guardian:TwinSlam","floor":9,"key":"SMITH"},{"data":"Guardian:EvasiveProtocol","floor":12,"key":"SMITH"}],"circlet_count":0,"master_deck":["Guardian:Strike_Guardian","Guardian:Strike_Guardian","Guardian:Defend_Guardian","Guardian:Defend_Guardian","Guardian:Defend_Guardian","Guardian:CurlUp","Guardian:TwinSlam+1","Guardian:Recover","Guardian:Gem_Synthetic","Guardian:MultiBeam","Guardian:Planning","Guardian:Reroute","Guardian:Gem_Red","Guardian:EvasiveProtocol+1","Guardian:TimeSifter","Guardian:Gem_Lightblue","Guardian:EvasiveProtocol"],"relics":["Guardian:ModeShifter","Mango"],"acts_visited":["Exordium"],"potions_floor_usage":[10,13,13,13],"damage_taken":[{"damage":1,"enemies":"Cultist","floor":2,"turns":6},{"damage":0,"enemies":"downfall:FleeingMerchant","floor":4,"turns":4},{"damage":1,"enemies":"Jaw Worm","floor":5,"turns":7},{"damage":0,"enemies":"2 Louse","floor":6,"turns":1},{"damage":9,"enemies":"Exordium Thugs","floor":8,"turns":6},{"damage":10,"enemies":"3 Louse","floor":10,"turns":2},{"damage":7,"enemies":"Blue Slaver","floor":11,"turns":3},{"damage":4,"enemies":"3 Sentries","floor":13,"turns":5},{"damage":18,"enemies":"Exordium Thugs","floor":14,"turns":3},{"damage":4,"enemies":"2 Fungi Beasts","floor":15,"turns":4},{"damage":99,"enemies":"DF_ARCHETYPE_STREAMLINE","floor":16,"turns":14}],"seed_played":"4846436162956916402","potions_obtained":[{"floor":5,"key":"AttackPotion"},{"floor":6,"key":"SpeedPotion"},{"floor":10,"key":"LiquidBronze"},{"floor":11,"key":"ColorlessPotion"}],"is_trial":false,"path_per_floor":["R","M","?","$","M","M","T","M","R","M","M","R","?","M","M","B"],"character_chosen":"GUARDIAN","items_purchased":["Guardian:Gem_Cyan"],"campfire_rested":0,"item_purchase_floors":[4],"current_hp_per_floor":[88,87,87,87,86,86,86,77,77,67,60,60,70,52,48,0,0,0],"gold":167,"neow_bonus":"TEN_PERCENT_HP_BONUS","is_daily":false,"chose_seed":false,"campfire_upgraded":2,"win_rate":0.0,"timestamp":1612136259,"path_taken":["R","?","?","$","?","?","T","M","R","M","M","R","?","M","M","BOSS"],"items_purchased_type":["Card"],"build_version":"2020-12-22","purchased_purges":1,"victory":false,"max_hp_per_floor":[88,88,88,88,88,88,88,88,88,88,88,88,102,102,102,102,102,102],"card_choices":[{"not_picked":["Guardian:ChargeCore","Guardian:PolyBeam"],"picked":"Guardian:Recover","floor":2},{"not_picked":["Guardian:SentryBeam","Guardian:Recover"],"picked":"Guardian:Gem_White","floor":4},{"not_picked":["Guardian:PolyBeam","Guardian:Reroute"],"picked":"Guardian:MultiBeam","floor":5},{"not_picked":["Guardian:BronzeArmor","Guardian:Suspension"],"picked":"Guardian:Planning","floor":6},{"not_picked":["Guardian:Emergency","Guardian:ChargeCore"],"picked":"Guardian:Reroute","floor":8},{"not_picked":["Guardian:Planning","Guardian:TemporalShield"],"picked":"Guardian:Gem_Red","floor":10},{"not_picked":["Guardian:ArmoredProtocol","Guardian:PrismaticBeam"],"picked":"Guardian:EvasiveProtocol","floor":11},{"not_picked":["Guardian:Gem_Crimson","Guardian:PiercingHide"],"picked":"Guardian:TimeSifter","floor":13},{"not_picked":["Guardian:Reroute","Guardian:PiercingHide"],"picked":"Guardian:Gem_Lightblue","floor":14},{"not_picked":["Guardian:TemporalShield","Guardian:Gem_Cyan"],"picked":"Guardian:EvasiveProtocol","floor":15}],"player_experience":122682,"relics_obtained":[{"floor":13,"key":"Mango"}],"event_choices":[],"is_beta":false,"boss_relics":[],"items_purged_floors":[4],"is_endless":false,"potions_floor_spawned":[5,6,10,11],"killed_by":"DF_ARCHETYPE_STREAMLINE","ascension_level":0}}