{"host":"6xsbn6ynqlzwllfm","time":1612067993,"event":{"mods":["2.2 Compatiblity","BaseMod","Bestiary","Colored Map","Colored Powertips","Curses Come First","Highlight Path","Keyboard Shortcuts","Minty Spire (QoL Compilation)","Relic Stats","Slay the Relics Exporter","StSLib","SuperFastMode"],"gold_per_floor":[141,179,179,214,42,92,92,157,157,157,191,60,60,106,106,182,182,232,256,300,331,361,361],"floor_reached":22,"language":"ENG","playtime":643,"items_purged":["Strike_P"],"score":384,"play_id":"3532bd3d-4cde-471d-ba3b-9da3a6fa9c40","local_time":"20210130233953","is_ascension_mode":true,"campfire_choices":[{"data":"Wish","floor":7.0,"key":"SMITH"},{"data":"BattleHymn","floor":10.0,"key":"SMITH"},{"data":"CrushJoints","floor":15.0,"key":"SMITH"}],"circlet_count":0,"master_deck":["AscendersBane","Strike_P","Strike_P+1","Defend_P+1","Defend_P","Defend_P+1","Defend_P","Eruption","Vigilance+1","Wish+1","Conclude","SignatureMove","BattleHymn+1","FlyingSleeves","CrushJoints+1","MentalFortress","DeusExMachina","SandsOfTime"],"relics":["PureWater","Lee\u0027s Waffle","Tiny Chest","Incense Burner","Bottled Lightning","War Paint","Black Star","Bronze Scales","Red Mask"],"acts_visited":["Exordium","TheCity"],"potions_floor_usage":[21],"damage_taken":[{"damage":9.0,"enemies":"2 Louse","floor":1.0,"turns":4.0},{"damage":10.0,"enemies":"Small Slimes","floor":2.0,"turns":4.0},{"damage":0.0,"enemies":"Cultist","floor":4.0,"turns":2.0},{"damage":27.0,"enemies":"Lagavulin","floor":6.0,"turns":7.0},{"damage":10.0,"enemies":"3 Sentries","floor":8.0,"turns":3.0},{"damage":20.0,"enemies":"3 Sentries","floor":11.0,"turns":4.0},{"damage":5.0,"enemies":"Blue Slaver","floor":14.0,"turns":4.0},{"damage":2.0,"enemies":"Hexaghost","floor":16.0,"turns":7.0},{"damage":10.0,"enemies":"Chosen","floor":18.0,"turns":5.0},{"damage":0.0,"enemies":"3 Byrds","floor":20.0,"turns":6.0},{"damage":33,"enemies":"Masked Bandits","floor":21,"turns":5},{"damage":22,"enemies":"Sentry and Sphere","floor":22,"turns":2}],"seed_played":"-8990589719823624340","potions_obtained":[{"floor":1.0,"key":"Regen Potion"},{"floor":2.0,"key":"SneckoOil"},{"floor":11.0,"key":"DistilledChaos"},{"floor":20.0,"key":"Ancient Potion"}],"is_trial":false,"path_per_floor":["M","M","?","M","$","E","R","?","T","R","E","$","?","M","R","B",null,"M","T","M","?","M"],"character_chosen":"WATCHER","items_purchased":["Lee\u0027s Waffle","SteroidPotion"],"campfire_rested":0,"item_purchase_floors":[5,12],"current_hp_per_floor":[34,24,4,9,75,48,48,38,38,38,18,18,18,13,13,11,59,49,49,49,16,0,0],"gold":361,"neow_bonus":"THREE_RARE_CARDS","is_daily":false,"chose_seed":false,"campfire_upgraded":3,"win_rate":0.0,"timestamp":1612067993,"path_taken":["M","M","?","M","$","E","R","?","T","R","E","$","?","?","R","BOSS","M","?","M","?","M"],"items_purchased_type":["Relic","Potion"],"build_version":"2020-12-22","purchased_purges":1,"victory":false,"max_hp_per_floor":[68,68,68,68,75,75,75,75,75,75,75,75,75,75,75,75,75,75,75,75,75,75,75],"relic_stats":{"Lee\u0027s Waffle":66,"counters":[12,53],"Bronze Scales":[68],"Tiny Chest":1,"Black Star":0,"War Paint":["Defend_P","Defend_P"],"obtain_stats":[{"Lee\u0027s Waffle":5,"Bronze Scales":19,"Tiny Chest":6,"Incense Burner":8,"Black Star":17,"Red Mask":21,"Bottled Lightning":9,"PureWater":0,"War Paint":11},{"Lee\u0027s Waffle":3,"Bronze Scales":9,"Tiny Chest":4,"Incense Burner":5,"Black Star":8,"Red Mask":11,"Bottled Lightning":5,"PureWater":0,"War Paint":6},{"Lee\u0027s Waffle":10,"Bronze Scales":40,"Tiny Chest":17,"Incense Burner":20,"Black Star":35,"Red Mask":51,"Bottled Lightning":20,"PureWater":0,"War Paint":24}]},"card_choices":[{"not_picked":["Devotion","MasterReality"],"picked":"Wish","floor":0.0},{"not_picked":["DeceiveReality","EmptyBody"],"picked":"Conclude","floor":1.0},{"not_picked":["Protect","Meditate"],"picked":"SignatureMove","floor":2.0},{"not_picked":["PathToVictory","FearNoEvil"],"picked":"BattleHymn","floor":4.0},{"not_picked":["FlurryOfBlows","JustLucky","InnerPeace"],"picked":"SKIP","floor":6.0},{"not_picked":["WreathOfFlame","BowlingBash"],"picked":"FlyingSleeves","floor":8.0},{"not_picked":["Protect","PathToVictory"],"picked":"CrushJoints","floor":11.0},{"not_picked":["PathToVictory","FlurryOfBlows"],"picked":"MentalFortress","floor":14.0},{"not_picked":["Brilliance","Devotion"],"picked":"DeusExMachina","floor":16.0},{"not_picked":["Fasting2+1","ReachHeaven"],"picked":"SandsOfTime","floor":18.0}],"player_experience":1321668,"relics_obtained":[{"floor":6.0,"key":"Tiny Chest"},{"floor":8.0,"key":"Incense Burner"},{"floor":9.0,"key":"Bottled Lightning"},{"floor":11.0,"key":"War Paint"},{"floor":19.0,"key":"Bronze Scales"},{"floor":21,"key":"Red Mask"}],"event_choices":[{"damage_healed":0.0,"max_hp_gain":0.0,"max_hp_loss":0.0,"gold_gain":0.0,"event_name":"Shining Light","player_choice":"Entered Light","floor":3.0,"gold_loss":0.0,"damage_taken":20.0,"cards_upgraded":["Vigilance","Strike_P"]},{"damage_healed":0.0,"max_hp_gain":0.0,"max_hp_loss":0.0,"gold_gain":0.0,"event_name":"Dead Adventurer","player_choice":"Searched \u00271\u0027 times","floor":8.0,"gold_loss":0.0,"damage_taken":0.0},{"cards_removed":["Strike_P"],"damage_healed":0.0,"max_hp_gain":0.0,"max_hp_loss":0.0,"gold_gain":0.0,"event_name":"Purifier","player_choice":"Purged","floor":13.0,"gold_loss":0.0,"damage_taken":0.0},{"damage_healed":0,"gold_gain":0,"player_choice":"Fought Bandits","damage_taken":0,"max_hp_gain":0,"max_hp_loss":0,"event_name":"Masked Bandits","floor":21,"gold_loss":0}],"is_beta":false,"boss_relics":[{"not_picked":["Fusion Hammer","Snecko Eye"],"picked":"Black Star"}],"items_purged_floors":[12],"is_endless":false,"potions_floor_spawned":[1,2,11,16,20],"killed_by":"Sentry and Sphere","ascension_level":20}}