{"host":"ex6y92ceh6h0mo7k","time":1612086574,"event":{"mods":["BaseMod","Bestiary","Dio Mod","Minty Spire (QoL Compilation)","Quick Restart","StSLib","SuperFastMode"],"gold_per_floor":[109,125,46,46,56,84,84,103,103,123,123,156,7,41,41,144,144,158,158,170,269,279,312,324,343,366,391,420,67,67,92,92,195,195,210,66,83,83,94,129,129,162,162,191,191,23,50,69,69,69,69,69,69,94,94],"floor_reached":56,"language":"ENG","playtime":4181,"items_purged":["dioMod:Strike","dioMod:Strike"],"score":1815,"play_id":"831dbd86-e7e3-4016-984d-efe99377b6de","local_time":"20210131174934","is_ascension_mode":true,"campfire_choices":[{"data":"dioMod:DaggerSpree","floor":7.0,"key":"SMITH"},{"data":"dioMod:BloodTransfusion","floor":11.0,"key":"SMITH"},{"data":"dioMod:StreetSign","floor":15.0,"key":"SMITH"},{"data":"dioMod:VengefulMuda","floor":30.0,"key":"SMITH"},{"data":"dioMod:Hiss","floor":32.0,"key":"SMITH"},{"data":"dioMod:DisarmingVoice","floor":41.0,"key":"SMITH"},{"data":"dioMod:BloodShield","floor":45.0,"key":"SMITH"},{"floor":49,"key":"RECALL"},{"data":"Bite","floor":52,"key":"SMITH"}],"circlet_count":0,"master_deck":["AscendersBane","dioMod:Strike","Bite+1","dioMod:Defend","dioMod:Defend","dioMod:Defend","dioMod:Defend","dioMod:StreetSign+1","dioMod:DaggerSpree+1","dioMod:BloodTransfusion+1","dioMod:LaserVision","dioMod:TheWalk","dioMod:BloodShield+1","dioMod:SlashThroughTime","dioMod:BloodSplash","dioMod:Hiss+1","dioMod:Despair","dioMod:DoubleTime+1","dioMod:DisarmingVoice+1","dioMod:VengefulMuda+1","dioMod:BloodSplash","dioMod:VengefulMuda+1","dioMod:SadisticLaugh","dioMod:TheWalk","dioMod:BloodShield","dioMod:DarkRebirth+1","dioMod:VengefulMuda+1","dioMod:Roundabout+1","dioMod:BloodSuck+1","dioMod:SadisticLaugh+1"],"relics":["dioMod:VampireBlood","Question Card","Pocketwatch","Thread and Needle","Peace Pipe","OrangePellets","Mercury Hourglass","Velvet Choker","Matryoshka","Mummified Hand","MealTicket","Red Mask","Molten Egg 2","Strange Spoon","Bottled Flame","Busted Crown","Chemical X","Strawberry","Gremlin Horn","Toxic Egg 2","Dream Catcher","Pen Nib","Bag of Marbles"],"acts_visited":["Exordium","TheCity","TheBeyond","TheEnding"],"potions_floor_usage":[54,55,55,55,55,55,55],"damage_taken":[{"damage":2.0,"enemies":"2 Louse","floor":1.0,"turns":4.0},{"damage":1.0,"enemies":"Cultist","floor":2.0,"turns":3.0},{"damage":2.0,"enemies":"Small Slimes","floor":5.0,"turns":3.0},{"damage":34.0,"enemies":"Gremlin Nob","floor":6.0,"turns":4.0},{"damage":10.0,"enemies":"3 Louse","floor":8.0,"turns":2.0},{"damage":4.0,"enemies":"Looter","floor":10.0,"turns":4.0},{"damage":24.0,"enemies":"3 Sentries","floor":12.0,"turns":6.0},{"damage":12.0,"enemies":"Gremlin Nob","floor":14.0,"turns":4.0},{"damage":41.0,"enemies":"Hexaghost","floor":16.0,"turns":10.0},{"damage":12.0,"enemies":"3 Byrds","floor":18.0,"turns":4.0},{"damage":2.0,"enemies":"Chosen","floor":20.0,"turns":3.0},{"damage":19.0,"enemies":"Centurion and Healer","floor":22.0,"turns":6.0},{"damage":47.0,"enemies":"Slavers","floor":23.0,"turns":3.0},{"damage":18.0,"enemies":"Snake Plant","floor":24.0,"turns":3.0},{"damage":37.0,"enemies":"Sentry and Sphere","floor":25.0,"turns":4.0},{"damage":10.0,"enemies":"Masked Bandits","floor":27.0,"turns":2.0},{"damage":51.0,"enemies":"Gremlin Leader","floor":28.0,"turns":7.0},{"damage":43.0,"enemies":"Slavers","floor":31.0,"turns":5.0},{"damage":53.0,"enemies":"Champ","floor":33.0,"turns":9.0},{"damage":15.0,"enemies":"3 Shapes","floor":35.0,"turns":3.0},{"damage":1.0,"enemies":"Orb Walker","floor":37.0,"turns":2.0},{"damage":9.0,"enemies":"Transient","floor":39.0,"turns":5.0},{"damage":43.0,"enemies":"Nemesis","floor":40.0,"turns":5.0},{"damage":70.0,"enemies":"Reptomancer","floor":42.0,"turns":7.0},{"damage":36.0,"enemies":"Giant Head","floor":44.0,"turns":6.0},{"damage":21,"enemies":"Nemesis","floor":47,"turns":4},{"damage":40,"enemies":"Spire Growth","floor":48,"turns":7},{"damage":102,"enemies":"Awakened One","floor":50,"turns":12},{"damage":101,"enemies":"Shield and Spear","floor":54,"turns":7},{"damage":128,"enemies":"The Heart","floor":55,"turns":9}],"seed_played":"-9172370171466183134","potions_obtained":[{"floor":1.0,"key":"EssenceOfSteel"},{"floor":5.0,"key":"SteroidPotion"},{"floor":12.0,"key":"SpeedPotion"},{"floor":14.0,"key":"DuplicationPotion"},{"floor":19.0,"key":"SteroidPotion"},{"floor":23.0,"key":"SkillPotion"},{"floor":27.0,"key":"Swift Potion"},{"floor":28.0,"key":"EntropicBrew"},{"floor":33.0,"key":"Explosive Potion"},{"floor":40.0,"key":"GamblersBrew"},{"floor":54,"key":"LiquidMemories"}],"is_trial":false,"path_per_floor":["M","M","$","?","M","E","R","M","T","M","R","E","$","E","R","B",null,"M","?","M","?","M","E","M","M","T","?","E","$","R","E","R","B",null,"M","$","M","?","M","E","R","E","T","E","R","$","E","M","R","B",null,"R","$","E","B",null],"character_chosen":"THE_DEFAULT","items_purchased":["dioMod:BloodTransfusion","OrangePellets","dioMod:VengefulMuda+1","Strange Spoon","dioMod:SadisticLaugh","Chemical X","dioMod:BloodSuck+1"],"campfire_rested":0,"item_purchase_floors":[3,13,29,29,29,36,46],"current_hp_per_floor":[82,82,82,79,82,61,61,70,70,82,82,82,82,82,82,63,77,82,82,82,82,82,61,72,67,67,81,73,82,82,76,76,43,72,82,82,82,82,82,64,64,27,27,35,35,50,66,65,65,76,86,86,89,69,41],"gold":94,"neow_bonus":"TEN_PERCENT_HP_BONUS","is_daily":false,"chose_seed":false,"campfire_upgraded":8,"win_rate":0.0,"timestamp":1612086574,"path_taken":["M","M","$","?","M","E","R","M","T","M","R","E","$","E","R","BOSS","M","?","?","?","M","E","M","M","T","?","E","$","R","E","R","BOSS","M","$","M","?","M","E","R","E","T","E","R","$","E","M","R","BOSS","R","$","E","BOSS"],"items_purchased_type":["Card","Relic","Card","Relic","Card","Relic","Card"],"build_version":"2020-12-22","purchased_purges":2,"victory":true,"max_hp_per_floor":[82,82,82,82,82,82,82,82,82,82,82,82,82,82,82,82,82,82,82,82,82,82,82,82,82,82,82,82,82,82,82,82,82,82,82,82,82,82,82,89,89,89,89,89,89,89,89,89,89,89,89,89,89,89,89],"card_choices":[{"not_picked":["dioMod:DominatingPresence","dioMod:Hiss"],"picked":"dioMod:StreetSign","floor":1.0},{"not_picked":["dioMod:VengefulMuda","dioMod:FlyAway"],"picked":"dioMod:DaggerSpree","floor":2.0},{"not_picked":["dioMod:WRYYY","dioMod:BlendIn","dioMod:BloodSplash"],"picked":"dioMod:LaserVision","floor":5.0},{"not_picked":["dioMod:ComposedMuda","dioMod:Muda","dioMod:BloodSplash"],"picked":"dioMod:TheWalk","floor":6.0},{"not_picked":["dioMod:StreetSign","dioMod:ComposedMuda","dioMod:VengefulMuda"],"picked":"dioMod:BloodShield","floor":8.0},{"not_picked":["dioMod:Donut","dioMod:FlyAway","dioMod:CautiousMuda"],"picked":"dioMod:SlashThroughTime","floor":10.0},{"not_picked":["dioMod:DaggerToss","dioMod:BlendIn","dioMod:BloodShield"],"picked":"dioMod:BloodSplash","floor":12.0},{"not_picked":["dioMod:Muda","dioMod:TripleThreat","dioMod:ComboFever"],"picked":"dioMod:Hiss","floor":14.0},{"not_picked":["dioMod:PhantomBlood","dioMod:UltimateSacrifice","dioMod:Pluck"],"picked":"dioMod:Despair","floor":16.0},{"not_picked":["dioMod:SadisticLaugh+1","dioMod:Hiss","dioMod:DarkRebirth+1"],"picked":"dioMod:DoubleTime+1","floor":18.0},{"not_picked":["dioMod:Minions","dioMod:Hiss","dioMod:Muda","dioMod:Donut"],"picked":"SKIP","floor":20.0},{"not_picked":["dioMod:StreetSign+1","dioMod:LaserVision","dioMod:Muda","dioMod:WRYYY"],"picked":"SKIP","floor":22.0},{"not_picked":["dioMod:DominatingPresence","dioMod:BloodSuck","dioMod:DaggerToss"],"picked":"dioMod:DisarmingVoice","floor":23.0},{"not_picked":["dioMod:GoodbyeJojo","dioMod:BlendIn+1","dioMod:CautiousMuda","dioMod:Hiss"],"picked":"SKIP","floor":24.0},{"not_picked":["dioMod:ComboFever","dioMod:BloodTransfusion","dioMod:WRYYY"],"picked":"dioMod:VengefulMuda","floor":25.0},{"not_picked":["dioMod:Muda","dioMod:LaserVision","dioMod:ComboFever"],"picked":"dioMod:BloodSplash","floor":27.0},{"not_picked":["dioMod:Hiss","dioMod:CoffinBath","dioMod:BloodShield","dioMod:GoodbyeJojo"],"picked":"SKIP","floor":28.0},{"not_picked":["dioMod:Refresh","dioMod:Muda+1","dioMod:Roundabout+1","dioMod:TripleThreat+1"],"picked":"SKIP","floor":31.0},{"not_picked":["dioMod:PathToHeaven","dioMod:RoadRoller+1","dioMod:SevenPageMuda+1"],"picked":"dioMod:TheWalk","floor":33.0},{"not_picked":["dioMod:BloodSplash+1","dioMod:Hiss"],"picked":"SKIP","floor":35.0},{"not_picked":["dioMod:FlyAway","dioMod:ComposedMuda+1"],"picked":"SKIP","floor":37.0},{"not_picked":["dioMod:Despair"],"picked":"dioMod:DarkRebirth+1","floor":39.0},{"not_picked":["dioMod:LaserVision+1","dioMod:DaggerToss+1"],"picked":"SKIP","floor":40.0},{"not_picked":["dioMod:StreetSign+1"],"picked":"dioMod:VengefulMuda+1","floor":42.0},{"not_picked":["dioMod:SlashThroughTime+1"],"picked":"dioMod:Roundabout+1","floor":44.0},{"not_picked":["dioMod:BlendIn+1"],"picked":"dioMod:SadisticLaugh+1","floor":47},{"not_picked":["dioMod:Roundabout+1","dioMod:VengefulMuda+1"],"picked":"SKIP","floor":48},{"not_picked":["dioMod:StreetSign+1","dioMod:SecretPlan+1"],"picked":"SKIP","floor":54}],"player_experience":995320,"relics_obtained":[{"floor":6.0,"key":"Pocketwatch"},{"floor":9.0,"key":"Thread and Needle"},{"floor":12.0,"key":"Peace Pipe"},{"floor":14.0,"key":"Mercury Hourglass"},{"floor":23.0,"key":"Matryoshka"},{"floor":26.0,"key":"Mummified Hand"},{"floor":26.0,"key":"MealTicket"},{"floor":27.0,"key":"Red Mask"},{"floor":28.0,"key":"Molten Egg 2"},{"floor":31.0,"key":"Bottled Flame"},{"floor":40.0,"key":"Strawberry"},{"floor":42.0,"key":"Gremlin Horn"},{"floor":43.0,"key":"Toxic Egg 2"},{"floor":44.0,"key":"Dream Catcher"},{"floor":47,"key":"Pen Nib"},{"floor":54,"key":"Bag of Marbles"}],"event_choices":[{"damage_healed":0.0,"max_hp_gain":0.0,"max_hp_loss":0.0,"gold_gain":0.0,"event_name":"Scrap Ooze","player_choice":"Success","floor":4.0,"gold_loss":0.0,"damage_taken":3.0,"relics_obtained":["Question Card"]},{"damage_healed":0.0,"max_hp_gain":0.0,"max_hp_loss":0.0,"gold_gain":0.0,"event_name":"Lab","player_choice":"Got Potions","floor":19.0,"gold_loss":0.0,"damage_taken":0.0},{"damage_healed":0.0,"max_hp_gain":0.0,"max_hp_loss":0.0,"gold_gain":99.0,"event_name":"Nest","player_choice":"Stole From Cult","floor":21.0,"gold_loss":0.0,"damage_taken":0.0},{"damage_healed":0.0,"max_hp_gain":0.0,"max_hp_loss":0.0,"gold_gain":0.0,"event_name":"Masked Bandits","player_choice":"Fought Bandits","floor":27.0,"gold_loss":0.0,"damage_taken":0.0},{"damage_healed":0.0,"max_hp_gain":0.0,"max_hp_loss":0.0,"gold_gain":0.0,"cards_transformed":["dioMod:Strike"],"event_name":"Transmorgrifier","player_choice":"Transformed","floor":38.0,"gold_loss":0.0,"damage_taken":0.0,"cards_obtained":["dioMod:BloodShield"]}],"is_beta":false,"boss_relics":[{"not_picked":["Runic Dome","Snecko Eye"],"picked":"Velvet Choker"},{"not_picked":["Tiny House","Cursed Key"],"picked":"Busted Crown"}],"items_purged_floors":[29,46],"is_endless":false,"potions_floor_spawned":[1,5,12,14,23,24,25,27,28,33,40,42,48,54],"ascension_level":10}}