{"host":"eqvoimh73njwfgdh","time":1612104624,"event":{"mods":["AchievementEnabler","BaseMod","Better Altar","Better Match","Better Note","Better Sensory Stone","Better Skull","Better Third Choice","BetterRewards","Colored Powertips","Conspire","Energized Spire","Halation","Hubris","Infinite Spire","Minty Spire (QoL Compilation)","Permanent Neow","Rare Cards Sparkle","Relic Stats","Reliquary","Replay The Spire","Spicy Shops","StSLib","The Animator","The Blue Laboratory"],"gold_per_floor":[11,11,40,69,69,69,104,104,131,131,158,158,177,194,194,294,294,326,326,326,56,70,103,103,103,131,131,155,181,181,181,193,193,193],"floor_reached":33,"language":"ENG","playtime":1830,"items_purged":[],"score":571,"play_id":"45b8de77-3133-4a0a-b809-ba4a66f7df6b","local_time":"20210131155024","is_ascension_mode":true,"campfire_choices":[{"floor":6,"key":"REST"},{"floor":8,"key":"REST"},{"floor":10,"key":"REST"},{"floor":15,"key":"REST"},{"floor":27,"key":"REST"},{"floor":31,"key":"RECALL"}],"circlet_count":0,"master_deck":["conspire:GhostlyStrike","conspire:GhostlyDefend","conspire:GhostlyStrike","conspire:GhostlyStrike","conspire:GhostlyStrike","conspire:GhostlyDefend","conspire:GhostlyDefend","conspire:GhostlyDefend+1","animator:Shinoa","animator:Mikaela","animator:Patchouli","animator:Tatsumaki","animator:Emonzaemon","animator:Sora+1","animator:Shinoa","animator:Envy","infinitespire:FutureSight","animator:DwarfShaman","animator:Benimaru","animator:Biyorigo","animator:Shigure","animator:Emilia","animator:Cirno","animator:Jibril","animator:Shuna+1","animator:ElricEdward","animator:UneriGinkaku","animator:DolaSchwi+1","animator:Mikaela","animator:Priestess","animator:Sora","animator:Priestess","animator:Pride"],"relics":["animator:LivingPicture","animator:TheMissingPiece","Replay:Bottled Flurry","Peace Pipe","reliquary:Buckler","conspire:InfiniteJournal","hubris:KleinBottle","conspire:SlowCooker","halation:PinkSoulGem","ReplayTheSpireMod:TigerMarble","Orrery","Eternal Feather","Replay:Baseball","Vajra","hubris:Towel"],"acts_visited":["Exordium","TheCity"],"potions_floor_usage":[14,16,16,26,26,29,33,33],"damage_taken":[{"damage":10,"enemies":"Jaw Worm","floor":1,"turns":6},{"damage":6,"enemies":"Cultist","floor":3,"turns":3},{"damage":8,"enemies":"Small Slimes","floor":4,"turns":3},{"damage":35,"enemies":"Gremlin Nob","floor":7,"turns":5},{"damage":26,"enemies":"Replay:BlueRogue","floor":11,"turns":8},{"damage":3,"enemies":"2 Fungi Beasts","floor":13,"turns":3},{"damage":8,"enemies":"Blue Slaver","floor":14,"turns":4},{"damage":0,"enemies":"Slime Boss","floor":16,"turns":6},{"damage":26,"enemies":"3 Byrds","floor":18,"turns":3},{"damage":15,"enemies":"Spheric Guardian","floor":22,"turns":4},{"damage":0,"enemies":"Nightmare","floor":23,"turns":8},{"damage":8,"enemies":"conspire:SneckoGhost","floor":26,"turns":7},{"damage":8,"enemies":"conspire:Head Lice","floor":29,"turns":8},{"damage":24,"enemies":"3 Cultists","floor":32,"turns":5},{"damage":32,"enemies":"Slavers","floor":33,"turns":1}],"seed_played":"4759806365382675348","potions_obtained":[{"floor":4,"key":"Energy Potion"},{"floor":7,"key":"BlessingOfTheForge"},{"floor":13,"key":"Weak Potion"},{"floor":14,"key":"Toxic Potion"},{"floor":22,"key":"Ancient Potion"},{"floor":23,"key":"blueLaboratory:StoneskinPotion"},{"floor":29,"key":"Dexterity Potion"},{"floor":32,"key":"blueLaboratory:NullPotion"}],"is_trial":false,"path_per_floor":["M","?","M","M","?","R","E","R","T","R","E","$","M","M","R","B",null,"M","?","?","$","M","NM","PTL","PTL","E","R","T","E","?","R","M","E"],"character_chosen":"THE_ANIMATOR","items_purchased":["hubris:KleinBottle","ReplayTheSpireMod:TigerMarble","Orrery"],"campfire_rested":5,"item_purchase_floors":[12,21,21],"current_hp_per_floor":[49,49,43,35,35,54,19,38,38,57,31,12,9,1,20,21,56,30,30,30,31,16,16,16,16,8,46,46,38,38,56,32,0,0],"gold":193,"neow_bonus":"RANDOM_COLORLESS_2","is_daily":false,"chose_seed":false,"campfire_upgraded":0,"win_rate":0.0,"timestamp":1612104624,"path_taken":["M","?","M","M","?","R","E","R","T","R","E","?","M","?","R","BOSS","M","?","?","$","M","NM","PTL","PTL","E","R","T","E","?","R","M","E"],"items_purchased_type":["Relic","Relic","Relic"],"build_version":"2020-12-22","purchased_purges":0,"victory":false,"max_hp_per_floor":[66,66,66,66,66,66,66,66,66,66,66,66,66,66,66,67,67,67,67,67,68,68,68,68,68,68,68,68,68,68,68,68,68,68],"relic_stats":{"Peace Pipe":0,"counters":[15,73],"Eternal Feather":36,"obtain_stats":[{"hubris:KleinBottle":12,"animator:TheMissingPiece":0,"Vajra":29,"Eternal Feather":23,"conspire:SlowCooker":17,"hubris:Towel":30,"conspire:InfiniteJournal":11,"Peace Pipe":7,"Replay:Baseball":28,"Orrery":21,"reliquary:Buckler":9,"animator:LivingPicture":0,"Replay:Bottled Flurry":5,"ReplayTheSpireMod:TigerMarble":21,"halation:PinkSoulGem":20},{"hubris:KleinBottle":5,"animator:TheMissingPiece":0,"Vajra":13,"Eternal Feather":11,"conspire:SlowCooker":8,"hubris:Towel":13,"conspire:InfiniteJournal":5,"Peace Pipe":4,"Replay:Baseball":12,"Orrery":9,"reliquary:Buckler":4,"animator:LivingPicture":0,"Replay:Bottled Flurry":3,"ReplayTheSpireMod:TigerMarble":9,"halation:PinkSoulGem":9},{"hubris:KleinBottle":25,"animator:TheMissingPiece":0,"Vajra":67,"Eternal Feather":52,"conspire:SlowCooker":37,"hubris:Towel":67,"conspire:InfiniteJournal":25,"Peace Pipe":17,"Replay:Baseball":59,"Orrery":40,"reliquary:Buckler":17,"animator:LivingPicture":0,"Replay:Bottled Flurry":12,"ReplayTheSpireMod:TigerMarble":40,"halation:PinkSoulGem":40}]},"card_choices":[{"not_picked":["animator:HarukoHaruhara","animator:Lelouch"],"picked":"animator:Patchouli","floor":0},{"not_picked":["animator:Hakurou","animator:Gluttony"],"picked":"animator:Tatsumaki","floor":1},{"not_picked":["animator:ElricAlphonse","animator:Sloth"],"picked":"animator:Emonzaemon","floor":3},{"not_picked":["animator:Nanami","animator:Shion"],"picked":"animator:Sora","floor":4},{"not_picked":["animator:CrowleyEusford","animator:Mikaela"],"picked":"animator:Shinoa","floor":7},{"not_picked":["animator:Shizu","animator:DolaCouronne"],"picked":"animator:Envy","floor":11},{"not_picked":["infinitespire:Collect","Replay:Fractal Strike"],"picked":"infinitespire:FutureSight","floor":12},{"not_picked":["animator:Souei","animator:Millim"],"picked":"animator:DwarfShaman","floor":13},{"not_picked":["animator:Shion","animator:GuildGirl"],"picked":"animator:Benimaru","floor":14},{"not_picked":["animator:SwordMaiden","animator:Sora"],"picked":"animator:Biyorigo","floor":16},{"not_picked":["animator:KrulTepes","animator:Mitsuba"],"picked":"animator:Shigure","floor":18},{"not_picked":["animator:MisakiNakahara","animator:Cirno"],"picked":"animator:Emilia","floor":19},{"not_picked":["animator:HououinKyouma","animator:Kira"],"picked":"animator:Cirno","floor":19},{"not_picked":["animator:KrulTepes+1","animator:HighElfArcher+1"],"picked":"animator:Jibril","floor":21},{"not_picked":["animator:SilverFang","animator:Genos"],"picked":"animator:Shuna+1","floor":21},{"not_picked":["animator:Hakurou+1","animator:FielNirvalen"],"picked":"animator:ElricEdward","floor":21},{"not_picked":["animator:Azekura","animator:HighElfArcher+1"],"picked":"animator:UneriGinkaku","floor":21},{"not_picked":["animator:Nanami+1","animator:IzunaHatsuse"],"picked":"animator:DolaSchwi+1","floor":21},{"not_picked":["animator:RoyMustang","animator:LizardPriest"],"picked":"animator:Mikaela","floor":22},{"not_picked":["animator:Sloth","animator:KrulTepes"],"picked":"animator:Priestess","floor":23},{"not_picked":["animator:Genos","animator:DwarfShaman"],"picked":"animator:Sora","floor":26},{"not_picked":["animator:HighElfArcher","animator:Spearman"],"picked":"animator:Priestess","floor":29},{"not_picked":["animator:Priestess+1","animator:ElricAlphonse"],"picked":"animator:Pride","floor":32}],"player_experience":160302,"relics_obtained":[{"floor":5,"key":"Replay:Bottled Flurry"},{"floor":7,"key":"Peace Pipe"},{"floor":9,"key":"reliquary:Buckler"},{"floor":11,"key":"conspire:InfiniteJournal"},{"floor":23,"key":"Eternal Feather"},{"floor":28,"key":"Replay:Baseball"},{"floor":29,"key":"Vajra"}],"event_choices":[{"damage_healed":0,"gold_gain":0,"player_choice":"Agree","damage_taken":0,"max_hp_gain":0,"max_hp_loss":0,"event_name":"conspire:LoneGhost","floor":2,"gold_loss":0},{"damage_healed":0,"gold_gain":2,"player_choice":"1","damage_taken":0,"max_hp_gain":0,"max_hp_loss":0,"event_name":"betterStone:BetterStone","floor":19,"gold_loss":0}],"is_beta":false,"boss_relics":[{"not_picked":["hubris:TerracottaHorce","Empty Cage"],"picked":"conspire:SlowCooker"}],"items_purged_floors":[],"is_endless":true,"potions_floor_spawned":[4,7,13,14,22,23,29,32],"killed_by":"Slavers","ascension_level":7}}