{"host":"dlqyscxstsnu98l1","time":1612080203,"event":{"mods":["AchievementEnabler","BaseMod","Bestiary","Colored Map","Colored Powertips","Conspire","Downfall","GifTheSpireLib","Highlight Path","Minty Spire (QoL Compilation)","Random Character Button","Replay The Spire","SacredBarkPlus","StSLib","everything is the same but u backflip on backflip"],"gold_per_floor":[112,34,54,129,129,161,176,176,176,188,218,218,244,255,255,355,355,367,337,13,26,26,26,51,51,51],"floor_reached":25,"language":"ENG","playtime":975,"items_purged":["Strike_R"],"score":290,"play_id":"7e62a98c-a998-42b0-8068-135c8cd7629c","local_time":"20210131020323","is_ascension_mode":true,"campfire_choices":[{"data":"Hemokinesis","floor":8,"key":"SMITH"},{"data":"True Grit","floor":12,"key":"SMITH"},{"floor":15,"key":"REST"},{"floor":23,"key":"REST"}],"circlet_count":0,"master_deck":["Strike_R","Strike_R+1","Strike_R","Strike_R","Defend_R","Defend_R","Defend_R","Defend_R","Bash","Thunderclap","Hemokinesis+1","Pain","Hemokinesis","True Grit+1","Fire Breathing+1","Barricade","Body Slam","Fire Breathing"],"relics":["Burning Blood","NeowsBlessing","WarpedTongs","Kunai","conspire:GlowingRock","Gremlin Food","ChewingGum","conspire:Flyswatter","Molten Egg 2"],"acts_visited":["Exordium","TheCity"],"potions_floor_usage":[11,16,16,24,24],"damage_taken":[{"damage":0,"enemies":"Small Slimes","floor":1,"turns":1},{"damage":0,"enemies":"2 Louse","floor":3,"turns":1},{"damage":0,"enemies":"Gremlin Nob","floor":6,"turns":1},{"damage":6,"enemies":"Cultist","floor":7,"turns":2},{"damage":4,"enemies":"Exordium Wildlife","floor":10,"turns":1},{"damage":39,"enemies":"Lagavulin","floor":11,"turns":4},{"damage":22,"enemies":"3 Sentries","floor":13,"turns":6},{"damage":24,"enemies":"Lots of Slimes","floor":14,"turns":5},{"damage":19,"enemies":"Slime Boss","floor":16,"turns":7},{"damage":30,"enemies":"conspire:FuzzyDice","floor":18,"turns":5},{"damage":36,"enemies":"3 Byrds","floor":21,"turns":5},{"damage":46,"enemies":"Replay:Snechameleon","floor":24,"turns":7},{"damage":0,"enemies":"Snake Plant","floor":25,"turns":1}],"seed_played":"7194031045849582847","potions_obtained":[{"floor":1,"key":"hexamod:SoulburnPotion"},{"floor":6,"key":"Swift Potion"},{"floor":14,"key":"Energy Potion"},{"floor":16,"key":"bronze:BurnAndBuffPotion"},{"floor":18,"key":"ElixirPotion"},{"floor":19,"key":"LiquidMemories"},{"floor":19,"key":"GamblersBrew"},{"floor":24,"key":"SpeedPotion"}],"is_trial":false,"path_per_floor":["M","$","M","?","?","E","M","R","T","M","E","R","E","M","R","B",null,"M","?","$","M","?","R","E","M"],"character_chosen":"IRONCLAD","items_purchased":["Hemokinesis","conspire:Flyswatter"],"campfire_rested":2,"item_purchase_floors":[2,20],"current_hp_per_floor":[80,80,80,69,69,75,75,75,75,77,44,44,28,10,34,21,80,56,56,56,26,26,50,10,10,10],"gold":51,"neow_bonus":"THREE_ENEMY_KILL","is_daily":false,"chose_seed":false,"campfire_upgraded":2,"win_rate":0.0,"timestamp":1612080203,"path_taken":["M","$","M","?","?","E","?","R","T","M","E","R","E","M","R","BOSS","M","?","$","?","?","R","E","M"],"items_purchased_type":["Card","Relic"],"build_version":"2020-12-22","purchased_purges":1,"victory":false,"max_hp_per_floor":[80,80,80,80,80,80,80,80,80,80,80,80,80,80,80,80,80,80,80,80,80,80,80,80,80,80],"card_choices":[{"not_picked":["Carnage","Clothesline"],"picked":"Thunderclap","floor":1},{"not_picked":["ReplayTheSpireMod:Strike From Hell","ReplayTheSpireMod:Corrosion Curse","Whirlwind"],"picked":"SKIP","floor":3},{"not_picked":["ReplayTheSpireMod:Strike From Hell","Iron Wave"],"picked":"Hemokinesis","floor":6},{"not_picked":["Armaments","Anger","Defy Death"],"picked":"SKIP","floor":7},{"not_picked":["Inflame","Reckless Charge"],"picked":"True Grit","floor":10},{"not_picked":["Dark Embrace","Feed"],"picked":"Fire Breathing","floor":11},{"not_picked":["Clothesline","Carnage"],"picked":"Barricade","floor":13},{"not_picked":["Twin Strike","Replay:Undeath\u0027s Touch"],"picked":"Body Slam","floor":14},{"not_picked":["Clash","Run Through","Havoc"],"picked":"SKIP","floor":18},{"not_picked":["Rage","ReplayTheSpireMod:Corrosion Curse","Twin Strike"],"picked":"SKIP","floor":21},{"not_picked":["Bloodletting","Pummel+1"],"picked":"Fire Breathing","floor":24}],"player_experience":133661,"relics_obtained":[{"floor":6,"key":"Kunai"},{"floor":11,"key":"conspire:GlowingRock"},{"floor":13,"key":"Gremlin Food"},{"floor":24,"key":"Molten Egg 2"}],"event_choices":[{"damage_healed":0,"gold_gain":75,"player_choice":"Gather Gold","damage_taken":11,"max_hp_gain":0,"max_hp_loss":0,"event_name":"World of Goop","floor":4,"gold_loss":0},{"damage_healed":0,"gold_gain":0,"player_choice":"Rummage","damage_taken":0,"relics_obtained":["WarpedTongs"],"max_hp_gain":0,"max_hp_loss":0,"event_name":"Accursed Blacksmith","floor":5,"gold_loss":0,"cards_obtained":["Pain"]},{"damage_healed":0,"gold_gain":0,"player_choice":"Bought 2 Potions","damage_taken":0,"max_hp_gain":0,"max_hp_loss":0,"event_name":"The Woman in Blue","floor":19,"gold_loss":0}],"is_beta":false,"boss_relics":[{"not_picked":["Busted Crown","Black Star"],"picked":"ChewingGum"}],"items_purged_floors":[20],"is_endless":false,"potions_floor_spawned":[1,6,14,16,18,24],"killed_by":"Snake Plant","ascension_level":2}}