{"host":"42xf941fomyavgzy","time":1612091904,"event":{"mods":["Act Like it!","Astrologer","BaseMod","Colored Map","Minty Spire (QoL Compilation)","Shop Mod","StSLib","SuperFastMode","The Cursed"],"gold_per_floor":[118,118,134,149,149,149,177,177,177,207,207,236,135,135,135,230,230,248,267,7,7,7,7,40,40,40,50,50,50,150,160,160,263,263,280,291,111,161,24,24,51,51,51,80,80,128,128,60,60,60],"floor_reached":51,"language":"JPN","playtime":3176,"items_purged":["Strike_G","Strike_G"],"score":973,"play_id":"12d4d04a-e599-4f72-9946-6767c2284633","local_time":"20210131201824","is_ascension_mode":true,"campfire_choices":[{"data":"Riddle With Holes","floor":6,"key":"SMITH"},{"data":"Trip","floor":8,"key":"SMITH"},{"data":"Blade Dance","floor":15,"key":"SMITH"},{"data":"Burst","floor":23,"key":"SMITH"},{"data":"Adrenaline","floor":25,"key":"SMITH"},{"data":"Well Laid Plans","floor":28,"key":"SMITH"},{"floor":32,"key":"REST"},{"data":"Defend_G","floor":40,"key":"PURGE"},{"data":"Defend_G","floor":42,"key":"PURGE"},{"data":"Defend_G","floor":45,"key":"PURGE"},{"data":"Strike_G","floor":49,"key":"PURGE"}],"circlet_count":0,"master_deck":["Strike_G","Defend_G","Defend_G","Survivor","Neutralize","Trip+1","Well Laid Plans+1","Riddle With Holes+1","Flying Knee","Backflip","Infinite Blades+1","Catalyst","PiercingWail","Blade Dance+1","Adrenaline+1","PiercingWail+1","Dash+1","Burst+1","Riddle With Holes","Bouncing Flask+1","Bullet Time","Predator","Outmaneuver","Noxious Fumes+1","PiercingWail","After Image+1","Bullet Time","Noxious Fumes+1","Panacea","Catalyst"],"relics":["Ring of the Snake","Frozen Egg 2","Vajra","Mercury Hourglass","Juzu Bracelet","Matryoshka","Boot","Mummified Hand","Black Star","Tiny Chest","Pantograph","Strawberry","Snake Skull","Peace Pipe","Blue Candle","Philosopher\u0027s Stone","Calipers","Pen Nib","MealTicket","Shuriken","FossilizedHelix","Omamori"],"acts_visited":["Exordium","TheCity","TheBeyond"],"potions_floor_usage":[7,10,30,30,31,31,36,50,50],"damage_taken":[{"damage":1,"enemies":"Jaw Worm","floor":1,"turns":2},{"damage":4,"enemies":"Small Slimes","floor":3,"turns":3},{"damage":0,"enemies":"Cultist","floor":4,"turns":3},{"damage":10,"enemies":"Lagavulin","floor":7,"turns":6},{"damage":2,"enemies":"3 Sentries","floor":10,"turns":4},{"damage":17,"enemies":"Lagavulin","floor":12,"turns":5},{"damage":20,"enemies":"The Guardian","floor":16,"turns":15},{"damage":8,"enemies":"Shell Parasite","floor":18,"turns":4},{"damage":1,"enemies":"Spheric Guardian","floor":19,"turns":3},{"damage":0,"enemies":"Gremlin Leader","floor":24,"turns":4},{"damage":10,"enemies":"Snecko","floor":27,"turns":4},{"damage":9,"enemies":"Colosseum Slavers","floor":30,"turns":2},{"damage":21,"enemies":"Colosseum Nobs","floor":30,"turns":4},{"damage":2,"enemies":"Centurion and Healer","floor":31,"turns":6},{"damage":4,"enemies":"Champ","floor":33,"turns":6},{"damage":5,"enemies":"Orb Walker","floor":35,"turns":4},{"damage":23,"enemies":"3 Darklings","floor":36,"turns":4},{"damage":0,"enemies":"Mind Bloom Boss Battle","floor":38,"turns":5},{"damage":2,"enemies":"Reptomancer","floor":41,"turns":5},{"damage":0,"enemies":"Giant Head","floor":44,"turns":6},{"damage":22,"enemies":"Time Eater","floor":50,"turns":6}],"seed_played":"5959821467694050621","potions_obtained":[{"floor":1,"key":"BlessingOfTheForge"},{"floor":4,"key":"SpeedPotion"},{"floor":10,"key":"Ancient Potion"},{"floor":19,"key":"BlessingOfTheForge"},{"floor":21,"key":"EntropicBrew"},{"floor":21,"key":"Energy Potion"},{"floor":33,"key":"SpeedPotion"},{"floor":38,"key":"Poison Potion"}],"is_trial":false,"path_per_floor":["M","?","M","M","T","R","E","R","T","E","?","E","$","T","R","B",null,"M","M","$","?","$","R","E","R","T","M","R","?","?","M","R","B",null,"M","M","$","?","$","R","E","R","T","E","R","T","?","$","R","B",null],"character_chosen":"THE_SILENT","items_purchased":["Blade Dance","Burst","GhostInAJar","Noxious Fumes+1","After Image+1","Catalyst"],"campfire_rested":1,"item_purchase_floors":[13,20,20,37,39,48],"current_hp_per_floor":[69,69,65,65,65,65,55,55,55,53,58,41,41,41,41,21,62,54,53,53,53,53,53,53,53,60,50,50,50,20,33,57,78,81,76,53,53,78,78,78,76,76,76,76,76,76,76,82,82,60],"gold":60,"neow_bonus":"RANDOM_COLORLESS","is_daily":false,"chose_seed":false,"campfire_upgraded":6,"win_rate":0.0,"timestamp":1612091904,"path_taken":["M","?","M","M","?","R","E","R","T","E","?","E","$","?","R","BOSS","M","M","?","?","$","R","E","R","T","M","R","?","?","M","R","BOSS","M","M","$","?","$","R","E","R","T","E","R","?","?","?","R","BOSS"],"items_purchased_type":["Card","Card","Potion","Card","Card","Card"],"build_version":"2020-12-22","purchased_purges":2,"victory":true,"max_hp_per_floor":[70,70,70,70,70,70,70,70,70,70,75,75,75,75,75,75,75,75,75,75,75,75,75,75,75,82,82,82,82,82,82,82,82,82,82,82,82,82,82,82,82,82,82,82,82,82,82,82,82,82],"card_choices":[{"not_picked":["Impatience","Finesse"],"picked":"Trip","floor":0},{"not_picked":["Backflip","Acrobatics"],"picked":"Well Laid Plans","floor":1},{"not_picked":["Setup","Cloak And Dagger"],"picked":"Flying Knee","floor":3},{"not_picked":["Flying Knee","Dodge and Roll"],"picked":"Backflip","floor":4},{"not_picked":["Flying Knee","Prepared"],"picked":"Infinite Blades+1","floor":7},{"not_picked":["Riddle With Holes","Expertise"],"picked":"Catalyst","floor":10},{"not_picked":["Bane","Flechettes"],"picked":"PiercingWail","floor":12},{"not_picked":["Storm of Steel","Die Die Die"],"picked":"Adrenaline","floor":16},{"not_picked":["Quick Slash+1","Blade Dance"],"picked":"PiercingWail+1","floor":18},{"not_picked":["Cloak And Dagger","Dodge and Roll"],"picked":"Dash+1","floor":19},{"not_picked":["Flechettes","Endless Agony"],"picked":"Riddle With Holes","floor":24},{"not_picked":["Deflect","Dash"],"picked":"Bouncing Flask+1","floor":27},{"not_picked":["Skewer","Quick Slash","Well Laid Plans+1"],"picked":"SKIP","floor":31},{"not_picked":["Tools of the Trade+1","Die Die Die"],"picked":"Bullet Time","floor":33},{"not_picked":["Sucker Punch","Blade Dance+1"],"picked":"Predator","floor":35},{"not_picked":["Sucker Punch+1","Underhanded Strike+1"],"picked":"Outmaneuver","floor":36},{"not_picked":["Predator","Dash+1"],"picked":"PiercingWail","floor":38},{"not_picked":["Caltrops+1","Deadly Poison"],"picked":"Bullet Time","floor":41},{"not_picked":["Choke+1","Quick Slash"],"picked":"Noxious Fumes+1","floor":44},{"not_picked":["Finesse","Forethought"],"picked":"Panacea","floor":47}],"player_experience":447677,"relics_obtained":[{"floor":5,"key":"Frozen Egg 2"},{"floor":7,"key":"Vajra"},{"floor":9,"key":"Mercury Hourglass"},{"floor":10,"key":"Juzu Bracelet"},{"floor":12,"key":"Matryoshka"},{"floor":14,"key":"Boot"},{"floor":14,"key":"Mummified Hand"},{"floor":24,"key":"Tiny Chest"},{"floor":24,"key":"Pantograph"},{"floor":26,"key":"Strawberry"},{"floor":26,"key":"Snake Skull"},{"floor":30,"key":"Peace Pipe"},{"floor":30,"key":"Blue Candle"},{"floor":38,"key":"Calipers"},{"floor":41,"key":"Pen Nib"},{"floor":41,"key":"MealTicket"},{"floor":43,"key":"Shuriken"},{"floor":44,"key":"FossilizedHelix"},{"floor":44,"key":"Omamori"}],"event_choices":[{"damage_healed":0,"gold_gain":0,"cards_transformed":["Strike_G"],"player_choice":"Change","damage_taken":0,"max_hp_gain":0,"max_hp_loss":0,"event_name":"Living Wall","floor":2,"gold_loss":0,"cards_obtained":["Riddle With Holes"]},{"damage_healed":0,"gold_gain":0,"player_choice":"Donut","damage_taken":0,"max_hp_gain":5,"max_hp_loss":0,"event_name":"Big Fish","floor":11,"gold_loss":0},{"damage_healed":0,"gold_gain":0,"player_choice":"Got Potions","damage_taken":0,"max_hp_gain":0,"max_hp_loss":0,"event_name":"Lab","floor":21,"gold_loss":0},{"damage_healed":0,"gold_gain":0,"player_choice":"Bought 0 Potions","damage_taken":0,"max_hp_gain":0,"max_hp_loss":0,"event_name":"The Woman in Blue","floor":29,"gold_loss":0},{"damage_healed":0,"gold_gain":0,"player_choice":"Fight","damage_taken":0,"max_hp_gain":0,"max_hp_loss":0,"event_name":"Colosseum","floor":30,"gold_loss":0},{"damage_healed":0,"gold_gain":0,"player_choice":"Fought Nobs","damage_taken":0,"max_hp_gain":0,"max_hp_loss":0,"event_name":"Colosseum","floor":30,"gold_loss":0},{"damage_healed":0,"gold_gain":0,"player_choice":"Fight","damage_taken":0,"max_hp_gain":0,"max_hp_loss":0,"event_name":"MindBloom","floor":38,"gold_loss":0},{"damage_healed":0,"gold_gain":0,"player_choice":"Memory 1","damage_taken":0,"max_hp_gain":0,"max_hp_loss":0,"event_name":"SensoryStone","floor":47,"gold_loss":0}],"is_beta":false,"boss_relics":[{"not_picked":["Velvet Choker","Runic Pyramid"],"picked":"Black Star"},{"not_picked":["Fusion Hammer","Tiny House"],"picked":"Philosopher\u0027s Stone"}],"items_purged_floors":[13,37],"is_endless":false,"potions_floor_spawned":[1,4,10,19,27,33,35,38],"ascension_level":5}}