{"host":"3498uni0c31c9bdm","time":1612113920,"event":{"mods":["BaseMod","Better Third Choice","Minty Spire (QoL Compilation)","Replay The Spire","StSLib"],"gold_per_floor":[109,109,132,7,17,17,34,45,45,76,76,135,135,135,135,234,234,252,252,106,125,125,125,136,166,166,166,184,184,184],"floor_reached":29,"language":"ENG","playtime":768,"items_purged":[],"score":362,"play_id":"20af328d-428d-4667-8c17-ff997017902c","local_time":"20210201042520","is_ascension_mode":true,"campfire_choices":[{"floor":6,"key":"RECALL"},{"floor":11,"key":"REST"},{"data":"Replay:Bootleg Shield Generator","floor":23,"key":"SMITH"},{"data":"Finesse","floor":27,"key":"SMITH"}],"circlet_count":0,"master_deck":["AscendersBane","Strike_R","Strike_R","Strike_R","Strike_R+1","Strike_R","Defend_R","Defend_R","Defend_R","Defend_R","Bash","Thunderclap","Sadistic Nature+1","Replay:Bootleg Shield Generator+1","Finesse+1","Wild Strike","Infernal Blade+1","Bludgeon","Immolate","Iron Wave","Reaper+1","Clothesline+1","Feel No Pain","Sadistic Nature+1","Dropkick","Sword Boomerang+1","Flex+1"],"relics":["Burning Blood","Boot","ReplayTheSpireMod:ShopPack","Replay:Bottled Flurry","Ancient Tea Set","Durian","Paper Frog","Coffee Dripper","Lantern","Guide Book","Gremlin Food"],"acts_visited":["Exordium","TheCity"],"potions_floor_usage":[10],"damage_taken":[{"damage":6,"enemies":"Cultist","floor":1,"turns":4},{"damage":10,"enemies":"2 Louse","floor":5,"turns":3},{"damage":5,"enemies":"Jaw Worm","floor":7,"turns":3},{"damage":17,"enemies":"Red Slaver","floor":8,"turns":4},{"damage":15,"enemies":"Gremlin Nob","floor":10,"turns":3},{"damage":18,"enemies":"3 Sentries","floor":12,"turns":4},{"damage":30,"enemies":"Slime Boss","floor":16,"turns":12},{"damage":27,"enemies":"2 Thieves","floor":18,"turns":3},{"damage":8,"enemies":"Spheric Guardian","floor":21,"turns":3},{"damage":20,"enemies":"Shelled Parasite and Fungi","floor":24,"turns":3},{"damage":36,"enemies":"Book of Stabbing","floor":25,"turns":4},{"damage":7,"enemies":"Cultist and Chosen","floor":28,"turns":3},{"damage":24,"enemies":"Snake Plant","floor":29,"turns":2}],"seed_played":"6296223681945257341","potions_obtained":[{"floor":5,"key":"SpeedPotion"},{"floor":8,"key":"Strength Potion"},{"floor":16,"key":"Elixir"},{"floor":24,"key":"ElixirPotion"}],"is_trial":false,"path_per_floor":["M","$","T","$","M","R","M","M","T","E","R","?","T","$","R","B",null,"M","T","$","M","?","R","M","E","T","R","M","M"],"character_chosen":"IRONCLAD","items_purchased":["ReplayTheSpireMod:ShopPack","Guide Book"],"campfire_rested":1,"item_purchase_floors":[4,20],"current_hp_per_floor":[72,72,72,72,68,68,69,58,58,49,73,66,66,66,85,61,79,58,58,58,56,56,56,52,22,22,22,21,0,0],"gold":184,"neow_bonus":"RANDOM_EVENT","is_daily":false,"chose_seed":false,"campfire_upgraded":2,"win_rate":0.0,"timestamp":1612113920,"path_taken":["M","$","?","$","M","R","M","M","T","E","R","?","?","$","R","BOSS","M","?","$","M","?","R","?","E","T","R","M","M"],"items_purchased_type":["Relic","Relic"],"build_version":"2020-12-22","purchased_purges":0,"victory":false,"max_hp_per_floor":[80,80,80,80,80,80,80,80,80,80,80,85,85,85,85,85,85,85,85,85,85,85,85,85,85,85,85,85,85,85],"card_choices":[{"not_picked":["Cleave","Abandon"],"picked":"Thunderclap","floor":1},{"not_picked":["Thinking Ahead","Panache"],"picked":"Sadistic Nature","floor":4},{"not_picked":["Survey Options","Impatience"],"picked":"Replay:Bootleg Shield Generator","floor":4},{"not_picked":["Replay:Sssssssssshield","Secret Technique"],"picked":"Finesse","floor":4},{"not_picked":["Sword Boomerang","Headbutt"],"picked":"Wild Strike","floor":5},{"not_picked":["Life Link","Intimidate"],"picked":"Infernal Blade","floor":7},{"not_picked":["Warcry","Dropkick"],"picked":"Bludgeon","floor":8},{"not_picked":["Clothesline","True Grit"],"picked":"Immolate","floor":10},{"not_picked":["Clash","Dark Embrace"],"picked":"Iron Wave","floor":12},{"not_picked":["Double Tap","Juggernaut"],"picked":"Reaper","floor":16},{"not_picked":["ReplayTheSpireMod:Strike From Hell","True Grit"],"picked":"Clothesline+1","floor":18},{"not_picked":["Bloodletting","Thunderclap"],"picked":"Feel No Pain","floor":21},{"not_picked":["Body Slam","Sentinel"],"picked":"Dropkick","floor":24},{"not_picked":["Immolate","Infernal Blade"],"picked":"Sword Boomerang+1","floor":25},{"not_picked":["Headbutt","ReplayTheSpireMod:Strike From Hell"],"picked":"Flex+1","floor":28}],"player_experience":771656,"relics_obtained":[{"floor":3,"key":"Boot"},{"floor":9,"key":"Replay:Bottled Flurry"},{"floor":10,"key":"Ancient Tea Set"},{"floor":12,"key":"Durian"},{"floor":13,"key":"Paper Frog"},{"floor":19,"key":"Lantern"},{"floor":25,"key":"Gremlin Food"}],"event_choices":[{"damage_healed":0,"gold_gain":30,"player_choice":"Searched \u00273\u0027 times","damage_taken":0,"max_hp_gain":0,"max_hp_loss":0,"event_name":"Dead Adventurer","floor":12,"gold_loss":0},{"damage_healed":0,"gold_gain":0,"player_choice":"Copied","damage_taken":0,"max_hp_gain":0,"max_hp_loss":0,"event_name":"Duplicator","floor":22,"gold_loss":0,"cards_obtained":["Sadistic Nature"]}],"is_beta":false,"boss_relics":[{"not_picked":["Cursed Key","Pandora\u0027s Box"],"picked":"Coffee Dripper"}],"items_purged_floors":[],"is_endless":false,"potions_floor_spawned":[5,8,16,24],"killed_by":"Snake Plant","ascension_level":10}}