{"host":"0068lo8nqxkxlxxx","time":1612076538,"event":{"mods":["2.2 Compatiblity","AchievementEnabler","Act Like it!","Aspiration","BaseMod","Better Altar","Better Match","Better Note","Better Sensory Stone","Better Skull","Better Third Choice","BetterRewards","Colored Map","Elementarium","Energized Spire","Fox Events","Friendly Minions","GifTheSpireLib","Halation","Hubris","Infinite Spire","Jedi Mod","Minty Spire (QoL Compilation)","Pale of the Ancients","Potionbrewer","Replay The Spire","Shop Mod","Somnambulant","Spikes Relics","StSLib","Stuff the Spire","The Disciple","The Jungle","The Marked","The Sage","Trackpad"],"gold_per_floor":[109,0,17,17,92,92,112,131,131,151,76,76,105,5,5,107,107,119,119,130,142,192,192,192,192],"floor_reached":24,"language":"ENG","playtime":935,"items_purged":["theMarked:Strike","theMarked:Strike"],"score":221,"play_id":"d262d579-6887-451b-8294-6d5d70ad341e","local_time":"20210131020218","is_ascension_mode":false,"campfire_choices":[{"floor":6,"key":"REST"},{"floor":12,"key":"REST"},{"floor":15,"key":"REST"},{"floor":23,"key":"REST"}],"circlet_count":0,"master_deck":["theMarked:Strike","theMarked:Strike","theMarked:Strike","theMarked:Defend","theMarked:Defend","theMarked:Defend","theMarked:Defend","theMarked:SoldierOfQuellstein","theMarked:KeepCalmAndFight","Enlightenment","theMarked:WastefulAttack","theMarked:BanishingStrike","theMarked:HeightenedSenses","theMarked:Maelstrom","theMarked:ChainLightning","theMarked:BindingBlade","theMarked:Memento+1","theMarked:WastefulAttack+1"],"relics":["theMarked:ArtifactOfAir","infinitespire:Lucky Rock","Quantum Egg","trackpad:ZombieHeart","energizedSpire:RedRose"],"acts_visited":["Exordium","TheCity"],"potions_floor_usage":[16,18,18,21,21],"damage_taken":[{"damage":5,"enemies":"Jaw Worm","floor":1,"turns":4},{"damage":0,"enemies":"2 Louse","floor":3,"turns":2},{"damage":0,"enemies":"Cultist","floor":7,"turns":3},{"damage":15,"enemies":"Exordium Thugs","floor":8,"turns":3},{"damage":0,"enemies":"3 Louse","floor":10,"turns":1},{"damage":30,"enemies":"3 Sentries","floor":13,"turns":6},{"damage":68,"enemies":"Slime Boss","floor":16,"turns":11},{"damage":26,"enemies":"Spheric Guardian","floor":18,"turns":6},{"damage":7,"enemies":"Chosen","floor":20,"turns":4},{"damage":42,"enemies":"3 Cultists","floor":21,"turns":4},{"damage":48,"enemies":"Centurion and Healer","floor":24,"turns":8}],"seed_played":"-4142754946767224951","potions_obtained":[{"floor":1,"key":"Block Potion"},{"floor":3,"key":"Adrenaline Potion"},{"floor":7,"key":"EntropicBrew"}],"is_trial":false,"path_per_floor":["M","?","M","$","?","R","M","M","T","M","$","R","E","$","R","B",null,"M","?","M","M","?","R","M"],"character_chosen":"THE_DEFAULT","items_purchased":[],"campfire_rested":4,"item_purchase_floors":[],"current_hp_per_floor":[65,71,71,71,60,76,76,61,61,61,61,76,46,46,68,4,80,55,55,49,22,22,47,0,0],"gold":192,"neow_bonus":"RANDOM_COMMON_RELIC","is_daily":false,"chose_seed":false,"campfire_upgraded":0,"win_rate":0.0,"timestamp":1612076538,"path_taken":["M","?","M","$","?","R","?","M","T","?","?","R","E","$","R","BOSS","M","?","M","?","?","R","M"],"items_purchased_type":[],"build_version":"2020-12-22","purchased_purges":2,"victory":false,"max_hp_per_floor":[70,76,76,76,76,76,76,76,76,76,76,76,76,76,76,80,80,81,81,82,85,85,85,86,86],"card_choices":[{"not_picked":["theMarked:Memento","theMarked:Maelstrom"],"picked":"theMarked:KeepCalmAndFight","floor":1},{"not_picked":["theMarked:RepellingDischarge","theMarked:Friction"],"picked":"theMarked:WastefulAttack","floor":3},{"not_picked":["theMarked:Electrify","theMarked:Reabsorb"],"picked":"theMarked:BanishingStrike","floor":7},{"not_picked":["theMarked:Reabsorb","theMarked:WardOff"],"picked":"theMarked:HeightenedSenses","floor":8},{"not_picked":["theMarked:TakeCover","theMarked:Electrify"],"picked":"theMarked:Maelstrom","floor":10},{"not_picked":["theMarked:Maelstrom","theMarked:Aftermath"],"picked":"theMarked:ChainLightning","floor":13},{"not_picked":["theMarked:ThrowWeapon","theMarked:Toughness"],"picked":"theMarked:BindingBlade","floor":16},{"not_picked":["theMarked:RepellingDischarge+1","theMarked:TakeCover","theMarked:ElectricStrings+1"],"picked":"SKIP","floor":18},{"not_picked":["theMarked:EmpowerWeapon","theMarked:OneWithTheBlade"],"picked":"theMarked:Memento+1","floor":20},{"not_picked":["theMarked:ContemptForTheProud","theMarked:BanishingStrike"],"picked":"theMarked:WastefulAttack+1","floor":21}],"player_experience":89747,"relics_obtained":[{"floor":9,"key":"Quantum Egg"},{"floor":13,"key":"trackpad:ZombieHeart"}],"event_choices":[{"damage_healed":0,"gold_gain":0,"player_choice":"RENOUNCE","damage_taken":109,"max_hp_gain":0,"max_hp_loss":0,"event_name":"betterThird:BetterSerpent","floor":2,"gold_loss":109,"cards_obtained":["Enlightenment"]},{"damage_healed":0,"gold_gain":75,"player_choice":"Gold","damage_taken":11,"max_hp_gain":0,"max_hp_loss":0,"event_name":"betterThird:BetterGoop","floor":5,"gold_loss":0},{"damage_healed":0,"gold_gain":0,"player_choice":"Ignored","damage_taken":0,"max_hp_gain":0,"max_hp_loss":0,"event_name":"betterNote:BetterNote","floor":19,"gold_loss":0,"cards_obtained":["Defend_R"]},{"damage_healed":0,"gold_gain":100,"player_choice":"Bet on Murderer","damage_taken":0,"max_hp_gain":0,"max_hp_loss":0,"event_name":"The Joust","floor":22,"gold_loss":50}],"is_beta":false,"boss_relics":[{"not_picked":["Busted Crown","halation:MonkeysPaw"],"picked":"energizedSpire:RedRose"}],"items_purged_floors":[11,14],"is_endless":false,"potions_floor_spawned":[1,3,7,13,20],"killed_by":"Centurion and Healer","ascension_level":0}}