{"host":"39i3emxub3h8uyq3","time":1612072109,"event":{"mods":["AchievementEnabler","BaseMod","Clockwork Mod","Colored Map","Downfall","Glutton Mod","Gold Saver","Minty Spire (QoL Compilation)","StSLib","TheHeartMod"],"gold_per_floor":[151,206,206,222,239,270,43,43,69,81,81,95,114,289,289,390,390,400,415,415,7,7,7,7,20,320,331,331,331,349,349,349,349,349],"floor_reached":33,"language":"ENG","playtime":1904,"items_purged":["Doubt"],"score":247,"play_id":"0a8abb72-4265-451d-9f6b-db1f64fbab52","local_time":"20210131004829","is_ascension_mode":false,"campfire_choices":[{"floor":11,"key":"REST"},{"floor":15,"key":"REST"},{"floor":23,"key":"REST"},{"floor":29,"key":"REST"},{"floor":32,"key":"REST"}],"circlet_count":0,"master_deck":["Strike_G","Strike_G","Strike_G","Strike_G","Strike_G","Defend_G","Defend_G","Defend_G","Defend_G","Defend_G","Survivor","Neutralize","Underhanded Strike","Poisoned Stab","All Out Attack","Deadly Poison","Bane","Dagger Spray","Dash","Dagger Throw","Slice","Malaise","Quick Slash","Noxious Fumes","Caltrops","Quick Slash+1","Skewer","Poisoned Stab","Bane","downfall:Bewildered","Distraction+1"],"relics":["Velvet Choker","Happy Flower","PreservedInsect","Toolbox","Regal Pillow","Fusion Hammer","Enchiridion","Mummified Hand","Old Coin","Dream Catcher","sneckomod:BabySnecko"],"acts_visited":["Exordium","TheCity"],"potions_floor_usage":[10,19],"damage_taken":[{"damage":0,"enemies":"2 Louse","floor":1,"turns":3},{"damage":3,"enemies":"Jaw Worm","floor":4,"turns":4},{"damage":0,"enemies":"Small Slimes","floor":5,"turns":3},{"damage":12,"enemies":"3 Sentries","floor":6,"turns":6},{"damage":0,"enemies":"2 Fungi Beasts","floor":10,"turns":2},{"damage":13,"enemies":"Large Slime","floor":12,"turns":4},{"damage":2,"enemies":"Gremlin Gang","floor":13,"turns":2},{"damage":54,"enemies":"Hexaghost","floor":16,"turns":10},{"damage":5,"enemies":"3 Byrds","floor":18,"turns":5},{"damage":17,"enemies":"2 Thieves","floor":19,"turns":4},{"damage":6,"enemies":"Snecko","floor":25,"turns":5},{"damage":28,"enemies":"Shelled Parasite and Fungi","floor":27,"turns":4},{"damage":13,"enemies":"Snake Plant","floor":30,"turns":4},{"damage":70,"enemies":"Automaton","floor":33,"turns":8}],"seed_played":"-1003917664908271025","potions_obtained":[{"floor":4,"key":"Poison Potion"},{"floor":5,"key":"SpeedPotion"},{"floor":6,"key":"SmokeBomb"},{"floor":10,"key":"SmokeBomb"},{"floor":18,"key":"ColorlessPotion"},{"floor":27,"key":"BlessingOfTheForge"},{"floor":30,"key":"sneckomod:MuddlingPotion"}],"is_trial":false,"path_per_floor":["M","?","?","M","M","E","$","?","T","M","R","M","M","?","R","B",null,"M","M","?","$","?","R","$","M","T","M","?","R","M","?","R","B"],"character_chosen":"THE_SILENT","items_purchased":["Bane","Dagger Spray","Toolbox","Mummified Hand","Caltrops"],"campfire_rested":5,"item_purchase_floors":[7,7,7,21,21],"current_hp_per_floor":[70,70,63,60,60,48,48,48,48,48,70,57,55,55,70,16,70,65,48,32,32,32,68,68,62,62,34,34,70,57,57,70,0,0],"gold":349,"neow_bonus":"BOSS_RELIC","is_daily":false,"chose_seed":false,"campfire_upgraded":0,"win_rate":0.0,"timestamp":1612072109,"path_taken":["M","?","?","?","M","E","$","?","T","M","R","M","M","?","R","BOSS","M","M","?","$","?","R","$","M","T","M","?","R","?","?","R","BOSS"],"items_purchased_type":["Card","Card","Relic","Relic","Card"],"build_version":"2020-12-22","purchased_purges":1,"victory":false,"max_hp_per_floor":[70,70,70,70,70,70,70,70,70,70,70,70,70,70,70,70,70,70,70,70,70,70,70,70,70,70,70,70,70,70,70,70,70,70],"card_choices":[{"not_picked":["Tactician","Reflex"],"picked":"Underhanded Strike","floor":1},{"not_picked":["Crippling Poison","Dagger Spray"],"picked":"Poisoned Stab","floor":4},{"not_picked":["Bane","Tactician"],"picked":"All Out Attack","floor":5},{"not_picked":["Masterful Stab","Well Laid Plans"],"picked":"Deadly Poison","floor":6},{"not_picked":["Reflex","Underhanded Strike"],"picked":"Dash","floor":10},{"not_picked":["Phantasmal Killer","Leg Sweep"],"picked":"Dagger Throw","floor":12},{"not_picked":["PiercingWail","Expertise"],"picked":"Slice","floor":13},{"not_picked":["Venomology","Tools of the Trade"],"picked":"Malaise","floor":16},{"not_picked":["Prepared","Flechettes"],"picked":"Quick Slash","floor":18},{"not_picked":["Flying Knee+1","Dagger Throw"],"picked":"Noxious Fumes","floor":19},{"not_picked":["PiercingWail+1","Dodge and Roll+1"],"picked":"Quick Slash+1","floor":25},{"not_picked":["Dodge and Roll+1","Underhanded Strike"],"picked":"Skewer","floor":27},{"not_picked":["Dodge and Roll","Tactician+1"],"picked":"Poisoned Stab","floor":29},{"not_picked":["Outmaneuver+1","Malaise"],"picked":"Bane","floor":30},{"not_picked":["Prepared","Blade Dance"],"picked":"Distraction+1","floor":32}],"player_experience":81632,"relics_obtained":[{"floor":6,"key":"PreservedInsect"},{"floor":9,"key":"Regal Pillow"},{"floor":20,"key":"Enchiridion"},{"floor":26,"key":"Old Coin"}],"event_choices":[{"damage_healed":0,"gold_gain":55,"player_choice":"Gained Gold","damage_taken":0,"max_hp_gain":0,"max_hp_loss":0,"event_name":"Golden Wing","floor":2,"gold_loss":0},{"damage_healed":0,"gold_gain":0,"player_choice":"Success","damage_taken":7,"relics_obtained":["Happy Flower"],"max_hp_gain":0,"max_hp_loss":0,"event_name":"Scrap Ooze","floor":3,"gold_loss":0},{"damage_healed":0,"gold_gain":0,"player_choice":"Ignored","damage_taken":0,"max_hp_gain":0,"max_hp_loss":0,"event_name":"Shining Light","floor":8,"gold_loss":0},{"damage_healed":0,"gold_gain":175,"player_choice":"AGREE","damage_taken":0,"max_hp_gain":0,"max_hp_loss":0,"event_name":"Liars Game","floor":14,"gold_loss":0,"cards_obtained":["Doubt"]},{"damage_healed":0,"gold_gain":0,"player_choice":"Obtained Book","damage_taken":16,"max_hp_gain":0,"max_hp_loss":0,"event_name":"Cursed Tome","floor":20,"gold_loss":0},{"damage_healed":0,"gold_gain":0,"player_choice":"Ignored","damage_taken":0,"max_hp_gain":0,"max_hp_loss":0,"event_name":"Vampires","floor":22,"gold_loss":0},{"damage_healed":0,"gold_gain":0,"player_choice":"Gave Potion","damage_taken":0,"relics_obtained":["Dream Catcher"],"max_hp_gain":0,"max_hp_loss":0,"event_name":"WeMeetAgain","floor":28,"gold_loss":0}],"is_beta":false,"boss_relics":[{"not_picked":["Runic Dome","Philosopher\u0027s Stone"],"picked":"Fusion Hammer"}],"items_purged_floors":[21],"is_endless":false,"potions_floor_spawned":[4,5,6,10,18,27,30],"killed_by":"Automaton","ascension_level":0}}