{"host":"ibtxpp7hbhk6t4eo","time":1612062281,"event":{"mods":["BaseMod","Downfall","Minty Spire (QoL Compilation)","StSLib","Waifu the Spire"],"gold_per_floor":[99,118,129,129,129,156,156,183,212,266,294,324,338,365,383,480,480,280,297,497,497,527,579,603,615,290,290,290,303,384,410,428,428,428,428],"floor_reached":33,"language":"ZHS","playtime":1665,"items_purged":[],"score":571,"play_id":"2a88d375-c9df-4a6d-828e-755dd9a35e0b","local_time":"20210131110441","daily_mods":["SealedDeck","Vintage","Heirloom","Time Dilation","Flight","DeadlyEvents","Elite Swarm"],"is_ascension_mode":false,"campfire_choices":[{"data":"champ:BerserkerStyle","floor":1,"key":"SMITH"},{"data":"champ:LastStand","floor":18,"key":"SMITH"},{"data":"champ:UltimateStance","floor":27,"key":"SMITH"}],"circlet_count":0,"master_deck":["champ:Lariat","champ:FlashCut","champ:BerserkerStyle+1","champ:DefensiveShout","champ:BringItOn","champ:Circumvent","champ:Encircle","champ:StanceDance","champ:EnragedBash","champ:CrownThrow","champ:IgnorePain","champ:LastStand+1","champ:HoldFirm","champ:StrikeOfGenius","champ:MurderStrike","champ:SteelEdge","champ:Parry","champ:UltimateStance+1","champ:AdrenalArmor+1","Bite","Bite","Bite","Bite","Bite","champ:SteelEdge"],"relics":["champ:ChampionCrown","champ:DeflectingBracers","bronze:DecasWashers","InkBottle","HornCleat","Art of War","Matryoshka","Bronze Scales","Shuriken","Bag of Marbles","Tiny Chest","Slimebound:PreparedRelic","Lantern","Omamori","Bottled Lightning","Kunai","Black Star","downfall:HeartBlessingGreen","downfall:HeartBlessingBlue","Smiling Mask","Ginger","Dead Branch","Regal Pillow","Ancient Tea Set","Gambling Chip","White Beast Statue","Sundial","Guardian:PocketSentry","Slimebound:StickyStick","Eternal Feather"],"acts_visited":["Exordium","TheCity"],"potions_floor_usage":[9,9],"damage_taken":[{"damage":0,"enemies":"Cultist","floor":2,"turns":2},{"damage":12,"enemies":"Small Slimes","floor":3,"turns":3},{"damage":51,"enemies":"3 Sentries","floor":6,"turns":6},{"damage":33,"enemies":"Lagavulin","floor":8,"turns":4},{"damage":17,"enemies":"Gremlin Nob","floor":9,"turns":3},{"damage":33,"enemies":"Lagavulin","floor":11,"turns":4},{"damage":7,"enemies":"Gremlin Nob","floor":12,"turns":3},{"damage":5,"enemies":"Jaw Worm","floor":13,"turns":1},{"damage":19,"enemies":"Exordium Wildlife","floor":15,"turns":3},{"damage":37,"enemies":"IC_STATUS_ARCHETYPE","floor":16,"turns":3},{"damage":19,"enemies":"Chosen","floor":19,"turns":3},{"damage":16,"enemies":"Book of Stabbing","floor":22,"turns":4},{"damage":42,"enemies":"3 Cultists","floor":25,"turns":4},{"damage":24,"enemies":"downfall:FleeingMerchant","floor":26,"turns":4},{"damage":28,"enemies":"Chosen and Byrds","floor":29,"turns":2},{"damage":66,"enemies":"Slavers","floor":31,"turns":4},{"damage":26,"enemies":"Snake Plant","floor":32,"turns":2},{"damage":79,"enemies":"SI_MIRROR_ARCHETYPE","floor":33,"turns":4}],"seed_played":"1547292920078361014","potions_obtained":[{"floor":2,"key":"FearPotion"},{"floor":8,"key":"Fire Potion"},{"floor":9,"key":"BlessingOfTheForge"},{"floor":11,"key":"CultistPotion"},{"floor":12,"key":"Weak Potion"},{"floor":31,"key":"CultistPotion"}],"is_trial":true,"path_per_floor":["R","M","M","?","?","E","T","E","E","T","E","E","M","T","M","B",null,"R","M","?","?","E","T","T","M","$","R","?","M","T","E","M","B"],"character_chosen":"THE_CHAMP","items_purchased":["Gambling Chip"],"campfire_rested":0,"item_purchase_floors":[26],"current_hp_per_floor":[90,90,90,78,83,63,63,63,63,63,63,63,63,63,63,57,95,105,105,105,105,101,101,101,94,96,96,96,98,98,73,73,0,0,0],"gold":428,"neow_bonus":"","is_daily":false,"chose_seed":false,"campfire_upgraded":3,"win_rate":0.0,"timestamp":1612062281,"path_taken":["R","M","?","?","?","E","T","E","?","?","?","?","?","?","M","BOSS","R","M","?","?","?","?","T","?","$","R","?","?","?","?","M","BOSS"],"items_purchased_type":["Relic"],"build_version":"2020-12-22","purchased_purges":0,"victory":false,"max_hp_per_floor":[90,90,90,90,95,95,95,95,95,95,95,95,95,95,95,95,95,105,105,105,105,105,105,105,105,105,105,105,105,105,105,105,105,105,105],"card_choices":[{"not_picked":["champ:UltimateStance","champ:ShieldThrow"],"picked":"champ:IgnorePain","floor":6},{"not_picked":["champ:HeavySlash","champ:CheapShot"],"picked":"champ:LastStand","floor":8},{"not_picked":["champ:Devastate","champ:CheapShot"],"picked":"champ:HoldFirm","floor":9},{"not_picked":["champ:LastStand","champ:Devastate"],"picked":"champ:StrikeOfGenius","floor":11},{"not_picked":["champ:HoldFirm","champ:ShieldThrow"],"picked":"champ:MurderStrike","floor":12},{"not_picked":["champ:LastStand","champ:Devastate"],"picked":"champ:SteelEdge","floor":16},{"not_picked":["champ:CheapShot","champ:MurderStrike"],"picked":"champ:UltimateStance","floor":22},{"not_picked":["champ:Shatter","champ:FlashCut"],"picked":"champ:AdrenalArmor+1","floor":26},{"not_picked":["champ:UltimateStance","champ:IgnorePain"],"picked":"champ:SteelEdge","floor":31}],"player_experience":84252,"relics_obtained":[{"floor":2,"key":"bronze:DecasWashers"},{"floor":3,"key":"InkBottle"},{"floor":6,"key":"Art of War"},{"floor":7,"key":"Matryoshka"},{"floor":8,"key":"Bronze Scales"},{"floor":9,"key":"Shuriken"},{"floor":10,"key":"Bag of Marbles"},{"floor":10,"key":"Tiny Chest"},{"floor":11,"key":"Slimebound:PreparedRelic"},{"floor":12,"key":"Lantern"},{"floor":13,"key":"Omamori"},{"floor":14,"key":"Bottled Lightning"},{"floor":15,"key":"Kunai"},{"floor":19,"key":"Smiling Mask"},{"floor":22,"key":"Ginger"},{"floor":22,"key":"Dead Branch"},{"floor":23,"key":"Regal Pillow"},{"floor":24,"key":"Blood Vial"},{"floor":25,"key":"Ancient Tea Set"},{"floor":29,"key":"White Beast Statue"},{"floor":30,"key":"Sundial"},{"floor":31,"key":"Guardian:PocketSentry"},{"floor":31,"key":"Slimebound:StickyStick"},{"floor":32,"key":"Eternal Feather"}],"event_choices":[{"damage_healed":0,"gold_gain":0,"player_choice":"Success","damage_taken":12,"relics_obtained":["HornCleat"],"max_hp_gain":0,"max_hp_loss":0,"event_name":"Scrap Ooze","floor":4,"gold_loss":0},{"damage_healed":0,"gold_gain":0,"player_choice":"Donut","damage_taken":0,"max_hp_gain":5,"max_hp_loss":0,"event_name":"Big Fish","floor":5,"gold_loss":0},{"damage_healed":0,"gold_gain":0,"player_choice":"Became a vampire (Vial)","damage_taken":0,"max_hp_gain":0,"max_hp_loss":0,"event_name":"Vampires","floor":28,"relics_lost":["Blood Vial"],"gold_loss":0,"cards_obtained":["Bite","Bite","Bite","Bite","Bite"]}],"is_beta":false,"boss_relics":[{"not_picked":["Runic Pyramid","Calling Bell"],"picked":"Black Star"}],"items_purged_floors":[],"is_endless":false,"potions_floor_spawned":[2,8,9,11,12,19,22,31,32],"killed_by":"SI_MIRROR_ARCHETYPE","ascension_level":0}}