{"host":"nsxzlb359hv0da5z","time":1612055347,"event":{"mods":["BaseMod","Bestiary","Colored Map","Minty Spire (QoL Compilation)","Permanent Neow","Relic Stats","Slay the Relics Exporter","ojb\u0027s Info Mod"],"gold_per_floor":[361,411,307,317,333,333,365,365,365,196,209,209,209,245,245,336,336,361,361,382,32,50,50,75,75,147,147,167,167,167],"floor_reached":29,"language":"ENG","playtime":3147,"items_purged":["Strike_G","Strike_G"],"score":466,"play_id":"cfd3af1f-fe68-41e7-b8b9-4ea33dc8aa2c","local_time":"20210130170907","is_ascension_mode":true,"campfire_choices":[{"data":"Deadly Poison","floor":6,"key":"SMITH"},{"data":"Poisoned Stab","floor":8,"key":"SMITH"},{"data":"Footwork","floor":12,"key":"SMITH"},{"data":"Neutralize","floor":15,"key":"SMITH"},{"data":"Well Laid Plans","floor":23,"key":"SMITH"},{"data":"Noxious Fumes","floor":27,"key":"SMITH"}],"circlet_count":0,"master_deck":["AscendersBane","Strike_G","Strike_G","Strike_G","Defend_G","Defend_G","Defend_G","Defend_G","Defend_G","Survivor","Neutralize+1","Dagger Throw","Poisoned Stab+1","Backstab","Deadly Poison+1","After Image","Footwork+1","Backflip","Burst","Deadly Poison","Noxious Fumes+1","Well Laid Plans+1","Backflip","Adrenaline"],"relics":["Ring of the Snake","The Courier","Golden Idol","Potion Belt","SacredBark","Nilry\u0027s Codex","Nloth\u0027s Gift","Eternal Feather"],"acts_visited":["Exordium","TheCity"],"potions_floor_usage":[7,14,18,22,22,24,28,28],"damage_taken":[{"damage":2,"enemies":"Jaw Worm","floor":1,"turns":5},{"damage":0,"enemies":"Cultist","floor":4,"turns":3},{"damage":1,"enemies":"Small Slimes","floor":5,"turns":3},{"damage":6,"enemies":"Gremlin Nob","floor":7,"turns":3},{"damage":1,"enemies":"Blue Slaver","floor":11,"turns":3},{"damage":10,"enemies":"3 Sentries","floor":14,"turns":7},{"damage":15,"enemies":"Hexaghost","floor":16,"turns":11},{"damage":9,"enemies":"2 Thieves","floor":18,"turns":4},{"damage":13,"enemies":"Spheric Guardian","floor":20,"turns":8},{"damage":9,"enemies":"Chosen and Byrds","floor":22,"turns":10},{"damage":41,"enemies":"3 Cultists","floor":24,"turns":7},{"damage":22,"enemies":"Shelled Parasite and Fungi","floor":28,"turns":5},{"damage":10,"enemies":"Sentry and Sphere","floor":29,"turns":2}],"seed_played":"6290247256621938239","potions_obtained":[{"floor":4,"key":"AttackPotion"},{"floor":16,"key":"Regen Potion"},{"floor":22,"key":"Weak Potion"}],"is_trial":false,"path_per_floor":["M","?","$","M","M","R","E","R","T","$","M","R","?","E","R","B",null,"M","?","M","$","M","R","M","?","T","R","M","M"],"character_chosen":"THE_SILENT","items_purchased":["Poisoned Stab","Fire Potion","Footwork","Explosive Potion","Noxious Fumes","Well Laid Plans","PowerPotion","Weak Potion","CunningPotion"],"campfire_rested":0,"item_purchase_floors":[3,3,10,10,21,21,21,21,21],"current_hp_per_floor":[57,51,51,51,50,50,44,44,44,44,43,43,43,35,35,20,47,40,19,6,6,52,52,13,13,13,25,3,0,0],"gold":167,"neow_bonus":"TWO_FIFTY_GOLD","is_daily":false,"chose_seed":false,"campfire_upgraded":6,"win_rate":0.0,"timestamp":1612055347,"path_taken":["M","?","$","M","?","R","E","R","T","$","M","R","?","E","R","BOSS","M","?","M","$","M","R","M","?","T","R","?","M"],"items_purchased_type":["Card","Potion","Card","Potion","Card","Card","Potion","Potion","Potion"],"build_version":"2020-12-22","purchased_purges":2,"victory":false,"max_hp_per_floor":[60,60,60,60,60,60,60,60,60,60,60,60,54,56,56,56,56,58,58,58,58,58,58,60,60,60,60,60,60,60],"relic_stats":{"counters":[13,71],"Golden Idol":47,"Eternal Feather":12,"Nloth\u0027s Gift":2,"obtain_stats":[{"Potion Belt":14,"Singing Bowl":7,"Golden Idol":13,"Nilry\u0027s Codex":19,"SacredBark":17,"Eternal Feather":26,"The Courier":9,"Nloth\u0027s Gift":25,"Ring of the Snake":0},{"Potion Belt":6,"Singing Bowl":4,"Golden Idol":5,"Nilry\u0027s Codex":8,"SacredBark":7,"Eternal Feather":11,"The Courier":4,"Nloth\u0027s Gift":11,"Ring of the Snake":0},{"Potion Belt":24,"Singing Bowl":14,"Golden Idol":17,"Nilry\u0027s Codex":39,"SacredBark":35,"Eternal Feather":64,"The Courier":14,"Nloth\u0027s Gift":64,"Ring of the Snake":0}],"Ring of the Snake":[26]},"card_choices":[{"not_picked":["Acrobatics","Cloak And Dagger"],"picked":"Dagger Throw","floor":1},{"not_picked":["Accuracy","PiercingWail"],"picked":"Backstab","floor":4},{"not_picked":["Well Laid Plans","Backflip"],"picked":"Deadly Poison","floor":5},{"not_picked":["Blade Dance","Well Laid Plans"],"picked":"After Image","floor":7},{"not_picked":["Bane","Finisher"],"picked":"Backflip","floor":11},{"not_picked":["Reflex","Dash","Eviscerate"],"picked":"Singing Bowl","floor":14},{"not_picked":["After Image","Envenom"],"picked":"Burst","floor":16},{"not_picked":["Dash","Caltrops","Acrobatics"],"picked":"Singing Bowl","floor":18},{"not_picked":["Quick Slash","Cloak And Dagger"],"picked":"Deadly Poison","floor":20},{"not_picked":["Prepared","Blade Dance"],"picked":"Backflip","floor":22},{"not_picked":["Terror","Sucker Punch","Acrobatics"],"picked":"Singing Bowl","floor":24},{"not_picked":["Outmaneuver","After Image"],"picked":"Adrenaline","floor":28}],"player_experience":2023933,"relics_obtained":[{"floor":7,"key":"Singing Bowl"},{"floor":9,"key":"The Courier"},{"floor":14,"key":"Potion Belt"},{"floor":19,"key":"Nilry\u0027s Codex"},{"floor":26,"key":"Eternal Feather"}],"event_choices":[{"damage_healed":0,"gold_gain":50,"player_choice":"Touch","damage_taken":6,"max_hp_gain":0,"max_hp_loss":0,"event_name":"FaceTrader","floor":2,"gold_loss":0},{"damage_healed":0,"gold_gain":0,"player_choice":"Lose Max HP","damage_taken":0,"relics_obtained":["Golden Idol"],"max_hp_gain":0,"max_hp_loss":6,"event_name":"Golden Idol","floor":13,"gold_loss":0},{"damage_healed":0,"gold_gain":0,"player_choice":"Obtained Book","damage_taken":21,"max_hp_gain":0,"max_hp_loss":0,"event_name":"Cursed Tome","floor":19,"gold_loss":0},{"damage_healed":0,"gold_gain":0,"player_choice":"Traded Relic","damage_taken":0,"relics_obtained":["Nloth\u0027s Gift"],"max_hp_gain":0,"max_hp_loss":0,"event_name":"N\u0027loth","floor":25,"relics_lost":["Singing Bowl"],"gold_loss":0}],"is_beta":false,"boss_relics":[{"not_picked":["Snecko Eye","Tiny House"],"picked":"SacredBark"}],"items_purged_floors":[10,21],"is_endless":false,"potions_floor_spawned":[4,5,16,22],"killed_by":"Sentry and Sphere","ascension_level":20}}