{"host":"3qkmyeoym75lj4wn","time":1612120533,"event":{"mods":["2.2 Compatiblity","BaseMod","Block Reminder","Colored Powertips","Highlight Path","Minty Spire (QoL Compilation)","Permanent Neow","Potion Indicator Mod","Rare Cards Sparkle","Relic Stats","StSLib","Unceasing Turn Reminder"],"gold_per_floor":[113,113,188,188,24,24,39,71,142,42,54,64,95,108,108,183,183,201,213,213,88,139,139,172,9,36,69,69,88,88,98,98,176,176,195,241,30,30,45,45,73,73,124,159,169,203,93,103,103,103,103,103],"floor_reached":51,"language":"ENG","playtime":3031,"items_purged":["Pain","Strike_R","Strike_R"],"score":1612,"play_id":"86b41234-37db-4cfa-b149-3d3e515bd058","local_time":"20210131191533","is_ascension_mode":true,"campfire_choices":[{"data":"Bludgeon","floor":6.0,"key":"SMITH"},{"floor":15.0,"key":"DIG"},{"floor":23.0,"key":"DIG"},{"floor":32.0,"key":"DIG"},{"floor":40,"key":"RECALL"},{"data":"1","floor":42,"key":"LIFT"},{"data":"2","floor":49,"key":"LIFT"}],"circlet_count":0,"master_deck":["AscendersBane","Strike_R","Defend_R","Defend_R","Defend_R","Defend_R","Bash","Bludgeon+1","Battle Trance","Cleave+1","Shockwave","Inflame","Immolate","Offering","Exhume","Thunderclap","Jack Of All Trades","Seeing Red","Demon Form","Shrug It Off+1"],"relics":["Black Blood","WarpedTongs","Vajra","Meat on the Bone","Shovel","FossilizedHelix","Velvet Choker","Bag of Preparation","Centennial Puzzle","Champion Belt","Sling","Toy Ornithopter","CaptainsWheel","Gremlin Horn","Art of War","Girya","PreservedInsect","Paper Frog","Regal Pillow","Lantern"],"acts_visited":["Exordium","TheCity","TheBeyond"],"potions_floor_usage":[33,33,41,44,50,50],"damage_taken":[{"damage":7.0,"enemies":"Jaw Worm","floor":1.0,"turns":3.0},{"damage":0.0,"enemies":"2 Louse","floor":7.0,"turns":2.0},{"damage":0.0,"enemies":"Lagavulin","floor":8.0,"turns":3.0},{"damage":0.0,"enemies":"Cultist","floor":11.0,"turns":2.0},{"damage":18.0,"enemies":"Exordium Thugs","floor":12.0,"turns":3.0},{"damage":15.0,"enemies":"3 Sentries","floor":13.0,"turns":3.0},{"damage":8.0,"enemies":"Exordium Wildlife","floor":14.0,"turns":2.0},{"damage":15.0,"enemies":"Slime Boss","floor":16.0,"turns":7.0},{"damage":1.0,"enemies":"Chosen","floor":18.0,"turns":3.0},{"damage":11.0,"enemies":"Spheric Guardian","floor":19.0,"turns":3.0},{"damage":34.0,"enemies":"Book of Stabbing","floor":24.0,"turns":3.0},{"damage":22.0,"enemies":"Gremlin Leader","floor":27.0,"turns":3.0},{"damage":3.0,"enemies":"Centurion and Healer","floor":29.0,"turns":3.0},{"damage":0.0,"enemies":"3 Cultists","floor":31.0,"turns":2.0},{"damage":59,"enemies":"Automaton","floor":33,"turns":8},{"damage":17,"enemies":"3 Darklings","floor":35,"turns":3},{"damage":31,"enemies":"2 Orb Walkers","floor":36,"turns":4},{"damage":0,"enemies":"3 Shapes","floor":39,"turns":2},{"damage":33,"enemies":"Nemesis","floor":41,"turns":5},{"damage":16,"enemies":"Giant Head","floor":44,"turns":5},{"damage":4,"enemies":"Sphere and 2 Shapes","floor":45,"turns":3},{"damage":0,"enemies":"Reptomancer","floor":46,"turns":2},{"damage":0,"enemies":"Jaw Worm Horde","floor":48,"turns":1},{"damage":88,"enemies":"Time Eater","floor":50,"turns":10},{"damage":28,"enemies":"Donu and Deca","floor":51,"turns":2}],"seed_played":"254599432547901365","potions_obtained":[{"floor":7.0,"key":"Swift Potion"},{"floor":11.0,"key":"SkillPotion"},{"floor":14.0,"key":"Regen Potion"},{"floor":19.0,"key":"EntropicBrew"},{"floor":27.0,"key":"Strength Potion"},{"floor":36,"key":"GamblersBrew"},{"floor":44,"key":"EssenceOfSteel"},{"floor":45,"key":"DuplicationPotion"}],"is_trial":false,"path_per_floor":["M","?","?","?","$","R","M","E","T","$","M","M","E","M","R","B",null,"M","M","?","$","T","R","E","$","T","E","$","M","T","M","R","B",null,"M","?","$","?","M","R","E","R","T","E","M","E","?","M","R","B","B"],"character_chosen":"IRONCLAD","items_purchased":["Cleave","Shockwave","Sling","PreservedInsect","PowerPotion"],"campfire_rested":0,"item_purchase_floors":[5,5,25,37,37],"current_hp_per_floor":[67,72,61,61,61,61,67,73,73,73,79,67,58,56,56,47,72,77,72,60,60,60,60,53,53,53,47,47,50,50,56,56,25,66,61,54,54,54,66,66,62,62,62,63,71,80,80,80,80,26,0,0],"gold":103,"neow_bonus":"ONE_RANDOM_RARE_CARD","is_daily":false,"chose_seed":false,"campfire_upgraded":1,"win_rate":0.0,"timestamp":1612120533,"path_taken":["M","?","?","?","$","R","M","E","T","$","?","M","E","M","R","BOSS","M","M","?","?","?","R","E","?","T","E","$","M","?","?","R","BOSS","M","?","$","?","M","R","E","R","T","E","M","E","?","M","R","BOSS","BOSS"],"items_purchased_type":["Card","Card","Relic","Relic","Potion"],"build_version":"2020-12-22","purchased_purges":3,"victory":false,"max_hp_per_floor":[75,80,80,80,80,80,80,80,80,80,80,80,80,80,80,80,80,80,80,80,80,80,80,80,80,80,80,80,80,80,80,80,80,80,80,80,80,80,80,80,80,80,80,80,80,80,80,80,80,80,80,80],"relic_stats":{"Regal Pillow":0,"Gremlin Horn":[11,13],"counters":[25,87],"Black Blood":183,"PreservedInsect":242,"Bag of Preparation":[30],"WarpedTongs":[81],"Centennial Puzzle":[33],"Shovel":3,"Art of War":[5],"Champion Belt":[58],"obtain_stats":[{"Girya":36,"Regal Pillow":44,"Lantern":46,"Gremlin Horn":30,"Vajra":8,"Velvet Choker":17,"Black Blood":34,"PreservedInsect":37,"Bag of Preparation":22,"Sling":25,"Burning Blood":0,"WarpedTongs":4,"Centennial Puzzle":23,"CaptainsWheel":27,"Shovel":13,"Art of War":32,"Champion Belt":24,"FossilizedHelix":15,"Toy Ornithopter":26,"Meat on the Bone":9,"Paper Frog":41},{"Girya":17,"Regal Pillow":20,"Lantern":22,"Gremlin Horn":13,"Vajra":3,"Velvet Choker":8,"Black Blood":15,"PreservedInsect":17,"Bag of Preparation":10,"Sling":11,"Burning Blood":0,"WarpedTongs":1,"Centennial Puzzle":10,"CaptainsWheel":12,"Shovel":6,"Art of War":14,"Champion Belt":11,"FossilizedHelix":7,"Toy Ornithopter":11,"Meat on the Bone":3,"Paper Frog":19},{"Girya":57,"Regal Pillow":69,"Lantern":74,"Gremlin Horn":40,"Vajra":8,"Velvet Choker":25,"Black Blood":50,"PreservedInsect":57,"Bag of Preparation":31,"Sling":34,"Burning Blood":0,"WarpedTongs":3,"Centennial Puzzle":31,"CaptainsWheel":37,"Shovel":16,"Art of War":42,"Champion Belt":34,"FossilizedHelix":18,"Toy Ornithopter":34,"Meat on the Bone":8,"Paper Frog":64}],"Toy Ornithopter":40,"Meat on the Bone":60},"card_choices":[{"not_picked":["Pommel Strike","Entrench"],"picked":"Battle Trance","floor":1.0},{"not_picked":["Clash","Flex"],"picked":"Inflame","floor":7.0},{"not_picked":["Power Through","Searing Blow"],"picked":"Immolate","floor":8.0},{"not_picked":["Flex","Reckless Charge","Wild Strike"],"picked":"SKIP","floor":11.0},{"not_picked":["Cleave","Pommel Strike","Pummel"],"picked":"SKIP","floor":12.0},{"not_picked":["Headbutt","Wild Strike"],"picked":"Offering","floor":13.0},{"not_picked":["Thunderclap","Havoc","Clothesline"],"picked":"SKIP","floor":14.0},{"not_picked":["Immolate","Fiend Fire"],"picked":"Exhume","floor":16.0},{"not_picked":["Ghostly Armor","Blood for Blood","Perfected Strike+1"],"picked":"SKIP","floor":18.0},{"not_picked":["Warcry","Cleave"],"picked":"Thunderclap","floor":19.0},{"not_picked":["Evolve","Entrench"],"picked":"Seeing Red","floor":24.0},{"not_picked":["Flex+1","Cleave+1","Heavy Blade"],"picked":"SKIP","floor":27.0},{"not_picked":["Feel No Pain","Body Slam","Entrench"],"picked":"SKIP","floor":29.0},{"not_picked":["Pommel Strike+1","Perfected Strike","Flex"],"picked":"SKIP","floor":31.0},{"not_picked":["Carnage","Twin Strike+1","Heavy Blade"],"picked":"SKIP","floor":35},{"not_picked":["Iron Wave","Evolve","Blood for Blood"],"picked":"SKIP","floor":39},{"not_picked":["Heavy Blade","Warcry","Inflame"],"picked":"SKIP","floor":41},{"not_picked":["Iron Wave","Ghostly Armor","Dark Embrace"],"picked":"SKIP","floor":44},{"not_picked":["Iron Wave","Headbutt"],"picked":"Demon Form","floor":45},{"not_picked":["Bludgeon","Hemokinesis+1"],"picked":"Shrug It Off+1","floor":46},{"not_picked":["Fire Breathing","Pommel Strike+1","Heavy Blade+1"],"picked":"SKIP","floor":48}],"player_experience":1719040,"relics_obtained":[{"floor":8.0,"key":"Vajra"},{"floor":9.0,"key":"Meat on the Bone"},{"floor":13.0,"key":"Shovel"},{"floor":15.0,"key":"FossilizedHelix"},{"floor":22.0,"key":"Bag of Preparation"},{"floor":23.0,"key":"Centennial Puzzle"},{"floor":24.0,"key":"Champion Belt"},{"floor":26.0,"key":"Toy Ornithopter"},{"floor":27.0,"key":"CaptainsWheel"},{"floor":30.0,"key":"Gremlin Horn"},{"floor":32.0,"key":"Art of War"},{"floor":36,"key":"Girya"},{"floor":41,"key":"Paper Frog"},{"floor":44,"key":"Regal Pillow"},{"floor":46,"key":"Lantern"}],"event_choices":[{"damage_healed":0.0,"max_hp_gain":5.0,"max_hp_loss":0.0,"gold_gain":0.0,"event_name":"Big Fish","player_choice":"Donut","floor":2.0,"gold_loss":0.0,"damage_taken":0.0},{"damage_healed":0.0,"max_hp_gain":0.0,"max_hp_loss":0.0,"gold_gain":75.0,"event_name":"World of Goop","player_choice":"Gather Gold","floor":3.0,"gold_loss":0.0,"damage_taken":11.0},{"damage_healed":0.0,"max_hp_gain":0.0,"max_hp_loss":0.0,"gold_gain":0.0,"event_name":"Accursed Blacksmith","player_choice":"Rummage","floor":4.0,"gold_loss":0.0,"damage_taken":0.0,"relics_obtained":["WarpedTongs"],"cards_obtained":["Pain"]},{"damage_healed":0.0,"max_hp_gain":0.0,"max_hp_loss":0.0,"gold_gain":0.0,"event_name":"Knowing Skull","player_choice":"CARD ","floor":20.0,"potions_obtained":[],"gold_loss":0.0,"damage_taken":12.0,"cards_obtained":["Jack Of All Trades"]},{"damage_healed":0,"gold_gain":0,"player_choice":"Fight","damage_taken":0,"max_hp_gain":0,"max_hp_loss":0,"event_name":"Mysterious Sphere","floor":36,"gold_loss":0},{"cards_removed":["Strike_R"],"damage_healed":0,"gold_gain":0,"player_choice":"Removed Attack","damage_taken":0,"max_hp_gain":0,"max_hp_loss":0,"event_name":"Falling","floor":38,"gold_loss":0},{"cards_removed":["Strike_R"],"damage_healed":0,"gold_gain":0,"player_choice":"Upgrade and Remove","damage_taken":0,"max_hp_gain":0,"max_hp_loss":0,"event_name":"Designer","floor":47,"gold_loss":110,"cards_upgraded":["Cleave"]}],"is_beta":false,"boss_relics":[{"not_picked":["Astrolabe","Calling Bell"],"picked":"Velvet Choker"},{"not_picked":["Philosopher\u0027s Stone","Mark of Pain"],"picked":"Black Blood"}],"items_purged_floors":[5,10,21],"is_endless":false,"potions_floor_spawned":[7,11,14,19,27,29,31,36,44,45,46],"killed_by":"Donu and Deca","ascension_level":20}}