{"host":"msfr2axb1w9025n0","time":1612070268,"event":{"mods":["BaseMod","Colored Map","DeckTracker","Minty Spire (QoL Compilation)","Relic Stats"],"gold_per_floor":[112,125,143,68,93,93,124,124,151,184,184,195,195,206,206,206,206],"floor_reached":16,"language":"ENG","playtime":632,"items_purged":["Strike_B"],"score":171,"play_id":"869b8ed6-6a4e-4bdf-8af4-a6fa44134d8d","local_time":"20210131121748","is_ascension_mode":true,"campfire_choices":[{"floor":6,"key":"DIG"},{"floor":11,"key":"DIG"},{"floor":13,"key":"DIG"},{"data":"Defragment","floor":15,"key":"SMITH"}],"circlet_count":0,"master_deck":["AscendersBane","Strike_B","Strike_B","Strike_B","Defend_B","Defend_B","Defend_B","Defend_B","Zap","Dualcast","Defragment+1","Glacier","Compile Driver","Double Energy","Redo","Reinforced Body","Go for the Eyes"],"relics":["Cracked Core","Shovel","Tiny Chest","Pocketwatch","Unceasing Top","Nunchaku","Bronze Scales","Dream Catcher","MealTicket"],"acts_visited":["Exordium"],"potions_floor_usage":[12],"damage_taken":[{"damage":1,"enemies":"Cultist","floor":1,"turns":3},{"damage":8,"enemies":"2 Louse","floor":2,"turns":2},{"damage":7,"enemies":"Jaw Worm","floor":3,"turns":3},{"damage":2,"enemies":"Lagavulin","floor":7,"turns":9},{"damage":21,"enemies":"3 Sentries","floor":10,"turns":10},{"damage":4,"enemies":"Lots of Slimes","floor":12,"turns":3},{"damage":5,"enemies":"3 Louse","floor":14,"turns":4},{"damage":20,"enemies":"Hexaghost","floor":16,"turns":12}],"seed_played":"2869265306053730169","potions_obtained":[{"floor":3,"key":"Strength Potion"},{"floor":10,"key":"EssenceOfSteel"},{"floor":14,"key":"Strength Potion"}],"is_trial":false,"path_per_floor":["M","M","M","$","T","R","E","$","T","E","R","M","R","M","R","B"],"character_chosen":"DEFECT","items_purchased":[],"campfire_rested":0,"item_purchase_floors":[],"current_hp_per_floor":[67,59,52,52,52,52,50,50,50,29,29,25,25,20,20,0,0],"gold":206,"neow_bonus":"ONE_RARE_RELIC","is_daily":false,"chose_seed":false,"campfire_upgraded":1,"win_rate":0.0,"timestamp":1612070268,"path_taken":["M","M","M","$","?","R","E","?","T","E","R","M","R","M","R","BOSS"],"items_purchased_type":[],"build_version":"2020-12-22","purchased_purges":1,"victory":false,"max_hp_per_floor":[68,68,68,68,68,68,68,68,68,68,68,68,68,68,68,68,68],"relic_stats":{"Nunchaku":[2],"Dream Catcher":0,"Shovel":3,"counters":[8,46],"Bronze Scales":[96],"Tiny Chest":0,"MealTicket":0,"obtain_stats":[{"Nunchaku":9,"Dream Catcher":11,"Shovel":0,"Bronze Scales":10,"Tiny Chest":5,"MealTicket":13,"Cracked Core":0,"Unceasing Top":7,"Pocketwatch":6},{"Nunchaku":4,"Dream Catcher":5,"Shovel":0,"Bronze Scales":5,"Tiny Chest":3,"MealTicket":6,"Cracked Core":0,"Unceasing Top":4,"Pocketwatch":3},{"Nunchaku":17,"Dream Catcher":27,"Shovel":0,"Bronze Scales":27,"Tiny Chest":8,"MealTicket":30,"Cracked Core":0,"Unceasing Top":17,"Pocketwatch":8}],"Unceasing Top":[1],"Pocketwatch":[90]},"card_choices":[{"not_picked":["Ball Lightning","Gash"],"picked":"Defragment","floor":1},{"not_picked":["Auto Shields","Cold Snap"],"picked":"Glacier","floor":2},{"not_picked":["Sweeping Beam","Stack"],"picked":"Compile Driver","floor":3},{"not_picked":["Go for the Eyes","Thunder Strike"],"picked":"Double Energy","floor":7},{"not_picked":["Reprogram","Creative AI"],"picked":"Redo","floor":10},{"not_picked":["Doom and Gloom","Fusion"],"picked":"Reinforced Body","floor":12},{"not_picked":["Redo","Steam"],"picked":"Go for the Eyes","floor":14}],"player_experience":273663,"relics_obtained":[{"floor":5,"key":"Tiny Chest"},{"floor":6,"key":"Pocketwatch"},{"floor":7,"key":"Unceasing Top"},{"floor":9,"key":"Nunchaku"},{"floor":10,"key":"Bronze Scales"},{"floor":11,"key":"Dream Catcher"},{"floor":13,"key":"MealTicket"}],"event_choices":[],"is_beta":false,"boss_relics":[],"items_purged_floors":[4],"is_endless":false,"potions_floor_spawned":[3,10,14],"killed_by":"Hexaghost","ascension_level":11}}