{"host":"ixpjvd0r4p7lnmut","time":1612099517,"event":{"mods":["BaseMod","Block Reminder","Colored Map","Colored Powertips","Minty Spire (QoL Compilation)","Rare Cards Sparkle","Relic Stats","StSLib","The Bug Knight"],"gold_per_floor":[118,12,12,27,43,83,96,96,96],"floor_reached":8,"language":"ENG","playtime":800,"items_purged":[],"score":58,"play_id":"8efd1e0c-3efa-485b-bd97-d5d9280dffdf","local_time":"20210131052517","is_ascension_mode":false,"campfire_choices":[],"circlet_count":0,"master_deck":["HollowMod:NailStrikeStart","HollowMod:NailStrikeStart","HollowMod:NailStrikeStart","HollowMod:NailStrikeStart","HollowMod:QuickDashStart","HollowMod:QuickDashStart","HollowMod:QuickDashStart","HollowMod:QuickDashStart","HollowMod:FocusHealStart","HollowMod:PogoStrike","HollowMod:CycloneSlash","HollowMod:Grubsong","HollowMod:SoulStrike","HollowMod:InfectedAttack","HollowMod:SoulShaman","HollowMod:SoulSplash","HollowMod:VengefulVoid"],"relics":["HollowMod:VesselMask","NeowsBlessing","Golden Idol","Potion Belt"],"acts_visited":["Exordium"],"potions_floor_usage":[],"damage_taken":[{"damage":0,"enemies":"Cultist","floor":1,"turns":1},{"damage":0,"enemies":"2 Louse","floor":4,"turns":1},{"damage":0,"enemies":"Small Slimes","floor":5,"turns":1},{"damage":40,"enemies":"HollowMod:MossKnight","floor":6,"turns":9},{"damage":24,"enemies":"Gremlin Gang","floor":7,"turns":3},{"damage":11,"enemies":"Gremlin Nob","floor":8,"turns":2}],"seed_played":"7867179398475978578","potions_obtained":[{"floor":4,"key":"SpeedPotion"},{"floor":6,"key":"Ancient Potion"},{"floor":7,"key":"SneckoOil"}],"is_trial":false,"path_per_floor":["M","$","?","M","M","E","M","E"],"character_chosen":"THE_BUGKNIGHT","items_purchased":["HollowMod:Grubsong","HollowMod:SoulStrike"],"campfire_rested":0,"item_purchase_floors":[2,2],"current_hp_per_floor":[75,75,57,57,57,29,5,0,0],"gold":96,"neow_bonus":"THREE_ENEMY_KILL","is_daily":false,"chose_seed":false,"campfire_upgraded":0,"win_rate":0.0,"timestamp":1612099517,"path_taken":["M","$","?","M","M","E","M","E"],"items_purchased_type":["Card","Card"],"build_version":"2020-12-22","purchased_purges":0,"victory":false,"max_hp_per_floor":[75,75,75,75,75,75,75,75,75],"relic_stats":{"counters":[6,17],"Golden Idol":17,"obtain_stats":[{"Potion Belt":6,"NeowsBlessing":0,"Golden Idol":3,"HollowMod:VesselMask":0},{"Potion Belt":4,"NeowsBlessing":0,"Golden Idol":1,"HollowMod:VesselMask":0},{"Potion Belt":12,"NeowsBlessing":0,"Golden Idol":1,"HollowMod:VesselMask":0}]},"card_choices":[{"not_picked":["HollowMod:DashSlash","HollowMod:DreamGate"],"picked":"HollowMod:CycloneSlash","floor":1},{"not_picked":["HollowMod:InfectedCysts","HollowMod:QuirrelsAssistance"],"picked":"HollowMod:InfectedAttack","floor":4},{"not_picked":["HollowMod:InfectionAssault","HollowMod:LifebloodCocoon"],"picked":"HollowMod:SoulShaman","floor":5},{"not_picked":["HollowMod:NewJinnsSoul","HollowMod:SiblingsSouls"],"picked":"HollowMod:SoulSplash","floor":6},{"not_picked":["HollowMod:InfectedAttack","HollowMod:HeavyBlow"],"picked":"HollowMod:VengefulVoid","floor":7}],"player_experience":131274,"relics_obtained":[{"floor":6,"key":"Potion Belt"}],"event_choices":[{"damage_healed":0,"gold_gain":0,"player_choice":"Take Damage","damage_taken":18,"relics_obtained":["Golden Idol"],"max_hp_gain":0,"max_hp_loss":0,"event_name":"Golden Idol","floor":3,"gold_loss":0}],"is_beta":false,"boss_relics":[],"items_purged_floors":[],"is_endless":false,"potions_floor_spawned":[4,6,7],"killed_by":"Gremlin Nob","ascension_level":0}}