{"host":"0q8h3wvt5d15753h","time":1612054922,"event":{"mods":["AchievementEnabler","Aspiration","BaseMod","Colored Powertips","Conspire","GifTheSpireLib","Hubris","Minty Spire (QoL Compilation)","Replay The Spire","Shop Mod","Spikes Relics","StSLib","Stuff the Spire","The Cursed"],"gold_per_floor":[114,5,17,31,97,97,127,139,176,204,16,28,91,149,161,239,239],"floor_reached":16,"language":"RUS","playtime":556,"items_purged":[],"score":122,"play_id":"48027abb-88bf-4d73-aeaf-aa658f2c4dd9","local_time":"20210131060202","is_ascension_mode":true,"campfire_choices":[{"data":"Sunder","floor":6,"key":"SMITH"},{"data":"FIFO Queue","floor":8,"key":"SMITH"},{"data":"Chill","floor":12,"key":"SMITH"},{"floor":15,"key":"REST"}],"circlet_count":0,"master_deck":["Strike_B","Strike_B","Strike_B","Strike_B","Defend_B+1","Defend_B+1","Defend_B","Defend_B","Zap","Dualcast","Ball Lightning","FIFO Queue+1","Sunder+1","Rebound","hubris:Ukulele","Chill+1","conspire:SpireCoStock","conspire:SpireCoStock","conspire:SpireCoStock","conspire:SpireCoStock","Self Repair","Heatsinks"],"relics":["Cracked Core","NeowsBlessing","MawBank","War Paint"],"acts_visited":["Exordium"],"potions_floor_usage":[16,16],"damage_taken":[{"damage":0,"enemies":"Cultist","floor":1,"turns":1},{"damage":0,"enemies":"Jaw Worm","floor":3,"turns":1},{"damage":0,"enemies":"2 Louse","floor":4,"turns":1},{"damage":5,"enemies":"2 Fungi Beasts","floor":10,"turns":3},{"damage":16,"enemies":"Exordium Wildlife","floor":13,"turns":4},{"damage":18,"enemies":"Looter","floor":14,"turns":4},{"damage":66,"enemies":"Hexaghost","floor":16,"turns":11}],"seed_played":"-1812020817927091139","potions_obtained":[{"floor":1,"key":"EssenceOfSteel"},{"floor":13,"key":"PowerPotion"}],"is_trial":false,"path_per_floor":["M","$","M","M","?","R","?","R","T","M","?","R","M","M","R","B"],"character_chosen":"DEFECT","items_purchased":["FIFO Queue","Sunder"],"campfire_rested":1,"item_purchase_floors":[2,2],"current_hp_per_floor":[75,75,75,75,75,75,75,75,75,70,70,70,54,43,65,0,0],"gold":239,"neow_bonus":"THREE_ENEMY_KILL","is_daily":false,"chose_seed":false,"campfire_upgraded":3,"win_rate":0.0,"timestamp":1612054922,"path_taken":["M","$","M","?","?","R","?","R","T","M","?","R","M","M","R","BOSS"],"items_purchased_type":["Card","Card"],"build_version":"2020-12-22","purchased_purges":0,"victory":false,"max_hp_per_floor":[75,75,75,75,75,75,75,75,75,75,75,75,75,75,75,75,75],"card_choices":[{"not_picked":["Rebound","Chill"],"picked":"Ball Lightning","floor":1},{"not_picked":["Panic Button","Streamline"],"picked":"Rebound","floor":3},{"not_picked":["Hologram","BootSequence"],"picked":"hubris:Ukulele","floor":4},{"not_picked":["Turbo","Streamline"],"picked":"Chill","floor":10},{"not_picked":["Panic Button","Stack"],"picked":"Self Repair","floor":13},{"not_picked":["Doom and Gloom","Rebound"],"picked":"Heatsinks","floor":14}],"player_experience":596559,"relics_obtained":[{"floor":9,"key":"War Paint"}],"event_choices":[{"damage_healed":0,"gold_gain":66,"player_choice":"Gained Gold","damage_taken":0,"max_hp_gain":0,"max_hp_loss":0,"event_name":"Golden Wing","floor":5,"gold_loss":0},{"damage_healed":0,"gold_gain":30,"player_choice":"Searched \u00273\u0027 times","damage_taken":0,"relics_obtained":["MawBank"],"max_hp_gain":0,"max_hp_loss":0,"event_name":"Dead Adventurer","floor":7,"gold_loss":0},{"damage_healed":0,"gold_gain":0,"player_choice":"Invest 4","damage_taken":0,"max_hp_gain":0,"max_hp_loss":0,"event_name":"conspire:Investor","floor":11,"gold_loss":0}],"is_beta":false,"boss_relics":[],"items_purged_floors":[],"is_endless":false,"potions_floor_spawned":[1,13],"killed_by":"Hexaghost","ascension_level":1}}