{"host":"c3lc60y5x60jlt1y","time":1612118777,"event":{"mods":["AchievementEnabler","BaseMod","Bestiary","Colored Map","Minty Spire (QoL Compilation)","Quick Restart","StSLib","ojb\u0027s Info Mod"],"gold_per_floor":[117,117,42,42,52,52,72,72,72,82,82,82,101,31,31,135,135,135,135,135,35,35,35,35,35,35,35,35,35,35,35,35,35,35,35,35,35,35,35,35,35,35,35,35,35,35,35,35,35,35],"floor_reached":51,"language":"ENG","playtime":1264,"items_purged":["Strike_R","Strike_R"],"score":660,"play_id":"6002de6d-d63f-4b76-8116-934f43e2befe","local_time":"20210131204617","is_ascension_mode":false,"campfire_choices":[{"data":"Rupture","floor":6.0,"key":"SMITH"},{"data":"Flex","floor":8.0,"key":"SMITH"},{"data":"Bludgeon","floor":11.0,"key":"SMITH"},{"data":"Fire Breathing","floor":15.0,"key":"SMITH"},{"floor":23.0,"key":"REST"},{"data":"Double Tap","floor":25.0,"key":"SMITH"},{"data":"Berserk","floor":30.0,"key":"SMITH"},{"floor":32.0,"key":"REST"},{"floor":40,"key":"REST"},{"floor":42,"key":"REST"},{"floor":47,"key":"REST"},{"floor":49,"key":"REST"}],"circlet_count":0,"master_deck":["Strike_R","Strike_R","Strike_R","Defend_R","Defend_R","Defend_R","Defend_R","Bash","Bludgeon+1","Flex+1","Rupture+1","Spot Weakness","Double Tap+1","Shrug It Off","Fire Breathing+1","Demon Form","Battle Trance","Body Slam+1","Pommel Strike+1","Flex+1","Berserk+1","Thunderclap+1","Corruption+1","Flex+1","Combust+1","Dramatic Entrance"],"relics":["Burning Blood","Self Forming Clay","Ectoplasm","Red Mask","Pen Nib","Turnip","Fusion Hammer","Kunai"],"acts_visited":["Exordium","TheCity","TheBeyond"],"potions_floor_usage":[33,33,38,50,50],"damage_taken":[{"damage":3.0,"enemies":"Small Slimes","floor":1.0,"turns":2.0},{"damage":11.0,"enemies":"Jaw Worm","floor":5.0,"turns":2.0},{"damage":0.0,"enemies":"Cultist","floor":7.0,"turns":3.0},{"damage":11.0,"enemies":"Exordium Thugs","floor":10.0,"turns":7.0},{"damage":16.0,"enemies":"Exordium Wildlife","floor":13.0,"turns":3.0},{"damage":62.0,"enemies":"Hexaghost","floor":16.0,"turns":10.0},{"damage":11.0,"enemies":"Shell Parasite","floor":18.0,"turns":4.0},{"damage":29.0,"enemies":"3 Byrds","floor":19.0,"turns":7.0},{"damage":28.0,"enemies":"Masked Bandits","floor":20.0,"turns":4.0},{"damage":19.0,"enemies":"Cultist and Chosen","floor":22.0,"turns":6.0},{"damage":13.0,"enemies":"Snake Plant","floor":29.0,"turns":3.0},{"damage":10.0,"enemies":"Centurion and Healer","floor":31.0,"turns":4.0},{"damage":45,"enemies":"Champ","floor":33,"turns":7},{"damage":11,"enemies":"Orb Walker","floor":35,"turns":2},{"damage":8,"enemies":"3 Shapes","floor":37,"turns":4},{"damage":24,"enemies":"3 Darklings","floor":38,"turns":5},{"damage":26,"enemies":"Transient","floor":41,"turns":5},{"damage":52,"enemies":"Spire Growth","floor":45,"turns":4},{"damage":91,"enemies":"Time Eater","floor":50,"turns":7}],"seed_played":"7966569048160520071","potions_obtained":[{"floor":10.0,"key":"Ancient Potion"},{"floor":13.0,"key":"FearPotion"},{"floor":18.0,"key":"Block Potion"},{"floor":29.0,"key":"SteroidPotion"},{"floor":33,"key":"Fruit Juice"},{"floor":37,"key":"FearPotion"},{"floor":38,"key":"FearPotion"}],"is_trial":false,"path_per_floor":["M","?","$","?","M","R","M","R","T","M","R","?","M","$","R","B",null,"M","M","?","$","M","R","T","R","T","?","$","M","R","M","R","B",null,"M","?","M","M","?","R","M","R","T","$","M","$","R","?","R","B",null],"character_chosen":"IRONCLAD","items_purchased":["Fire Breathing"],"campfire_rested":6,"item_purchase_floors":[14],"current_hp_per_floor":[80,85,85,85,80,80,85,85,85,80,80,80,70,70,70,14,85,80,57,35,35,22,47,47,47,47,31,31,24,24,20,47,8,90,85,85,83,70,70,95,75,95,95,95,49,49,77,77,95,10],"gold":35,"neow_bonus":"ONE_RANDOM_RARE_CARD","is_daily":false,"chose_seed":false,"campfire_upgraded":6,"win_rate":0.0,"timestamp":1612118777,"path_taken":["M","?","$","?","M","R","M","R","T","M","R","?","M","?","R","BOSS","M","M","?","?","M","R","?","R","T","?","$","M","R","M","R","BOSS","M","?","M","?","?","R","M","R","T","$","?","$","R","?","R","BOSS"],"items_purchased_type":["Card"],"build_version":"2020-12-22","purchased_purges":2,"victory":true,"max_hp_per_floor":[80,85,85,85,85,85,85,85,85,85,85,85,85,85,85,85,85,85,85,85,85,85,85,85,85,85,90,90,90,90,90,90,90,90,90,90,90,95,95,95,95,95,95,95,95,95,95,95,95,95],"card_choices":[{"not_picked":["Heavy Blade","Rupture"],"picked":"Flex","floor":1.0},{"not_picked":["Clothesline","Evolve"],"picked":"Rupture","floor":5.0},{"not_picked":["Burning Pact","Warcry"],"picked":"Spot Weakness","floor":7.0},{"not_picked":["Pommel Strike","Fire Breathing"],"picked":"Double Tap","floor":10.0},{"not_picked":["Headbutt","Bloodletting"],"picked":"Shrug It Off","floor":13.0},{"not_picked":["Barricade","Impervious"],"picked":"Demon Form","floor":16.0},{"not_picked":["Shrug It Off","Wild Strike"],"picked":"Battle Trance","floor":18.0},{"not_picked":["Pommel Strike","Seeing Red"],"picked":"Body Slam+1","floor":19.0},{"not_picked":["Fire Breathing+1","Sever Soul"],"picked":"Pommel Strike+1","floor":20.0},{"not_picked":["Cleave","Havoc+1"],"picked":"Flex+1","floor":22.0},{"not_picked":["Clash+1","Headbutt"],"picked":"Berserk","floor":29.0},{"not_picked":["Sword Boomerang","Wild Strike"],"picked":"Thunderclap+1","floor":31.0},{"not_picked":["Immolate","Double Tap"],"picked":"Corruption","floor":33},{"not_picked":["Thunderclap","Anger","Rupture+1"],"picked":"SKIP","floor":35},{"not_picked":["Uppercut","Power Through+1"],"picked":"Flex+1","floor":37},{"not_picked":["Clash+1","Rampage+1","Warcry+1"],"picked":"SKIP","floor":38},{"not_picked":["Rupture+1","Body Slam"],"picked":"Combust+1","floor":41},{"not_picked":["Feel No Pain+1","Blood for Blood+1","Dropkick+1"],"picked":"SKIP","floor":45},{"not_picked":["Blind","Chrysalis"],"picked":"Dramatic Entrance","floor":48}],"player_experience":8875989,"relics_obtained":[{"floor":9.0,"key":"Self Forming Clay"},{"floor":20.0,"key":"Red Mask"},{"floor":24.0,"key":"Pen Nib"},{"floor":26.0,"key":"Turnip"},{"floor":43,"key":"Kunai"}],"event_choices":[{"damage_healed":0.0,"max_hp_gain":5.0,"max_hp_loss":0.0,"gold_gain":0.0,"event_name":"Big Fish","player_choice":"Donut","floor":2.0,"gold_loss":0.0,"damage_taken":0.0},{"damage_healed":0.0,"max_hp_gain":0.0,"max_hp_loss":0.0,"gold_gain":0.0,"event_name":"The Cleric","player_choice":"Leave","floor":4.0,"gold_loss":0.0,"damage_taken":0.0},{"damage_healed":0.0,"max_hp_gain":0.0,"max_hp_loss":0.0,"gold_gain":0.0,"event_name":"Liars Game","player_choice":"Ignored","floor":12.0,"gold_loss":0.0,"damage_taken":0.0},{"damage_healed":0.0,"max_hp_gain":0.0,"max_hp_loss":0.0,"gold_gain":0.0,"event_name":"Masked Bandits","player_choice":"Fought Bandits","floor":20.0,"gold_loss":0.0,"damage_taken":0.0},{"damage_healed":0.0,"max_hp_gain":5.0,"max_hp_loss":0.0,"gold_gain":0.0,"event_name":"Forgotten Altar","player_choice":"Shed Blood","floor":27.0,"gold_loss":0.0,"damage_taken":21.0},{"damage_healed":0,"gold_gain":0,"player_choice":"Ignored","damage_taken":0,"max_hp_gain":0,"max_hp_loss":0,"event_name":"Golden Shrine","floor":36,"gold_loss":0},{"damage_healed":0,"gold_gain":0,"player_choice":"Forge","damage_taken":0,"max_hp_gain":0,"max_hp_loss":0,"event_name":"Accursed Blacksmith","floor":39,"gold_loss":0,"cards_upgraded":["Corruption"]},{"damage_healed":0,"gold_gain":0,"player_choice":"Memory 1","damage_taken":0,"max_hp_gain":0,"max_hp_loss":0,"event_name":"SensoryStone","floor":48,"gold_loss":0}],"is_beta":false,"boss_relics":[{"not_picked":["Black Blood","SacredBark"],"picked":"Ectoplasm"},{"not_picked":["Busted Crown","Empty Cage"],"picked":"Fusion Hammer"}],"items_purged_floors":[3,21],"is_endless":false,"potions_floor_spawned":[10,13,18,29,31,33,37,38],"ascension_level":0}}