{"host":"f0gpob8hq9vgebej","time":1612098239,"event":{"mods":["AchievementEnabler","BaseMod","Minty Spire (QoL Compilation)","Quick Restart","SuperFastMode"],"gold_per_floor":[112,122,135,152,172,172,172,190,190,190,190,190,37,60,73,73,73,73],"floor_reached":17,"language":"KOR","playtime":295,"items_purged":["Defend_B"],"score":158,"play_id":"813336ae-45fb-4a90-8954-2f5842fb37ec","local_time":"20210131220359","is_ascension_mode":true,"campfire_choices":[{"data":"Zap","floor":7,"key":"SMITH"},{"data":"Turbo","floor":9,"key":"SMITH"},{"data":"Barrage","floor":11,"key":"SMITH"},{"floor":16,"key":"REST"}],"circlet_count":0,"master_deck":["AscendersBane","Strike_B","Strike_B","Strike_B","Strike_B","Defend_B","Defend_B","Zap+1","Dualcast","Buffer","Conserve Battery","Barrage+1","Sweeping Beam","BootSequence","Turbo+1","Storm","Sunder"],"relics":["Cracked Core","InkBottle","Anchor"],"acts_visited":["Exordium"],"potions_floor_usage":[17],"damage_taken":[{"damage":0.0,"enemies":"Small Slimes","floor":1.0,"turns":2.0},{"damage":1.0,"enemies":"Cultist","floor":2.0,"turns":4.0},{"damage":7.0,"enemies":"2 Louse","floor":3.0,"turns":3.0},{"damage":9,"enemies":"Large Slime","floor":4,"turns":6},{"damage":4,"enemies":"3 Louse","floor":5,"turns":2},{"damage":22,"enemies":"Exordium Thugs","floor":8,"turns":6},{"damage":6,"enemies":"Red Slaver","floor":15,"turns":4},{"damage":42,"enemies":"The Guardian","floor":17,"turns":12}],"seed_played":"2377336928080864664","potions_obtained":[{"floor":3.0,"key":"Strength Potion"},{"floor":5,"key":"SpeedPotion"},{"floor":8,"key":"LiquidMemories"}],"is_trial":false,"path_per_floor":["M","M","M","M","M","M","R","M","R","T","R","?","$","T","M","R","B"],"character_chosen":"DEFECT","items_purchased":["Storm"],"campfire_rested":1,"item_purchase_floors":[13],"current_hp_per_floor":[68,67,60,51,47,47,47,25,25,25,25,25,25,25,19,41,0,0],"gold":73,"neow_bonus":"ONE_RANDOM_RARE_CARD","is_daily":false,"chose_seed":false,"campfire_upgraded":3,"win_rate":0.0,"timestamp":1612098239,"path_taken":["M","M","M","M","M","M","R","M","R","T","R","?","$","?","M","R","BOSS"],"items_purchased_type":["Card"],"build_version":"2020-12-22","purchased_purges":1,"victory":false,"max_hp_per_floor":[75,75,75,75,75,75,75,75,75,75,75,75,75,75,75,75,75,75],"card_choices":[{"not_picked":["Doom and Gloom","Glacier"],"picked":"Conserve Battery","floor":1.0},{"not_picked":["Recycle","Aggregate"],"picked":"Barrage","floor":2.0},{"not_picked":["Steam","Cold Snap"],"picked":"Sweeping Beam","floor":3.0},{"not_picked":["Conserve Battery","Stack"],"picked":"BootSequence","floor":4},{"not_picked":["Sweeping Beam","Stack","Darkness"],"picked":"SKIP","floor":5},{"not_picked":["Hologram","Conserve Battery"],"picked":"Turbo","floor":8},{"not_picked":["Conserve Battery","Reboot"],"picked":"Sunder","floor":15}],"player_experience":325950,"relics_obtained":[{"floor":10,"key":"InkBottle"},{"floor":14,"key":"Anchor"}],"event_choices":[{"cards_removed":["Defend_B"],"damage_healed":0,"gold_gain":0,"player_choice":"Purged","damage_taken":0,"max_hp_gain":0,"max_hp_loss":0,"event_name":"Purifier","floor":12,"gold_loss":0}],"is_beta":false,"boss_relics":[],"items_purged_floors":[13],"is_endless":false,"potions_floor_spawned":[3,5,8,15],"killed_by":"The Guardian","ascension_level":12}}