{"host":"dowi7cgbhepuzvpj","time":1612057833,"event":{"mods":["AchievementEnabler","BaseMod","Keyboard Shortcuts","Minty Spire (QoL Compilation)","Permanent Neow","Quick Restart","StSLib","SuperFastMode"],"gold_per_floor":[58,58,116,150,241,241,241,241,320,320,415,453,3,63,63,162,162,224,25,49,49,63,117,178,178,178,216,252,252,288,349,349,349,349],"floor_reached":33,"language":"KOR","playtime":1122,"items_purged":["Strike_G"],"score":551,"play_id":"731523ab-80f8-4799-a013-2c79b519b3da","local_time":"20210131105033","is_ascension_mode":true,"campfire_choices":[{"data":"HandOfGreed","floor":6,"key":"SMITH"},{"data":"Neutralize","floor":8,"key":"SMITH"},{"data":"Blade Dance","floor":10,"key":"SMITH"},{"data":"Cloak And Dagger","floor":15,"key":"SMITH"},{"data":"Footwork","floor":25,"key":"SMITH"},{"data":"Adrenaline","floor":29,"key":"SMITH"},{"floor":32,"key":"REST"}],"circlet_count":0,"master_deck":["AscendersBane","Strike_G","Strike_G","Strike_G+1","Strike_G+1","Defend_G","Defend_G","Defend_G","Defend_G","Defend_G+1","Survivor","Neutralize+1","HandOfGreed+1","Backflip","Dodge and Roll","Blade Dance+1","Blur+1","Cloak And Dagger+1","Adrenaline+1","Footwork+1","Blur"],"relics":["Ring of the Snake","Vajra","Oddly Smooth Stone","Blood Vial","Molten Egg 2","Anchor","Sling","Omamori","Calling Bell","Pen Nib","White Beast Statue","Lizard Tail","Membership Card","War Paint","Nunchaku","Ninja Scroll"],"acts_visited":["Exordium","TheCity"],"potions_floor_usage":[23,33,33],"damage_taken":[{"damage":0,"enemies":"2 Louse","floor":1,"turns":3},{"damage":3,"enemies":"Small Slimes","floor":3,"turns":3},{"damage":0,"enemies":"Jaw Worm","floor":4,"turns":4},{"damage":8,"enemies":"Lots of Slimes","floor":5,"turns":12},{"damage":0,"enemies":"3 Louse","floor":11,"turns":6},{"damage":8,"enemies":"Red Slaver","floor":12,"turns":5},{"damage":1,"enemies":"Exordium Wildlife","floor":14,"turns":6},{"damage":22,"enemies":"The Guardian","floor":16,"turns":15},{"damage":8,"enemies":"2 Thieves","floor":18,"turns":4},{"damage":11,"enemies":"Shell Parasite","floor":22,"turns":7},{"damage":29,"enemies":"Gremlin Leader","floor":23,"turns":9},{"damage":7,"enemies":"Chosen and Byrds","floor":24,"turns":7},{"damage":0,"enemies":"Centurion and Healer","floor":27,"turns":4},{"damage":6,"enemies":"Snake Plant","floor":28,"turns":4},{"damage":0,"enemies":"Snecko","floor":30,"turns":4},{"damage":0,"enemies":"Shelled Parasite and Fungi","floor":31,"turns":4},{"damage":1,"enemies":"Collector","floor":33,"turns":4}],"seed_played":"-7771030390426378549","potions_obtained":[{"floor":1,"key":"AttackPotion"},{"floor":4,"key":"Block Potion"},{"floor":21,"key":"EssenceOfSteel"},{"floor":23,"key":"DistilledChaos"},{"floor":30,"key":"PowerPotion"}],"is_trial":false,"path_per_floor":["M","?","M","M","M","R","?","R","T","R","M","M","$","M","R","B",null,"M","$","T","?","M","E","M","R","T","M","M","R","M","M","R","B"],"character_chosen":"THE_SILENT","items_purchased":["Anchor","Cloak And Dagger","Sling","Membership Card","Footwork"],"campfire_rested":1,"item_purchase_floors":[13,13,13,19,19],"current_hp_per_floor":[61,41,40,42,36,36,58,58,58,58,60,54,54,55,55,35,58,52,52,52,52,43,16,11,11,11,13,9,9,11,13,32,33,33],"gold":349,"neow_bonus":"RANDOM_COLORLESS_2","is_daily":false,"chose_seed":false,"campfire_upgraded":6,"win_rate":0.0,"timestamp":1612057833,"path_taken":["M","?","M","M","M","R","?","R","T","R","M","M","?","M","R","BOSS","M","$","?","?","M","E","M","R","T","M","?","R","M","M","R","BOSS"],"items_purchased_type":["Relic","Card","Relic","Relic","Card"],"build_version":"2020-12-22","purchased_purges":1,"victory":false,"max_hp_per_floor":[66,66,66,66,66,66,66,66,66,66,66,66,66,66,66,66,66,66,66,66,66,66,66,66,66,66,66,66,66,66,66,66,66,66],"card_choices":[{"not_picked":["The Bomb","Violence"],"picked":"HandOfGreed","floor":0},{"not_picked":["Prepared","Distraction"],"picked":"Backflip","floor":1},{"not_picked":["Tactician","Well Laid Plans","Deflect"],"picked":"SKIP","floor":3},{"not_picked":["Backstab","Acrobatics"],"picked":"Dodge and Roll","floor":4},{"not_picked":["Dodge and Roll","Prepared"],"picked":"Blade Dance","floor":5},{"not_picked":["Dagger Throw+1","Masterful Stab+1"],"picked":"Blur","floor":11},{"not_picked":["Choke+1","Sucker Punch+1","Phantasmal Killer"],"picked":"SKIP","floor":12},{"not_picked":["Deflect","Prepared","Dodge and Roll"],"picked":"SKIP","floor":14},{"not_picked":["Corpse Explosion","A Thousand Cuts"],"picked":"Adrenaline","floor":16},{"not_picked":["Dagger Throw+1","Deflect","Prepared"],"picked":"SKIP","floor":18},{"not_picked":["Deflect","Deadly Poison","Tactician"],"picked":"SKIP","floor":22},{"not_picked":["Calculated Gamble","Infinite Blades","Caltrops"],"picked":"SKIP","floor":23},{"not_picked":["Backstab+1","Prepared","Well Laid Plans+1"],"picked":"SKIP","floor":24},{"not_picked":["Outmaneuver","Tactician"],"picked":"Blur","floor":27},{"not_picked":["Bane+1","Underhanded Strike+1","Concentrate"],"picked":"SKIP","floor":28},{"not_picked":["Cloak And Dagger","Underhanded Strike+1","Distraction+1"],"picked":"SKIP","floor":30},{"not_picked":["Outmaneuver+1","Underhanded Strike+1","Poisoned Stab+1"],"picked":"SKIP","floor":31}],"player_experience":854603,"relics_obtained":[{"floor":9,"key":"Molten Egg 2"},{"floor":17,"key":"Pen Nib"},{"floor":17,"key":"White Beast Statue"},{"floor":17,"key":"Lizard Tail"},{"floor":20,"key":"War Paint"},{"floor":23,"key":"Nunchaku"},{"floor":26,"key":"Ninja Scroll"}],"event_choices":[{"damage_healed":0,"gold_gain":0,"player_choice":"Entered Light","damage_taken":20,"max_hp_gain":0,"max_hp_loss":0,"event_name":"Shining Light","floor":2,"gold_loss":0,"cards_upgraded":["Strike_G","Strike_G"]},{"damage_healed":22,"gold_gain":0,"player_choice":"Banana","damage_taken":0,"max_hp_gain":0,"max_hp_loss":0,"event_name":"Big Fish","floor":7,"gold_loss":0},{"damage_healed":0,"gold_gain":0,"player_choice":"Got Potions","damage_taken":0,"max_hp_gain":0,"max_hp_loss":0,"event_name":"Lab","floor":21,"gold_loss":0}],"is_beta":false,"boss_relics":[{"not_picked":["Black Star","HoveringKite"],"picked":"Calling Bell"}],"items_purged_floors":[13],"is_endless":false,"potions_floor_spawned":[1,4,11,12,18,22,23,24,27,28,30,31],"killed_by":"Collector","ascension_level":20}}