{"host":"6xsbn6ynqlzwllfm","time":1612106534,"event":{"mods":["2.2 Compatiblity","BaseMod","Bestiary","Colored Map","Colored Powertips","Curses Come First","Highlight Path","Keyboard Shortcuts","Minty Spire (QoL Compilation)","Relic Stats","Slay the Relics Exporter","StSLib","SuperFastMode"],"gold_per_floor":[111,111,126,25,37,65,65,65,65,11,43,55,55,74,74,149,149,160,180,180,208,123,123,134,148,148,159,159,184,22,35,35,110,110,125,138,138,138,156,156,174,188,188,188,205,205,234,68,68,68,68],"floor_reached":50,"language":"ENG","playtime":1675,"items_purged":["Strike_P"],"score":1183,"play_id":"9e41f8f7-ab4c-4cbc-8e4b-c1fc7de9bb80","local_time":"20210131102214","is_ascension_mode":true,"campfire_choices":[{"data":"Consecrate","floor":8.0,"key":"SMITH"},{"data":"BattleHymn","floor":13.0,"key":"SMITH"},{"data":"Scrawl","floor":15.0,"key":"SMITH"},{"data":"Vault","floor":23,"key":"SMITH"},{"floor":28,"key":"REST"},{"floor":32,"key":"REST"},{"floor":40,"key":"REST"},{"floor":44,"key":"REST"},{"floor":46,"key":"REST"},{"floor":49,"key":"REST"}],"circlet_count":0,"master_deck":["AscendersBane","Strike_P+1","Defend_P","Defend_P","Eruption","Vigilance","Consecrate+1","CutThroughFate","FollowUp","FlurryOfBlows","FollowUp+1","Scrawl+1","BattleHymn+1","Vault+1","Study+1","Sanctity+1","MasterReality+1","EmptyBody","Vault","Vault"],"relics":["PureWater","NeowsBlessing","PreservedInsect","Mercury Hourglass","Letter Opener","Astrolabe","Red Mask","Strawberry","Damaru","Singing Bowl","Strange Spoon","Sozu","Regal Pillow","Art of War","Vajra"],"acts_visited":["Exordium","TheCity","TheBeyond"],"potions_floor_usage":[33,50],"damage_taken":[{"damage":0.0,"enemies":"Jaw Worm","floor":1.0,"turns":1.0},{"damage":0.0,"enemies":"Small Slimes","floor":3.0,"turns":1.0},{"damage":0.0,"enemies":"2 Louse","floor":5.0,"turns":1.0},{"damage":0.0,"enemies":"Lagavulin","floor":6.0,"turns":3.0},{"damage":0.0,"enemies":"Gremlin Nob","floor":11.0,"turns":2.0},{"damage":0.0,"enemies":"Blue Slaver","floor":12.0,"turns":2.0},{"damage":0.0,"enemies":"Large Slime","floor":14.0,"turns":3.0},{"damage":25.0,"enemies":"The Guardian","floor":16.0,"turns":8.0},{"damage":23.0,"enemies":"Chosen","floor":18.0,"turns":4.0},{"damage":3.0,"enemies":"Spheric Guardian","floor":19.0,"turns":4.0},{"damage":0,"enemies":"Masked Bandits","floor":21,"turns":2},{"damage":5,"enemies":"Chosen and Byrds","floor":24,"turns":4},{"damage":0,"enemies":"3 Cultists","floor":25,"turns":4},{"damage":0,"enemies":"Centurion and Healer","floor":27,"turns":3},{"damage":4,"enemies":"Book of Stabbing","floor":29,"turns":5},{"damage":18,"enemies":"Snake Plant","floor":31,"turns":7},{"damage":11,"enemies":"Collector","floor":33,"turns":6},{"damage":0,"enemies":"Orb Walker","floor":35,"turns":4},{"damage":0,"enemies":"3 Darklings","floor":36,"turns":4},{"damage":48,"enemies":"Transient","floor":39,"turns":9},{"damage":0,"enemies":"Spire Growth","floor":41,"turns":4},{"damage":28,"enemies":"4 Shapes","floor":42,"turns":4},{"damage":0,"enemies":"Sphere and 2 Shapes","floor":45,"turns":6},{"damage":0,"enemies":"Giant Head","floor":47,"turns":6},{"damage":112,"enemies":"Awakened One","floor":50,"turns":13}],"seed_played":"8860976130668481773","potions_obtained":[{"floor":3.0,"key":"Block Potion"},{"floor":5.0,"key":"AttackPotion"},{"floor":24,"key":"PowerPotion"},{"floor":29,"key":"Ancient Potion"},{"floor":33,"key":"Swift Potion"}],"is_trial":false,"path_per_floor":["M","?","M","$","M","E","?","R","T","$","E","M","R","M","R","B",null,"M","M","?","?","?","R","M","M","T","M","R","E","$","M","R","B",null,"M","M","?","?","M","R","M","M","T","R","M","R","E","$","R","B"],"character_chosen":"WATCHER","items_purchased":["FollowUp","Block Potion","Strange Spoon","Vajra"],"campfire_rested":6,"item_purchase_floors":[4,10,30,48],"current_hp_per_floor":[61,61,61,61,61,61,41,41,41,41,41,41,41,41,41,16,55,32,29,29,29,36,36,31,31,31,31,53,49,49,33,56,47,71,73,75,75,75,29,54,56,30,30,71,73,91,93,93,93,0,0],"gold":68,"neow_bonus":"THREE_ENEMY_KILL","is_daily":false,"chose_seed":false,"campfire_upgraded":4,"win_rate":0.0,"timestamp":1612106534,"path_taken":["M","?","M","$","M","E","?","R","T","?","E","M","R","M","R","BOSS","M","M","?","?","?","R","M","M","T","?","R","E","$","M","R","BOSS","M","M","?","?","M","R","M","?","T","R","M","R","E","$","R","BOSS"],"items_purchased_type":["Card","Potion","Relic","Relic"],"build_version":"2020-12-22","purchased_purges":1,"victory":false,"max_hp_per_floor":[68,68,68,68,68,68,68,68,68,68,68,68,68,68,68,68,68,68,68,68,68,75,75,75,75,75,75,75,75,75,77,77,79,79,81,83,83,83,85,85,87,89,89,89,91,91,93,93,93,93,93],"relic_stats":{"Sozu":4,"Strange Spoon":[87],"Regal Pillow":15,"Singing Bowl":18,"counters":[25,109],"Astrolabe":["Study","Sanctity","MasterReality"],"PreservedInsect":195,"Art of War":[0],"Letter Opener":[263],"obtain_stats":[{"Regal Pillow":43,"NeowsBlessing":0,"Singing Bowl":29,"Astrolabe":17,"Damaru":26,"Vajra":48,"PreservedInsect":6,"Letter Opener":11,"Mercury Hourglass":9,"Sozu":34,"Strange Spoon":30,"Strawberry":22,"Red Mask":21,"Art of War":47,"PureWater":0},{"Regal Pillow":22,"NeowsBlessing":0,"Singing Bowl":15,"Astrolabe":8,"Damaru":13,"Vajra":24,"PreservedInsect":4,"Letter Opener":5,"Mercury Hourglass":4,"Sozu":17,"Strange Spoon":15,"Strawberry":11,"Red Mask":11,"Art of War":24,"PureWater":0},{"Regal Pillow":84,"NeowsBlessing":0,"Singing Bowl":46,"Astrolabe":20,"Damaru":38,"Vajra":96,"PreservedInsect":6,"Letter Opener":8,"Mercury Hourglass":6,"Sozu":59,"Strange Spoon":46,"Strawberry":30,"Red Mask":30,"Art of War":96,"PureWater":0}],"Mercury Hourglass":[396]},"card_choices":[{"not_picked":["JustLucky","ThirdEye"],"picked":"Consecrate","floor":1.0},{"not_picked":["Perseverance","ClearTheMind"],"picked":"CutThroughFate","floor":3.0},{"not_picked":["FlyingSleeves","Halt"],"picked":"FlurryOfBlows","floor":5.0},{"not_picked":["PathToVictory","MentalFortress"],"picked":"FollowUp","floor":6.0},{"not_picked":["Consecrate","BowlingBash"],"picked":"Scrawl","floor":11.0},{"not_picked":["SignatureMove","TalkToTheHand"],"picked":"BattleHymn","floor":12.0},{"not_picked":["Scrawl","Alpha"],"picked":"Vault","floor":16.0},{"not_picked":["PathToVictory","Study"],"picked":"EmptyBody","floor":18.0},{"not_picked":["Vengeance","SashWhip","PathToVictory"],"picked":"SKIP","floor":19.0},{"not_picked":["JustLucky","CrushJoints"],"picked":"Vault","floor":24},{"not_picked":["Prostrate","Evaluate","EmptyBody"],"picked":"SKIP","floor":25},{"not_picked":["FlurryOfBlows","SashWhip"],"picked":"Vault","floor":29},{"not_picked":["FollowUp","Adaptation","Crescendo"],"picked":"Singing Bowl","floor":31},{"not_picked":["Establishment","Devotion","Brilliance"],"picked":"Singing Bowl","floor":33},{"not_picked":["Wallop+1","WindmillStrike","ClearTheMind"],"picked":"Singing Bowl","floor":35},{"not_picked":["Halt","Evaluate","ForeignInfluence"],"picked":"Singing Bowl","floor":36},{"not_picked":["SignatureMove","EmptyMind","SashWhip+1"],"picked":"Singing Bowl","floor":39},{"not_picked":["Tantrum","WreathOfFlame","Swivel"],"picked":"Singing Bowl","floor":41},{"not_picked":["JustLucky","SignatureMove","PathToVictory"],"picked":"Singing Bowl","floor":42},{"not_picked":["FlyingSleeves+1","Halt+1","Crescendo"],"picked":"Singing Bowl","floor":45},{"not_picked":["Nirvana+1","Wireheading","CutThroughFate"],"picked":"Singing Bowl","floor":47}],"player_experience":1352974,"relics_obtained":[{"floor":6.0,"key":"PreservedInsect"},{"floor":9.0,"key":"Mercury Hourglass"},{"floor":11.0,"key":"Letter Opener"},{"floor":21,"key":"Red Mask"},{"floor":26,"key":"Damaru"},{"floor":29,"key":"Singing Bowl"},{"floor":43,"key":"Regal Pillow"},{"floor":47,"key":"Art of War"}],"event_choices":[{"damage_healed":0.0,"max_hp_gain":0.0,"max_hp_loss":0.0,"gold_gain":0.0,"event_name":"Liars Game","player_choice":"Ignored","floor":2.0,"gold_loss":0.0,"damage_taken":0.0},{"damage_healed":0.0,"max_hp_gain":0.0,"max_hp_loss":0.0,"gold_gain":0.0,"event_name":"Shining Light","player_choice":"Entered Light","floor":7.0,"gold_loss":0.0,"damage_taken":20.0,"cards_upgraded":["Strike_P","FollowUp"]},{"damage_healed":0.0,"max_hp_gain":0.0,"max_hp_loss":0.0,"gold_gain":0.0,"event_name":"Vampires","player_choice":"Ignored","floor":20.0,"gold_loss":0.0,"damage_taken":0.0},{"damage_healed":0,"gold_gain":0,"player_choice":"Fought Bandits","damage_taken":0,"max_hp_gain":0,"max_hp_loss":0,"event_name":"Masked Bandits","floor":21,"gold_loss":0},{"damage_healed":0,"gold_gain":0,"player_choice":"Obtained Relic","damage_taken":0,"relics_obtained":["Strawberry"],"max_hp_gain":0,"max_hp_loss":0,"event_name":"Addict","floor":22,"gold_loss":85},{"cards_removed":["Defend_P"],"damage_healed":0,"gold_gain":0,"player_choice":"Removed Skill","damage_taken":0,"max_hp_gain":0,"max_hp_loss":0,"event_name":"Falling","floor":37,"gold_loss":0},{"damage_healed":0,"gold_gain":0,"player_choice":"Got Potions","damage_taken":0,"max_hp_gain":0,"max_hp_loss":0,"event_name":"Lab","floor":38,"gold_loss":0}],"is_beta":false,"boss_relics":[{"not_picked":["Calling Bell","VioletLotus"],"picked":"Astrolabe"},{"not_picked":["Runic Dome","Velvet Choker"],"picked":"Sozu"}],"items_purged_floors":[4],"is_endless":false,"potions_floor_spawned":[3,5,24,29,33,39,42],"killed_by":"Awakened One","ascension_level":20}}