{"host":"491vyvchqhlfizue","time":1612094724,"event":{"mods":["AchievementEnabler","BaseMod","BetterRewards","Colored Map","Conspire","Downfall","Infinite Spire","Minty Spire (QoL Compilation)","Reliquary","Replay The Spire","Shop Mod","Spikes Relics","StSLib","The Forsaken","The Runesmith"],"gold_per_floor":[115,115,390,408,58,90,90,90,117,117,117,142,9,84,84,161,161,148,163,163,163,163,197,224,257,257,285,285,316,330,348,348,424,424,439,91,111,111,111,139,151,151,151,194,231,276,288,270,282,294],"floor_reached":51,"language":"ENG","playtime":5481,"items_purged":["theForsaken:TheForsaken_Strike","theForsaken:TheForsaken_Strike","theForsaken:TheForsaken_Defend","Regret","theForsaken:TheForsaken_Strike","theForsaken:TheForsaken_Defend"],"score":2627,"play_id":"7451d74c-50fb-4991-a71e-748608433180","local_time":"20210131070524","is_ascension_mode":true,"campfire_choices":[{"data":"theForsaken:DefensiveStance","floor":8.0,"key":"SMITH"},{"data":"theForsaken:DefensiveStance","floor":10.0,"key":"SMITH"},{"data":"theForsaken:NobleSacrifice","floor":15.0,"key":"SMITH"},{"data":"theForsaken:SacredOath","floor":32,"key":"SMITH"},{"data":"theForsaken:DarkBarrier","floor":42,"key":"SMITH"},{"data":"theForsaken:QuickAttack","floor":49,"key":"SMITH"}],"circlet_count":0,"master_deck":["AscendersBane","theForsaken:TheForsaken_Defend+1","theForsaken:TheForsaken_Defend+1","theForsaken:Smite+1","theForsaken:Penitence","theForsaken:InspiringBlow+1","theForsaken:InspiringBlow","theForsaken:DefensiveStance+1","theForsaken:DefensiveStance+1","theForsaken:NobleSacrifice+1","theForsaken:SacredOath+1","theForsaken:Riposte+1","ReplayTheSpireMod:Book of Names","theForsaken:ShieldBash+1","theForsaken:Prudence","theForsaken:ShieldBash+1","theForsaken:DarkBarrier+1","PlatinumSkin","theForsaken:DivineGuidance","theForsaken:QuickAttack+1","theForsaken:QuickAttack+1"],"relics":["theForsaken:ScalesOfTruth","infinitespire:Satchel","Juzu Bracelet","Mummified Hand","ClockworkSouvenir","conspire:TreasureMap","MerchantsRug","ReplayTheSpireMod:Shallot","reliquary:PartyBalloon","Divine Protection","CherryCoatedStake","SpikesRelics:DaevaFist","WingedGreaves","War Paint","Runesmith:AutoHammer","infinitespire:WardingShard","infinitespire:BottledMercury","reliquary:QuartzCube","Whetstone","Sozu","reliquary:RoseTintedGlasses","infinitespire:Lucky Rock","Replay:Baseball","MawBank","Pocketwatch","Incense Burner","TungstenRod","downfall:ExtraCursedKey"],"acts_visited":["Exordium","TheCity","TheBeyond"],"potions_floor_usage":[35],"damage_taken":[{"damage":0.0,"enemies":"Cultist","floor":1.0,"turns":3.0},{"damage":0.0,"enemies":"2 Louse","floor":4.0,"turns":3.0},{"damage":0.0,"enemies":"Gremlin Nob","floor":6.0,"turns":6.0},{"damage":0.0,"enemies":"3 Sentries","floor":12.0,"turns":8.0},{"damage":0.0,"enemies":"Slime Boss","floor":16.0,"turns":16.0},{"damage":0.0,"enemies":"2 Thieves","floor":18.0,"turns":4.0},{"damage":0.0,"enemies":"Shell Parasite","floor":19.0,"turns":8.0},{"damage":0.0,"enemies":"Slavers","floor":23.0,"turns":15.0},{"damage":0.0,"enemies":"Nightmare","floor":24.0,"turns":20.0},{"damage":0.0,"enemies":"Book of Stabbing","floor":25.0,"turns":6.0},{"damage":0.0,"enemies":"conspire:SneckoGhost","floor":27.0,"turns":8.0},{"damage":0.0,"enemies":"Book of Stabbing","floor":29.0,"turns":6.0},{"damage":0.0,"enemies":"Chosen and Byrds","floor":30.0,"turns":7.0},{"damage":0.0,"enemies":"3 Cultists","floor":31.0,"turns":6.0},{"damage":0,"enemies":"Collector","floor":33,"turns":11},{"damage":0,"enemies":"3 Shapes","floor":35,"turns":4},{"damage":0,"enemies":"3 Darklings","floor":37,"turns":6},{"damage":0,"enemies":"R_Hoarder","floor":40,"turns":8},{"damage":15,"enemies":"Transient","floor":41,"turns":5},{"damage":0,"enemies":"Nemesis","floor":44,"turns":7},{"damage":10,"enemies":"Mind Bloom Boss Battle","floor":45,"turns":6},{"damage":0,"enemies":"R_Hoarder","floor":46,"turns":7},{"damage":0,"enemies":"Donu and Deca","floor":50,"turns":9}],"seed_played":"-7989852225893193006","potions_obtained":[{"floor":1.0,"key":"Block Potion"},{"floor":12.0,"key":"SteroidPotion"},{"floor":16.0,"key":"Swift Potion"},{"floor":19.0,"key":"SkillPotion"},{"floor":21.0,"key":"DistilledChaos"},{"floor":24.0,"key":"Guardian:BlockOnCardUsePotion"},{"floor":27.0,"key":"Regen Potion"}],"is_trial":false,"path_per_floor":["M","?","?","M","$","E","?","R","T","R","$","E","$","?","R","B",null,"M","M","?","?","AVR","E","NM","E","T","E","?","E","M","M","R_BF","B",null,"M","$","M","$","AVR","E","M","R","T","E","?","E","?","?","R","B",null],"character_chosen":"THE_FORSAKEN","items_purchased":["infinitespire:Satchel","Juzu Bracelet","Mummified Hand","theForsaken:InspiringBlow","ClockworkSouvenir","theForsaken:DefensiveStance","conspire:TreasureMap","MerchantsRug","EntropicBrew","ReplayTheSpireMod:Shallot","SpikesRelics:DaevaFist","PlatinumSkin","reliquary:RoseTintedGlasses","theForsaken:DivineGuidance"],"campfire_rested":0,"item_purchase_floors":[0,0,0,0,0,0,0,0,0,5,13,36,36,36],"current_hp_per_floor":[57,57,57,60,60,61,61,61,61,61,61,61,61,50,50,61,61,61,61,61,61,61,61,61,61,61,61,61,61,61,61,61,61,61,61,61,61,61,61,61,53,53,53,61,61,61,61,61,61,61],"gold":306,"neow_bonus":"","is_daily":false,"chose_seed":false,"campfire_upgraded":6,"win_rate":0.0,"timestamp":1612094724,"path_taken":["M","?","?","M","?","E","?","R","T","R","$","E","$","?","R","BOSS","M","M","?","?","AVR","E","NM","E","T","E","?","E","M","M","R_BF","BOSS","M","$","M","?","AVR","E","M","R","T","E","?","E","?","?","R","BOSS"],"items_purchased_type":["Relic","Relic","Relic","Card","Relic","Card","Relic","Relic","Potion","Relic","Relic","Card","Relic","Card"],"build_version":"2020-12-22","purchased_purges":6,"victory":true,"max_hp_per_floor":[61,61,61,61,61,61,61,61,61,61,61,61,61,61,61,61,61,61,61,61,61,61,61,61,61,61,61,61,61,61,61,61,61,61,61,61,61,61,61,61,61,61,61,61,61,61,61,61,61,61],"card_choices":[{"not_picked":["theForsaken:ChargeAttack","theForsaken:Parry","theForsaken:ShieldCharge"],"picked":"SKIP","floor":1.0},{"not_picked":["theForsaken:ChargeAttack","theForsaken:WordsOfMight","theForsaken:StoreUp"],"picked":"SKIP","floor":4.0},{"not_picked":["theForsaken:Purification","theForsaken:WordOfPower","theForsaken:Devotion"],"picked":"SKIP","floor":6.0},{"not_picked":["theForsaken:Backlash","theForsaken:BottledPlague","theForsaken:SolarFlare"],"picked":"SKIP","floor":12.0},{"not_picked":["theForsaken:CorruptDeck","theForsaken:Mantra"],"picked":"theForsaken:SacredOath","floor":16.0},{"not_picked":["theForsaken:CreepingInfection","theForsaken:ChargeAttack","theForsaken:WardingHymn+1"],"picked":"SKIP","floor":18.0},{"not_picked":["theForsaken:ShieldCharge","theForsaken:StoreUp"],"picked":"theForsaken:Riposte+1","floor":19.0},{"not_picked":["theForsaken:StoreUp","theForsaken:Thunderbolt","theForsaken:WordsOfPestilence"],"picked":"SKIP","floor":23.0},{"not_picked":["ReplayTheSpireMod:Black Plague","infinitespire:Punishment"],"picked":"ReplayTheSpireMod:Book of Names","floor":24.0},{"not_picked":["theForsaken:PanicDive","theForsaken:StoreUp","theForsaken:RainingSunlight"],"picked":"SKIP","floor":24.0},{"not_picked":["theForsaken:ScorchingSunlight","theForsaken:Tranquility"],"picked":"theForsaken:ShieldBash+1","floor":25.0},{"not_picked":["theForsaken:HorrifyingStrike","theForsaken:BountifulSunlight"],"picked":"theForsaken:Prudence","floor":27.0},{"not_picked":["theForsaken:FuryStrikes","theForsaken:CleansingLight"],"picked":"theForsaken:DarkBarrier","floor":29.0},{"not_picked":["theForsaken:Backlash","theForsaken:Parry","theForsaken:DarkBarrier"],"picked":"SKIP","floor":30.0},{"not_picked":["theForsaken:PowerUp","theForsaken:ShieldBash","theForsaken:Preservation"],"picked":"SKIP","floor":31.0},{"not_picked":["theForsaken:HymnOfRest","theForsaken:CorruptedWord","theForsaken:CleansingLight"],"picked":"SKIP","floor":35},{"not_picked":["theForsaken:FuryStrikes","theForsaken:BlessedWeapon","theForsaken:WordsOfPestilence"],"picked":"SKIP","floor":37},{"not_picked":["theForsaken:BindingThorns+1","theForsaken:PowerUp","theForsaken:NobleSacrifice"],"picked":"SKIP","floor":40},{"not_picked":["theForsaken:ScorchingSunlight","theForsaken:PreciseStrike","theForsaken:LightRoll"],"picked":"SKIP","floor":41},{"not_picked":["theForsaken:BindingThorns+1","theForsaken:RainingSunlight"],"picked":"theForsaken:QuickAttack","floor":44},{"not_picked":["theForsaken:ScorchingSunlight","theForsaken:CowardsBrand"],"picked":"theForsaken:QuickAttack+1","floor":45},{"not_picked":["theForsaken:ShieldBash","theForsaken:QuickAttack+1","theForsaken:FuryStrikes+1"],"picked":"SKIP","floor":46}],"player_experience":98447,"relics_obtained":[{"floor":6.0,"key":"reliquary:PartyBalloon"},{"floor":9.0,"key":"Divine Protection"},{"floor":12.0,"key":"CherryCoatedStake"},{"floor":23.0,"key":"War Paint"},{"floor":24.0,"key":"Runesmith:AutoHammer"},{"floor":25.0,"key":"infinitespire:WardingShard"},{"floor":26.0,"key":"infinitespire:BottledMercury"},{"floor":27.0,"key":"reliquary:QuartzCube"},{"floor":29.0,"key":"Whetstone"},{"floor":40,"key":"Replay:Baseball"},{"floor":43,"key":"MawBank"},{"floor":44,"key":"Pocketwatch"},{"floor":45,"key":"Incense Burner"},{"floor":46,"key":"TungstenRod"}],"event_choices":[{"damage_healed":0.0,"max_hp_gain":0.0,"max_hp_loss":0.0,"gold_gain":275.0,"event_name":"Golden Shrine","player_choice":"Desecrate","floor":3.0,"gold_loss":0.0,"damage_taken":0.0,"cards_obtained":["Regret"]},{"damage_healed":0.0,"max_hp_gain":0.0,"max_hp_loss":0.0,"gold_gain":0.0,"cards_transformed":["theForsaken:TheForsaken_Strike"],"event_name":"Transmorgrifier","player_choice":"Transformed","floor":7.0,"gold_loss":0.0,"damage_taken":0.0,"cards_obtained":["theForsaken:NobleSacrifice"]},{"damage_healed":0.0,"max_hp_gain":0.0,"max_hp_loss":0.0,"gold_gain":75.0,"event_name":"World of Goop","player_choice":"Gather Gold","floor":14.0,"gold_loss":0.0,"damage_taken":11.0},{"damage_healed":0.0,"max_hp_gain":0.0,"max_hp_loss":0.0,"gold_gain":0.0,"event_name":"Lab","player_choice":"Got Potions","floor":21.0,"gold_loss":0.0,"damage_taken":0.0},{"damage_healed":0.0,"max_hp_gain":0.0,"max_hp_loss":0.0,"gold_gain":0.0,"event_name":"Duplicator","player_choice":"Copied","floor":28.0,"gold_loss":0.0,"damage_taken":0.0,"cards_obtained":["theForsaken:ShieldBash"]},{"damage_healed":0,"gold_gain":0,"player_choice":"Fight","damage_taken":0,"max_hp_gain":0,"max_hp_loss":0,"event_name":"MindBloom","floor":45,"gold_loss":0},{"damage_healed":0,"gold_gain":0,"player_choice":"Bought 2 Potions","damage_taken":0,"max_hp_gain":0,"max_hp_loss":0,"event_name":"The Woman in Blue","floor":48,"gold_loss":0}],"is_beta":false,"boss_relics":[{"not_picked":["reliquary:RedCape","Busted Crown"],"picked":"theForsaken:ScalesOfTruth"},{"not_picked":["Snecko Heart","Painkiller Herb"],"picked":"Sozu"}],"items_purged_floors":[0,0,0,5,22,39],"is_endless":false,"potions_floor_spawned":[1,12,16,19,24,27,30,33,35,40,45],"ascension_level":15}}