{"host":"8by3m8mve9y2rhh4","time":1612057931,"event":{"mods":["BaseMod","Minty Spire (QoL Compilation)","Quick Restart"],"gold_per_floor":[115,125,50,50,73,73,106,130,130,166,166,201,201,221,221,345,345,368,467,467,487,487,525,16,36,81,114,128,171,195,209,209,332,332,355,373,102,117,131,131,131,131],"floor_reached":41,"language":"ENG","playtime":1756,"items_purged":["Skewer"],"score":566,"play_id":"259b1714-f83a-4472-9538-dfc23eccb65b","local_time":"20210131015211","is_ascension_mode":true,"campfire_choices":[{"floor":6,"key":"RECALL"},{"floor":13,"key":"REST"},{"data":"Infinite Blades","floor":15,"key":"SMITH"},{"floor":32,"key":"REST"},{"floor":40,"key":"REST"}],"circlet_count":0,"master_deck":["Survivor","Neutralize","Choke","Poisoned Stab","Leg Sweep","Terror","Slice","Cloak And Dagger","Backstab","Corpse Explosion","Poisoned Stab","Blade Dance","Deadly Poison","Infinite Blades+1","Noxious Fumes","Blur","PiercingWail","Malaise","Backflip","Infinite Blades+1","Noxious Fumes","Infinite Blades","Blade Dance","Dodge and Roll","A Thousand Cuts","Blur","Poisoned Stab+1","After Image","Cloak And Dagger+1","After Image","Infinite Blades","Dodge and Roll+1","Apotheosis","Infinite Blades"],"relics":["Pandora\u0027s Box","Golden Idol","Nunchaku","Prayer Wheel","Odd Mushroom","Fusion Hammer","Pantograph","Blood Vial","Anchor","Tiny Chest","Ancient Tea Set","The Specimen","SlaversCollar"],"acts_visited":["Exordium","TheCity","TheBeyond"],"potions_floor_usage":[10,10,23,23,27,38,38,41],"damage_taken":[{"damage":0,"enemies":"2 Louse","floor":1,"turns":1},{"damage":0,"enemies":"Small Slimes","floor":2,"turns":2},{"damage":0,"enemies":"Cultist","floor":5,"turns":2},{"damage":0,"enemies":"Gremlin Nob","floor":7,"turns":3},{"damage":0,"enemies":"Large Slime","floor":8,"turns":3},{"damage":9,"enemies":"3 Sentries","floor":10,"turns":4},{"damage":7,"enemies":"The Mushroom Lair","floor":12,"turns":2},{"damage":0,"enemies":"3 Louse","floor":14,"turns":2},{"damage":14,"enemies":"Hexaghost","floor":16,"turns":7},{"damage":0,"enemies":"Shell Parasite","floor":18,"turns":3},{"damage":8,"enemies":"2 Thieves","floor":21,"turns":2},{"damage":13,"enemies":"Gremlin Leader","floor":23,"turns":6},{"damage":2,"enemies":"Centurion and Healer","floor":25,"turns":3},{"damage":11,"enemies":"Slavers","floor":27,"turns":4},{"damage":1,"enemies":"Snecko","floor":28,"turns":5},{"damage":36,"enemies":"Gremlin Leader","floor":29,"turns":6},{"damage":9,"enemies":"Chosen and Byrds","floor":30,"turns":6},{"damage":1,"enemies":"Centurion and Healer","floor":31,"turns":4},{"damage":38,"enemies":"Champ","floor":33,"turns":10},{"damage":10,"enemies":"3 Shapes","floor":35,"turns":5},{"damage":7,"enemies":"3 Darklings","floor":36,"turns":6},{"damage":10,"enemies":"Spire Growth","floor":38,"turns":4},{"damage":36,"enemies":"Sphere and 2 Shapes","floor":39,"turns":4},{"damage":32,"enemies":"Writhing Mass","floor":41,"turns":2}],"seed_played":"6922562903126582821","potions_obtained":[{"floor":1,"key":"Strength Potion"},{"floor":8,"key":"CunningPotion"},{"floor":16,"key":"SpeedPotion"},{"floor":21,"key":"DistilledChaos"},{"floor":23,"key":"Block Potion"},{"floor":28,"key":"FairyPotion"},{"floor":29,"key":"SmokeBomb"},{"floor":31,"key":"Ancient Potion"},{"floor":35,"key":"Strength Potion"},{"floor":38,"key":"GamblersBrew"},{"floor":39,"key":"DistilledChaos"}],"is_trial":false,"path_per_floor":["M","M","$","?","M","R","E","M","T","E","?","?","R","M","R","B",null,"M","?","?","M","?","E","$","M","T","E","M","E","M","M","R","B",null,"M","M","$","M","M","R","M"],"character_chosen":"THE_SILENT","items_purchased":["Blood Vial","Anchor","Infinite Blades","CultistPotion","Blade Dance","Apotheosis","Infinite Blades"],"campfire_rested":3,"item_purchase_floors":[24,24,24,24,24,37,37],"current_hp_per_floor":[70,70,70,65,65,65,65,65,65,56,49,42,61,61,61,47,65,65,65,65,57,57,44,44,44,44,35,36,2,19,20,39,27,65,55,50,50,42,8,27,0,0],"gold":131,"neow_bonus":"BOSS_RELIC","is_daily":false,"chose_seed":false,"campfire_upgraded":1,"win_rate":0.0,"timestamp":1612057931,"path_taken":["M","M","$","?","M","R","E","M","T","E","?","?","R","M","R","BOSS","M","?","?","M","?","E","$","M","T","E","?","E","M","M","R","BOSS","M","M","$","M","M","R","M"],"items_purchased_type":["Relic","Relic","Card","Potion","Card","Card","Card"],"build_version":"2020-12-22","purchased_purges":1,"victory":false,"max_hp_per_floor":[70,70,70,65,65,65,65,65,65,65,65,65,65,65,65,65,65,65,65,65,65,65,65,65,65,65,65,65,65,65,65,65,65,65,65,65,65,65,65,65,65,65],"card_choices":[{"not_picked":["Crippling Poison","Dagger Spray"],"picked":"Poisoned Stab","floor":1},{"not_picked":["Dagger Throw","Accuracy"],"picked":"Blade Dance","floor":2},{"not_picked":["Predator","Reflex"],"picked":"Deadly Poison","floor":5},{"not_picked":["Skewer","Poisoned Stab","Setup"],"picked":"SKIP","floor":7},{"not_picked":["Masterful Stab","Deflect"],"picked":"Infinite Blades","floor":8},{"not_picked":["Underhanded Strike","Endless Agony","Skewer"],"picked":"SKIP","floor":10},{"not_picked":["Dash","Acrobatics"],"picked":"Noxious Fumes","floor":12},{"not_picked":["Catalyst","PiercingWail"],"picked":"Blur","floor":14},{"not_picked":["Underhanded Strike","Heel Hook"],"picked":"PiercingWail","floor":14},{"not_picked":["Bullet Time","Glass Knife"],"picked":"Malaise","floor":16},{"not_picked":["Dagger Spray","Setup","Bane"],"picked":"SKIP","floor":18},{"not_picked":["Tactician","Finisher+1","Deflect"],"picked":"SKIP","floor":18},{"not_picked":["Calculated Gamble","Dagger Spray"],"picked":"Backflip","floor":21},{"not_picked":["Dagger Throw","Caltrops","Flying Knee+1"],"picked":"SKIP","floor":21},{"not_picked":["Flechettes+1","Deadly Poison+1"],"picked":"Noxious Fumes","floor":23},{"not_picked":["Flying Knee+1","Bane"],"picked":"Dodge and Roll","floor":25},{"not_picked":["Slice","Bouncing Flask","Dagger Throw"],"picked":"SKIP","floor":25},{"not_picked":["Concentrate","Prepared"],"picked":"A Thousand Cuts","floor":27},{"not_picked":["Sucker Punch","Flying Knee+1"],"picked":"Blur","floor":28},{"not_picked":["PiercingWail","Quick Slash","Endless Agony"],"picked":"SKIP","floor":28},{"not_picked":["Caltrops","Deflect+1"],"picked":"Poisoned Stab+1","floor":29},{"not_picked":["Underhanded Strike","Flying Knee"],"picked":"After Image","floor":30},{"not_picked":["Dagger Spray","Underhanded Strike"],"picked":"Cloak And Dagger+1","floor":30},{"not_picked":["Slice+1","Dodge and Roll","Dagger Spray+1"],"picked":"SKIP","floor":31},{"not_picked":["Slice+1","Dash+1","All Out Attack"],"picked":"SKIP","floor":31},{"not_picked":["Wraith Form v2","Malaise"],"picked":"After Image","floor":33},{"not_picked":["Backflip","Poisoned Stab+1","PiercingWail+1"],"picked":"SKIP","floor":35},{"not_picked":["Bane+1","Dagger Spray+1","Predator"],"picked":"SKIP","floor":35},{"not_picked":["Blur","Poisoned Stab+1"],"picked":"Infinite Blades","floor":36},{"not_picked":["Cloak And Dagger","Dash+1"],"picked":"Dodge and Roll+1","floor":36},{"not_picked":["Outmaneuver+1","Burst","Noxious Fumes"],"picked":"SKIP","floor":38},{"not_picked":["Deflect","Deadly Poison+1","Tactician+1"],"picked":"SKIP","floor":38},{"not_picked":["Expertise+1","Flechettes","Sucker Punch+1"],"picked":"SKIP","floor":39},{"not_picked":["Terror+1","Crippling Poison+1","Expertise+1"],"picked":"SKIP","floor":39}],"player_experience":746744,"relics_obtained":[{"floor":7,"key":"Nunchaku"},{"floor":10,"key":"Prayer Wheel"},{"floor":12,"key":"Odd Mushroom"},{"floor":23,"key":"Pantograph"},{"floor":26,"key":"Tiny Chest"},{"floor":27,"key":"Ancient Tea Set"},{"floor":29,"key":"The Specimen"}],"event_choices":[{"damage_healed":0,"gold_gain":0,"player_choice":"Lose Max HP","damage_taken":0,"relics_obtained":["Golden Idol"],"max_hp_gain":0,"max_hp_loss":5,"event_name":"Golden Idol","floor":4,"gold_loss":0},{"cards_removed":["Slice"],"damage_healed":0,"gold_gain":0,"player_choice":"Card Removal","damage_taken":7,"max_hp_gain":0,"max_hp_loss":0,"event_name":"Golden Wing","floor":11,"gold_loss":0},{"damage_healed":0,"gold_gain":0,"player_choice":"Fought Mushrooms","damage_taken":0,"max_hp_gain":0,"max_hp_loss":0,"event_name":"Mushrooms","floor":12,"gold_loss":0},{"damage_healed":0,"gold_gain":99,"player_choice":"Stole From Cult","damage_taken":0,"max_hp_gain":0,"max_hp_loss":0,"event_name":"Nest","floor":19,"gold_loss":0},{"damage_healed":0,"gold_gain":0,"player_choice":"Ignored","damage_taken":0,"max_hp_gain":0,"max_hp_loss":0,"event_name":"Ghosts","floor":20,"gold_loss":0},{"damage_healed":0,"gold_gain":0,"player_choice":"Copied","damage_taken":0,"max_hp_gain":0,"max_hp_loss":0,"event_name":"Duplicator","floor":22,"gold_loss":0,"cards_obtained":["Infinite Blades"]}],"is_beta":false,"boss_relics":[{"not_picked":["Calling Bell","Coffee Dripper"],"picked":"Fusion Hammer"},{"not_picked":["Cursed Key","Empty Cage"],"picked":"SlaversCollar"}],"items_purged_floors":[3],"is_endless":false,"potions_floor_spawned":[1,8,16,21,23,28,29,31,35,38,39],"killed_by":"Writhing Mass","ascension_level":1}}