{"host":"b7j598ve05halrwk","time":1612108626,"event":{"mods":["2.2 Compatiblity","BaseMod","Block Reminder","DeckTracker","Minty Spire (QoL Compilation)","Relic Stats","Slay the Relics Exporter","StSLib","ojb\u0027s Better Paths Mod","ojb\u0027s Info Mod"],"gold_per_floor":[11,26,26,46,46,46,372,372,372,383,383,2,29,46,46,125,125,135,146,146,169,181,181,208,208,208,243,243,257,271,301,301,378,378,391,437,455,455,95,129,129,149,149,149,180,193,240,240,240,240,240,240,7,40,40,40],"floor_reached":55,"language":"ENG","playtime":4675,"items_purged":["Strike_R","Defend_R","Injury"],"score":1499,"play_id":"55a42215-ff4f-4a85-9e97-192d27605f90","local_time":"20210131105706","is_ascension_mode":true,"campfire_choices":[{"data":"Bash","floor":6.0,"key":"SMITH"},{"data":"Flame Barrier","floor":11.0,"key":"SMITH"},{"data":"Second Wind","floor":15.0,"key":"SMITH"},{"floor":23.0,"key":"RECALL"},{"floor":25.0,"key":"REST"},{"floor":32.0,"key":"DIG"},{"floor":41.0,"key":"REST"},{"floor":44.0,"key":"DIG"},{"floor":49.0,"key":"DIG"},{"floor":52.0,"key":"DIG"}],"circlet_count":0,"master_deck":["AscendersBane","Defend_R","Defend_R","Defend_R","Bash+1","Infernal Blade","Carnage","Sever Soul","Second Wind+1","Flame Barrier+1","Reckless Charge","Metallicize","Inflame","Spot Weakness","Reaper","Sword Boomerang","Berserk","Flame Barrier","Battle Trance+1","RitualDagger","Entrench","Pummel","Fire Breathing","Fiend Fire","Feel No Pain","Impervious","Headbutt","Inflame","HandOfGreed","Thinking Ahead","Blind","Discovery","Shrug It Off","Warcry+1","Parasite","Pommel Strike+1","Fiend Fire","Secret Technique","Headbutt"],"relics":["Burning Blood","Du-Vu Doll","Old Coin","White Beast Statue","OrangePellets","Darkstone Periapt","Fusion Hammer","Lantern","Happy Flower","Mercury Hourglass","Shovel","MutagenicStrength","Juzu Bracelet","Bronze Scales","Cursed Key","Ginger","Membership Card","Bottled Tornado","Potion Belt","Boot","Question Card","InkBottle","Shuriken","Ornamental Fan","Strange Spoon","StoneCalendar"],"acts_visited":["Exordium","TheCity","TheBeyond","TheEnding"],"potions_floor_usage":[55,55,55],"damage_taken":[{"damage":1.0,"enemies":"Cultist","floor":1.0,"turns":3.0},{"damage":1.0,"enemies":"Small Slimes","floor":2.0,"turns":3.0},{"damage":0.0,"enemies":"2 Louse","floor":4.0,"turns":2.0},{"damage":22.0,"enemies":"Gremlin Nob","floor":7.0,"turns":4.0},{"damage":10.0,"enemies":"Exordium Thugs","floor":10.0,"turns":4.0},{"damage":0.0,"enemies":"Lagavulin","floor":13.0,"turns":5.0},{"damage":0.0,"enemies":"Blue Slaver","floor":14.0,"turns":7.0},{"damage":59.0,"enemies":"Slime Boss","floor":16.0,"turns":12.0},{"damage":10.0,"enemies":"Shell Parasite","floor":18.0,"turns":5.0},{"damage":16.0,"enemies":"Spheric Guardian","floor":19.0,"turns":5.0},{"damage":2.0,"enemies":"Centurion and Healer","floor":22.0,"turns":7.0},{"damage":8.0,"enemies":"Book of Stabbing","floor":24.0,"turns":5.0},{"damage":74.0,"enemies":"Slavers","floor":27.0,"turns":6.0},{"damage":7.0,"enemies":"Cultist and Chosen","floor":29.0,"turns":3.0},{"damage":13.0,"enemies":"Chosen and Byrds","floor":30.0,"turns":4.0},{"damage":30.0,"enemies":"Gremlin Leader","floor":31.0,"turns":5.0},{"damage":18.0,"enemies":"Champ","floor":33.0,"turns":9.0},{"damage":0.0,"enemies":"3 Shapes","floor":35.0,"turns":6.0},{"damage":42.0,"enemies":"2 Orb Walkers","floor":36.0,"turns":6.0},{"damage":32.0,"enemies":"3 Darklings","floor":37.0,"turns":5.0},{"damage":34.0,"enemies":"Nemesis","floor":40.0,"turns":5.0},{"damage":0.0,"enemies":"4 Shapes","floor":42.0,"turns":3.0},{"damage":0.0,"enemies":"Giant Head","floor":45.0,"turns":6.0},{"damage":11.0,"enemies":"Writhing Mass","floor":46.0,"turns":5.0},{"damage":0.0,"enemies":"Nemesis","floor":47.0,"turns":3.0},{"damage":67.0,"enemies":"Time Eater","floor":50.0,"turns":10.0},{"damage":50.0,"enemies":"Shield and Spear","floor":54.0,"turns":6.0},{"damage":36,"enemies":"The Heart","floor":55,"turns":2}],"seed_played":"-167563423731151226","potions_obtained":[{"floor":2.0,"key":"ElixirPotion"},{"floor":4.0,"key":"HeartOfIron"},{"floor":7.0,"key":"EntropicBrew"},{"floor":10.0,"key":"DistilledChaos"},{"floor":13.0,"key":"ColorlessPotion"},{"floor":14.0,"key":"LiquidMemories"},{"floor":16.0,"key":"BlessingOfTheForge"},{"floor":18.0,"key":"LiquidMemories"},{"floor":22.0,"key":"Strength Potion"},{"floor":24.0,"key":"Weak Potion"},{"floor":27.0,"key":"BloodPotion"},{"floor":29.0,"key":"SpeedPotion"},{"floor":30.0,"key":"SkillPotion"},{"floor":31.0,"key":"Dexterity Potion"},{"floor":33.0,"key":"Regen Potion"},{"floor":35.0,"key":"FearPotion"},{"floor":36.0,"key":"DistilledChaos"},{"floor":37.0,"key":"Dexterity Potion"},{"floor":40.0,"key":"Dexterity Potion"},{"floor":42.0,"key":"Swift Potion"},{"floor":45.0,"key":"BlessingOfTheForge"},{"floor":46.0,"key":"BloodPotion"},{"floor":47.0,"key":"FearPotion"},{"floor":54.0,"key":"Dexterity Potion"}],"is_trial":false,"path_per_floor":["M","M","?","M","?","R","E","?","T","M","R","$","E","M","R","B",null,"M","M","?","T","M","R","E","R","T","E","?","M","M","E","R","B",null,"M","?","M","?","$","E","R","M","T","R","E","M","E","?","R","B",null,"R","$","E","B"],"character_chosen":"IRONCLAD","items_purchased":["OrangePellets","Inflame","Spot Weakness","Membership Card","Bottled Tornado","Discovery","Secret Technique","Strange Spoon"],"campfire_rested":2,"item_purchase_floors":[12,12,12,39,39,39,53,53],"current_hp_per_floor":[77,80,73,79,67,67,51,51,51,47,47,47,53,67,67,29,67,63,54,48,48,72,72,70,80,80,12,12,47,48,45,45,54,74,80,52,53,43,43,15,39,49,55,55,81,82,92,92,92,44,80,80,80,36,0,0],"gold":40,"neow_bonus":"TRANSFORM_TWO_CARDS","is_daily":false,"chose_seed":false,"campfire_upgraded":3,"win_rate":0.0,"timestamp":1612108626,"path_taken":["M","?","?","M","?","R","E","?","T","?","R","$","E","M","R","BOSS","M","M","?","?","M","R","E","R","T","E","?","M","M","E","R","BOSS","M","?","M","?","$","E","R","M","T","R","E","M","E","?","R","BOSS","R","$","E","BOSS"],"items_purchased_type":["Relic","Card","Card","Relic","Relic","Card","Card","Relic"],"build_version":"2020-12-22","purchased_purges":3,"victory":false,"max_hp_per_floor":[80,80,80,80,80,80,80,80,80,80,80,80,80,80,80,80,80,80,80,80,80,80,80,80,80,80,80,80,80,80,80,80,80,80,80,80,80,80,80,80,80,80,86,86,86,92,92,92,92,92,92,92,92,92,92,92],"relic_stats":{"Darkstone Periapt":12,"Happy Flower":[28],"counters":[28,146],"StoneCalendar":[0],"Juzu Bracelet":0,"Ginger":[6],"Cursed Key":1,"Boot":[16],"Question Card":3,"Burning Blood":148,"Mercury Hourglass":[350],"OrangePellets":[44],"Strange Spoon":[2],"Shovel":4,"Shuriken":[2],"Ornamental Fan":[4],"Bronze Scales":[206],"obtain_stats":[{"Darkstone Periapt":13,"Lantern":21,"StoneCalendar":54,"Juzu Bracelet":31,"Ginger":36,"Bottled Tornado":39,"Cursed Key":34,"Boot":44,"Burning Blood":0,"Old Coin":7,"Shovel":27,"Fusion Hammer":17,"InkBottle":47,"Potion Belt":40,"Happy Flower":24,"Question Card":45,"White Beast Statue":9,"Mercury Hourglass":26,"Du-Vu Doll":5,"OrangePellets":12,"Strange Spoon":53,"Shuriken":49,"Ornamental Fan":52,"MutagenicStrength":28,"Bronze Scales":32,"Membership Card":39},{"Darkstone Periapt":6,"Lantern":10,"StoneCalendar":27,"Juzu Bracelet":16,"Ginger":19,"Bottled Tornado":20,"Cursed Key":17,"Boot":22,"Burning Blood":0,"Old Coin":4,"Shovel":13,"Fusion Hammer":8,"InkBottle":25,"Potion Belt":21,"Happy Flower":12,"Question Card":23,"White Beast Statue":4,"Mercury Hourglass":12,"Du-Vu Doll":3,"OrangePellets":5,"Strange Spoon":26,"Shuriken":25,"Ornamental Fan":26,"MutagenicStrength":13,"Bronze Scales":16,"Membership Card":20},{"Darkstone Periapt":21,"Lantern":50,"StoneCalendar":144,"Juzu Bracelet":80,"Ginger":101,"Bottled Tornado":106,"Cursed Key":89,"Boot":114,"Burning Blood":0,"Old Coin":12,"Shovel":68,"Fusion Hammer":40,"InkBottle":128,"Potion Belt":111,"Happy Flower":62,"Question Card":120,"White Beast Statue":12,"Mercury Hourglass":62,"Du-Vu Doll":8,"OrangePellets":16,"Strange Spoon":138,"Shuriken":128,"Ornamental Fan":138,"MutagenicStrength":68,"Bronze Scales":80,"Membership Card":106}],"InkBottle":[5]},"card_choices":[{"not_picked":["Cleave","Perfected Strike"],"picked":"Sever Soul","floor":1.0},{"not_picked":["Clash","Sentinel"],"picked":"Second Wind","floor":2.0},{"not_picked":["Twin Strike","Infernal Blade"],"picked":"Flame Barrier","floor":4.0},{"not_picked":["True Grit","Body Slam"],"picked":"Reckless Charge","floor":7.0},{"not_picked":["Twin Strike","Pommel Strike"],"picked":"Metallicize","floor":10.0},{"not_picked":["Cleave","Flex"],"picked":"Reaper","floor":13.0},{"not_picked":["Iron Wave","Ghostly Armor"],"picked":"Sword Boomerang","floor":14.0},{"not_picked":["Feed","Bludgeon"],"picked":"Berserk","floor":16.0},{"not_picked":["Second Wind","Twin Strike"],"picked":"Flame Barrier","floor":18.0},{"not_picked":["Rupture","Uppercut"],"picked":"Battle Trance+1","floor":19.0},{"not_picked":["True Grit","Seeing Red"],"picked":"Entrench","floor":22.0},{"not_picked":["Havoc","Blood for Blood","Sever Soul+1"],"picked":"SKIP","floor":24.0},{"not_picked":["Rampage","Reckless Charge"],"picked":"Pummel","floor":27.0},{"not_picked":["Second Wind","Searing Blow"],"picked":"Fire Breathing","floor":29.0},{"not_picked":["Anger","Wild Strike+1"],"picked":"Fiend Fire","floor":30.0},{"not_picked":["Rupture","Carnage"],"picked":"Feel No Pain","floor":31.0},{"not_picked":["Corruption","Offering"],"picked":"Impervious","floor":33.0},{"not_picked":["Body Slam","Second Wind"],"picked":"Headbutt","floor":35.0},{"not_picked":["Spot Weakness","Entrench"],"picked":"Inflame","floor":36.0},{"not_picked":["Thunderclap","Body Slam","Intimidate"],"picked":"SKIP","floor":37.0},{"not_picked":["Good Instincts","Flash of Steel"],"picked":"HandOfGreed","floor":38.0},{"not_picked":["Blind","Dramatic Entrance"],"picked":"Thinking Ahead","floor":38.0},{"not_picked":["Jack Of All Trades","Swift Strike"],"picked":"Blind","floor":38.0},{"not_picked":["Sever Soul","Combust+1"],"picked":"Shrug It Off","floor":40.0},{"not_picked":["Intimidate","Sword Boomerang","Wild Strike"],"picked":"SKIP","floor":42.0},{"not_picked":["Clash","Sever Soul"],"picked":"Warcry+1","floor":45.0},{"not_picked":["Ghostly Armor","Perfected Strike","Rage+1"],"picked":"Pommel Strike+1","floor":46.0},{"not_picked":["Double Tap","Flex","Armaments"],"picked":"Fiend Fire","floor":47.0},{"not_picked":["Anger","Dual Wield","Whirlwind+1"],"picked":"Headbutt","floor":54.0}],"player_experience":1085384,"relics_obtained":[{"floor":7.0,"key":"Old Coin"},{"floor":9.0,"key":"White Beast Statue"},{"floor":13.0,"key":"Darkstone Periapt"},{"floor":21.0,"key":"Lantern"},{"floor":24.0,"key":"Happy Flower"},{"floor":26.0,"key":"Mercury Hourglass"},{"floor":27.0,"key":"Shovel"},{"floor":31.0,"key":"Juzu Bracelet"},{"floor":32.0,"key":"Bronze Scales"},{"floor":36.0,"key":"Ginger"},{"floor":40.0,"key":"Potion Belt"},{"floor":44.0,"key":"Boot"},{"floor":45.0,"key":"Question Card"},{"floor":47.0,"key":"InkBottle"},{"floor":49.0,"key":"Shuriken"},{"floor":52.0,"key":"Ornamental Fan"},{"floor":54.0,"key":"StoneCalendar"}],"event_choices":[{"cards_removed":["Strike_R"],"damage_healed":0.0,"max_hp_gain":0.0,"max_hp_loss":0.0,"gold_gain":0.0,"event_name":"Golden Wing","player_choice":"Card Removal","floor":3.0,"gold_loss":0.0,"damage_taken":7.0},{"damage_healed":0.0,"max_hp_gain":0.0,"max_hp_loss":0.0,"gold_gain":0.0,"event_name":"Scrap Ooze","player_choice":"Success","floor":5.0,"gold_loss":0.0,"damage_taken":12.0,"relics_obtained":["Du-Vu Doll"]},{"cards_removed":["Strike_R"],"damage_healed":0.0,"max_hp_gain":0.0,"max_hp_loss":0.0,"gold_gain":0.0,"event_name":"Purifier","player_choice":"Purged","floor":8.0,"gold_loss":0.0,"damage_taken":0.0},{"damage_healed":0.0,"max_hp_gain":0.0,"max_hp_loss":0.0,"gold_gain":0.0,"event_name":"Nest","player_choice":"Joined the Cult","floor":20.0,"gold_loss":0.0,"damage_taken":6.0,"cards_obtained":["RitualDagger"]},{"damage_healed":0.0,"max_hp_gain":0.0,"max_hp_loss":0.0,"gold_gain":0.0,"event_name":"Drug Dealer","player_choice":"Inject Mutagens","floor":28.0,"gold_loss":0.0,"damage_taken":0.0,"relics_obtained":["MutagenicStrength"]},{"damage_healed":0.0,"max_hp_gain":0.0,"max_hp_loss":0.0,"gold_gain":0.0,"event_name":"Mysterious Sphere","player_choice":"Fight","floor":36.0,"gold_loss":0.0,"damage_taken":0.0},{"damage_healed":0.0,"max_hp_gain":0.0,"max_hp_loss":0.0,"gold_gain":0.0,"event_name":"SensoryStone","player_choice":"Memory 3","floor":38.0,"gold_loss":0.0,"damage_taken":10.0},{"damage_healed":0.0,"max_hp_gain":0.0,"max_hp_loss":0.0,"gold_gain":0.0,"event_name":"SecretPortal","player_choice":"Ignored","floor":48.0,"gold_loss":0.0,"damage_taken":0.0}],"is_beta":false,"boss_relics":[{"not_picked":["Black Star","Tiny House"],"picked":"Fusion Hammer"},{"not_picked":["SlaversCollar","Sozu"],"picked":"Cursed Key"}],"items_purged_floors":[12,39,53],"is_endless":false,"potions_floor_spawned":[2,4,7,10,13,14,16,18,19,22,24,27,29,30,31,33,35,36,37,40,42,45,46,47,54],"killed_by":"The Heart","ascension_level":13}}