{"host":"or7h59boalwd0rey","time":1612067177,"event":{"mods":["ATMod(°¢èªMod)","Act Like it!","BaseMod","Colored Powertips","Conspire","Gensokyo","Minty Spire (QoL Compilation)","Relic Stats","Replay The Spire","RumiaBox-Â¶Ã×æ«µÄÉñÃØºÐ×Ó","StSLib","TestMod","¡¾ÒÅÎï¿¨ÅÆ¡¿REMEMod"],"gold_per_floor":[111,111,158,108,108,108,119,119,119,189,189,105,166,210,133,152,152,311,311,344,381,408,442,15,15,15,56,79,136,136,155,221,52,52,188,188,201,201,201,237,257,257,284,330,330,201,230,269,295,98,98,98,98,98,98,141,176],"floor_reached":58,"language":"ZHS","playtime":2987,"items_purged":["Injury"],"score":1502,"play_id":"ddbde5ae-3b61-4b03-8888-bbfc8a0d1dc2","local_time":"20210131122617","is_ascension_mode":false,"campfire_choices":[{"floor":9.0,"key":"REST"},{"floor":17.0,"key":"DIG"},{"floor":25.0,"key":"RECALL"},{"data":"Flex","floor":34,"key":"SMITH"},{"data":"REME_ACTH","floor":42,"key":"SMITH"},{"data":"Limit Break","floor":51,"key":"SMITH"},{"data":"Berserk","floor":54,"key":"SMITH"}],"circlet_count":0,"master_deck":["AT_ChampionStep","Sword Boomerang","Abandon","conspire:SpireCoStock","Cleave","Exhume","Inflame","Armaments","ReplayTheSpireMod:Stacked","Life Link","Seeing Red","Pommel Strike","Reaper","conspire:SpireCoStock","AT_DrawKnifeCut","Flex+1","Shrug It Off","Sword Boomerang","ReplayTheSpireMod:Muscle Training","Thunderclap","REME_FirmDetermination","AT_ShrugMaster","REME_ACTH+1","Sword Boomerang+1","conspire:HitWhereItHurts","Sword Boomerang+1","Impervious","Double Tap","REME_Fury","Limit Break+1","conspire:Purge","Berserk+1","Impervious","REME_ACTH","Spot Weakness","Spot Weakness","Bloodletting+1","Clumsy","Gensokyo:Shovel","Flex"],"relics":["AT_ATBox","testmod-TestBox","REME_ComplimentaryCards","Black Star","testmod-Fanaticism","testmod-TheFather","ReplayTheSpireMod:Spearhead","testmod-HeartOfStrike","REME_HourglassOfDeath","TungstenRod","Replay:Wax Seal","REME_LimitBreaker","Red Skull","ZombieArmy","Potion Belt","Sozu","testmod-Charity","REME_CardOfGreed","ReplayTheSpireMod:TigerMarble","Pantograph","Replay:Accelerometer","Toy Ornithopter","Ccalipers","testmod-CyclicPeriapt","Philosopher\u0027s Stone","Chameleon Ring","Gensokyo:TheCrow","King of Hearts","REME_PuzzleBoxRelic","SumBook","ReplayTheSpireMod:CursedCoin","HandDrill","AT_GoldPhoenixTree","testmod-LifeArmor"],"acts_visited":["Gensokyo:Gensokyo","Gensokyo:Gensokyoer","Gensokyo:Gensokyoest","TheEnding"],"potions_floor_usage":[],"damage_taken":[{"damage":10.0,"enemies":"Gensokyo:2_Kodama","floor":1.0,"turns":3.0},{"damage":38.0,"enemies":"Gensokyo:Cirno","floor":3.0,"turns":5.0},{"damage":0.0,"enemies":"Gensokyo:Gryphon","floor":7.0,"turns":1.0},{"damage":0.0,"enemies":"Gensokyo:Cirno","floor":10.0,"turns":4.0},{"damage":25.0,"enemies":"Gensokyo:Mamizou","floor":13.0,"turns":4.0},{"damage":2.0,"enemies":"Gensokyo:3_Fairies","floor":14.0,"turns":3.0},{"damage":0.0,"enemies":"Gensokyo:LivingMonolith","floor":16.0,"turns":2.0},{"damage":0.0,"enemies":"Gensokyo:Reimu","floor":18.0,"turns":3.0},{"damage":0.0,"enemies":"Gensokyo:2_Gloops","floor":20.0,"turns":3.0},{"damage":0.0,"enemies":"Gensokyo:Chomper","floor":21.0,"turns":2.0},{"damage":44.0,"enemies":"Gensokyo:Swordslinger","floor":23.0,"turns":2.0},{"damage":25.0,"enemies":"Gensokyo:Mirror_and_Dog","floor":27.0,"turns":2.0},{"damage":11,"enemies":"Gensokyo:Koishi","floor":29,"turns":3},{"damage":36,"enemies":"Gensokyo:Wraith","floor":31,"turns":2},{"damage":0,"enemies":"Gensokyo:Eternal_Rivals","floor":35,"turns":4},{"damage":0,"enemies":"Gensokyo:AncientGuardian","floor":37,"turns":2},{"damage":0,"enemies":"Gensokyo:3_Bats","floor":40,"turns":1},{"damage":0,"enemies":"Gensokyo:SeedOfUnknown","floor":41,"turns":3},{"damage":0,"enemies":"Gensokyo:4_Bats","floor":43,"turns":1},{"damage":16,"enemies":"Gensokyo:Kasen","floor":44,"turns":2},{"damage":1,"enemies":"Gensokyo:AtlasGolem","floor":47,"turns":2},{"damage":22,"enemies":"Gensokyo:Dusk_and_Dawn","floor":48,"turns":2},{"damage":0,"enemies":"Gensokyo:4_Bats","floor":49,"turns":1},{"damage":21,"enemies":"Gensokyo:Yuyuko","floor":52,"turns":2},{"damage":44,"enemies":"Shield and Spear","floor":56,"turns":2},{"damage":88,"enemies":"The Heart","floor":57,"turns":5}],"seed_played":"2240114010350417558","potions_obtained":[{"floor":3.0,"key":"Doom Potion"},{"floor":7.0,"key":"BlessingOfTheForge"},{"floor":10.0,"key":"Regen Potion"},{"floor":16.0,"key":"FairyPotion"}],"is_trial":false,"path_per_floor":["M","?","?","?","PTL","PTL","M","?","R","E","T","$","E","M","$","M","R","B",null,"M","M","T","M","COS","R","?","M","T","E","?","M","?","$","R","B",null,"M","T","?","M","M","R","M","E","T","$","M","M","M","COS","R","B",null,"R","$","E","B",null],"character_chosen":"IRONCLAD","items_purchased":["Inflame","Armaments","Seeing Red","REME_FirmDetermination","AT_ShrugMaster","Spot Weakness"],"campfire_rested":1,"item_purchase_floors":[12,12,15,33,33,46],"current_hp_per_floor":[70,70,59,59,59,59,59,43,67,67,67,67,53,51,51,51,51,51,80,80,80,80,80,80,80,80,86,87,80,80,79,80,80,80,109,109,113,113,113,120,125,125,129,147,147,147,148,140,148,149,149,149,222,222,222,229,238],"gold":176,"neow_bonus":"BOSS_RELIC","is_daily":false,"chose_seed":false,"campfire_upgraded":4,"win_rate":0.0,"timestamp":1612067177,"path_taken":["M","?","?","?","PTL","PTL","?","?","R","E","T","$","E","M","?","M","R","BOSS","M","M","?","M","COS","R","?","M","T","E","?","M","?","?","R","BOSS","M","?","?","M","M","R","M","E","T","$","M","?","M","COS","R","BOSS","R","$","E","BOSS"],"items_purchased_type":["Card","Card","Card","Card","Card","Card"],"build_version":"2020-12-22","purchased_purges":1,"victory":true,"max_hp_per_floor":[80,80,80,80,80,80,80,80,80,80,80,80,80,80,80,80,80,80,80,80,80,80,80,80,80,80,86,87,91,91,94,95,95,95,109,109,113,113,113,120,125,125,129,147,147,147,149,158,166,167,167,222,222,222,222,229,238],"relic_stats":{"Sozu":9,"counters":[26,66],"Pantograph":15,"Black Star":6,"HandDrill":[0],"obtain_stats":[{"testmod-HeartOfStrike":3,"Replay:Accelerometer":29,"AT_ATBox":0,"King of Hearts":44,"testmod-LifeArmor":56,"Burning Blood":0,"testmod-Charity":24,"Sozu":19,"testmod-Fanaticism":0,"Frozen Eye":29,"Chameleon Ring":38,"Ccalipers":35,"Pantograph":29,"testmod-TheFather":2,"Philosopher\u0027s Stone":36,"HandDrill":50,"Replay:Wax Seal":10,"Red Skull":13,"ZombieArmy":13,"SumBook":45,"Potion Belt":17,"testmod-TestBox":0,"ReplayTheSpireMod:CursedCoin":50,"Gensokyo:TheCrow":39,"AT_GoldPhoenixTree":56,"testmod-CyclicPeriapt":35,"REME_LimitBreaker":11,"ReplayTheSpireMod:Spearhead":3,"REME_HourglassOfDeath":8,"Black Star":0,"ReplayTheSpireMod:TigerMarble":28,"REME_CardOfGreed":24,"REME_PuzzleBoxRelic":44,"TungstenRod":10,"Toy Ornithopter":32,"REME_ComplimentaryCards":0},{"testmod-HeartOfStrike":2,"Replay:Accelerometer":13,"AT_ATBox":0,"King of Hearts":20,"testmod-LifeArmor":25,"Burning Blood":0,"testmod-Charity":11,"Sozu":8,"testmod-Fanaticism":0,"Frozen Eye":12,"Chameleon Ring":16,"Ccalipers":15,"Pantograph":13,"testmod-TheFather":1,"Philosopher\u0027s Stone":15,"HandDrill":23,"Replay:Wax Seal":4,"Red Skull":5,"ZombieArmy":5,"SumBook":20,"Potion Belt":7,"testmod-TestBox":0,"ReplayTheSpireMod:CursedCoin":23,"Gensokyo:TheCrow":16,"AT_GoldPhoenixTree":25,"testmod-CyclicPeriapt":15,"REME_LimitBreaker":4,"ReplayTheSpireMod:Spearhead":2,"REME_HourglassOfDeath":3,"Black Star":0,"ReplayTheSpireMod:TigerMarble":12,"REME_CardOfGreed":11,"REME_PuzzleBoxRelic":20,"TungstenRod":4,"Toy Ornithopter":14,"REME_ComplimentaryCards":0},{"testmod-HeartOfStrike":8,"Replay:Accelerometer":37,"AT_ATBox":0,"King of Hearts":52,"testmod-LifeArmor":61,"Burning Blood":0,"testmod-Charity":32,"Sozu":25,"testmod-Fanaticism":0,"Frozen Eye":34,"Chameleon Ring":45,"Ccalipers":40,"Pantograph":37,"testmod-TheFather":3,"Philosopher\u0027s Stone":43,"HandDrill":57,"Replay:Wax Seal":13,"Red Skull":17,"ZombieArmy":17,"SumBook":52,"Potion Belt":22,"testmod-TestBox":0,"ReplayTheSpireMod:CursedCoin":57,"Gensokyo:TheCrow":45,"AT_GoldPhoenixTree":61,"testmod-CyclicPeriapt":41,"REME_LimitBreaker":13,"ReplayTheSpireMod:Spearhead":8,"REME_HourglassOfDeath":9,"Black Star":0,"ReplayTheSpireMod:TigerMarble":34,"REME_CardOfGreed":32,"REME_PuzzleBoxRelic":52,"TungstenRod":13,"Toy Ornithopter":39,"REME_ComplimentaryCards":0}],"TungstenRod":57,"Toy Ornithopter":0},"card_choices":[{"not_picked":["Reckless Charge","Warcry"],"picked":"Sword Boomerang","floor":1.0},{"not_picked":["True Grit","Rampage"],"picked":"Abandon","floor":3.0},{"not_picked":["Clash","ReplayTheSpireMod:Strike From Hell"],"picked":"Cleave","floor":7.0},{"not_picked":["Twin Strike","Abandon"],"picked":"Exhume","floor":10.0},{"not_picked":["Twin Strike","ReplayTheSpireMod:Muscle Training"],"picked":"ReplayTheSpireMod:Stacked","floor":13.0},{"not_picked":["ReplayTheSpireMod:Strike From Hell","Cleave"],"picked":"Life Link","floor":14.0},{"not_picked":["REME_SingleHolding","True Grit"],"picked":"Pommel Strike","floor":16.0},{"not_picked":["Fiend Fire","Bludgeon"],"picked":"Reaper","floor":18.0},{"not_picked":["Iron Wave","Metallicize"],"picked":"AT_DrawKnifeCut","floor":20.0},{"not_picked":["True Grit+1","Clothesline"],"picked":"Flex","floor":21.0},{"not_picked":["Uppercut","Havoc","Life Link"],"picked":"SKIP","floor":23.0},{"not_picked":["Rupture+1","ReplayTheSpireMod:Muscle Training"],"picked":"Shrug It Off","floor":27.0},{"not_picked":["Warcry","Carnage+1"],"picked":"Sword Boomerang","floor":29},{"not_picked":["Carnage+1","ReplayTheSpireMod:Stacked"],"picked":"ReplayTheSpireMod:Muscle Training","floor":31},{"not_picked":["Headbutt","Twin Strike+1"],"picked":"Thunderclap","floor":32},{"not_picked":["conspire:Purge","Impervious"],"picked":"REME_ACTH","floor":35},{"not_picked":["Cleave","Flex+1","Body Slam+1"],"picked":"SKIP","floor":37},{"not_picked":["Headbutt","Body Slam"],"picked":"Sword Boomerang+1","floor":40},{"not_picked":["Replay:Undeath\u0027s Touch+1","ReplayTheSpireMod:LeadingStrike+1"],"picked":"conspire:HitWhereItHurts","floor":41},{"not_picked":["AT_IchimonjiDouble+1","Cleave","Intimidate"],"picked":"SKIP","floor":43},{"not_picked":["Thunderclap+1","Heavy Blade"],"picked":"Sword Boomerang+1","floor":44},{"not_picked":["ReplayTheSpireMod:Strike From Hell+1","conspire:HitWhereItHurts"],"picked":"Bloodletting+1","floor":47},{"not_picked":["Warcry","Seeing Red","ReplayTheSpireMod:Strike From Hell"],"picked":"SKIP","floor":48},{"not_picked":["conspire:Charge+1","Replay:Undeath\u0027s Touch+1","Flame Barrier"],"picked":"SKIP","floor":49},{"not_picked":["Immolate","Replay:Undeath\u0027s Touch+1"],"picked":"Flex","floor":56}],"player_experience":69292,"relics_obtained":[{"floor":3.0,"key":"ReplayTheSpireMod:Spearhead"},{"floor":3.0,"key":"testmod-HeartOfStrike"},{"floor":10.0,"key":"TungstenRod"},{"floor":10.0,"key":"Replay:Wax Seal"},{"floor":11.0,"key":"REME_LimitBreaker"},{"floor":13.0,"key":"Red Skull"},{"floor":13.0,"key":"ZombieArmy"},{"floor":17.0,"key":"Potion Belt"},{"floor":28.0,"key":"ReplayTheSpireMod:TigerMarble"},{"floor":29,"key":"Pantograph"},{"floor":29,"key":"Replay:Accelerometer"},{"floor":32,"key":"Toy Ornithopter"},{"floor":38,"key":"Chameleon Ring"},{"floor":44,"key":"King of Hearts"},{"floor":44,"key":"REME_PuzzleBoxRelic"},{"floor":45,"key":"SumBook"},{"floor":56,"key":"AT_GoldPhoenixTree"},{"floor":56,"key":"testmod-LifeArmor"}],"event_choices":[{"damage_healed":0.0,"max_hp_gain":0.0,"max_hp_loss":0.0,"gold_gain":0.0,"event_name":"conspire:Investor","player_choice":"Invest 1","floor":4.0,"gold_loss":0.0,"damage_taken":0.0}],"is_beta":false,"boss_relics":[{"not_picked":["SlaversCollar","conspire:SeveredTorchhead"],"picked":"Sozu"},{"not_picked":["conspire:RunicOctahedron","ReplayTheSpireMod:DimensionalGlitch"],"picked":"Philosopher\u0027s Stone"}],"items_purged_floors":[46],"is_endless":false,"potions_floor_spawned":[3,7,10,16,20,27,29,37,43,44,48],"ascension_level":0}}