{"host":"fxrgx7wt2cpkbhka","time":1612073878,"event":{"mods":["AchievementEnabler","BaseMod","Colored Powertips","Minty Spire (QoL Compilation)","Permanent Neow","Quick Restart","Slay-I","StSLib","Waifu the Spire"],"gold_per_floor":[119,185,18,18,30,30,47,60,111,111,125,125,138,165,165,165,165],"floor_reached":16,"language":"ENG","playtime":560,"items_purged":[],"score":168,"play_id":"607d6fb2-d571-45a5-ad08-dd7573961413","local_time":"20210130221758","is_ascension_mode":true,"campfire_choices":[{"data":"Uppercut","floor":6,"key":"SMITH"},{"data":"Spot Weakness","floor":10,"key":"SMITH"},{"data":"Flame Barrier","floor":12,"key":"SMITH"},{"data":"Perfected Strike","floor":15,"key":"SMITH"}],"circlet_count":0,"master_deck":["AscendersBane","Strike_R","Strike_R","Strike_R","Strike_R","Defend_R","Defend_R","Defend_R","Defend_R","Bash+1","Flame Barrier+1","Uppercut+1","Bandage Up","Clash","Perfected Strike+1","Spot Weakness+1","Perfected Strike","Clash"],"relics":["Burning Blood","Orichalcum","Centennial Puzzle"],"acts_visited":["Exordium"],"potions_floor_usage":[5,16],"damage_taken":[{"damage":7,"enemies":"Small Slimes","floor":1,"turns":3},{"damage":7,"enemies":"2 Louse","floor":5,"turns":3},{"damage":1,"enemies":"Cultist","floor":7,"turns":4},{"damage":17,"enemies":"Exordium Wildlife","floor":8,"turns":4},{"damage":1,"enemies":"Exordium Thugs","floor":11,"turns":5},{"damage":6,"enemies":"Looter","floor":13,"turns":3},{"damage":24,"enemies":"Lagavulin","floor":14,"turns":7},{"damage":68,"enemies":"The Guardian","floor":16,"turns":15}],"seed_played":"7221477809072880898","potions_obtained":[{"floor":1,"key":"BlessingOfTheForge"},{"floor":5,"key":"Fruit Juice"},{"floor":8,"key":"SpeedPotion"}],"is_trial":false,"path_per_floor":["M","?","$","?","M","R","M","M","T","R","M","R","M","E","R","B"],"character_chosen":"IRONCLAD","items_purchased":["Uppercut","Bandage Up"],"campfire_rested":0,"item_purchase_floors":[3,3],"current_hp_per_floor":[71,71,71,71,79,79,85,78,78,78,85,85,85,67,67,3,3],"gold":165,"neow_bonus":"UPGRADE_CARD","is_daily":false,"chose_seed":false,"campfire_upgraded":4,"win_rate":0.0,"timestamp":1612073878,"path_taken":["M","?","$","?","M","R","M","?","T","R","M","R","M","E","R","BOSS"],"items_purchased_type":["Card","Card"],"build_version":"2020-12-22","purchased_purges":0,"victory":false,"max_hp_per_floor":[80,80,80,80,85,85,85,85,85,85,85,85,85,85,85,85,85],"card_choices":[{"not_picked":["Iron Wave","Body Slam"],"picked":"Flame Barrier","floor":1},{"not_picked":["Armaments","Iron Wave"],"picked":"Clash","floor":5},{"not_picked":["True Grit","Armaments"],"picked":"Perfected Strike","floor":7},{"not_picked":["Sword Boomerang","Twin Strike"],"picked":"Spot Weakness","floor":8},{"not_picked":["Flex","Dual Wield","Pommel Strike"],"picked":"SKIP","floor":11},{"not_picked":["Headbutt","Dropkick"],"picked":"Perfected Strike","floor":13},{"not_picked":["Sword Boomerang","Reckless Charge"],"picked":"Clash","floor":14}],"player_experience":736942,"relics_obtained":[{"floor":9,"key":"Orichalcum"},{"floor":14,"key":"Centennial Puzzle"}],"event_choices":[{"damage_healed":0,"gold_gain":66,"player_choice":"Gained Gold","damage_taken":0,"max_hp_gain":0,"max_hp_loss":0,"event_name":"Golden Wing","floor":2,"gold_loss":0},{"cards_removed":["Strike_R"],"damage_healed":0,"gold_gain":0,"player_choice":"Purged","damage_taken":0,"max_hp_gain":0,"max_hp_loss":0,"event_name":"Purifier","floor":4,"gold_loss":0}],"is_beta":false,"boss_relics":[],"items_purged_floors":[],"is_endless":false,"potions_floor_spawned":[1,5,8],"killed_by":"The Guardian","ascension_level":13}}