{"host":"n23juj4d9qam5hh1","time":1612103408,"event":{"mods":["BaseMod","Better Note","BetterRewards","Displayed Cursed Tome","Infinite Spire","Minty Spire (QoL Compilation)","Relic Stats","StSLib","Thieving Mod"],"gold_per_floor":[110,110,110,110,110,110,128,148,148,148,148,148,148,166,166,265,265,276,287,287,299,299,299],"floor_reached":22,"language":"ENG","playtime":502,"items_purged":[],"score":269,"play_id":"8977f055-4653-4a21-9395-dd47bdc8dd14","local_time":"20210131093008","is_ascension_mode":true,"campfire_choices":[{"data":"infinitespire:DeathsTouch","floor":6.0,"key":"SMITH"},{"data":"Dualcast","floor":12.0,"key":"SMITH"},{"floor":15.0,"key":"REST"}],"circlet_count":0,"master_deck":["Strike_B","Strike_B+1","Strike_B","Strike_B","Defend_B","Defend_B","Defend_B+1","Defend_B","Zap","Dualcast+1","Storm","infinitespire:DeathsTouch+1","Sunder","Cold Snap","Electrodynamics","Consume","Fusion+1","Static Discharge+1"],"relics":["FrozenCore","NeowsBlessing","Strawberry"],"acts_visited":["Exordium","TheCity"],"potions_floor_usage":[22],"damage_taken":[{"damage":0.0,"enemies":"2 Louse","floor":1.0,"turns":1.0},{"damage":0.0,"enemies":"Small Slimes","floor":7.0,"turns":1.0},{"damage":0.0,"enemies":"Jaw Worm","floor":8.0,"turns":1.0},{"damage":13.0,"enemies":"Exordium Thugs","floor":14.0,"turns":3.0},{"damage":0.0,"enemies":"Slime Boss","floor":16.0,"turns":7.0},{"damage":27.0,"enemies":"3 Byrds","floor":18.0,"turns":3.0},{"damage":10.0,"enemies":"Chosen","floor":19.0,"turns":3.0},{"damage":24.0,"enemies":"Snake Plant","floor":21.0,"turns":5.0},{"damage":0,"enemies":"Centurion and Healer","floor":22,"turns":1}],"seed_played":"-3171731108969623244","potions_obtained":[{"floor":5.0,"key":"SteroidPotion"},{"floor":5.0,"key":"EntropicBrew"},{"floor":5.0,"key":"Fruit Juice"},{"floor":7.0,"key":"FocusPotion"},{"floor":21.0,"key":"SkillPotion"}],"is_trial":false,"path_per_floor":["M","$","?","?","?","R","M","M","T","$","?","R","$","M","R","B",null,"M","M","?","M","M"],"character_chosen":"DEFECT","items_purchased":[],"campfire_rested":1,"item_purchase_floors":[],"current_hp_per_floor":[75,75,75,57,62,62,62,62,69,69,52,52,52,39,65,65,87,60,50,79,55,55,55],"gold":299,"neow_bonus":"THREE_ENEMY_KILL","is_daily":false,"chose_seed":false,"campfire_upgraded":2,"win_rate":0.0,"timestamp":1612103408,"path_taken":["M","$","?","?","?","R","?","M","T","$","?","R","$","M","R","BOSS","M","M","?","M","M"],"items_purchased_type":[],"build_version":"2020-12-22","purchased_purges":0,"victory":false,"max_hp_per_floor":[75,75,75,75,80,80,80,80,87,87,87,87,87,87,87,87,87,87,87,87,87,87,87],"relic_stats":{"counters":[9,25],"obtain_stats":[{"NeowsBlessing":0,"Strawberry":9,"Cracked Core":0,"FrozenCore":17},{"NeowsBlessing":0,"Strawberry":3,"Cracked Core":0,"FrozenCore":5},{"NeowsBlessing":0,"Strawberry":3,"Cracked Core":0,"FrozenCore":13}],"FrozenCore":[5]},"card_choices":[{"not_picked":["Doom and Gloom","Beam Cell"],"picked":"Storm","floor":1.0},{"not_picked":["infinitespire:SealOfDarkness+","infinitespire:Gouge"],"picked":"infinitespire:DeathsTouch","floor":4.0},{"not_picked":["Hologram","Stack"],"picked":"Sunder","floor":7.0},{"not_picked":["Rebound","Stack","Aggregate"],"picked":"SKIP","floor":8.0},{"not_picked":["Barrage","Hologram"],"picked":"Cold Snap","floor":14.0},{"not_picked":["All For One","Reboot"],"picked":"Electrodynamics","floor":16.0},{"not_picked":["Heatsinks","Sunder"],"picked":"Consume","floor":18.0},{"not_picked":["Beam Cell+1","Steam"],"picked":"Fusion+1","floor":19.0},{"not_picked":["Beam Cell+1","Heatsinks"],"picked":"Static Discharge+1","floor":21.0}],"player_experience":270079,"relics_obtained":[{"floor":9.0,"key":"Strawberry"}],"event_choices":[{"damage_healed":0.0,"max_hp_gain":0.0,"max_hp_loss":0.0,"gold_gain":0.0,"event_name":"Lab","player_choice":"Got Potions","floor":5.0,"gold_loss":0.0,"damage_taken":0.0},{"damage_healed":0.0,"max_hp_gain":0.0,"max_hp_loss":0.0,"gold_gain":0.0,"event_name":"Shining Light","player_choice":"Entered Light","floor":11.0,"gold_loss":0.0,"damage_taken":17.0,"cards_upgraded":["Strike_B","Defend_B"]},{"damage_healed":29.0,"max_hp_gain":0.0,"max_hp_loss":0.0,"gold_gain":0.0,"event_name":"The Library","player_choice":"Heal","floor":20.0,"gold_loss":0.0,"damage_taken":0.0}],"is_beta":false,"boss_relics":[{"not_picked":["Astrolabe","SlaversCollar"],"picked":"FrozenCore"}],"items_purged_floors":[],"is_endless":false,"potions_floor_spawned":[7,21],"killed_by":"Centurion and Healer","ascension_level":4}}