{"host":"ke3urjq17qgissv4","time":1612086660,"event":{"mods":["AchievementEnabler","Act Like it!","Arknights","BaseMod","Challenge The Spire","Conspire","Highlight Path","Marisa（F雨　魔理沙）","Minty Spire (QoL Compilation)","Quick Restart","Replay The Spire","RumiaBox-露米娅的神秘盒子","Spicy Shops","StSLib","Waifu the Spire","【功能Mod】混沌之环修复补丁","【遗物卡牌】REMEMod"],"gold_per_floor":[111,124,140,5,17,17,49,68,146,207,207,232,232,232,232,232,232],"floor_reached":16,"language":"ZHS","playtime":523,"items_purged":[],"score":116,"play_id":"3af9e2dd-e667-47a5-93d0-15b348a4a0c8","local_time":"20210131175100","is_ascension_mode":true,"campfire_choices":[{"data":"Phantasmal Killer","floor":6.0,"key":"SMITH"},{"data":"Armaments","floor":11,"key":"SMITH"},{"floor":13,"key":"REST"},{"data":"Regret","floor":15,"key":"PURGE"}],"circlet_count":0,"master_deck":["Strike_R","Strike_R","Strike_R","Strike_R","Strike_R","Defend_R","Defend_R","Defend_R","Defend_R","Bash","Phantasmal Killer+1","Armaments+1","Double Tap","Pommel Strike","Evolve","conspire:ExplosiveBarrier","Dark Embrace"],"relics":["REME_ComplimentaryCards","conspire:SlowCooker","SecretRecord","Turnip","InkBottle","Gremlin Horn","Peace Pipe","Tiny Chest"],"acts_visited":["Exordium"],"potions_floor_usage":[10],"damage_taken":[{"damage":1.0,"enemies":"Cultist","floor":1.0,"turns":3.0},{"damage":10.0,"enemies":"Small Slimes","floor":2.0,"turns":4.0},{"damage":6.0,"enemies":"2 Louse","floor":3.0,"turns":4.0},{"damage":12.0,"enemies":"Looter","floor":5.0,"turns":4.0},{"damage":21.0,"enemies":"3 Sentries","floor":7.0,"turns":8.0},{"damage":7.0,"enemies":"2 Fungi Beasts","floor":8.0,"turns":4.0},{"damage":13,"enemies":"Replay:BlueRogue","floor":12,"turns":5},{"damage":32,"enemies":"Hexaghost","floor":16,"turns":9}],"seed_played":"3027203712564404828","potions_obtained":[{"floor":2.0,"key":"BloodPotion"},{"floor":8.0,"key":"Fire Potion"}],"is_trial":false,"path_per_floor":["M","M","M","$","M","R","E","M","T","?","R","E","R","?","R","B"],"character_chosen":"IRONCLAD","items_purchased":["SecretRecord","Block Potion"],"campfire_rested":1,"item_purchase_floors":[4,4],"current_hp_per_floor":[79,69,63,63,51,51,30,23,23,19,19,6,30,30,30,0,0],"gold":232,"neow_bonus":"BOSS_RELIC","is_daily":false,"chose_seed":false,"campfire_upgraded":2,"win_rate":0.0,"timestamp":1612086660,"path_taken":["M","M","M","$","M","R","E","?","T","?","R","E","R","?","R","BOSS"],"items_purchased_type":["Relic","Potion"],"build_version":"2020-12-22","purchased_purges":0,"victory":false,"max_hp_per_floor":[80,80,80,80,80,80,80,80,80,80,80,80,80,80,80,80,80],"card_choices":[{"not_picked":["Body Slam","Clothesline"],"picked":"Armaments","floor":1.0},{"not_picked":["Dual Wield","Pummel","Anger"],"picked":"SKIP","floor":2.0},{"not_picked":["Anger","Replay:Undeath\u0027s Touch","Heavy Blade"],"picked":"SKIP","floor":3.0},{"not_picked":["Combust","Body Slam","Perfected Strike"],"picked":"SKIP","floor":5.0},{"not_picked":["Heavy Blade","True Grit"],"picked":"Double Tap","floor":7.0},{"not_picked":["Iron Wave","Headbutt"],"picked":"Pommel Strike","floor":8.0},{"not_picked":["Havoc","Clothesline"],"picked":"Evolve","floor":10},{"not_picked":["Fiend Fire","Power Through"],"picked":"conspire:ExplosiveBarrier","floor":10},{"not_picked":["Body Slam","Twin Strike"],"picked":"Dark Embrace","floor":12}],"player_experience":150139,"relics_obtained":[{"floor":7.0,"key":"Turnip"},{"floor":9.0,"key":"InkBottle"},{"floor":10,"key":"Gremlin Horn"},{"floor":12,"key":"Peace Pipe"}],"event_choices":[{"damage_healed":0,"gold_gain":0,"player_choice":"Box","damage_taken":0,"relics_obtained":["Tiny Chest"],"max_hp_gain":0,"max_hp_loss":0,"event_name":"Big Fish","floor":14,"gold_loss":0,"cards_obtained":["Regret"]}],"is_beta":false,"boss_relics":[],"items_purged_floors":[],"is_endless":false,"potions_floor_spawned":[2,5,8],"killed_by":"Hexaghost","ascension_level":1}}