{"host":"Tuck","time":1612060875,"event":{"mods":["BaseMod","Minty Spire (QoL Compilation)","StSLib"],"gold_per_floor":[361,361,375,387,138,165,165,190,262,210,210,241,241,267,267,369,369,385,385,385,51,51,78,90,136,148,160,172,184,207,251,263,375,387,416,447,152,152,202,229,229,263,263,298,103,115,151,177,177,177,177,177,63,91,91],"floor_reached":56,"language":"ENG","playtime":4456,"items_purged":["Strike_G","Strike_G","Strike_G"],"score":1918,"play_id":"1eee3d99-d4df-428c-bb97-4dd1a1b0772b","local_time":"20210130194115","is_ascension_mode":true,"campfire_choices":[{"data":"Noxious Fumes","floor":7,"key":"SMITH"},{"data":"Footwork","floor":11,"key":"SMITH"},{"data":"Tactician","floor":15,"key":"SMITH"},{"data":"Crippling Poison","floor":24,"key":"SMITH"},{"data":"Noxious Fumes","floor":27,"key":"SMITH"},{"data":"Tools of the Trade","floor":29,"key":"SMITH"},{"data":"Tactician","floor":32,"key":"SMITH"},{"data":"A Thousand Cuts","floor":41,"key":"SMITH"},{"data":"Panache","floor":49,"key":"SMITH"},{"data":"Footwork","floor":52,"key":"SMITH"}],"circlet_count":0,"master_deck":["Defend_G","Defend_G","Defend_G","Defend_G","Defend_G","Survivor","Neutralize","Blade Dance","Blade Dance","Noxious Fumes+1","Acrobatics","Dodge and Roll","Dash","Noxious Fumes+1","Crippling Poison+1","Footwork+1","Tactician+1","Envenom+1","Leg Sweep","Cloak And Dagger+1","Backflip","Tools of the Trade+1","Escape Plan","Outmaneuver","Caltrops","Tactician+1","A Thousand Cuts+1","Bouncing Flask+1","Blur+1","Tactician","Footwork+1","Acrobatics+1","Adrenaline+1","Adrenaline+1","Dodge and Roll+1","Caltrops+1","Blade Dance+1","Panache+1","Well Laid Plans","Escape Plan+1","Blur","Noxious Fumes","Choke","Apotheosis+1"],"relics":["Ring of the Snake","Torii","Strawberry","Bag of Marbles","InkBottle","OrangePellets","Art of War","Lantern","Paper Crane","Omamori","Calling Bell","Shuriken","Kunai","Ginger","Enchiridion","TwistedFunnel","MawBank","Mercury Hourglass","Gambling Chip","Pocketwatch","Runic Dome","DollysMirror","WingedGreaves","Matryoshka","Mango","Orichalcum","StrikeDummy","Bottled Tornado","CeramicFish","Happy Flower"],"acts_visited":["Exordium","TheCity","TheBeyond","TheEnding"],"potions_floor_usage":[55,55,55],"damage_taken":[{"damage":0,"enemies":"Small Slimes","floor":1,"turns":5},{"damage":0,"enemies":"Jaw Worm","floor":3,"turns":4},{"damage":0,"enemies":"2 Louse","floor":4,"turns":3},{"damage":4,"enemies":"3 Sentries","floor":6,"turns":9},{"damage":3,"enemies":"Lagavulin","floor":8,"turns":9},{"damage":0,"enemies":"3 Sentries","floor":12,"turns":4},{"damage":0,"enemies":"Gremlin Nob","floor":14,"turns":3},{"damage":0,"enemies":"Hexaghost","floor":16,"turns":7},{"damage":0,"enemies":"2 Thieves","floor":18,"turns":3},{"damage":0,"enemies":"Gremlin Leader","floor":23,"turns":6},{"damage":0,"enemies":"Book of Stabbing","floor":25,"turns":5},{"damage":0,"enemies":"Chosen","floor":30,"turns":2},{"damage":0,"enemies":"Gremlin Leader","floor":31,"turns":4},{"damage":0,"enemies":"Automaton","floor":33,"turns":8},{"damage":0,"enemies":"Orb Walker","floor":35,"turns":2},{"damage":0,"enemies":"3 Darklings","floor":36,"turns":3},{"damage":0,"enemies":"Mind Bloom Boss Battle","floor":39,"turns":3},{"damage":0,"enemies":"Giant Head","floor":40,"turns":7},{"damage":0,"enemies":"Nemesis","floor":42,"turns":4},{"damage":0,"enemies":"Giant Head","floor":44,"turns":6},{"damage":0,"enemies":"Maw","floor":46,"turns":4},{"damage":0,"enemies":"Nemesis","floor":47,"turns":5},{"damage":0,"enemies":"4 Shapes","floor":48,"turns":1},{"damage":9,"enemies":"Time Eater","floor":50,"turns":7},{"damage":0,"enemies":"Shield and Spear","floor":54,"turns":3},{"damage":0,"enemies":"The Heart","floor":55,"turns":6}],"seed_played":"-5326989246653456705","potions_obtained":[{"floor":6,"key":"LiquidBronze"},{"floor":8,"key":"DuplicationPotion"},{"floor":16,"key":"LiquidMemories"}],"is_trial":false,"path_per_floor":["M","?","M","M","$","E","R","E","T","$","R","E","?","E","R","B",null,"M","?","?","$","?","E","R","E","T","R","?","R","M","E","R","B",null,"M","M","$","?","?","E","R","E","T","E","$","M","E","M","R","B",null,"R","$","E","B",null],"character_chosen":"THE_SILENT","items_purchased":["Noxious Fumes","Acrobatics","Dodge and Roll","OrangePellets","Art of War","Crippling Poison","Footwork","TwistedFunnel","Backflip","Tactician","Footwork","DollysMirror","Panache","Noxious Fumes","Choke"],"campfire_rested":0,"item_purchase_floors":[5,5,5,10,10,10,10,21,21,37,37,37,45,53,53],"current_hp_per_floor":[63,45,45,45,45,48,48,45,45,45,45,45,38,38,38,38,70,70,70,54,54,54,54,54,54,54,54,54,54,54,54,54,54,70,70,70,70,70,70,70,70,84,84,84,84,84,84,84,84,75,84,84,84,84,84],"gold":91,"neow_bonus":"TWO_FIFTY_GOLD","is_daily":false,"chose_seed":false,"campfire_upgraded":10,"win_rate":0.0,"timestamp":1612060875,"path_taken":["M","?","M","M","$","E","R","E","T","$","R","E","?","E","R","BOSS","M","?","?","$","?","E","R","E","T","R","?","R","?","E","R","BOSS","M","M","$","?","?","E","R","E","T","E","$","M","E","M","R","BOSS","R","$","E","BOSS"],"items_purchased_type":["Card","Card","Card","Relic","Relic","Card","Card","Relic","Card","Card","Card","Relic","Card","Card","Card"],"build_version":"2020-12-18","purchased_purges":3,"victory":true,"max_hp_per_floor":[63,63,63,63,63,70,70,70,70,70,70,70,70,70,70,70,70,70,70,70,70,70,70,70,70,70,70,70,70,70,70,70,70,70,70,70,70,70,70,70,70,84,84,84,84,84,84,84,84,84,84,84,84,84,84],"card_choices":[{"not_picked":["Cloak And Dagger","Concentrate"],"picked":"Blade Dance","floor":1},{"not_picked":["Dagger Spray","Flying Knee"],"picked":"Blade Dance","floor":3},{"not_picked":["Acrobatics","Blade Dance"],"picked":"Escape Plan","floor":4},{"not_picked":["Deadly Poison","Underhanded Strike"],"picked":"Dash","floor":6},{"not_picked":["Underhanded Strike","Grand Finale"],"picked":"Noxious Fumes","floor":8},{"not_picked":["Poisoned Stab","Reflex"],"picked":"Tactician","floor":12},{"not_picked":["Glass Knife","Cloak And Dagger"],"picked":"Leg Sweep","floor":14},{"not_picked":["Bouncing Flask","Accuracy+1"],"picked":"Cloak And Dagger+1","floor":18},{"not_picked":["Flying Knee","Blade Dance"],"picked":"Tools of the Trade","floor":23},{"not_picked":["Backflip","Flying Knee+1"],"picked":"Escape Plan","floor":25},{"not_picked":["Quick Slash","Backflip+1"],"picked":"Caltrops","floor":30},{"not_picked":["Outmaneuver","Deflect"],"picked":"Tactician","floor":31},{"not_picked":["Malaise","Bullet Time"],"picked":"A Thousand Cuts","floor":33},{"not_picked":["Endless Agony","Deadly Poison"],"picked":"Bouncing Flask+1","floor":35},{"not_picked":["Quick Slash+1","Riddle With Holes"],"picked":"Blur+1","floor":36},{"not_picked":["Riddle With Holes+1","Concentrate+1"],"picked":"Dodge and Roll+1","floor":40},{"not_picked":["Endless Agony+1","Dodge and Roll+1"],"picked":"Caltrops+1","floor":42},{"not_picked":["Slice","Underhanded Strike"],"picked":"Blade Dance+1","floor":44},{"not_picked":["Dagger Throw","Deadly Poison+1"],"picked":"Well Laid Plans","floor":46},{"not_picked":["Dash+1","Noxious Fumes"],"picked":"Escape Plan+1","floor":47},{"not_picked":["Poisoned Stab+1","Blade Dance"],"picked":"Blur","floor":48},{"not_picked":["Outmaneuver+1","Concentrate","Terror"],"picked":"SKIP","floor":54}],"player_experience":2316679,"relics_obtained":[{"floor":6,"key":"Strawberry"},{"floor":8,"key":"Bag of Marbles"},{"floor":9,"key":"InkBottle"},{"floor":12,"key":"Lantern"},{"floor":14,"key":"Paper Crane"},{"floor":17,"key":"Kunai"},{"floor":17,"key":"Ginger"},{"floor":20,"key":"Enchiridion"},{"floor":23,"key":"MawBank"},{"floor":25,"key":"Mercury Hourglass"},{"floor":26,"key":"Gambling Chip"},{"floor":31,"key":"Pocketwatch"},{"floor":39,"key":"WingedGreaves"},{"floor":40,"key":"Matryoshka"},{"floor":42,"key":"Mango"},{"floor":43,"key":"Orichalcum"},{"floor":43,"key":"StrikeDummy"},{"floor":44,"key":"Bottled Tornado"},{"floor":47,"key":"CeramicFish"},{"floor":54,"key":"Happy Flower"}],"event_choices":[{"damage_healed":0,"gold_gain":0,"player_choice":"Success","damage_taken":18,"relics_obtained":["Torii"],"max_hp_gain":0,"max_hp_loss":0,"event_name":"Scrap Ooze","floor":2,"gold_loss":0},{"cards_removed":["Strike_G"],"damage_healed":0,"gold_gain":0,"player_choice":"Card Removal","damage_taken":7,"max_hp_gain":0,"max_hp_loss":0,"event_name":"Golden Wing","floor":13,"gold_loss":0},{"damage_healed":0,"gold_gain":0,"player_choice":"Ignored","damage_taken":0,"max_hp_gain":0,"max_hp_loss":0,"event_name":"Vampires","floor":19,"gold_loss":0},{"damage_healed":0,"gold_gain":0,"player_choice":"Obtained Book","damage_taken":16,"max_hp_gain":0,"max_hp_loss":0,"event_name":"Cursed Tome","floor":20,"gold_loss":0},{"damage_healed":0,"gold_gain":0,"player_choice":"Ignored","damage_taken":0,"max_hp_gain":0,"max_hp_loss":0,"event_name":"Ghosts","floor":22,"gold_loss":0},{"damage_healed":0,"gold_gain":0,"cards_transformed":["Strike_G"],"player_choice":"Transformed","damage_taken":0,"max_hp_gain":0,"max_hp_loss":0,"event_name":"Transmorgrifier","floor":28,"gold_loss":0,"cards_obtained":["Outmaneuver"]},{"cards_removed":["Escape Plan"],"damage_healed":0,"gold_gain":0,"player_choice":"Removed Skill","damage_taken":0,"max_hp_gain":0,"max_hp_loss":0,"event_name":"Falling","floor":38,"gold_loss":0},{"damage_healed":0,"gold_gain":0,"player_choice":"Fight","damage_taken":0,"max_hp_gain":0,"max_hp_loss":0,"event_name":"MindBloom","floor":39,"gold_loss":0}],"is_beta":true,"boss_relics":[{"not_picked":["Velvet Choker","Sozu"],"picked":"Calling Bell"},{"not_picked":["Tiny House","Snecko Eye"],"picked":"Runic Dome"}],"items_purged_floors":[5,10,21],"is_endless":false,"potions_floor_spawned":[6,8,16,23,30,36,42,47],"ascension_level":1}}