{"host":"61ejhfsushs0xmcl","time":1612091741,"event":{"mods":["ATMod(°¢èªMod)","Act Like it!","BaseMod","Colored Map","Gold Saver","Minty Spire (QoL Compilation)","MostiFishMod","Reliquary","Spicy Shops","StSLib","TestMod","[IsaacMod]ÒÔÈö¼âËþ","¡¾ÒÅÎï¿¨ÅÆ¡¿REMEMod","óô»ðÖ¸ÄÏ"],"gold_per_floor":[1365,1383,1383,721,646,679,679,704,728,746,779,796,507,517,517,595,595,609,671,671,671,690,718,733,410,410,440,473,473,498,518,518,623,623,640,1040,1040,1056,435,435,468,468,468,624,798,882,933,984,984,1130,1195,1195,1195,450,868,893,893],"floor_reached":56,"language":"ZHS","playtime":2530,"items_purged":["Defend_G","Defend_G","Strike_G","Strike_G","Strike_G","Strike_G","AT_ArcaneSupremacy+1","Strike_G+1"],"score":2876,"play_id":"7d4add65-b668-4be6-a4c2-b8951d58c8c0","local_time":"20210131191541","is_ascension_mode":true,"campfire_choices":[{"data":"Finisher","floor":7.0,"key":"SMITH"},{"floor":15.0,"key":"RECALL"},{"data":"Blade Dance","floor":29.0,"key":"SMITH"},{"data":"AT_Desolate","floor":32.0,"key":"SMITH"},{"data":"MostiFishMod:ShivMaster","floor":40.0,"key":"SMITH"},{"data":"Adrenaline","floor":42.0,"key":"SMITH"},{"data":"MostiFishMod:Dislodge","floor":49.0,"key":"SMITH"},{"data":"Calculated Gamble","floor":53.0,"key":"SMITH"}],"circlet_count":0,"master_deck":["AscendersBane","Defend_G","Defend_G","Defend_G","Survivor+1","Neutralize+1","Finisher+1","Defend_G","REME_ShadowStrike","MostiFishMod:ShivMaster+1","Burst","MostiFishMod:Dislodge+1","After Image","Blade Dance+1","AT_Desolate+1","Adrenaline+1","Calculated Gamble+1","AT_EssenceShift","Blade Dance","Calculated Gamble","Doppelganger","Calculated Gamble"],"relics":["Ring of the Snake","testmod-TestBox","AT_ATBox","REME_ComplimentaryCards","HushsDoor","testmod-PortableAltar","Technique","BFFS","NeowsBlessing","SynthV:TestCard","reliquary:BoilingFlask","Habit","Lantern","Turnip","TheBible","AT_ChloranthyRing","testmod-EnergyCheck","GuppysHairball","GuppysTail","Toy Ornithopter","DaCapo","Red Mask","HornCleat","Coffee Dripper","Art of War","Kunai","AT_MibuBalloonWealth","reliquary:HotPoker","REME_ArchaeologicalTools","DoctorsRemote","BookofShadows","reliquary:TridentHead","D6","Shuriken","UnicornStump","SalivaCoin","reliquary:Aerogel","Bottled Flame"],"acts_visited":["Exordium","TheCity","TheBeyond","TheEnding"],"potions_floor_usage":[56,56],"damage_taken":[{"damage":1.0,"enemies":"Small Slimes","floor":1.0,"turns":1.0},{"damage":1.0,"enemies":"2 Louse","floor":2.0,"turns":1.0},{"damage":0.0,"enemies":"Gremlin Nob","floor":6.0,"turns":1.0},{"damage":6.0,"enemies":"Lagavulin","floor":8.0,"turns":7.0},{"damage":1.0,"enemies":"Cultist","floor":10.0,"turns":3.0},{"damage":5.0,"enemies":"3 Sentries","floor":11.0,"turns":5.0},{"damage":15.0,"enemies":"Exordium Thugs","floor":12.0,"turns":3.0},{"damage":0.0,"enemies":"Red Slaver","floor":14.0,"turns":2.0},{"damage":4.0,"enemies":"The Guardian","floor":16.0,"turns":7.0},{"damage":0.0,"enemies":"Spheric Guardian","floor":18.0,"turns":1.0},{"damage":0.0,"enemies":"Shell Parasite","floor":22.0,"turns":2.0},{"damage":6.0,"enemies":"Slavers","floor":23.0,"turns":8.0},{"damage":3.0,"enemies":"Centurion and Healer","floor":24.0,"turns":4.0},{"damage":2.0,"enemies":"Gremlin Leader","floor":27.0,"turns":7.0},{"damage":0.0,"enemies":"Masked Bandits","floor":28.0,"turns":4.0},{"damage":0.0,"enemies":"Book of Stabbing","floor":30.0,"turns":3.0},{"damage":0.0,"enemies":"3 Cultists","floor":31.0,"turns":3.0},{"damage":0.0,"enemies":"Champ","floor":33.0,"turns":6.0},{"damage":0.0,"enemies":"3 Shapes","floor":35.0,"turns":3.0},{"damage":0.0,"enemies":"Orb Walker","floor":38.0,"turns":1.0},{"damage":0.0,"enemies":"Nemesis","floor":41.0,"turns":5.0},{"damage":0.0,"enemies":"Reptomancer","floor":44.0,"turns":5.0},{"damage":0.0,"enemies":"4 Shapes","floor":45.0,"turns":2.0},{"damage":0.0,"enemies":"Nemesis","floor":46.0,"turns":3.0},{"damage":0.0,"enemies":"Spire Growth","floor":47.0,"turns":1.0},{"damage":0.0,"enemies":"Writhing Mass","floor":48.0,"turns":2.0},{"damage":0.0,"enemies":"Awakened One","floor":50.0,"turns":5.0},{"damage":0.0,"enemies":"Donu and Deca","floor":51.0,"turns":3.0},{"damage":99999999,"enemies":"Shield and Spear","floor":55,"turns":4},{"damage":12,"enemies":"Delirium","floor":56,"turns":3}],"seed_played":"-5825867873922620060","potions_obtained":[{"floor":2.0,"key":"Regen Potion"},{"floor":12.0,"key":"Weak Potion"},{"floor":14.0,"key":"Fire Potion"},{"floor":18.0,"key":"Energy Potion"},{"floor":24.0,"key":"SteroidPotion"},{"floor":31.0,"key":"REME_GoldPotion"},{"floor":33.0,"key":"Poison Potion"},{"floor":35.0,"key":"testmod-SpacePotion"},{"floor":41.0,"key":"DistilledChaos"},{"floor":46.0,"key":"Regen Potion"},{"floor":47.0,"key":"Energy Potion"},{"floor":48.0,"key":"FairyPotion"},{"floor":55,"key":"Poison Potion"}],"is_trial":false,"path_per_floor":["M","M","?","$","?","E","R","E","T","M","E","M","$","M","R","B",null,"M","?","?","?","M","E","M","$","T","E","?","R","E","M","R","B",null,"M","?","T","M","$","R","E","R","T","E","M","E","M","M","R","B","B",null,"R","$","E","B"],"character_chosen":"THE_SILENT","items_purchased":["reliquary:BoilingFlask","Habit","Strength Potion","AT_ChloranthyRing","GuppysHairball","Burst","Toy Ornithopter","Calculated Gamble","AT_EssenceShift","Art of War","Kunai","BookofShadows","SkillPotion"],"campfire_rested":0,"item_purchase_floors":[4,4,4,13,17,17,25,34,34,39,39,54,54],"current_hp_per_floor":[58,57,38,38,38,38,38,32,32,31,48,33,33,33,33,29,29,28,12,12,12,12,6,5,5,5,8,13,13,13,13,13,13,6,5,4,3,2,1,1,1,1,1,1,1,1,1,1,1,1,1,1,1,1,1,0,0],"gold":893,"neow_bonus":"THREE_ENEMY_KILL","is_daily":false,"chose_seed":false,"campfire_upgraded":7,"win_rate":0.0,"timestamp":1612091741,"path_taken":["M","M","?","$","?","E","R","E","T","M","E","M","$","M","R","BOSS","M","?","?","?","?","E","M","$","T","E","?","R","E","M","R","BOSS","M","?","?","M","$","R","E","R","T","E","M","E","M","M","R","BOSS","BOSS","R","$","E","BOSS"],"items_purchased_type":["Relic","Relic","Potion","Relic","Relic","Card","Relic","Card","Card","Relic","Relic","Relic","Potion"],"build_version":"2020-12-22","purchased_purges":8,"victory":false,"max_hp_per_floor":[65,64,63,62,61,60,59,58,57,56,55,54,53,52,51,50,29,28,27,26,25,24,23,22,21,20,19,18,17,16,15,14,13,6,5,4,3,2,1,1,1,1,1,1,1,1,1,1,1,1,1,1,1,1,1,1,1],"card_choices":[{"not_picked":[],"picked":"SuicideKing","floor":0.0},{"not_picked":["Bouncing Flask","Underhanded Strike"],"picked":"Finisher","floor":1.0},{"not_picked":["Dash","Endless Agony","Acrobatics","Dagger Throw"],"picked":"AT_ArcaneSupremacy","floor":2.0},{"not_picked":["Leg Sweep","Heel Hook","Blur","Flying Knee","Quick Slash"],"picked":"SKIP","floor":6.0},{"not_picked":["Bane","Bouncing Flask","REME_SpectralBlade","MostiFishMod:ThornCasing","Finisher"],"picked":"SKIP","floor":8.0},{"not_picked":["Quick Slash","Tactician","Bane","Deflect"],"picked":"REME_ShadowStrike","floor":10.0},{"not_picked":["Quick Slash","AT_WindRun","AT_WomanClash","Dagger Spray","Backflip"],"picked":"SKIP","floor":11.0},{"not_picked":["Bouncing Flask","AT_WindRun","Dagger Spray","Underhanded Strike","Infinite Blades"],"picked":"SKIP","floor":12.0},{"not_picked":["Poisoned Stab","Dagger Spray","PiercingWail","MostiFishMod:FrostNova","Sucker Punch"],"picked":"SKIP","floor":14.0},{"not_picked":["MostiFishMod:Neurotoxin","A Thousand Cuts","MostiFishMod:Opportunism","Malaise"],"picked":"MostiFishMod:ShivMaster","floor":16.0},{"not_picked":["Expertise","MostiFishMod:PerfectParry","REME_ShadowStrike","Bane","Dagger Spray"],"picked":"SKIP","floor":18.0},{"not_picked":["Underhanded Strike+1","Quick Slash","AT_KneejerkReflex","Accuracy","Dodge and Roll"],"picked":"SKIP","floor":22.0},{"not_picked":["Skewer","MostiFishMod:FrostNova","Noxious Fumes+1","Deadly Poison"],"picked":"MostiFishMod:Dislodge","floor":23.0},{"not_picked":["Cloak And Dagger","Bane","Outmaneuver","Caltrops","PiercingWail"],"picked":"SKIP","floor":24.0},{"not_picked":["Distraction","MostiFishMod:PerfectParry","PiercingWail","Endless Agony"],"picked":"After Image","floor":27.0},{"not_picked":["Sucker Punch","Terror","Accuracy","Slice"],"picked":"Blade Dance","floor":28.0},{"not_picked":["Backflip","Heel Hook","Quick Slash","Distraction","Bullet Time"],"picked":"SKIP","floor":30.0},{"not_picked":["Backflip","Dagger Spray+1","Dagger Throw","Slice"],"picked":"AT_Desolate","floor":31.0},{"not_picked":["REME_LeechingPoison","MostiFishMod:Opportunism","MostiFishMod:Confrontation","REME_GrazeFinale"],"picked":"Adrenaline","floor":33.0},{"not_picked":["Dagger Throw","MostiFishMod:PerfectParry+1","Dodge and Roll+1","Caltrops","Deflect"],"picked":"SKIP","floor":35.0},{"not_picked":["Heel Hook","MostiFishMod:FrostNova","Reflex","Cloak And Dagger","Outmaneuver+1"],"picked":"SKIP","floor":38.0},{"not_picked":["MostiFishMod:PerfectParry","AT_TwilightShroud","Outmaneuver+1","AT_WomanClash","Noxious Fumes+1"],"picked":"SKIP","floor":41.0},{"not_picked":["Concentrate+1","AT_KingSlayer","Slice","Predator"],"picked":"Blade Dance","floor":44.0},{"not_picked":["Dagger Throw+1","Flying Knee+1","Dodge and Roll+1","Backflip","Slice"],"picked":"SKIP","floor":45.0},{"not_picked":["AT_WindRun","Flechettes","Flying Knee","Eviscerate"],"picked":"Calculated Gamble","floor":46.0},{"not_picked":["Eviscerate","Cloak And Dagger","Sucker Punch","Dagger Throw"],"picked":"Doppelganger","floor":47.0},{"not_picked":["Escape Plan","Poisoned Stab","Choke+1","Blur","Deflect+1"],"picked":"SKIP","floor":48.0},{"not_picked":["Infinite Blades","Deadly Poison","AT_TwilightShroud+1","Deflect"],"picked":"Calculated Gamble","floor":55},{"not_picked":["MostiFishMod:ThornCasing","Dagger Spray","Dodge and Roll","Cloak And Dagger","Slice"],"picked":"SKIP","floor":55},{"not_picked":["Deadly Poison+1","MostiFishMod:Confrontation","Blade Dance","Choke+1","Underhanded Strike+1"],"picked":"SKIP","floor":55}],"player_experience":817408,"relics_obtained":[{"floor":1.0,"key":"SynthV:TestCard"},{"floor":6.0,"key":"Lantern"},{"floor":8.0,"key":"Turnip"},{"floor":11.0,"key":"TheBible"},{"floor":23.0,"key":"GuppysTail"},{"floor":27.0,"key":"DaCapo"},{"floor":28.0,"key":"Red Mask"},{"floor":30.0,"key":"HornCleat"},{"floor":41.0,"key":"AT_MibuBalloonWealth"},{"floor":43.0,"key":"reliquary:HotPoker"},{"floor":44.0,"key":"REME_ArchaeologicalTools"},{"floor":46.0,"key":"DoctorsRemote"},{"floor":55,"key":"reliquary:TridentHead"},{"floor":55,"key":"D6"},{"floor":55,"key":"Shuriken"},{"floor":55,"key":"UnicornStump"},{"floor":55,"key":"SalivaCoin"},{"floor":55,"key":"reliquary:Aerogel"},{"floor":55,"key":"Bottled Flame"}],"event_choices":[{"damage_healed":0.0,"max_hp_gain":0.0,"max_hp_loss":0.0,"gold_gain":0.0,"event_name":"Shining Light","player_choice":"Entered Light","floor":3.0,"gold_loss":0.0,"damage_taken":19.0,"cards_upgraded":["AT_ArcaneSupremacy","Strike_G"]},{"damage_healed":0.0,"max_hp_gain":0.0,"max_hp_loss":0.0,"gold_gain":0.0,"event_name":"Vampires","player_choice":"Ignored","floor":20.0,"gold_loss":0.0,"damage_taken":0.0},{"damage_healed":0.0,"max_hp_gain":0.0,"max_hp_loss":0.0,"gold_gain":0.0,"event_name":"Ghosts","player_choice":"Ignored","floor":21.0,"gold_loss":0.0,"damage_taken":0.0},{"damage_healed":0.0,"max_hp_gain":0.0,"max_hp_loss":0.0,"gold_gain":0.0,"event_name":"Masked Bandits","player_choice":"Fought Bandits","floor":28.0,"gold_loss":0.0,"damage_taken":0.0},{"damage_healed":0.0,"max_hp_gain":0.0,"max_hp_loss":0.0,"gold_gain":400.0,"event_name":"¶÷ÂåË¹µÄÅÌ×Ó","player_choice":"Sell","floor":36.0,"relics_lost":["DaveBox"],"gold_loss":0.0,"damage_taken":0.0}],"is_beta":false,"boss_relics":[{"not_picked":["testmod-KeyOfTheVoid","testmod-TimeTraveler"],"picked":"testmod-EnergyCheck"},{"not_picked":[]},{"not_picked":["AT_TrinityForce","reliquary:KinkedSpring"],"picked":"Coffee Dripper"},{"not_picked":[]}],"items_purged_floors":[4,4,13,17,25,39,54,54],"is_endless":false,"potions_floor_spawned":[2,12,14,18,22,24,31,33,35,41,46,47,48],"killed_by":"Delirium","ascension_level":20}}