{"host":"c3lc60y5x60jlt1y","time":1612123038,"event":{"mods":["AchievementEnabler","BaseMod","Bestiary","Colored Map","Minty Spire (QoL Compilation)","Quick Restart","StSLib","ojb\u0027s Info Mod"],"gold_per_floor":[114,114,46,46,46,76,76,106,181,211,211,241,256,65,65,165,165,205,55,70,85,100,100,430,430,430,430,445,475,475,475,475,575,575,590,39,59,59,59,89,89,119,119,149,164,179,179,209,209,209],"floor_reached":51,"language":"ENG","playtime":3491,"items_purged":["Strike_R","Strike_R","Defend_R"],"score":925,"play_id":"5571f6aa-9386-4e63-9123-6c2a9e17d1d7","local_time":"20210131215718","daily_mods":["Allstar","Diverse","Elite Swarm"],"is_ascension_mode":false,"campfire_choices":[{"floor":7,"key":"REST"},{"floor":11,"key":"REST"},{"floor":15,"key":"REST"},{"floor":23,"key":"REST"},{"data":"Reboot","floor":25,"key":"SMITH"},{"data":"Discovery","floor":27,"key":"SMITH"},{"floor":32,"key":"REST"},{"data":"Envenom","floor":41,"key":"SMITH"},{"floor":47,"key":"REST"},{"data":"Well Laid Plans","floor":49,"key":"SMITH"}],"circlet_count":0,"master_deck":["Strike_R","Strike_R","Strike_R+1","Defend_R","Defend_R","Defend_R","Bash","Discovery+1","Blind","Transmutation+1","Impatience","Panacea","Conserve Battery","Capacitor","Envenom+1","Reboot+1","Burst+1","Self Repair","Entrench+1","DeusExMachina+1","BowlingBash","Uppercut+1","Backstab+1","ForeignInfluence+1","Corpse Explosion+1","Battle Trance+1","Devotion","Judgement+1","Well Laid Plans+1","CutThroughFate","Madness+1","Madness+1","Phantasmal Killer+1","Meteor Strike","Noxious Fumes+1","BootSequence+1","Corpse Explosion+1"],"relics":["Burning Blood","Incense Burner","Self Forming Clay","Bronze Scales","Paper Frog","Blood Vial","Toxic Egg 2","Mark of Pain","Old Coin","Potion Belt","Ornamental Fan","Enchiridion","SacredBark","Bag of Marbles","Toolbox","Gambling Chip","Bottled Tornado","Shuriken","Unceasing Top","Bottled Flame","Lantern"],"acts_visited":["Exordium","TheCity","TheBeyond"],"potions_floor_usage":[16,33,44,50,50,50,50],"damage_taken":[{"damage":0,"enemies":"Small Slimes","floor":1,"turns":3},{"damage":16,"enemies":"Lagavulin","floor":6,"turns":8},{"damage":37,"enemies":"3 Sentries","floor":8,"turns":11},{"damage":27,"enemies":"Gremlin Nob","floor":10,"turns":6},{"damage":16,"enemies":"Lagavulin","floor":12,"turns":9},{"damage":8,"enemies":"Jaw Worm","floor":13,"turns":6},{"damage":42,"enemies":"Slime Boss","floor":16,"turns":4},{"damage":29,"enemies":"2 Thieves","floor":18,"turns":4},{"damage":12,"enemies":"Shell Parasite","floor":20,"turns":2},{"damage":14,"enemies":"Shelled Parasite and Fungi","floor":21,"turns":5},{"damage":32,"enemies":"Snecko","floor":22,"turns":5},{"damage":27,"enemies":"Gremlin Leader","floor":24,"turns":5},{"damage":7,"enemies":"Centurion and Healer","floor":28,"turns":7},{"damage":13,"enemies":"Slavers","floor":29,"turns":2},{"damage":23,"enemies":"Collector","floor":33,"turns":6},{"damage":15,"enemies":"3 Darklings","floor":35,"turns":4},{"damage":32,"enemies":"2 Orb Walkers","floor":37,"turns":4},{"damage":56,"enemies":"Giant Head","floor":40,"turns":8},{"damage":8,"enemies":"Nemesis","floor":42,"turns":5},{"damage":26,"enemies":"Reptomancer","floor":44,"turns":4},{"damage":0,"enemies":"3 Shapes","floor":45,"turns":3},{"damage":18,"enemies":"Jaw Worm Horde","floor":46,"turns":6},{"damage":18,"enemies":"Nemesis","floor":48,"turns":5},{"damage":28,"enemies":"Awakened One","floor":50,"turns":9}],"seed_played":"7510361231737359051","potions_obtained":[{"floor":12,"key":"Ancient Potion"},{"floor":13,"key":"Weak Potion"},{"floor":18,"key":"FearPotion"},{"floor":29,"key":"BlessingOfTheForge"},{"floor":33,"key":"Dexterity Potion"},{"floor":44,"key":"Block Potion"}],"is_trial":false,"path_per_floor":["M","?","$","?","?","E","R","E","T","E","R","E","M","$","R","B",null,"M","$","M","M","M","R","E","R","T","R","M","E","?","?","R","B",null,"M","$","?","?","?","E","R","E","T","E","M","M","R","E","R","B",null],"character_chosen":"IRONCLAD","items_purchased":["Capacitor","Self Repair","Entrench+1","AttackPotion","Bag of Marbles","Well Laid Plans","Toolbox","Dexterity Potion"],"campfire_rested":6,"item_purchase_floors":[3,14,14,19,36,36,36,36],"current_hp_per_floor":[80,62,62,46,46,36,60,29,29,8,32,24,24,24,48,21,80,64,64,67,68,51,75,63,63,63,63,71,66,51,35,60,52,85,76,76,59,48,95,52,52,59,59,48,63,53,81,78,78,65],"gold":209,"neow_bonus":"","is_daily":true,"chose_seed":false,"campfire_upgraded":4,"win_rate":0.0,"timestamp":1612123038,"path_taken":["M","?","$","?","?","E","R","E","T","E","R","E","M","$","R","BOSS","M","$","?","M","?","R","E","R","T","R","M","E","?","?","R","BOSS","M","$","?","?","?","E","R","E","T","E","M","?","R","E","R","BOSS"],"items_purchased_type":["Card","Card","Card","Potion","Relic","Card","Relic","Potion"],"build_version":"2020-12-22","purchased_purges":3,"victory":true,"max_hp_per_floor":[80,80,80,80,80,80,80,80,80,80,80,80,80,80,80,80,80,80,80,80,80,80,80,80,80,80,80,80,80,85,85,85,85,85,85,85,85,85,95,95,95,95,95,95,95,95,95,95,95,95],"card_choices":[{"not_picked":["Prostrate","Prepared"],"picked":"Conserve Battery","floor":1},{"not_picked":["Glass Knife","Fiend Fire"],"picked":"Envenom","floor":6},{"not_picked":["Establishment","ConjureBlade"],"picked":"Grand Finale","floor":8},{"not_picked":["Storm of Steel","Limit Break"],"picked":"Reboot","floor":10},{"not_picked":["Bludgeon","Barricade"],"picked":"Burst+1","floor":12},{"not_picked":["Melter","Accuracy","Flying Knee"],"picked":"SKIP","floor":13},{"not_picked":["Devotion","Unload"],"picked":"DeusExMachina+1","floor":16},{"not_picked":["Outmaneuver+1","EmptyFist"],"picked":"BowlingBash","floor":18},{"not_picked":["Cleave","SandsOfTime"],"picked":"Uppercut+1","floor":20},{"not_picked":["Shrug It Off+1","Halt+1"],"picked":"Backstab+1","floor":21},{"not_picked":["Iron Wave","Clash"],"picked":"ForeignInfluence+1","floor":22},{"not_picked":["Establishment","Offering+1"],"picked":"Corpse Explosion+1","floor":24},{"not_picked":["Dark Embrace+1","Pommel Strike"],"picked":"Battle Trance+1","floor":28},{"not_picked":["Limit Break+1","Biased Cognition"],"picked":"Devotion","floor":29},{"not_picked":["Grand Finale","Envenom"],"picked":"Judgement+1","floor":33},{"not_picked":["Poisoned Stab","Quick Slash+1","Steam+1"],"picked":"SKIP","floor":35},{"not_picked":["Halt+1","Reflex+1"],"picked":"CutThroughFate","floor":37},{"not_picked":["Wish+1","Storm of Steel+1","Reaper"],"picked":"SKIP","floor":40},{"not_picked":["Exhume+1","Limit Break+1"],"picked":"Phantasmal Killer+1","floor":42},{"not_picked":["Judgement+1","Corruption"],"picked":"Meteor Strike","floor":44},{"not_picked":["Spot Weakness+1","FollowUp"],"picked":"Noxious Fumes+1","floor":45},{"not_picked":["Sword Boomerang","Thunderclap+1"],"picked":"BootSequence+1","floor":46},{"not_picked":["Alpha+1","Establishment"],"picked":"Corpse Explosion+1","floor":48}],"player_experience":8877739,"relics_obtained":[{"floor":6,"key":"Self Forming Clay"},{"floor":8,"key":"Bronze Scales"},{"floor":9,"key":"Paper Frog"},{"floor":10,"key":"Blood Vial"},{"floor":12,"key":"Toxic Egg 2"},{"floor":24,"key":"Old Coin"},{"floor":26,"key":"Potion Belt"},{"floor":29,"key":"Ornamental Fan"},{"floor":31,"key":"Enchiridion"},{"floor":37,"key":"Gambling Chip"},{"floor":40,"key":"Bottled Tornado"},{"floor":42,"key":"Shuriken"},{"floor":43,"key":"Unceasing Top"},{"floor":44,"key":"Bottled Flame"},{"floor":48,"key":"Lantern"}],"event_choices":[{"damage_healed":0,"gold_gain":0,"player_choice":"Success","damage_taken":18,"relics_obtained":["Incense Burner"],"max_hp_gain":0,"max_hp_loss":0,"event_name":"Scrap Ooze","floor":2,"gold_loss":0},{"damage_healed":0,"gold_gain":0,"player_choice":"Entered Light","damage_taken":16,"max_hp_gain":0,"max_hp_loss":0,"event_name":"Shining Light","floor":4,"gold_loss":0,"cards_upgraded":["Transmutation","Strike_R"]},{"damage_healed":0,"gold_gain":0,"player_choice":"0 cards matched","damage_taken":0,"max_hp_gain":0,"max_hp_loss":0,"event_name":"Match and Keep!","floor":5,"gold_loss":0,"cards_obtained":[]},{"damage_healed":0,"gold_gain":0,"player_choice":"Shed Blood","damage_taken":20,"max_hp_gain":5,"max_hp_loss":0,"event_name":"Forgotten Altar","floor":30,"gold_loss":0},{"damage_healed":0,"gold_gain":0,"player_choice":"Obtained Book","damage_taken":16,"max_hp_gain":0,"max_hp_loss":0,"event_name":"Cursed Tome","floor":31,"gold_loss":0},{"damage_healed":0,"gold_gain":0,"player_choice":"Fight","damage_taken":0,"max_hp_gain":0,"max_hp_loss":0,"event_name":"Mysterious Sphere","floor":37,"gold_loss":0},{"damage_healed":0,"gold_gain":0,"player_choice":"Embrace Madness","damage_taken":11,"max_hp_gain":0,"max_hp_loss":0,"event_name":"Winding Halls","floor":38,"gold_loss":0,"cards_obtained":["Madness","Madness"]},{"cards_removed":["Grand Finale"],"damage_healed":37,"gold_gain":0,"player_choice":"Offered Rare","damage_taken":0,"max_hp_gain":10,"max_hp_loss":0,"event_name":"Bonfire Elementals","floor":39,"gold_loss":0}],"is_beta":false,"boss_relics":[{"not_picked":["SlaversCollar","Sozu"],"picked":"Mark of Pain"},{"not_picked":["Calling Bell","Velvet Choker"],"picked":"SacredBark"}],"items_purged_floors":[14,19,36],"is_endless":false,"potions_floor_spawned":[12,13,18,20,22,29,33,37,44,46],"ascension_level":0}}