{"host":"nolo0osttpwefhwj","time":1612128222,"event":{"mods":["AchievementEnabler","BaseMod","Bestiary","Colored Powertips","Minty Spire (QoL Compilation)","Permanent Neow","Quick Restart","Relic Stats"],"gold_per_floor":[112,262,262,281,45,76,76,86,110,145,145,145,157,176,176,250,250,263,263,281,281,300,333,344,344,344,344,378,390,402,431,431,510,510,523,523,523,1522,1549,1549,792,820,898,898,898,898,908,908,908,908,908,908,45,80,80],"floor_reached":56,"language":"ENG","playtime":3436,"items_purged":["Doubt","Normality","Strike_G"],"score":2230,"play_id":"ce1eb02c-3aec-42d0-8fe8-b11dbc2719d4","local_time":"20210131222342","is_ascension_mode":true,"campfire_choices":[{"data":"Backstab","floor":7.0,"key":"SMITH"},{"data":"Eviscerate","floor":11.0,"key":"SMITH"},{"data":"Envenom","floor":15.0,"key":"SMITH"},{"data":"Burst","floor":25.0,"key":"SMITH"},{"data":"Adrenaline","floor":27.0,"key":"SMITH"},{"data":"Corpse Explosion","floor":32.0,"key":"SMITH"},{"data":"Well Laid Plans","floor":40,"key":"SMITH"},{"floor":46,"key":"RECALL"},{"data":"Dash","floor":49,"key":"SMITH"},{"data":"Calculated Gamble","floor":52,"key":"SMITH"}],"circlet_count":0,"master_deck":["AscendersBane","Strike_G","Strike_G","Strike_G","Defend_G","Defend_G","Defend_G","Defend_G","Defend_G","Survivor","Neutralize","Well Laid Plans+1","Endless Agony","Backstab+1","Eviscerate+1","Envenom+1","Burst+1","Blade Dance","Adrenaline+1","Leg Sweep","Backflip","Blade Dance","Corpse Explosion+1","Catalyst+1","PiercingWail+1","Venomology","Madness","Madness","Dash+1","Noxious Fumes","Footwork","Flash of Steel","Calculated Gamble+1","Catalyst+1","Acrobatics","Predator"],"relics":["Ring of the Snake","Boot","Juzu Bracelet","Omamori","Toy Ornithopter","Mango","HornCleat","Coffee Dripper","Necronomicon","Tiny Chest","Mummified Hand","Meat on the Bone","Art of War","Runic Dome","Potion Belt","Centennial Puzzle","Strawberry","Happy Flower","Bottled Tornado","Cauldron","Pen Nib","Torii"],"acts_visited":["Exordium","TheCity","TheBeyond","TheEnding"],"potions_floor_usage":[42,42,47,50,55,55,55,55,55,55,55],"damage_taken":[{"damage":0.0,"enemies":"Cultist","floor":1.0,"turns":4.0},{"damage":2.0,"enemies":"Jaw Worm","floor":4.0,"turns":6.0},{"damage":20.0,"enemies":"Lagavulin","floor":6.0,"turns":11.0},{"damage":0.0,"enemies":"Small Slimes","floor":8.0,"turns":2.0},{"damage":0.0,"enemies":"3 Sentries","floor":10.0,"turns":6.0},{"damage":0.0,"enemies":"Exordium Wildlife","floor":13.0,"turns":3.0},{"damage":5.0,"enemies":"Gremlin Gang","floor":14.0,"turns":4.0},{"damage":9.0,"enemies":"The Guardian","floor":16.0,"turns":10.0},{"damage":8.0,"enemies":"Chosen","floor":18.0,"turns":4.0},{"damage":0.0,"enemies":"Shell Parasite","floor":20.0,"turns":2.0},{"damage":13.0,"enemies":"Cultist and Chosen","floor":22.0,"turns":5.0},{"damage":20.0,"enemies":"Gremlin Leader","floor":23.0,"turns":5.0},{"damage":13.0,"enemies":"3 Cultists","floor":24.0,"turns":6.0},{"damage":10.0,"enemies":"Book of Stabbing","floor":28.0,"turns":3.0},{"damage":9.0,"enemies":"Shelled Parasite and Fungi","floor":29.0,"turns":2.0},{"damage":5.0,"enemies":"Cultist and Chosen","floor":30.0,"turns":4.0},{"damage":0.0,"enemies":"Slavers","floor":31.0,"turns":6.0},{"damage":32.0,"enemies":"Champ","floor":33.0,"turns":9.0},{"damage":0.0,"enemies":"3 Shapes","floor":35.0,"turns":1.0},{"damage":1,"enemies":"Nemesis","floor":42,"turns":5},{"damage":0,"enemies":"3 Darklings","floor":47,"turns":3},{"damage":15,"enemies":"Donu and Deca","floor":50,"turns":5},{"damage":35,"enemies":"Shield and Spear","floor":54,"turns":3},{"damage":77,"enemies":"The Heart","floor":55,"turns":5}],"seed_played":"131411566860301634","potions_obtained":[{"floor":1.0,"key":"SpeedPotion"},{"floor":8.0,"key":"SkillPotion"},{"floor":13.0,"key":"AttackPotion"},{"floor":16.0,"key":"Poison Potion"},{"floor":20.0,"key":"Swift Potion"},{"floor":23.0,"key":"Explosive Potion"},{"floor":28.0,"key":"Fruit Juice"},{"floor":30.0,"key":"Dexterity Potion"},{"floor":42,"key":"DistilledChaos"},{"floor":53,"key":"EntropicBrew"}],"is_trial":false,"path_per_floor":["M","?","?","M","$","E","R","M","T","E","R","T","M","M","R","B",null,"M","?","M","?","M","E","M","R","T","R","E","M","M","E","R","B",null,"M","?","?","?","T","R","$","E","T","?","?","R","M","?","R","B",null,"R","$","E","B",null],"character_chosen":"THE_SILENT","items_purchased":["Juzu Bracelet","DuplicationPotion","Dash","Noxious Fumes","Centennial Puzzle","Strawberry","SkillPotion","AttackPotion","Acrobatics","Bottled Tornado","Cauldron","Pen Nib","LiquidMemories"],"campfire_rested":0,"item_purchase_floors":[5,41,41,41,41,41,41,41,53,53,53,53,53],"current_hp_per_floor":[59,59,59,57,57,37,37,37,37,56,56,56,56,51,51,47,72,69,48,48,48,40,25,12,12,12,12,2,15,22,34,34,19,69,69,54,54,54,54,54,61,70,70,60,60,60,65,65,65,55,83,83,83,48,45],"gold":80,"neow_bonus":"RANDOM_COMMON_RELIC","is_daily":false,"chose_seed":false,"campfire_upgraded":9,"win_rate":0.0,"timestamp":1612128222,"path_taken":["M","?","?","M","$","E","R","M","T","E","R","?","M","M","R","BOSS","M","?","M","?","M","E","M","R","T","R","E","M","M","E","R","BOSS","M","?","?","?","?","R","$","E","T","?","?","R","M","?","R","BOSS","R","$","E","BOSS"],"items_purchased_type":["Relic","Potion","Card","Card","Relic","Relic","Potion","Potion","Card","Relic","Relic","Relic","Potion"],"build_version":"2020-12-22","purchased_purges":3,"victory":true,"max_hp_per_floor":[66,66,66,66,66,66,66,66,66,80,80,80,80,80,80,80,80,80,80,80,80,80,80,80,80,80,80,80,85,85,85,85,85,85,85,85,85,85,85,85,92,92,92,92,92,92,92,92,92,92,92,92,92,92,92],"relic_stats":{"Happy Flower":[5],"Torii":24,"counters":[24,114],"Pen Nib":[3],"Juzu Bracelet":2,"Boot":[332],"Centennial Puzzle":[12],"Mummified Hand":[27],"Tiny Chest":1,"Necronomicon":[18],"Art of War":[1],"obtain_stats":[{"Potion Belt":39,"Happy Flower":42,"Torii":54,"Mango":10,"Pen Nib":53,"Juzu Bracelet":5,"Omamori":6,"Bottled Tornado":53,"Boot":0,"Runic Dome":34,"Cauldron":53,"Centennial Puzzle":41,"HornCleat":12,"Mummified Hand":26,"Strawberry":41,"Tiny Chest":23,"Coffee Dripper":17,"Necronomicon":19,"Art of War":31,"Toy Ornithopter":9,"Ring of the Snake":0,"Meat on the Bone":28},{"Potion Belt":19,"Happy Flower":20,"Torii":23,"Mango":5,"Pen Nib":22,"Juzu Bracelet":2,"Omamori":3,"Bottled Tornado":22,"Boot":0,"Runic Dome":18,"Cauldron":22,"Centennial Puzzle":19,"HornCleat":5,"Mummified Hand":13,"Strawberry":19,"Tiny Chest":12,"Coffee Dripper":8,"Necronomicon":9,"Art of War":17,"Toy Ornithopter":4,"Ring of the Snake":0,"Meat on the Bone":14},{"Potion Belt":93,"Happy Flower":98,"Torii":109,"Mango":29,"Pen Nib":106,"Juzu Bracelet":10,"Omamori":21,"Bottled Tornado":106,"Boot":0,"Runic Dome":92,"Cauldron":106,"Centennial Puzzle":93,"HornCleat":29,"Mummified Hand":68,"Strawberry":93,"Tiny Chest":62,"Coffee Dripper":46,"Necronomicon":50,"Art of War":83,"Toy Ornithopter":23,"Ring of the Snake":0,"Meat on the Bone":71}],"Toy Ornithopter":90,"Ring of the Snake":[49],"Meat on the Bone":60},"card_choices":[{"not_picked":["Reflex","Prepared"],"picked":"Well Laid Plans","floor":1.0},{"not_picked":["Outmaneuver","Bane"],"picked":"Endless Agony","floor":4.0},{"not_picked":["Acrobatics","Leg Sweep"],"picked":"Backstab","floor":6.0},{"not_picked":["Acrobatics","All Out Attack","Dodge and Roll"],"picked":"SKIP","floor":8.0},{"not_picked":["Well Laid Plans","Expertise"],"picked":"Eviscerate","floor":10.0},{"not_picked":["Dodge and Roll","Backflip","Deadly Poison"],"picked":"SKIP","floor":13.0},{"not_picked":["Caltrops","Acrobatics"],"picked":"Envenom","floor":14.0},{"not_picked":["Doppelganger","Malaise"],"picked":"Burst","floor":16.0},{"not_picked":["Dodge and Roll","Underhanded Strike"],"picked":"Blade Dance","floor":18.0},{"not_picked":["Poisoned Stab","Sucker Punch","Concentrate"],"picked":"SKIP","floor":20.0},{"not_picked":["Expertise","Sucker Punch"],"picked":"Leg Sweep","floor":22.0},{"not_picked":["Dagger Throw","Heel Hook"],"picked":"Backflip","floor":23.0},{"not_picked":["Poisoned Stab+1","Underhanded Strike"],"picked":"Blade Dance","floor":24.0},{"not_picked":["Acrobatics","Setup+1"],"picked":"Corpse Explosion","floor":28.0},{"not_picked":["Deflect","Slice","Prepared"],"picked":"SKIP","floor":29.0},{"not_picked":["Deadly Poison","Backstab+1"],"picked":"Catalyst+1","floor":30.0},{"not_picked":["Flying Knee","Accuracy"],"picked":"PiercingWail+1","floor":31.0},{"not_picked":["Corpse Explosion","Glass Knife"],"picked":"Venomology","floor":33.0},{"not_picked":["Dagger Throw+1","Well Laid Plans","Outmaneuver"],"picked":"SKIP","floor":35},{"not_picked":["Underhanded Strike","Unload"],"picked":"Footwork","floor":42},{"not_picked":["Trip","Blind"],"picked":"Flash of Steel","floor":44},{"not_picked":["Prepared","Endless Agony"],"picked":"Calculated Gamble","floor":47},{"not_picked":["Bane","Outmaneuver+1"],"picked":"Predator","floor":54}],"player_experience":279011,"relics_obtained":[{"floor":6.0,"key":"Omamori"},{"floor":9.0,"key":"Toy Ornithopter"},{"floor":10.0,"key":"Mango"},{"floor":12.0,"key":"HornCleat"},{"floor":19.0,"key":"Necronomicon"},{"floor":23.0,"key":"Tiny Chest"},{"floor":26.0,"key":"Mummified Hand"},{"floor":28.0,"key":"Meat on the Bone"},{"floor":31.0,"key":"Art of War"},{"floor":39,"key":"Potion Belt"},{"floor":42,"key":"Happy Flower"},{"floor":54,"key":"Torii"}],"event_choices":[{"damage_healed":0.0,"max_hp_gain":0.0,"max_hp_loss":0.0,"gold_gain":150.0,"event_name":"Liars Game","player_choice":"AGREE","floor":2.0,"gold_loss":0.0,"damage_taken":0.0,"cards_obtained":["Doubt"]},{"damage_healed":0.0,"max_hp_gain":0.0,"max_hp_loss":0.0,"gold_gain":0.0,"event_name":"The Cleric","player_choice":"Leave","floor":3.0,"gold_loss":0.0,"damage_taken":0.0},{"damage_healed":0.0,"max_hp_gain":0.0,"max_hp_loss":0.0,"gold_gain":0.0,"event_name":"Cursed Tome","player_choice":"Obtained Book","floor":19.0,"gold_loss":0.0,"damage_taken":21.0},{"damage_healed":0.0,"max_hp_gain":0.0,"max_hp_loss":0.0,"gold_gain":0.0,"event_name":"The Library","player_choice":"Read","floor":21.0,"gold_loss":0.0,"damage_taken":0.0,"cards_obtained":["Adrenaline"]},{"damage_healed":0,"gold_gain":0,"player_choice":"Embrace Madness","damage_taken":15,"max_hp_gain":0,"max_hp_loss":0,"event_name":"Winding Halls","floor":36,"gold_loss":0,"cards_obtained":["Madness","Madness"]},{"damage_healed":0,"gold_gain":0,"player_choice":"Ignored","damage_taken":0,"max_hp_gain":0,"max_hp_loss":0,"event_name":"SecretPortal","floor":37,"gold_loss":0},{"damage_healed":0,"gold_gain":999,"player_choice":"Gold","damage_taken":0,"max_hp_gain":0,"max_hp_loss":0,"event_name":"MindBloom","floor":38,"gold_loss":0,"cards_obtained":["Normality","Normality"]},{"damage_healed":0,"gold_gain":0,"player_choice":"Memory 3","damage_taken":10,"max_hp_gain":0,"max_hp_loss":0,"event_name":"SensoryStone","floor":44,"gold_loss":0},{"cards_removed":["Strike_G"],"damage_healed":0,"gold_gain":0,"player_choice":"Offered Basic","damage_taken":0,"max_hp_gain":0,"max_hp_loss":0,"event_name":"Bonfire Elementals","floor":45,"gold_loss":0},{"damage_healed":0,"gold_gain":0,"player_choice":"Copied","damage_taken":0,"max_hp_gain":0,"max_hp_loss":0,"event_name":"Duplicator","floor":48,"gold_loss":0,"cards_obtained":["Catalyst"]}],"is_beta":false,"boss_relics":[{"not_picked":["Ectoplasm","Ring of the Serpent"],"picked":"Coffee Dripper"},{"not_picked":["Runic Pyramid","Velvet Choker"],"picked":"Runic Dome"}],"items_purged_floors":[5,41,53],"is_endless":false,"potions_floor_spawned":[1,8,13,14,16,20,23,28,30,42,54],"ascension_level":17}}