{"host":"qwv9nni2x0umspiu","time":1612074069,"event":{"mods":["BaseMod","Downfall","Minty Spire (QoL Compilation)","Replay The Spire","StSLib","The Hierophant","Wandering Minibosses"],"gold_per_floor":[119,44,44,44,44,72,72,105,105,122,42,112,112,128,128,169,169,169,184,183,70,70,70,95,111,161,161,177,196,25,106,106,170,170,180,199,199,219,34,405,405,432,459,475,494,513,529,45,45,45,15,15,15,15,114,114],"floor_reached":57,"language":"ENG","playtime":2610,"items_purged":["hierophant:Defend_Hierophant","hierophant:Strike_Hierophant","ReplayTheSpireMod:Splinters","CommonCold","hierophant:Strike_Hierophant"],"score":3425,"play_id":"aee362ae-c7b2-4b42-ac35-764b86896fe9","local_time":"20210130222109","is_ascension_mode":true,"campfire_choices":[{"data":"hierophant:Punish","floor":7,"key":"SMITH"},{"data":"hierophant:HammerAndAnvil","floor":13,"key":"SMITH"},{"data":"hierophant:Alms","floor":15,"key":"SMITH"},{"data":"hierophant:Upheaval","floor":23,"key":"SMITH"},{"data":"hierophant:HammerAndAnvil","floor":27,"key":"SMITH"},{"data":"hierophant:Community","floor":32,"key":"SMITH"},{"data":"hierophant:Alms","floor":41,"key":"SMITH"},{"floor":49,"key":"RECALL"},{"data":"hierophant:MirrorShield","floor":53,"key":"SMITH"}],"circlet_count":0,"master_deck":["AscendersBane","hierophant:Punish+1","hierophant:ChurchCoffers+1","hierophant:HammerAndAnvil+1","hierophant:Smite","hierophant:HammerAndAnvil+1","hierophant:Alms+1","hierophant:Upheaval+1","hierophant:Exaltation+1","hierophant:MirrorShield+1","hierophant:Community+1","hierophant:SealAway","hierophant:Zeal+1","hierophant:Alms+1","hierophant:Encroach+1","hierophant:Shelter+1"],"relics":["hierophant:PropheticMaskRelic","NeowsBlessing","The Courier","hierophant:DonationBoxRelic","Incense Burner","Mango","ReplayTheSpireMod:Lightbulb","Kintsugi","InkBottle","Bottled Lightning","Replay:Bronze Core","wanderingMiniBosses:OtherGremlinHorn","Old Coin","Toy Ornithopter","Potion Belt","Nunchaku","Replay:WaspNest","Replay:Baseball","FossilizedHelix"],"acts_visited":["Exordium","TheCity","TheBeyond","TheEnding"],"potions_floor_usage":[12,16,20,29,38,46,56],"damage_taken":[{"damage":0,"enemies":"Cultist","floor":1,"turns":1},{"damage":0,"enemies":"Lagavulin","floor":6,"turns":1},{"damage":0,"enemies":"3 Sentries","floor":8,"turns":1},{"damage":2,"enemies":"2 Louse","floor":10,"turns":2},{"damage":11,"enemies":"Lagavulin","floor":12,"turns":7},{"damage":2,"enemies":"Jaw Worm","floor":14,"turns":2},{"damage":36,"enemies":"Fading Forest","floor":16,"turns":13},{"damage":12,"enemies":"Chosen","floor":18,"turns":3},{"damage":4,"enemies":"3 Byrds","floor":19,"turns":1},{"damage":4,"enemies":"Snake Plant","floor":20,"turns":1},{"damage":1,"enemies":"Cultist and Chosen","floor":24,"turns":2},{"damage":2,"enemies":"Snecko","floor":25,"turns":1},{"damage":0,"enemies":"Snake Plant","floor":28,"turns":1},{"damage":0,"enemies":"Book of Stabbing","floor":29,"turns":2},{"damage":11,"enemies":"Slavers","floor":31,"turns":3},{"damage":0,"enemies":"Collector","floor":33,"turns":2},{"damage":0,"enemies":"Orb Walker","floor":35,"turns":1},{"damage":0,"enemies":"3 Darklings","floor":36,"turns":2},{"damage":0,"enemies":"4 Shapes","floor":38,"turns":5},{"damage":0,"enemies":"Reptomancer","floor":40,"turns":1},{"damage":0,"enemies":"R_Hoarder","floor":42,"turns":1},{"damage":0,"enemies":"Giant Head","floor":44,"turns":1},{"damage":0,"enemies":"Jaw Worm Horde","floor":45,"turns":1},{"damage":0,"enemies":"Transient","floor":46,"turns":2},{"damage":0,"enemies":"3 Darklings","floor":47,"turns":1},{"damage":15,"enemies":"Donu and Deca","floor":50,"turns":2},{"damage":0,"enemies":"Awakened One","floor":51,"turns":2},{"damage":0,"enemies":"Shield and Spear","floor":55,"turns":1},{"damage":72,"enemies":"The Heart","floor":56,"turns":5}],"seed_played":"-8916071237644447177","potions_obtained":[{"floor":1,"key":"Explosive Potion"},{"floor":6,"key":"Flashbang"},{"floor":12,"key":"LiquidMemories"},{"floor":18,"key":"champ:CounterPotion"},{"floor":24,"key":"LifebloodPotion"},{"floor":29,"key":"LifebloodPotion"},{"floor":31,"key":"Strength Potion"},{"floor":38,"key":"Slimebound:ThreeZeroPotion"},{"floor":45,"key":"AttackPotion"},{"floor":46,"key":"Milkshake"},{"floor":47,"key":"SpeedPotion"}],"is_trial":false,"path_per_floor":["M","$","?","?","T","E","R","E","T","M","$","E","R","M","R","B",null,"M","M","M","$","?","R","M","M","T","R","M","E","$","E","R","B",null,"M","M","?","M","$","E","R","E","T","E","M","M","M","$","R","B","B",null,"R","$","E","B",null],"character_chosen":"HIEROPHANT","items_purchased":["hierophant:Upheaval","hierophant:Exaltation+1","hierophant:Community","hierophant:Alms","Replay:WaspNest","Replay:Baseball"],"campfire_rested":0,"item_purchase_floors":[21,21,30,39,48,48],"current_hp_per_floor":[68,68,68,68,68,68,68,68,82,80,80,69,69,67,67,39,77,65,61,57,57,57,57,56,54,54,54,54,54,54,43,43,43,78,78,78,78,78,78,78,78,78,78,78,78,83,83,83,83,68,68,84,84,84,84,17],"gold":114,"neow_bonus":"THREE_ENEMY_KILL","is_daily":false,"chose_seed":false,"campfire_upgraded":8,"win_rate":0.0,"timestamp":1612074069,"path_taken":["M","$","?","?","?","E","R","E","T","M","$","E","R","M","R","BOSS","M","M","M","$","?","R","M","M","T","R","M","E","?","E","R","BOSS","M","M","?","M","$","E","R","E","T","E","M","M","M","$","R","BOSS","BOSS","R","$","E","BOSS"],"items_purchased_type":["Card","Card","Card","Card","Relic","Relic"],"build_version":"2020-12-22","purchased_purges":5,"victory":true,"max_hp_per_floor":[75,75,75,75,75,75,75,75,89,89,89,89,89,89,89,89,89,89,89,89,89,89,89,89,89,89,89,89,89,89,89,89,89,89,89,89,89,89,89,89,89,89,89,89,89,89,89,89,89,89,89,89,89,89,89,89],"card_choices":[{"not_picked":["hierophant:Dazzle","hierophant:MorningPrayer"],"picked":"hierophant:HammerAndAnvil","floor":1},{"not_picked":["hierophant:SealAway","hierophant:Glossolalia"],"picked":"hierophant:Smite","floor":6},{"not_picked":["hierophant:AuricBeam","hierophant:PassingBell","hierophant:FieryStrike"],"picked":"SKIP","floor":8},{"not_picked":["hierophant:Prophecy","hierophant:Doubloon"],"picked":"hierophant:HammerAndAnvil","floor":10},{"not_picked":["hierophant:CursedGold","hierophant:Glossolalia","hierophant:FaithHealing"],"picked":"SKIP","floor":12},{"not_picked":["hierophant:Prophecy","hierophant:Dazzle"],"picked":"hierophant:Alms","floor":14},{"not_picked":["hierophant:HolyVerse","hierophant:ThreeLashes","hierophant:AuricBeam"],"picked":"SKIP","floor":18},{"not_picked":["hierophant:HammerAndAnvil","hierophant:RepressedViolence","hierophant:Mercenaries"],"picked":"SKIP","floor":19},{"not_picked":["hierophant:Blessing","hierophant:FieryStrike","hierophant:Flagellation"],"picked":"SKIP","floor":20},{"not_picked":["hierophant:Remorse","hierophant:LocustPlague","hierophant:DisplayOfPower"],"picked":"SKIP","floor":24},{"not_picked":["hierophant:Doubloon","hierophant:Bribe","hierophant:RepressedViolence"],"picked":"SKIP","floor":25},{"not_picked":["hierophant:SecretStash","hierophant:SealAway"],"picked":"hierophant:MirrorShield","floor":28},{"not_picked":["hierophant:CursedGold","hierophant:AuricForm","hierophant:Purify"],"picked":"SKIP","floor":29},{"not_picked":["hierophant:CoinFling","hierophant:Generosity"],"picked":"hierophant:SealAway","floor":31},{"not_picked":["hierophant:Doubloon","hierophant:Blessing","hierophant:Rebuild+1"],"picked":"SKIP","floor":35},{"not_picked":["hierophant:AuricShield","hierophant:Smite","hierophant:DisplayOfPower"],"picked":"SKIP","floor":36},{"not_picked":["hierophant:PassingBell","hierophant:OrnateBuckler+1"],"picked":"hierophant:Zeal+1","floor":38},{"not_picked":["hierophant:Invocation","hierophant:OrnateBuckler","hierophant:ConvertCurrency"],"picked":"SKIP","floor":40},{"not_picked":["hierophant:AuricShield","hierophant:SecretStash"],"picked":"hierophant:Encroach+1","floor":42},{"not_picked":["hierophant:Smite","hierophant:FlamingChariot","hierophant:Encroach+1"],"picked":"SKIP","floor":44},{"not_picked":["hierophant:Sermon","hierophant:OrnateBuckler+1","hierophant:SecretStash"],"picked":"SKIP","floor":45},{"not_picked":["hierophant:Repentance","hierophant:HolyVerse+1"],"picked":"hierophant:Shelter+1","floor":46},{"not_picked":["hierophant:Smite","hierophant:HammerAndAnvil","hierophant:HolyVerse"],"picked":"SKIP","floor":47},{"not_picked":["hierophant:Charity","hierophant:FlamingChariot","hierophant:Smite"],"picked":"SKIP","floor":55}],"player_experience":1363094,"relics_obtained":[{"floor":5,"key":"The Courier"},{"floor":6,"key":"hierophant:DonationBoxRelic"},{"floor":8,"key":"Incense Burner"},{"floor":9,"key":"Mango"},{"floor":12,"key":"ReplayTheSpireMod:Lightbulb"},{"floor":29,"key":"InkBottle"},{"floor":31,"key":"Bottled Lightning"},{"floor":38,"key":"wanderingMiniBosses:OtherGremlinHorn"},{"floor":40,"key":"Old Coin"},{"floor":42,"key":"Toy Ornithopter"},{"floor":43,"key":"Potion Belt"},{"floor":44,"key":"Nunchaku"},{"floor":55,"key":"FossilizedHelix"}],"event_choices":[{"damage_healed":0,"gold_gain":0,"player_choice":"Ignored","damage_taken":0,"max_hp_gain":0,"max_hp_loss":0,"event_name":"Liars Game","floor":3,"gold_loss":0},{"damage_healed":0,"gold_gain":0,"player_choice":"Grow","damage_taken":0,"max_hp_gain":0,"max_hp_loss":0,"event_name":"Living Wall","floor":4,"gold_loss":0,"cards_upgraded":["hierophant:ChurchCoffers"]},{"damage_healed":0,"gold_gain":0,"player_choice":"Ignored","damage_taken":0,"max_hp_gain":0,"max_hp_loss":0,"event_name":"The Mausoleum","floor":22,"gold_loss":0},{"damage_healed":0,"gold_gain":0,"player_choice":"Ignored","damage_taken":0,"max_hp_gain":0,"max_hp_loss":0,"event_name":"Tomb of Lord Red Mask","floor":37,"gold_loss":0}],"is_beta":false,"boss_relics":[{"not_picked":["Cursed Key","ChewingGum"],"picked":"Kintsugi"},{"not_picked":["Replay:Drink Me","Velvet Choker"],"picked":"Replay:Bronze Core"}],"items_purged_floors":[2,11,30,39,48],"is_endless":false,"potions_floor_spawned":[1,6,10,12,18,24,29,31,38,45,46,47,55],"ascension_level":20}}