{"host":"d2y4rmbezebiv8aj","time":1612061232,"event":{"mods":["AchievementEnabler","BaseMod","Bestiary","BetterRewards","Colored Map","Colored Powertips","Custom Start","Highlight Path","Minty Spire (QoL Compilation)","Quick Restart","Rare Cards Sparkle","Relic Sorter","Relic Stats","Shop Mod","Slay-I","StSLib","SuperFastMode"],"gold_per_floor":[119,133,151,167,184,184,202,218,243,243,243,30,30,45,45,146,146,166,166,265,114,130,164,164,176,199,228,228,228,245,262,262,364,364,382,382,382],"floor_reached":36,"language":"DEU","playtime":1128,"items_purged":[],"score":622,"play_id":"c761d1ae-c97b-42bd-8023-eacd03b157b3","local_time":"20210131034712","is_ascension_mode":true,"campfire_choices":[{"data":"Blade Dance","floor":6.0,"key":"SMITH"},{"data":"Panache","floor":13.0,"key":"SMITH"},{"data":"Terror","floor":15.0,"key":"SMITH"},{"data":"After Image","floor":24.0,"key":"SMITH"},{"floor":29.0,"key":"REST"},{"floor":32,"key":"REST"}],"circlet_count":0,"master_deck":["AscendersBane","Strike_G","Strike_G","Strike_G","Strike_G","Strike_G","Defend_G","Defend_G","Defend_G","Defend_G","Defend_G","Survivor","Neutralize","Dagger Throw","Blade Dance+1","Dash","Flying Knee","Backstab","Backstab","Deflect","Parasite","Panache+1","Terror+1","Blade Dance","After Image+1","Slice","Prepared+1","Sucker Punch+1","Infinite Blades+1","Venomology","Decay","PiercingWail","Deflect","Envenom","PiercingWail+1"],"relics":["Ring of the Snake","NeowsBlessing","Orichalcum","Ornamental Fan","Philosopher\u0027s Stone","Smiling Mask","Regal Pillow","Juzu Bracelet","Tiny Chest","Nunchaku","SlaversCollar"],"acts_visited":["Exordium","TheCity","TheBeyond"],"potions_floor_usage":[31,31,31,33,33,33,33,33,35,35,36],"damage_taken":[{"damage":0.0,"enemies":"Jaw Worm","floor":1.0,"turns":1.0},{"damage":0.0,"enemies":"Cultist","floor":2.0,"turns":1.0},{"damage":0.0,"enemies":"Small Slimes","floor":3.0,"turns":1.0},{"damage":0.0,"enemies":"Exordium Wildlife","floor":4.0,"turns":4.0},{"damage":6.0,"enemies":"Looter","floor":5.0,"turns":3.0},{"damage":5.0,"enemies":"3 Louse","floor":7.0,"turns":3.0},{"damage":0.0,"enemies":"Blue Slaver","floor":8.0,"turns":2.0},{"damage":10.0,"enemies":"Large Slime","floor":14.0,"turns":5.0},{"damage":20.0,"enemies":"Hexaghost","floor":16.0,"turns":6.0},{"damage":0.0,"enemies":"Spheric Guardian","floor":18.0,"turns":1.0},{"damage":2.0,"enemies":"Chosen","floor":22.0,"turns":4.0},{"damage":10.0,"enemies":"Book of Stabbing","floor":23.0,"turns":5.0},{"damage":1.0,"enemies":"Centurion and Healer","floor":25.0,"turns":5.0},{"damage":34.0,"enemies":"Slavers","floor":27.0,"turns":6.0},{"damage":10.0,"enemies":"Snake Plant","floor":30.0,"turns":2.0},{"damage":0,"enemies":"3 Cultists","floor":31,"turns":6},{"damage":39,"enemies":"Automaton","floor":33,"turns":12},{"damage":17,"enemies":"3 Darklings","floor":35,"turns":6},{"damage":45,"enemies":"3 Shapes","floor":36,"turns":10}],"seed_played":"8407122180265963756","potions_obtained":[{"floor":3.0,"key":"Fire Potion"},{"floor":5.0,"key":"Dexterity Potion"},{"floor":7.0,"key":"SpeedPotion"},{"floor":8.0,"key":"PowerPotion"},{"floor":18.0,"key":"SteroidPotion"},{"floor":25.0,"key":"FearPotion"},{"floor":31,"key":"PowerPotion"},{"floor":35,"key":"SpeedPotion"}],"is_trial":false,"path_per_floor":["M","M","M","M","M","R","M","M","T","?","?","$","R","M","R","B",null,"M","?","?","$","M","E","R","M","T","E","?","R","M","M","R","B",null,"M","M"],"character_chosen":"THE_SILENT","items_purchased":["Panache","Terror","Regal Pillow"],"campfire_rested":2,"item_purchase_floors":[12,12,21],"current_hp_per_floor":[63,63,63,63,57,57,52,52,52,69,69,69,69,59,59,39,62,62,62,62,62,60,50,50,49,49,15,15,51,41,41,70,31,60,43,0,0],"gold":382,"neow_bonus":"THREE_ENEMY_KILL","is_daily":false,"chose_seed":false,"campfire_upgraded":4,"win_rate":0.0,"timestamp":1612061232,"path_taken":["M","M","M","M","M","R","M","M","T","?","?","$","R","M","R","BOSS","M","?","?","$","M","E","R","M","T","E","?","R","M","M","R","BOSS","M","M"],"items_purchased_type":["Card","Card","Relic"],"build_version":"2020-12-22","purchased_purges":0,"victory":false,"max_hp_per_floor":[70,70,70,70,70,70,70,70,70,70,70,70,70,70,70,70,70,70,70,70,70,70,70,70,70,70,70,70,70,70,70,70,70,70,70,70,70],"relic_stats":{"Regal Pillow":23,"Nunchaku":[12],"counters":[19,83],"Ornamental Fan":[228],"Tiny Chest":0,"Juzu Bracelet":0,"Orichalcum":[6],"Smiling Mask":0,"obtain_stats":[{"SlaversCollar":34,"Regal Pillow":21,"Nunchaku":27,"NeowsBlessing":0,"Ornamental Fan":11,"Philosopher\u0027s Stone":17,"Tiny Chest":26,"Juzu Bracelet":23,"Orichalcum":9,"Smiling Mask":19,"Ring of the Snake":0},{"SlaversCollar":17,"Regal Pillow":10,"Nunchaku":14,"NeowsBlessing":0,"Ornamental Fan":7,"Philosopher\u0027s Stone":9,"Tiny Chest":13,"Juzu Bracelet":12,"Orichalcum":7,"Smiling Mask":10,"Ring of the Snake":0},{"SlaversCollar":67,"Regal Pillow":27,"Nunchaku":47,"NeowsBlessing":0,"Ornamental Fan":15,"Philosopher\u0027s Stone":26,"Tiny Chest":41,"Juzu Bracelet":36,"Orichalcum":15,"Smiling Mask":27,"Ring of the Snake":0}],"Ring of the Snake":[38]},"card_choices":[{"not_picked":["Backflip","Underhanded Strike"],"picked":"Dagger Throw","floor":1.0},{"not_picked":["Poisoned Stab","Catalyst"],"picked":"Blade Dance","floor":2.0},{"not_picked":["Poisoned Stab","Blade Dance"],"picked":"Dash","floor":3.0},{"not_picked":["Sucker Punch","Outmaneuver"],"picked":"Flying Knee","floor":4.0},{"not_picked":["Quick Slash","Terror"],"picked":"Backstab","floor":5.0},{"not_picked":["Caltrops","Backflip"],"picked":"Backstab","floor":7.0},{"not_picked":["Predator","Escape Plan"],"picked":"Deflect","floor":8.0},{"not_picked":["Dagger Spray","Sucker Punch"],"picked":"Blade Dance","floor":14.0},{"not_picked":["Bullet Time","Doppelganger"],"picked":"After Image","floor":16.0},{"not_picked":["Cloak And Dagger","Underhanded Strike"],"picked":"Slice","floor":18.0},{"not_picked":["Well Laid Plans","Outmaneuver"],"picked":"Prepared+1","floor":22.0},{"not_picked":["Predator+1","Endless Agony"],"picked":"Sucker Punch+1","floor":23.0},{"not_picked":["Caltrops","Prepared"],"picked":"Infinite Blades+1","floor":25.0},{"not_picked":["Catalyst","Leg Sweep"],"picked":"Venomology","floor":27.0},{"not_picked":["Acrobatics","Choke"],"picked":"PiercingWail","floor":30.0},{"not_picked":["Escape Plan+1","Deadly Poison"],"picked":"Deflect","floor":31},{"not_picked":["Bullet Time","Venomology"],"picked":"Envenom","floor":33},{"not_picked":["Heel Hook","Dash+1"],"picked":"PiercingWail+1","floor":35}],"player_experience":391205,"relics_obtained":[{"floor":9.0,"key":"Orichalcum"},{"floor":11.0,"key":"Ornamental Fan"},{"floor":23.0,"key":"Juzu Bracelet"},{"floor":26.0,"key":"Tiny Chest"},{"floor":27.0,"key":"Nunchaku"}],"event_choices":[{"damage_healed":17.0,"max_hp_gain":0.0,"max_hp_loss":0.0,"gold_gain":0.0,"event_name":"Mushrooms","player_choice":"Healed and dodged fight","floor":10.0,"gold_loss":0.0,"damage_taken":0.0,"cards_obtained":["Parasite"]},{"damage_healed":0.0,"max_hp_gain":0.0,"max_hp_loss":0.0,"gold_gain":0.0,"event_name":"Wheel of Change","player_choice":"Relic","floor":11.0,"gold_loss":0.0,"damage_taken":0.0},{"damage_healed":0.0,"max_hp_gain":0.0,"max_hp_loss":0.0,"gold_gain":0.0,"event_name":"The Mausoleum","player_choice":"Opened","floor":19.0,"gold_loss":0.0,"damage_taken":0.0,"relics_obtained":["Smiling Mask"]},{"damage_healed":0.0,"max_hp_gain":0.0,"max_hp_loss":0.0,"gold_gain":99.0,"event_name":"Nest","player_choice":"Stole From Cult","floor":20.0,"gold_loss":0.0,"damage_taken":0.0},{"damage_healed":0.0,"max_hp_gain":0.0,"max_hp_loss":0.0,"gold_gain":0.0,"event_name":"Forgotten Altar","player_choice":"Smashed Altar","floor":28.0,"gold_loss":0.0,"damage_taken":0.0,"cards_obtained":["Decay"]}],"is_beta":false,"boss_relics":[{"not_picked":["Ectoplasm","Astrolabe"],"picked":"Philosopher\u0027s Stone"},{"not_picked":["Tiny House","Busted Crown"],"picked":"SlaversCollar"}],"items_purged_floors":[],"is_endless":false,"potions_floor_spawned":[3,5,7,8,18,22,25,31,35],"killed_by":"3 Shapes","ascension_level":10}}