{"host":"roto7j7840a50pxh","time":1612069769,"event":{"mods":["Act Like it!","BaseMod","Better Altar","Better Note","Better Sensory Stone","Better Skull","Better Third Choice","BetterRewards","Colored Map","Colored Powertips","Downfall","Hermit","Highlight Path","Hubris","Infinite Spire","Minty Spire (QoL Compilation)","Replay The Spire","Robot Space Explorer","Shade Mod","Spicy Shops","StSLib","The Construct","The Cursed","The Dragon Tamer","The Hierophant","The Necromancer","The Runesmith","The Servant 0.9.4","TheVacant"],"gold_per_floor":[199,215,225,325,345,355,382,396,396,141,160,193,193,193,209,314,314,314,332,348,360,360,360,360,385,385,408,267,331,125,144,152,152,152],"floor_reached":32,"language":"ENG","playtime":3492,"items_purged":[],"score":304,"play_id":"1fbf890d-511d-4d28-aa63-d2f7c9d20d01","local_time":"20210131000929","is_ascension_mode":true,"campfire_choices":[{"data":"champ:Execute","floor":1.0,"key":"SMITH"},{"data":"champ:FancyFootwork","floor":9.0,"key":"SMITH"},{"data":"champ:EndlessRage","floor":13.0,"key":"SMITH"},{"data":"champ:EnragedBash","floor":18.0,"key":"SMITH"},{"data":"infinitespire:Collect","floor":26.0,"key":"SMITH"}],"circlet_count":0,"master_deck":["champ:Strike","champ:Strike","champ:Strike","champ:Strike","champ:Defend","champ:Defend","champ:Defend","champ:Defend","champ:Execute+1","champ:Taunt","champ:FancyFootwork+1","champ:CalledShot","champ:BladeFlurry","champ:GutPunch","champ:AdrenalArmor","champ:PreciseThrust","champ:BringItOn","champ:FocusedDefense","champ:EndlessRage+1","champ:GutPunch+1","champ:BladeFlurry","champ:PreemptiveStrike","champ:EnragedBash+1","champ:FanOfKnives","champ:SwordThrow","champ:FlashCut","champ:GutPunch+1","champ:EnGarde","hexamod:TimeOfNeed+1","infinitespire:Collect+1","champ:RageSigil","champ:SwordThrow","champ:Lariat","champ:FocusedBerserking","champ:FlashCut+1","champ:BladeFlurry","champ:FancyFootwork","champ:UltimateStance","champ:RisingSlash"],"relics":["champ:ChampionCrown","CloakClasp","StoneCalendar","Coffee Dripper","infinitespire:Midas Blood","Replay:Bottled Snecko","MawBank"],"acts_visited":["Exordium","TheCity"],"potions_floor_usage":[30,30,30,30,30,31,32],"damage_taken":[{"damage":20.0,"enemies":"Cultist","floor":2.0,"turns":3.0},{"damage":10.0,"enemies":"Small Slimes","floor":3.0,"turns":3.0},{"damage":52.0,"enemies":"Small Slimes","floor":4.0,"turns":9.0},{"damage":10.0,"enemies":"2 Louse","floor":5.0,"turns":2.0},{"damage":21.0,"enemies":"Lots of Slimes","floor":6.0,"turns":5.0},{"damage":20.0,"enemies":"Exordium Wildlife","floor":8.0,"turns":6.0},{"damage":20.0,"enemies":"downfall:FleeingMerchant","floor":10.0,"turns":4.0},{"damage":0.0,"enemies":"3 Louse","floor":11.0,"turns":3.0},{"damage":38.0,"enemies":"Lagavulin","floor":12.0,"turns":8.0},{"damage":29.0,"enemies":"Large Slime","floor":15.0,"turns":6.0},{"damage":41.0,"enemies":"IC_STATUS_ARCHETYPE","floor":16.0,"turns":9.0},{"damage":25.0,"enemies":"Chosen","floor":19.0,"turns":4.0},{"damage":28.0,"enemies":"Shell Parasite","floor":20.0,"turns":5.0},{"damage":30.0,"enemies":"Snake Plant","floor":21.0,"turns":4.0},{"damage":26.0,"enemies":"Snecko","floor":25.0,"turns":4.0},{"damage":25.0,"enemies":"Centurion and Healer","floor":27.0,"turns":4.0},{"damage":9.0,"enemies":"downfall:FleeingMerchant","floor":28.0,"turns":4.0},{"damage":81.0,"enemies":"Replay:Snechameleon","floor":29.0,"turns":7.0},{"damage":15,"enemies":"downfall:FleeingMerchant","floor":30,"turns":4},{"damage":17,"enemies":"Shelled Parasite and Fungi","floor":31,"turns":5},{"damage":24,"enemies":"Snecko","floor":32,"turns":3}],"seed_played":"7992538124521831018","potions_obtained":[{"floor":4.0,"key":"AttackPotion"},{"floor":5.0,"key":"SteroidPotion"},{"floor":6.0,"key":"Dexterity Potion"},{"floor":12.0,"key":"AttackPotion"},{"floor":14.0,"key":"Toxic Potion"},{"floor":14.0,"key":"SteroidPotion"},{"floor":19.0,"key":"champ:OpenerPotion"},{"floor":21.0,"key":"Block Potion"},{"floor":25.0,"key":"Weak Potion"},{"floor":29.0,"key":"FearPotion"}],"is_trial":false,"path_per_floor":["R","M","M","?","M","M","T","M","R","$","M","E","R","?","M","B",null,"R","M","M","M","?","AVR","T","M","R","M","$","E","$","M","M"],"character_chosen":"THE_CHAMP","items_purchased":["champ:FocusedDefense","champ:EndlessRage","champ:GutPunch+1","champ:BladeFlurry","champ:FocusedBerserking","EntropicBrew","champ:FancyFootwork","champ:UltimateStance","Swift Potion"],"campfire_rested":0,"item_purchase_floors":[10,10,10,10,28,28,30,30,30],"current_hp_per_floor":[90,90,90,68,68,67,67,67,67,67,67,49,49,49,40,4,90,90,90,82,77,77,77,77,66,66,61,52,21,21,19,0,0,0],"gold":152,"neow_bonus":"HUNDRED_GOLD","is_daily":false,"chose_seed":false,"campfire_upgraded":5,"win_rate":0.0,"timestamp":1612069769,"path_taken":["R","M","M","?","M","M","T","M","R","$","M","E","R","?","M","BOSS","R","M","M","M","?","AVR","T","M","R","M","$","E","$","M","M"],"items_purchased_type":["Card","Card","Card","Card","Card","Potion","Card","Card","Potion"],"build_version":"2020-12-22","purchased_purges":0,"victory":false,"max_hp_per_floor":[90,90,90,90,90,90,90,90,90,90,90,90,90,90,90,90,90,90,90,90,90,90,90,90,90,90,90,90,90,90,90,90,90,90],"card_choices":[{"not_picked":["champ:EnGarde","champ:FocusedBerserking"],"picked":"champ:FancyFootwork","floor":2.0},{"not_picked":["champ:StanceDance","champ:Backstep"],"picked":"champ:CalledShot","floor":3.0},{"not_picked":["champ:Shatter","champ:HeartStrike"],"picked":"champ:BladeFlurry","floor":4.0},{"not_picked":["champ:PerfectedStrike","champ:DefensiveStyle"],"picked":"champ:GutPunch","floor":5.0},{"not_picked":["champ:Parry","champ:Encircle"],"picked":"champ:AdrenalArmor","floor":6.0},{"not_picked":["champ:Shatter","champ:ViciousMockery"],"picked":"champ:PreciseThrust","floor":8.0},{"not_picked":["champ:GutPunch","champ:GladiatorStyle"],"picked":"champ:BringItOn","floor":10.0},{"not_picked":["champ:AdrenalArmor","champ:PreciseThrust"],"picked":"champ:PreemptiveStrike","floor":11.0},{"not_picked":["champ:Shatter","champ:DefensiveStyle"],"picked":"champ:EnragedBash","floor":12.0},{"not_picked":["champ:PerfectedStrike","champ:AdrenalArmor"],"picked":"champ:FanOfKnives","floor":15.0},{"not_picked":["champ:HeavySlash","champ:GladiatorForm"],"picked":"champ:SwordThrow","floor":16.0},{"not_picked":["champ:PreciseThrust","champ:Backstep"],"picked":"champ:FlashCut","floor":19.0},{"not_picked":["champ:PreciseThrust","champ:Endure"],"picked":"champ:GutPunch+1","floor":20.0},{"not_picked":["champ:Haymaker+1","champ:CrownThrow"],"picked":"champ:EnGarde","floor":21.0},{"not_picked":["champ:PreciseThrust","champ:FanOfKnives"],"picked":"champ:RageSigil","floor":25.0},{"not_picked":["champ:CalledShot+1","champ:PerfectedStrike"],"picked":"champ:SwordThrow","floor":27.0},{"not_picked":["champ:ViciousMockery","champ:Backstep"],"picked":"champ:Lariat","floor":28.0},{"not_picked":["champ:Haymaker","champ:EnragedBash+1"],"picked":"champ:FlashCut+1","floor":29.0},{"not_picked":["champ:AdrenalArmor+1","champ:Backstep"],"picked":"champ:BladeFlurry","floor":30},{"not_picked":["champ:Circumvent","champ:CrownThrow"],"picked":"champ:RisingSlash","floor":31}],"player_experience":1755545,"relics_obtained":[{"floor":4.0,"key":"CloakClasp"},{"floor":7.0,"key":"Bag of Preparation"},{"floor":12.0,"key":"StoneCalendar"},{"floor":24.0,"key":"Replay:Bottled Snecko"},{"floor":29.0,"key":"MawBank"}],"event_choices":[{"cards_removed":["champ:EnGarde"],"damage_healed":0.0,"max_hp_gain":0.0,"max_hp_loss":0.0,"gold_gain":0.0,"event_name":"betterNote:BetterNote","player_choice":"Take \u0026 Give","floor":22.0,"gold_loss":0.0,"damage_taken":0.0,"cards_obtained":["hexamod:TimeOfNeed"]}],"is_beta":false,"boss_relics":[{"not_picked":["Snecko Eye","hubris:HollowSoul"],"picked":"Coffee Dripper"}],"items_purged_floors":[],"is_endless":false,"potions_floor_spawned":[4,5,6,8,12,19,21,25,29],"killed_by":"Snecko","ascension_level":1}}