{"host":"facnppb4175fcpe2","time":1612097337,"event":{"mods":["AchievementEnabler","BaseMod","Colored Map","Colored Powertips","Highlight Path","Minty Spire (QoL Compilation)","Quick Restart","Rare Cards Sparkle","Relic Stats","StSLib","SuperFastMode"],"gold_per_floor":[112,126,136,136,136,136,171,171,171,185,185,185,209,209,209,209,209],"floor_reached":16,"language":"ZHS","playtime":715,"items_purged":[],"score":120,"play_id":"ef2b46ff-ceb2-404b-b08e-57562e69ed0f","local_time":"20210131204857","is_ascension_mode":true,"campfire_choices":[{"data":"Neutralize","floor":6.0,"key":"SMITH"},{"floor":12,"key":"REST"},{"data":"Cloak And Dagger","floor":15,"key":"SMITH"}],"circlet_count":0,"master_deck":["Strike_G","Strike_G","Strike_G","Strike_G","Strike_G","Defend_G","Defend_G","Defend_G","Defend_G","Defend_G","Survivor","Neutralize+1","Regret","Terror","Cloak And Dagger+1"],"relics":["Ring of the Snake","InkBottle","Shuriken","Golden Idol","Ornamental Fan","NlothsMask"],"acts_visited":["Exordium"],"potions_floor_usage":[10],"damage_taken":[{"damage":0.0,"enemies":"Cultist","floor":1.0,"turns":4.0},{"damage":0.0,"enemies":"Small Slimes","floor":2.0,"turns":3.0},{"damage":0.0,"enemies":"2 Louse","floor":3.0,"turns":3.0},{"damage":48.0,"enemies":"Lagavulin","floor":7.0,"turns":10.0},{"damage":2,"enemies":"Exordium Wildlife","floor":10,"turns":8},{"damage":0,"enemies":"2 Fungi Beasts","floor":13,"turns":3},{"damage":29,"enemies":"Slime Boss","floor":16,"turns":3}],"seed_played":"2124206050617839367","potions_obtained":[{"floor":1.0,"key":"LiquidBronze"},{"floor":3.0,"key":"Dexterity Potion"},{"floor":13,"key":"ColorlessPotion"}],"is_trial":false,"path_per_floor":["M","M","M","$","?","R","E","?","T","M","?","R","M","?","R","B"],"character_chosen":"THE_SILENT","items_purchased":[],"campfire_rested":1,"item_purchase_floors":[],"current_hp_per_floor":[77,77,77,77,77,77,29,10,10,8,1,24,24,24,24,0,0],"gold":209,"neow_bonus":"TEN_PERCENT_HP_BONUS","is_daily":false,"chose_seed":false,"campfire_upgraded":2,"win_rate":0.0,"timestamp":1612097337,"path_taken":["M","M","?","?","?","R","E","?","T","?","?","R","M","?","R","BOSS"],"items_purchased_type":[],"build_version":"2020-12-22","purchased_purges":0,"victory":false,"max_hp_per_floor":[77,77,77,77,77,77,77,77,77,77,77,77,77,77,77,77,77],"relic_stats":{"counters":[7,34],"Shuriken":[4],"Golden Idol":8,"Ornamental Fan":[16],"obtain_stats":[{"Shuriken":7,"Golden Idol":8,"Ornamental Fan":9,"InkBottle":5,"Ring of the Snake":0,"NlothsMask":14},{"Shuriken":4,"Golden Idol":4,"Ornamental Fan":4,"InkBottle":3,"Ring of the Snake":0,"NlothsMask":6},{"Shuriken":20,"Golden Idol":20,"Ornamental Fan":20,"InkBottle":10,"Ring of the Snake":0,"NlothsMask":31}],"InkBottle":[8],"Ring of the Snake":[14]},"card_choices":[{"not_picked":["Expertise","Riddle With Holes","Deflect"],"picked":"SKIP","floor":1.0},{"not_picked":["Expertise","Deflect","Dodge and Roll"],"picked":"SKIP","floor":2.0},{"not_picked":["Endless Agony","Deadly Poison","All Out Attack"],"picked":"SKIP","floor":3.0},{"not_picked":["Quick Slash","Predator","Underhanded Strike"],"picked":"SKIP","floor":7.0},{"not_picked":["Flying Knee","Dagger Throw"],"picked":"Terror","floor":10},{"not_picked":["Accuracy","Underhanded Strike"],"picked":"Cloak And Dagger","floor":13}],"player_experience":104538,"relics_obtained":[{"floor":7.0,"key":"Shuriken"},{"floor":9.0,"key":"Ornamental Fan"}],"event_choices":[{"damage_healed":0.0,"max_hp_gain":0.0,"max_hp_loss":0.0,"gold_gain":0.0,"event_name":"Big Fish","player_choice":"Box","floor":5.0,"gold_loss":0.0,"damage_taken":0.0,"relics_obtained":["InkBottle"],"cards_obtained":["Regret"]},{"damage_healed":0.0,"max_hp_gain":0.0,"max_hp_loss":0.0,"gold_gain":0.0,"event_name":"Golden Idol","player_choice":"Take Damage","floor":8.0,"gold_loss":0.0,"damage_taken":19.0,"relics_obtained":["Golden Idol"]},{"damage_healed":0,"gold_gain":0,"player_choice":"Fled","damage_taken":7,"max_hp_gain":0,"max_hp_loss":0,"event_name":"Scrap Ooze","floor":11,"gold_loss":0},{"damage_healed":0,"gold_gain":0,"player_choice":"Trade","damage_taken":0,"relics_obtained":["NlothsMask"],"max_hp_gain":0,"max_hp_loss":0,"event_name":"FaceTrader","floor":14,"gold_loss":0}],"is_beta":false,"boss_relics":[],"items_purged_floors":[],"is_endless":false,"potions_floor_spawned":[1,3,13],"killed_by":"Slime Boss","ascension_level":4}}