{"host":"gndxudri6ebovps6","time":1612119356,"event":{"mods":["AchievementEnabler","Act Like it!","Aspiration","BaseMod","Better Altar","Better Match","Better Note","Better Sensory Stone","Better Skull","Better Vampires","BetterRewards","Block Reminder","Conspire","GifTheSpireLib","Hubris","Infinite Spire","Marked Mod","Minty Spire (QoL Compilation)","Pale of the Ancients","Quick Restart","Replay The Spire","Shop Mod","Spicy Shops","Spikes Relics","StSLib","Stuff the Spire","The Cursed","The Disciple","The Judge","The Mystic","The Necromancer","everything is the same but u backflip on backflip"],"gold_per_floor":[118,128,143,143,160,160,185,185,185,247,38,38,30,45,107,219,219,238,20,20,13,15,15,45,45,95,95,95,95,115,152,225,323,323,334,336,360,360,360,360,360,360,409,415,434,459,459,479,479,495,535,545,545],"floor_reached":52,"language":"ENG","playtime":1845,"items_purged":[],"score":1574,"play_id":"a3a0613e-0be4-4fe1-a0f7-442887cbff57","local_time":"20210131165556","is_ascension_mode":true,"campfire_choices":[{"data":"ReplayTheSpireMod:Private Reserves","floor":6,"key":"SMITH"},{"data":"Spot Weakness","floor":8,"key":"SMITH"},{"data":"Replay:Undeath\u0027s Touch","floor":23,"key":"SMITH"},{"data":"infinitespire:SevenWalls","floor":28,"key":"SMITH"},{"data":"infinitespire:Execution","floor":40,"key":"SMITH"},{"data":"infinitespire:OneForAll","floor":42,"key":"SMITH"},{"data":"ReplayTheSpireMod:LeadingStrike","floor":49,"key":"SMITH"}],"circlet_count":0,"master_deck":["AscendersBane","conspire:GhostlyStrike+1","conspire:GhostlyStrike+1","conspire:GhostlyStrike+1","conspire:GhostlyStrike+1","conspire:GhostlyStrike+1","conspire:GhostlyDefend+1","conspire:GhostlyDefend+1","conspire:GhostlyDefend+1","Bash","ReplayTheSpireMod:Private Reserves+1","Inflame","Metallicize","Pommel Strike","Battle Trance","Spot Weakness+1","Clash","ReplayTheSpireMod:Splinters","Replay:Undeath\u0027s Touch+1","StuffTheSpire:Incineration","Iron Wave","Flex","Replay:Many Hands+1","Dark Embrace+1","StuffTheSpire:Incineration","Headbutt","infinitespire:SevenWalls+1","infinitespire:OneForAll+1","Flex","Barricade+1","Twin Strike+1","infinitespire:Execution+1","Disarm","Fire Breathing+1","Sword Boomerang","ReplayTheSpireMod:LeadingStrike+1"],"relics":["Burning Blood","LugNut","Membership Card","HandDrill","Blue Doll","infinitespire:Midas Blood","Strawberry","Sling","ReplayTheSpireMod:TigerMarble","Happy Flower","betterAltar:BloodRelic","PreservedInsect","conspire:TreasureMap","Juzu Bracelet","Centennial Puzzle","Torii","Paper Frog","Black Star","Replay:Baseball","hubris:ToyBattleship","Pen Nib","Replay:Rubber Ducky","hubris:SlimyHat","conspire:Boomerang","Frozen Egg 2","infinitespire:Beetle Shell","Replay:Bottled Snecko","Pondfish Scales","Sozu","StuffTheSpire:HeavyRock","Replay:PocketPolymizer","infinitespire:Satchel","ReplayFunnel","conspire:Flyswatter","Boot","paleoftheancients:Timepiece","Bronze Scales","CultistMask"],"acts_visited":["Exordium","TheCity","TheBeyond","paleoftheancients:PaleOfTheAncients"],"potions_floor_usage":[7,16,16,33],"damage_taken":[{"damage":5,"enemies":"2 Louse","floor":1,"turns":3},{"damage":0,"enemies":"Small Slimes","floor":2,"turns":2},{"damage":4,"enemies":"Jaw Worm","floor":3,"turns":2},{"damage":11,"enemies":"Looter","floor":5,"turns":3},{"damage":16,"enemies":"conspire:2 RoseBushes","floor":7,"turns":5},{"damage":13,"enemies":"Blue Slaver","floor":14,"turns":2},{"damage":30,"enemies":"Fading Forest","floor":16,"turns":11},{"damage":12,"enemies":"Chosen","floor":18,"turns":3},{"damage":2,"enemies":"Gremlin Leader","floor":24,"turns":2},{"damage":3,"enemies":"Spheric Guardian","floor":30,"turns":3},{"damage":16,"enemies":"conspire:Head Lice","floor":31,"turns":2},{"damage":0,"enemies":"Automaton","floor":33,"turns":5},{"damage":0,"enemies":"Orb Walker","floor":35,"turns":2},{"damage":13,"enemies":"3 Shapes","floor":37,"turns":3},{"damage":7,"enemies":"Jaw Worm Horde","floor":45,"turns":3},{"damage":0,"enemies":"R_Hoarder","floor":46,"turns":3},{"damage":0,"enemies":"Transient","floor":48,"turns":5},{"damage":54,"enemies":"Awakened One","floor":50,"turns":8},{"damage":117,"enemies":"Awakened One","floor":51,"turns":9},{"damage":92,"enemies":"Awakened One","floor":52,"turns":3}],"seed_played":"-6653409867395784603","potions_obtained":[{"floor":1,"key":"BlessingOfTheForge"},{"floor":7,"key":"HeartOfIron"},{"floor":10,"key":"Venom Potion"},{"floor":14,"key":"Explosive Potion"},{"floor":30,"key":"BlessingOfTheForge"},{"floor":31,"key":"ColorlessPotion"}],"is_trial":false,"path_per_floor":["M","M","M","?","M","R","M","R","T","?","$","?","$","M","R","B",null,"M","$","?","$","?","R","E","$","T","AVR","R","?","M","E","R","B",null,"M","?","M","?","?","R","?","R","T","?","M","E","?","M","R","B","M","M"],"character_chosen":"IRONCLAD","items_purchased":["LugNut","Membership Card","HandDrill","Blue Doll","infinitespire:Midas Blood","Strawberry","Sling","ReplayTheSpireMod:TigerMarble","Happy Flower","Blood Vial","PreservedInsect","conspire:TreasureMap","ReplayTheSpireMod:Private Reserves","Inflame","Torii","Paper Frog","Iron Wave","Replay:Baseball","hubris:ToyBattleship","Pen Nib","StuffTheSpire:Incineration","conspire:Boomerang"],"campfire_rested":0,"item_purchase_floors":[0,0,0,0,0,0,0,0,0,0,0,0,0,0,11,11,13,19,19,19,21,25],"current_hp_per_floor":[34,42,58,58,55,55,47,47,47,47,47,47,47,50,50,36,74,70,70,70,70,66,66,75,75,75,75,75,75,83,77,77,87,87,87,66,65,65,65,65,65,65,65,32,45,57,57,69,69,71,83,0,0],"gold":545,"neow_bonus":"","is_daily":false,"chose_seed":false,"campfire_upgraded":7,"win_rate":0.0,"timestamp":1612119356,"path_taken":["M","M","M","?","M","R","M","R","T","?","?","?","$","M","R","BOSS","M","$","?","$","?","R","E","?","T","AVR","R","?","M","E","R","BOSS","M","?","M","?","?","R","?","R","T","?","M","E","?","M","R","BOSS","M","M"],"items_purchased_type":["Relic","Relic","Relic","Relic","Relic","Relic","Relic","Relic","Relic","Relic","Relic","Relic","Card","Card","Relic","Relic","Card","Relic","Relic","Relic","Card","Relic"],"build_version":"2020-12-22","purchased_purges":0,"victory":false,"max_hp_per_floor":[87,87,87,87,87,87,87,87,87,87,87,87,87,87,87,87,87,87,87,87,87,87,87,87,87,87,87,87,87,87,87,87,87,87,87,87,87,87,87,87,83,83,83,83,83,83,83,83,83,83,83,83,83],"card_choices":[{"not_picked":["Life Link","Whirlwind"],"picked":"Metallicize","floor":1},{"not_picked":["Armaments","Power Through"],"picked":"Pommel Strike","floor":2},{"not_picked":["Whirlwind","Warcry"],"picked":"Battle Trance","floor":3},{"not_picked":["Flex","Warcry"],"picked":"Spot Weakness","floor":5},{"not_picked":["Sever Soul","Armaments"],"picked":"Clash","floor":7},{"not_picked":["Feed","Body Slam"],"picked":"Replay:Undeath\u0027s Touch","floor":10},{"not_picked":["Second Wind","Rampage"],"picked":"StuffTheSpire:Incineration","floor":10},{"not_picked":["Clash","Armaments"],"picked":"Flex","floor":14},{"not_picked":["Feed","StuffTheSpire:TitanForm"],"picked":"Replay:Many Hands","floor":16},{"not_picked":["Wild Strike","StuffTheSpire:BloodClot+1"],"picked":"Dark Embrace+1","floor":18},{"not_picked":["Body Slam","Dark Embrace"],"picked":"Headbutt","floor":24},{"not_picked":["ReplayTheSpireMod:Strike From Hell","Run Through"],"picked":"infinitespire:OneForAll","floor":30},{"not_picked":["Combust+1","Sentinel"],"picked":"Flex","floor":31},{"not_picked":["Fiend Fire","Replay:Many Hands"],"picked":"Barricade+1","floor":33},{"not_picked":["Havoc+1","Cleave"],"picked":"Twin Strike+1","floor":35},{"not_picked":["infinitespire:Starlight","hubris:Rewind"],"picked":"infinitespire:Execution","floor":36},{"not_picked":["Shockwave+1","Reckless Charge+1"],"picked":"Disarm","floor":37},{"not_picked":["Warcry+1","Replay:Undeath\u0027s Touch+1"],"picked":"Fire Breathing+1","floor":45},{"not_picked":["StuffTheSpire:RockThrow+1","Infernal Blade"],"picked":"Sword Boomerang","floor":46},{"not_picked":["infinitespire:OneForAll","Reckless Charge+1"],"picked":"ReplayTheSpireMod:LeadingStrike","floor":48}],"player_experience":521227,"relics_obtained":[{"floor":9,"key":"Juzu Bracelet"},{"floor":10,"key":"Centennial Puzzle"},{"floor":24,"key":"Replay:Rubber Ducky"},{"floor":24,"key":"hubris:SlimyHat"},{"floor":26,"key":"Frozen Egg 2"},{"floor":31,"key":"Replay:Bottled Snecko"},{"floor":31,"key":"Pondfish Scales"},{"floor":43,"key":"Replay:PocketPolymizer"},{"floor":46,"key":"conspire:Flyswatter"},{"floor":46,"key":"Boot"}],"event_choices":[{"damage_healed":0,"gold_gain":0,"player_choice":"Ignored","damage_taken":0,"max_hp_gain":0,"max_hp_loss":0,"event_name":"Golden Wing","floor":4,"gold_loss":0},{"damage_healed":0,"gold_gain":0,"player_choice":"Agree","damage_taken":0,"max_hp_gain":0,"max_hp_loss":0,"event_name":"conspire:LoneGhost","floor":12,"gold_loss":0},{"damage_healed":0,"gold_gain":0,"player_choice":" RottenVial ","damage_taken":4,"relics_obtained":["betterAltar:BloodRelic"],"max_hp_gain":70,"max_hp_loss":66,"event_name":"betterAltar:BetterAltar","floor":22,"potions_obtained":[],"relics_lost":["Blood Vial"],"gold_loss":0},{"damage_healed":0,"gold_gain":0,"player_choice":"Simplicity","damage_taken":0,"max_hp_gain":0,"max_hp_loss":0,"event_name":"Back to Basics","floor":29,"gold_loss":0,"cards_upgraded":["conspire:GhostlyStrike","conspire:GhostlyStrike","conspire:GhostlyStrike","conspire:GhostlyStrike","conspire:GhostlyStrike","conspire:GhostlyDefend","conspire:GhostlyDefend","conspire:GhostlyDefend","conspire:GhostlyDefend"]},{"cards_removed":["conspire:GhostlyDefend"],"damage_healed":0,"gold_gain":0,"player_choice":"Gave Card","damage_taken":0,"relics_obtained":["StuffTheSpire:HeavyRock"],"max_hp_gain":0,"max_hp_loss":0,"event_name":"WeMeetAgain","floor":38,"gold_loss":0},{"damage_healed":0,"gold_gain":0,"player_choice":"Max HP","damage_taken":0,"max_hp_gain":0,"max_hp_loss":4,"event_name":"Winding Halls","floor":41,"gold_loss":0},{"damage_healed":0,"gold_gain":0,"player_choice":"RE RE ","damage_taken":37,"relics_obtained":["infinitespire:Satchel","ReplayFunnel"],"max_hp_gain":0,"max_hp_loss":0,"event_name":"betterSkull:BetterSkull","floor":44,"gold_loss":0,"cards_upgraded":[]},{"damage_healed":0,"gold_gain":0,"player_choice":"Got Potions","damage_taken":0,"max_hp_gain":0,"max_hp_loss":0,"event_name":"Lab","floor":47,"gold_loss":0}],"is_beta":false,"boss_relics":[{"not_picked":["aspiration:PoetsPen_weak","hubris:BlackHole"],"picked":"Black Star"},{"not_picked":["aspiration:RitualDagger","Honey Jar"],"picked":"Sozu"}],"items_purged_floors":[],"is_endless":false,"potions_floor_spawned":[1,7,14,30,31,45,46],"killed_by":"Awakened One","ascension_level":10}}