{"host":"y3h3n3f7seyagppx","time":1612117500,"event":{"mods":["AlwaysNeverKeys","BaseMod","Better Vampires","Colored Powertips","DeckTracker","Emptier Cage","Minty Spire (QoL Compilation)","Permanent Neow","Quick Restart","Rare Cards Sparkle","Relic Sorter","Relic Stats","StSLib","Transform Curses"],"gold_per_floor":[111,124,143,143,218,253,58,88,115,115,125,139,150,179,179,252,252,270,1,16,29,46,46,99,99,181,181,215,53,53,72,72,149,149,159,74,74,92,16,41,41,73,85,129,141,141],"floor_reached":45,"language":"ENG","playtime":7221,"items_purged":["Strike_R","Strike_R"],"score":1122,"play_id":"61f92efd-90fc-44cb-87b3-0f8aabc4acc7","local_time":"20210131132459","is_ascension_mode":true,"campfire_choices":[{"data":"Carnage","floor":10,"key":"SMITH"},{"data":"Clothesline","floor":15,"key":"SMITH"},{"floor":23,"key":"REST"},{"floor":27,"key":"REST"},{"data":"Bash","floor":30,"key":"SMITH"},{"data":"Shrug It Off","floor":32,"key":"SMITH"},{"data":"Armaments","floor":41,"key":"SMITH"}],"circlet_count":0,"master_deck":["AscendersBane","Strike_R","Strike_R","Defend_R","Defend_R","Defend_R","Defend_R","Bash+1","Shrug It Off+1","Pommel Strike","Clothesline+1","Feel No Pain","Spot Weakness+1","Carnage+1","Reaper","Second Wind+1","Battle Trance+1","Corruption","CurseOfTheBell","Power Through","Shrug It Off","Power Through","Armaments+1","Feed","Flame Barrier"],"relics":["Burning Blood","Lantern","Art of War","Akabeko","Bronze Scales","Nunchaku","SlaversCollar","Toolbox","Champion Belt","InkBottle","Peace Pipe","Medical Kit","Calling Bell","Omamori","Darkstone Periapt","Incense Burner","Anchor","MawBank","Girya","Ancient Tea Set"],"acts_visited":["Exordium","TheCity","TheBeyond"],"potions_floor_usage":[8,16,24,31,33,33,42],"damage_taken":[{"damage":6,"enemies":"2 Louse","floor":1,"turns":4},{"damage":15,"enemies":"Jaw Worm","floor":2,"turns":9},{"damage":6,"enemies":"Cultist","floor":3,"turns":3},{"damage":56,"enemies":"3 Sentries","floor":6,"turns":14},{"damage":27,"enemies":"Gremlin Nob","floor":8,"turns":4},{"damage":8,"enemies":"Lots of Slimes","floor":11,"turns":4},{"damage":3,"enemies":"Exordium Thugs","floor":12,"turns":3},{"damage":10,"enemies":"Gremlin Gang","floor":13,"turns":4},{"damage":10,"enemies":"3 Sentries","floor":14,"turns":7},{"damage":11,"enemies":"The Guardian","floor":16,"turns":12},{"damage":15,"enemies":"3 Byrds","floor":18,"turns":3},{"damage":22,"enemies":"Spheric Guardian","floor":20,"turns":4},{"damage":38,"enemies":"3 Cultists","floor":21,"turns":5},{"damage":44,"enemies":"Sentry and Sphere","floor":22,"turns":7},{"damage":33,"enemies":"Slavers","floor":24,"turns":5},{"damage":32,"enemies":"Gremlin Leader","floor":28,"turns":5},{"damage":23,"enemies":"Chosen and Byrds","floor":31,"turns":6},{"damage":54,"enemies":"Collector","floor":33,"turns":8},{"damage":28,"enemies":"3 Shapes","floor":35,"turns":6},{"damage":0,"enemies":"Orb Walker","floor":38,"turns":4},{"damage":22,"enemies":"Nemesis","floor":40,"turns":11},{"damage":17,"enemies":"Reptomancer","floor":42,"turns":6},{"damage":67,"enemies":"Giant Head","floor":44,"turns":10},{"damage":34,"enemies":"Writhing Mass","floor":45,"turns":7}],"seed_played":"-2163101108336765289","potions_obtained":[{"floor":6,"key":"FairyPotion"},{"floor":12,"key":"SkillPotion"},{"floor":14,"key":"DuplicationPotion"},{"floor":18,"key":"BlessingOfTheForge"},{"floor":24,"key":"Weak Potion"},{"floor":31,"key":"Fire Potion"},{"floor":35,"key":"Weak Potion"},{"floor":38,"key":"Strength Potion"},{"floor":44,"key":"Explosive Potion"}],"is_trial":false,"path_per_floor":["M","M","M","?","?","E","$","E","T","R","M","M","M","E","R","B",null,"M","$","M","M","M","R","E","?","T","R","E","$","R","M","R","B",null,"M","$","?","M","$","E","R","E","T","E","M"],"character_chosen":"IRONCLAD","items_purchased":["Spot Weakness","DuplicationPotion","Toolbox","Medical Kit","Power Through","Power Through"],"campfire_rested":2,"item_purchase_floors":[7,7,19,29,36,39],"current_hp_per_floor":[68,59,59,75,64,14,14,28,28,28,26,29,25,21,21,16,60,66,66,50,42,16,38,25,25,25,47,49,49,49,40,40,8,58,60,60,60,66,66,54,54,64,64,18,0,0],"gold":141,"neow_bonus":"RANDOM_COMMON_RELIC","is_daily":false,"chose_seed":false,"campfire_upgraded":5,"win_rate":0.0,"timestamp":1612117499,"path_taken":["M","M","M","?","?","E","$","E","T","R","M","M","M","E","R","BOSS","M","$","M","M","M","R","E","?","T","R","E","$","R","?","R","BOSS","M","?","?","M","$","E","R","E","T","E","?"],"items_purchased_type":["Card","Potion","Relic","Relic","Card","Card"],"build_version":"2020-12-22","purchased_purges":2,"victory":false,"max_hp_per_floor":[75,75,75,75,75,75,75,75,75,75,75,75,75,75,75,75,75,75,75,75,75,75,75,75,75,75,75,75,75,75,75,75,75,75,75,75,75,75,75,75,75,75,75,75,75,75],"relic_stats":{"Peace Pipe":0,"Darkstone Periapt":0,"Nunchaku":[15],"counters":[24,151],"Bronze Scales":[363],"Art of War":[15],"Champion Belt":[11],"Medical Kit":[35],"MawBank":36,"obtain_stats":[{"Darkstone Periapt":34,"Girya":43,"Lantern":0,"Omamori":34,"Incense Burner":34,"Medical Kit":29,"MawBank":42,"Ancient Tea Set":44,"Burning Blood":0,"Akabeko":8,"Peace Pipe":28,"Calling Bell":34,"SlaversCollar":17,"Nunchaku":14,"Anchor":40,"Bronze Scales":9,"Toolbox":19,"Art of War":6,"Champion Belt":24,"InkBottle":26},{"Darkstone Periapt":18,"Girya":22,"Lantern":0,"Omamori":18,"Incense Burner":18,"Medical Kit":16,"MawBank":22,"Ancient Tea Set":23,"Burning Blood":0,"Akabeko":5,"Peace Pipe":16,"Calling Bell":18,"SlaversCollar":10,"Nunchaku":9,"Anchor":21,"Bronze Scales":5,"Toolbox":11,"Art of War":4,"Champion Belt":15,"InkBottle":15},{"Darkstone Periapt":107,"Girya":134,"Lantern":0,"Omamori":107,"Incense Burner":107,"Medical Kit":93,"MawBank":134,"Ancient Tea Set":144,"Burning Blood":0,"Akabeko":34,"Peace Pipe":93,"Calling Bell":107,"SlaversCollar":64,"Nunchaku":52,"Anchor":128,"Bronze Scales":34,"Toolbox":67,"Art of War":30,"Champion Belt":88,"InkBottle":88}],"Burning Blood":138,"InkBottle":[18]},"card_choices":[{"not_picked":["Cleave","Perfected Strike"],"picked":"Shrug It Off","floor":1},{"not_picked":["True Grit","Shockwave"],"picked":"Pommel Strike","floor":2},{"not_picked":["Shrug It Off","Thunderclap"],"picked":"Clothesline","floor":3},{"not_picked":["Wild Strike","Heavy Blade"],"picked":"Feel No Pain","floor":6},{"not_picked":["Evolve","Shockwave"],"picked":"Carnage","floor":8},{"not_picked":["Heavy Blade","Sever Soul","Clash"],"picked":"SKIP","floor":11},{"not_picked":["Sever Soul","Inflame","Warcry"],"picked":"SKIP","floor":12},{"not_picked":["Wild Strike","Body Slam","Sentinel"],"picked":"SKIP","floor":13},{"not_picked":["Intimidate","Wild Strike","Hemokinesis"],"picked":"SKIP","floor":14},{"not_picked":["Intimidate","Wild Strike","Hemokinesis"],"picked":"SKIP","floor":14},{"not_picked":["Exhume","Double Tap"],"picked":"Reaper","floor":16},{"not_picked":["Heavy Blade","Flex","Perfected Strike"],"picked":"SKIP","floor":18},{"not_picked":["Thunderclap","Pommel Strike","Wild Strike"],"picked":"SKIP","floor":20},{"not_picked":["Burning Pact","Wild Strike","Dual Wield"],"picked":"SKIP","floor":21},{"not_picked":["Flame Barrier","Rage","Clothesline"],"picked":"SKIP","floor":22},{"not_picked":["Clothesline","Warcry"],"picked":"Second Wind+1","floor":24},{"not_picked":["Searing Blow+1","Pummel"],"picked":"Battle Trance+1","floor":28},{"not_picked":["Rupture","Clothesline","Perfected Strike+1"],"picked":"SKIP","floor":31},{"not_picked":["Impervious","Fiend Fire"],"picked":"Corruption","floor":33},{"not_picked":["Rampage","Headbutt","Rage"],"picked":"SKIP","floor":35},{"not_picked":["Wild Strike","Rage+1"],"picked":"Shrug It Off","floor":38},{"not_picked":["Thunderclap","Flex"],"picked":"Armaments","floor":40},{"not_picked":["Sword Boomerang","Clash"],"picked":"Feed","floor":42},{"not_picked":["Flex+1","Heavy Blade"],"picked":"Flame Barrier","floor":44}],"player_experience":21863393,"relics_obtained":[{"floor":6,"key":"Art of War"},{"floor":8,"key":"Akabeko"},{"floor":9,"key":"Bronze Scales"},{"floor":14,"key":"Nunchaku"},{"floor":24,"key":"Champion Belt"},{"floor":26,"key":"InkBottle"},{"floor":28,"key":"Peace Pipe"},{"floor":34,"key":"Omamori"},{"floor":34,"key":"Darkstone Periapt"},{"floor":34,"key":"Incense Burner"},{"floor":40,"key":"Anchor"},{"floor":42,"key":"MawBank"},{"floor":43,"key":"Girya"},{"floor":44,"key":"Ancient Tea Set"}],"event_choices":[{"damage_healed":25,"gold_gain":0,"player_choice":"Banana","damage_taken":0,"max_hp_gain":0,"max_hp_loss":0,"event_name":"Big Fish","floor":4,"gold_loss":0},{"damage_healed":0,"gold_gain":75,"player_choice":"Gather Gold","damage_taken":11,"max_hp_gain":0,"max_hp_loss":0,"event_name":"World of Goop","floor":5,"gold_loss":0},{"damage_healed":0,"gold_gain":0,"player_choice":"Upgraded","damage_taken":0,"max_hp_gain":0,"max_hp_loss":0,"event_name":"Upgrade Shrine","floor":25,"gold_loss":0,"cards_upgraded":["Spot Weakness"]},{"cards_removed":["Strike_R"],"damage_healed":0,"gold_gain":0,"player_choice":"Offered Basic","damage_taken":0,"max_hp_gain":0,"max_hp_loss":0,"event_name":"Bonfire Elementals","floor":37,"gold_loss":0}],"is_beta":false,"boss_relics":[{"not_picked":["Black Star","Empty Cage"],"picked":"SlaversCollar"},{"not_picked":["SacredBark","Tiny House"],"picked":"Calling Bell"}],"items_purged_floors":[7,19],"is_endless":false,"potions_floor_spawned":[6,12,14,18,24,31,35,38,40,44],"killed_by":"Writhing Mass","ascension_level":20}}