{"host":"f0gpob8hq9vgebej","time":1612096557,"event":{"mods":["AchievementEnabler","BaseMod","Minty Spire (QoL Compilation)","Quick Restart","SuperFastMode"],"gold_per_floor":[114,130,140,65,81,81,97,97,97,97,97,115,115,129,129,228,228,240,12,28,28,40,40,59,59,86,97,97,130,0,17,17,114,114,125,141,141,141,141],"floor_reached":38,"language":"KOR","playtime":861,"items_purged":["Strike_B"],"score":624,"play_id":"ab9d909e-2c4d-48d7-b290-c3ce1f46ed04","local_time":"20210131213557","is_ascension_mode":true,"campfire_choices":[{"data":"Zap","floor":6.0,"key":"SMITH"},{"data":"Sweeping Beam","floor":11.0,"key":"SMITH"},{"data":"Dualcast","floor":13.0,"key":"SMITH"},{"floor":15.0,"key":"REST"},{"data":"Creative AI","floor":23.0,"key":"SMITH"},{"floor":25,"key":"REST"},{"floor":32,"key":"REST"}],"circlet_count":0,"master_deck":["AscendersBane","Strike_B","Strike_B","Defend_B+1","Defend_B","Defend_B+1","Defend_B","Zap+1","Dualcast+1","Rebound","Sweeping Beam+1","Chill","Steam Power","Echo Form+1","Compile Driver","Creative AI+1","CurseOfTheBell","Hologram","Electrodynamics","Skim","Defragment","Conserve Battery","Barrage","Turbo","Ball Lightning","Loop","Thunder Strike","Force Field","Static Discharge+1"],"relics":["Cracked Core","Bag of Preparation","Calling Bell","Darkstone Periapt","Unceasing Top","Akabeko","Boot","War Paint","Inserter"],"acts_visited":["Exordium","TheCity","TheBeyond"],"potions_floor_usage":[29],"damage_taken":[{"damage":1.0,"enemies":"2 Louse","floor":1.0,"turns":3.0},{"damage":4.0,"enemies":"Jaw Worm","floor":2.0,"turns":3.0},{"damage":0.0,"enemies":"Cultist","floor":3.0,"turns":3.0},{"damage":31.0,"enemies":"Exordium Thugs","floor":5.0,"turns":5.0},{"damage":11.0,"enemies":"Exordium Wildlife","floor":7.0,"turns":3.0},{"damage":0.0,"enemies":"3 Louse","floor":12.0,"turns":3.0},{"damage":0.0,"enemies":"Looter","floor":14.0,"turns":2.0},{"damage":23.0,"enemies":"Slime Boss","floor":16.0,"turns":9.0},{"damage":16.0,"enemies":"Chosen","floor":18.0,"turns":5.0},{"damage":9.0,"enemies":"Spheric Guardian","floor":20.0,"turns":3.0},{"damage":19.0,"enemies":"Chosen and Byrds","floor":22.0,"turns":5.0},{"damage":31,"enemies":"3 Cultists","floor":24,"turns":5},{"damage":22,"enemies":"Snecko","floor":27,"turns":5},{"damage":24,"enemies":"Book of Stabbing","floor":29,"turns":5},{"damage":15,"enemies":"Sentry and Sphere","floor":31,"turns":5},{"damage":18,"enemies":"Automaton","floor":33,"turns":13},{"damage":10,"enemies":"Orb Walker","floor":35,"turns":4},{"damage":0,"enemies":"3 Shapes","floor":36,"turns":1},{"damage":57,"enemies":"Writhing Mass","floor":38,"turns":4}],"seed_played":"3913373580569014180","potions_obtained":[{"floor":5.0,"key":"FocusPotion"},{"floor":12.0,"key":"FairyPotion"},{"floor":16.0,"key":"Energy Potion"},{"floor":20.0,"key":"Fire Potion"},{"floor":22.0,"key":"FocusPotion"},{"floor":29,"key":"FairyPotion"},{"floor":35,"key":"LiquidBronze"}],"is_trial":false,"path_per_floor":["M","M","M","$","M","R","M","?","T","?","R","M","R","M","R","B",null,"M","$","M","?","M","R","M","R","T","M","?","E","?","M","R","B",null,"M","M","?","M"],"character_chosen":"DEFECT","items_purchased":["Electrodynamics","Skim"],"campfire_rested":3,"item_purchase_floors":[19,19],"current_hp_per_floor":[67,63,63,63,32,32,21,26,26,26,26,26,26,26,50,27,67,51,51,42,42,23,23,24,48,48,26,26,2,2,18,42,24,66,56,56,56,0,0],"gold":141,"neow_bonus":"TRANSFORM_CARD","is_daily":false,"chose_seed":false,"campfire_upgraded":4,"win_rate":0.0,"timestamp":1612096557,"path_taken":["M","M","M","$","M","R","M","?","T","?","R","?","R","M","R","BOSS","M","$","M","?","M","R","M","R","T","M","?","E","?","M","R","BOSS","M","M","?","M"],"items_purchased_type":["Card","Card"],"build_version":"2020-12-22","purchased_purges":1,"victory":false,"max_hp_per_floor":[75,75,75,75,75,75,75,80,80,80,80,80,80,80,80,80,80,80,80,80,80,80,80,80,80,80,80,80,80,80,80,80,80,80,80,80,80,80,80],"card_choices":[{"not_picked":["Beam Cell","Cold Snap"],"picked":"Sweeping Beam","floor":1.0},{"not_picked":["Compile Driver","Rip and Tear"],"picked":"Chill","floor":2.0},{"not_picked":["Cold Snap","Leap"],"picked":"Steam Power","floor":3.0},{"not_picked":["Fusion","Undo"],"picked":"Echo Form","floor":5.0},{"not_picked":["Leap","Steam Power","Redo"],"picked":"SKIP","floor":7.0},{"not_picked":["Stack","Darkness"],"picked":"Compile Driver","floor":12.0},{"not_picked":["Aggregate","Rip and Tear","Coolheaded"],"picked":"SKIP","floor":14.0},{"not_picked":["Biased Cognition","Fission"],"picked":"Creative AI","floor":16.0},{"not_picked":["Hello World","Lockon+1"],"picked":"Hologram","floor":18.0},{"not_picked":["Ball Lightning","Steam+1"],"picked":"Defragment","floor":20.0},{"not_picked":["Compile Driver","Sweeping Beam"],"picked":"Conserve Battery","floor":22.0},{"not_picked":["Stack","Reinforced Body"],"picked":"Barrage","floor":24},{"not_picked":["Sweeping Beam","Go for the Eyes"],"picked":"Turbo","floor":27},{"not_picked":["Conserve Battery","Core Surge"],"picked":"Ball Lightning","floor":29},{"not_picked":["Streamline","Stack"],"picked":"Loop","floor":31},{"not_picked":["Electrodynamics","Hyperbeam"],"picked":"Thunder Strike","floor":33},{"not_picked":["Coolheaded","Chaos+1"],"picked":"Force Field","floor":35},{"not_picked":["Loop","Hologram+1"],"picked":"Static Discharge+1","floor":36}],"player_experience":325950,"relics_obtained":[{"floor":9.0,"key":"Bag of Preparation"},{"floor":17.0,"key":"Darkstone Periapt"},{"floor":17.0,"key":"Unceasing Top"},{"floor":17.0,"key":"Akabeko"},{"floor":26,"key":"Boot"},{"floor":29,"key":"War Paint"}],"event_choices":[{"damage_healed":0.0,"max_hp_gain":5.0,"max_hp_loss":0.0,"gold_gain":0.0,"event_name":"Big Fish","player_choice":"Donut","floor":8.0,"gold_loss":0.0,"damage_taken":0.0},{"damage_healed":0.0,"max_hp_gain":0.0,"max_hp_loss":0.0,"gold_gain":0.0,"event_name":"Upgrade Shrine","player_choice":"Upgraded","floor":10.0,"gold_loss":0.0,"damage_taken":0.0,"cards_upgraded":["Echo Form"]},{"damage_healed":0.0,"max_hp_gain":0.0,"max_hp_loss":0.0,"gold_gain":0.0,"event_name":"Vampires","player_choice":"Ignored","floor":21.0,"gold_loss":0.0,"damage_taken":0.0},{"damage_healed":0,"gold_gain":0,"player_choice":"Ignored","damage_taken":0,"max_hp_gain":0,"max_hp_loss":0,"event_name":"The Mausoleum","floor":28,"gold_loss":0},{"damage_healed":0,"gold_gain":0,"player_choice":"Paid Fearfully","damage_taken":0,"max_hp_gain":0,"max_hp_loss":0,"event_name":"Masked Bandits","floor":30,"gold_loss":130},{"damage_healed":0,"gold_gain":0,"player_choice":"Ignored","damage_taken":0,"max_hp_gain":0,"max_hp_loss":0,"event_name":"Mysterious Sphere","floor":37,"gold_loss":0}],"is_beta":false,"boss_relics":[{"not_picked":["Coffee Dripper","Nuclear Battery"],"picked":"Calling Bell"},{"not_picked":["Tiny House","Empty Cage"],"picked":"Inserter"}],"items_purged_floors":[4],"is_endless":false,"potions_floor_spawned":[5,12,14,16,20,22,29,35],"killed_by":"Writhing Mass","ascension_level":12}}