{"host":"hr6qo4jjm4ge1z5l","time":1612126605,"event":{"mods":["BaseMod","Highlight Path","Minty Spire (QoL Compilation)","Relic Stats","ojb\u0027s Info Mod"],"gold_per_floor":[113,113,129,148,160,195,210,224,276,306,176,189,217,236,236,236,236],"floor_reached":16,"language":"ENG","playtime":1776,"items_purged":[],"score":227,"play_id":"bfce4bae-f661-4a68-aad0-a66292753a7b","local_time":"20210131215645","is_ascension_mode":true,"campfire_choices":[{"data":"Biased Cognition","floor":15,"key":"SMITH"}],"circlet_count":0,"master_deck":["AscendersBane","Strike_B","Strike_B","Strike_B","Strike_B","Defend_B","Defend_B","Defend_B","Defend_B","Zap","Dualcast","Echo Form","Leap","Cold Snap","Ball Lightning","Sweeping Beam","Lockon","Genetic Algorithm","Biased Cognition+1","Ball Lightning","Self Repair","Leap","Electrodynamics+1","Undo"],"relics":["Cracked Core","SsserpentHead","Dream Catcher","Bronze Scales","Darkstone Periapt","Frozen Egg 2"],"acts_visited":["Exordium"],"potions_floor_usage":[10,16,16],"damage_taken":[{"damage":3,"enemies":"2 Louse","floor":1,"turns":4},{"damage":0,"enemies":"Cultist","floor":3,"turns":4},{"damage":0,"enemies":"Small Slimes","floor":4,"turns":4},{"damage":10,"enemies":"Exordium Thugs","floor":5,"turns":7},{"damage":1,"enemies":"Lagavulin","floor":6,"turns":6},{"damage":14,"enemies":"3 Louse","floor":7,"turns":2},{"damage":6,"enemies":"Exordium Wildlife","floor":8,"turns":4},{"damage":8,"enemies":"Gremlin Nob","floor":10,"turns":4},{"damage":0,"enemies":"Looter","floor":12,"turns":3},{"damage":6,"enemies":"3 Sentries","floor":13,"turns":5},{"damage":0,"enemies":"Blue Slaver","floor":14,"turns":2},{"damage":23,"enemies":"The Guardian","floor":16,"turns":6}],"seed_played":"-3376094931763782260","potions_obtained":[{"floor":3,"key":"CultistPotion"},{"floor":6,"key":"Energy Potion"},{"floor":7,"key":"Swift Potion"},{"floor":8,"key":"GamblersBrew"}],"is_trial":false,"path_per_floor":["M","?","M","M","M","E","M","M","T","E","$","M","E","M","R","B"],"character_chosen":"DEFECT","items_purchased":["Self Repair","Weak Potion"],"campfire_rested":0,"item_purchase_floors":[11,11],"current_hp_per_floor":[61,61,61,61,51,50,36,30,30,22,22,22,23,23,23,0,0],"gold":236,"neow_bonus":"THREE_RARE_CARDS","is_daily":false,"chose_seed":false,"campfire_upgraded":1,"win_rate":0.0,"timestamp":1612126605,"path_taken":["M","?","M","M","M","E","M","M","T","E","$","M","E","M","R","BOSS"],"items_purchased_type":["Card","Potion"],"build_version":"2020-12-22","purchased_purges":0,"victory":false,"max_hp_per_floor":[64,64,64,64,64,64,64,64,64,64,64,64,64,64,64,64,64],"relic_stats":{"Darkstone Periapt":0,"SsserpentHead":0,"Dream Catcher":0,"counters":[12,51],"Bronze Scales":[48],"obtain_stats":[{"Darkstone Periapt":10,"SsserpentHead":2,"Dream Catcher":6,"Bronze Scales":9,"Frozen Egg 2":13,"Cracked Core":0},{"Darkstone Periapt":8,"SsserpentHead":1,"Dream Catcher":5,"Bronze Scales":7,"Frozen Egg 2":10,"Cracked Core":0},{"Darkstone Periapt":35,"SsserpentHead":4,"Dream Catcher":25,"Bronze Scales":31,"Frozen Egg 2":43,"Cracked Core":0}]},"card_choices":[{"not_picked":["Multi-Cast","Buffer"],"picked":"Echo Form","floor":0},{"not_picked":["Streamline","Coolheaded"],"picked":"Leap","floor":1},{"not_picked":["Darkness","Sunder"],"picked":"Cold Snap","floor":3},{"not_picked":["Redo","Beam Cell"],"picked":"Ball Lightning","floor":4},{"not_picked":["Rip and Tear","Ball Lightning"],"picked":"Sweeping Beam","floor":5},{"not_picked":["Chaos","Compile Driver"],"picked":"Lockon","floor":6},{"not_picked":["Fusion","Melter"],"picked":"Genetic Algorithm","floor":7},{"not_picked":["Streamline","Cold Snap"],"picked":"Biased Cognition","floor":8},{"not_picked":["Lockon","Streamline"],"picked":"Ball Lightning","floor":10},{"not_picked":["Consume","Recycle"],"picked":"Leap","floor":12},{"not_picked":["Gash","Conserve Battery"],"picked":"Electrodynamics+1","floor":13},{"not_picked":["Gash","Chaos"],"picked":"Undo","floor":14}],"player_experience":528545,"relics_obtained":[{"floor":6,"key":"Dream Catcher"},{"floor":9,"key":"Bronze Scales"},{"floor":10,"key":"Darkstone Periapt"},{"floor":13,"key":"Frozen Egg 2"}],"event_choices":[{"damage_healed":0,"gold_gain":0,"player_choice":"Trade","damage_taken":0,"relics_obtained":["SsserpentHead"],"max_hp_gain":0,"max_hp_loss":0,"event_name":"FaceTrader","floor":2,"gold_loss":0}],"is_beta":false,"boss_relics":[],"items_purged_floors":[],"is_endless":false,"potions_floor_spawned":[3,6,7,8],"killed_by":"The Guardian","ascension_level":16}}