{"host":"cnq91ghfhf6lz0gv","time":1612062294,"event":{"mods":["BaseMod","Clockwork Mod","Colored Map","Colored Powertips","Conspire","Downfall","Googly Eyes","Highlight Path","Minty Spire (QoL Compilation)","Replay The Spire","StSLib","SuperFastMode","The IronCluck","The Showman","slay the spire mod where everything is the same but ironclad has a cowboy hat"],"gold_per_floor":[19,19,38,55,68,102,102,27,27,27,46,66,76,94,94,197,197,208,208,183,183,193,193,193,193,193,193,208,85,101,28,28,125,125,144,144,73,73,83,83,108,108,108,121,121,121,140,154,154,154,154,154,6,38,38],"floor_reached":56,"language":"ENG","playtime":3054,"items_purged":["Clockwork:FalseStart+1","Clockwork:Downsize"],"score":1206,"play_id":"f98f4da7-e4e8-47ff-8f17-5da74287c46f","local_time":"20210130220454","is_ascension_mode":false,"campfire_choices":[{"data":"Clockwork:Tinker","floor":7,"key":"SMITH"},{"data":"Clockwork:SearingStrike+2","floor":15,"key":"SMITH"},{"data":"Clockwork:ChargingShield","floor":23,"key":"SMITH"},{"data":"Clockwork:SearingStrike+3","floor":25,"key":"SMITH"},{"floor":32,"key":"REST"},{"data":"Clockwork:Strike","floor":40,"key":"SMITH"},{"data":"Clockwork:WarmUp","floor":42,"key":"SMITH"},{"floor":49,"key":"RECALL"},{"data":"Clockwork:SearingStrike+5","floor":52,"key":"SMITH"}],"circlet_count":0,"master_deck":["Clockwork:Strike+1","Clockwork:Tinker+1","Clockwork:WarmUp+1","Clockwork:SearingStrike+6","Clockwork:ChargingShield+1","Clockwork:RevUp+1","Clockwork:Improve+1","Clockwork:Improve+1","Clockwork:RevUp+1"],"relics":["Clockwork:MomentumEngine","White Beast Statue","Clockwork:SomewhatSmoothStone","Black Star","Replay:WaspNest","Frozen Egg 2","Replay:Bottled Eggs","Blue Candle","Clockwork:Varja","Runic Dome","PreservedInsect","Replay:Mystery Machine","Molten Egg 2","Bronze Scales","Replay:PocketPolymizer","conspire:TopHat"],"acts_visited":["Exordium","TheCity","TheBeyond","TheEnding"],"potions_floor_usage":[6,6,16,18,30,33,54,55,55],"damage_taken":[{"damage":0,"enemies":"Jaw Worm","floor":1,"turns":10},{"damage":2,"enemies":"conspire:RoseBush","floor":3,"turns":4},{"damage":1,"enemies":"Cultist","floor":4,"turns":5},{"damage":4,"enemies":"Blue Slaver","floor":5,"turns":5},{"damage":14,"enemies":"Gremlin Nob","floor":6,"turns":4},{"damage":0,"enemies":"conspire:2 RoseBushes","floor":11,"turns":8},{"damage":0,"enemies":"Exordium Thugs","floor":12,"turns":7},{"damage":0,"enemies":"Looter","floor":13,"turns":4},{"damage":4,"enemies":"conspire:2 RoseBushes","floor":14,"turns":8},{"damage":72,"enemies":"Fading Forest","floor":16,"turns":11},{"damage":20,"enemies":"Shell Parasite","floor":18,"turns":8},{"damage":5,"enemies":"2 Thieves","floor":20,"turns":5},{"damage":10,"enemies":"Chosen and Byrds","floor":22,"turns":9},{"damage":13,"enemies":"Snake Plant","floor":28,"turns":5},{"damage":9,"enemies":"Shelled Parasite and Fungi","floor":30,"turns":9},{"damage":42,"enemies":"Automaton","floor":33,"turns":15},{"damage":7,"enemies":"Orb Walker","floor":35,"turns":6},{"damage":0,"enemies":"3 Darklings","floor":39,"turns":8},{"damage":31,"enemies":"R_Hoarder","floor":41,"turns":16},{"damage":22,"enemies":"4 Shapes","floor":44,"turns":16},{"damage":0,"enemies":"Transient","floor":47,"turns":5},{"damage":0,"enemies":"3 Darklings","floor":48,"turns":5},{"damage":1,"enemies":"Time Eater","floor":50,"turns":8},{"damage":60,"enemies":"Shield and Spear","floor":54,"turns":9},{"damage":38,"enemies":"The Heart","floor":55,"turns":9}],"seed_played":"392841589911426374","potions_obtained":[{"floor":3,"key":"LiquidMemories"},{"floor":5,"key":"Strength Potion"},{"floor":6,"key":"Fire Potion"},{"floor":11,"key":"conspire:TimeTravelPotion"},{"floor":12,"key":"LiquidMemories"},{"floor":16,"key":"Weak Potion"},{"floor":18,"key":"Strength Potion"},{"floor":22,"key":"DuplicationPotion"},{"floor":28,"key":"Regen Potion"},{"floor":30,"key":"BlessingOfTheForge"},{"floor":33,"key":"Reflective Coating"},{"floor":35,"key":"Elixir"},{"floor":48,"key":"Regen Potion"},{"floor":54,"key":"sneckomod:MuddlingPotion"}],"is_trial":false,"path_per_floor":["M","?","M","M","M","E","R","$","T","?","M","M","M","M","R","B",null,"M","?","M","?","M","R","T","R","T","?","M","$","M","$","R","B",null,"M","$","$","?","M","R","E","R","T","M","?","?","M","M","R_BF","B",null,"R","$","E","B",null],"character_chosen":"CLOCKWORK","items_purchased":["Clockwork:Improve","Clockwork:RevUp+1","Clockwork:SmithsMallet","Bronze Scales"],"campfire_rested":1,"item_purchase_floors":[29,31,37,53],"current_hp_per_floor":[85,85,83,82,78,64,64,64,64,64,64,64,64,60,60,18,85,65,49,44,44,34,34,34,34,34,29,16,16,22,22,49,7,90,83,83,83,83,83,83,53,53,53,31,31,31,31,31,31,30,91,91,91,46,8],"gold":38,"neow_bonus":"REMOVE_TWO","is_daily":false,"chose_seed":false,"campfire_upgraded":7,"win_rate":0.0,"timestamp":1612062294,"path_taken":["M","?","M","M","M","E","R","$","T","?","M","M","M","?","R","BOSS","M","?","M","?","?","R","?","R","T","?","M","?","M","$","R","BOSS","M","?","$","?","?","R","E","R","T","M","?","?","?","M","R_BF","BOSS","R","$","E","BOSS"],"items_purchased_type":["Card","Card","Card","Relic"],"build_version":"2020-12-22","purchased_purges":2,"victory":true,"max_hp_per_floor":[85,85,85,85,85,85,85,85,85,85,85,85,85,85,85,85,85,85,90,90,90,90,90,90,90,90,90,90,90,90,90,90,90,90,90,90,90,90,90,90,91,91,91,91,91,91,91,91,91,91,91,91,91,91,91],"card_choices":[{"not_picked":["Clockwork:Minimalism","Clockwork:Pluck","Clockwork:ElasticNanites"],"picked":"SKIP","floor":1},{"not_picked":["Clockwork:MechanicalMass","Clockwork:CogBarrier","Clockwork:CogShield"],"picked":"SKIP","floor":3},{"not_picked":["Clockwork:ForgeStrike","Clockwork:SpringShield","Clockwork:SystemScan"],"picked":"SKIP","floor":4},{"not_picked":["Clockwork:ForgeStrike","Clockwork:ReserveSystems","Clockwork:Pluck"],"picked":"SKIP","floor":5},{"not_picked":["Clockwork:CogShield","Clockwork:Minimalism"],"picked":"Clockwork:Downsize","floor":6},{"not_picked":["Clockwork:AdaptiveCannon","Clockwork:SpurOn"],"picked":"Clockwork:SearingStrike","floor":11},{"not_picked":["Clockwork:Efficiency","Clockwork:CogToss"],"picked":"Clockwork:SmithsMallet","floor":12},{"not_picked":["Clockwork:SystemScan","Clockwork:CraftVarja"],"picked":"Clockwork:CraftSomewhatSmoothStone","floor":13},{"not_picked":["Clockwork:CraftCopperScales","Clockwork:TimeOut","Clockwork:SnapKeep"],"picked":"SKIP","floor":14},{"not_picked":["Clockwork:Inspiration","Clockwork:Randomization"],"picked":"Clockwork:CraftMomentumEngine","floor":16},{"not_picked":["Clockwork:Pluck+1","Clockwork:CraftVarja"],"picked":"Clockwork:ChargingShield","floor":18},{"not_picked":["Clockwork:SystemScan+1","Clockwork:ChargingShield","Clockwork:OccamsRazor"],"picked":"SKIP","floor":20},{"not_picked":["Clockwork:Enhance","Clockwork:RampUp"],"picked":"Clockwork:RevUp+1","floor":22},{"not_picked":["Clockwork:HoardingStrike","Clockwork:TiltAWhirl+1"],"picked":"Clockwork:Improve","floor":28},{"not_picked":["Clockwork:LogisticRegression+1","Clockwork:CogToss"],"picked":"Clockwork:CraftVarja+1","floor":30},{"not_picked":["Clockwork:RampUp+1","Clockwork:AdaptiveShield+1","Clockwork:Pluck+1"],"picked":"SKIP","floor":35},{"not_picked":["Clockwork:SystemScan+1","Clockwork:Minimalism+1","Clockwork:Redundancy+1"],"picked":"SKIP","floor":39},{"not_picked":["Clockwork:Minimalism","Clockwork:ChargingBlade+1","Clockwork:TiltAWhirl"],"picked":"SKIP","floor":41},{"not_picked":["Clockwork:Scour","Clockwork:AdaptiveCannon+1","Clockwork:Roundhouse+1"],"picked":"SKIP","floor":44},{"not_picked":["Clockwork:Minimalism","Clockwork:PerfectedStrike+1","Clockwork:SearingStrike+1"],"picked":"SKIP","floor":47},{"not_picked":["Clockwork:LiteraryArmor+1","Clockwork:HoardingStrike+1","Clockwork:ReserveSystems"],"picked":"SKIP","floor":48},{"not_picked":["Clockwork:LiteraryArmor+1","Clockwork:SystemScan","Clockwork:QuantumStrike+1"],"picked":"SKIP","floor":54}],"player_experience":200625,"relics_obtained":[{"floor":6,"key":"White Beast Statue"},{"floor":21,"key":"Replay:WaspNest"},{"floor":24,"key":"Frozen Egg 2"},{"floor":26,"key":"Replay:Bottled Eggs"},{"floor":41,"key":"PreservedInsect"},{"floor":41,"key":"Replay:Mystery Machine"},{"floor":43,"key":"Molten Egg 2"},{"floor":54,"key":"Replay:PocketPolymizer"},{"floor":54,"key":"conspire:TopHat"}],"event_choices":[{"cards_removed":["Clockwork:Shield"],"damage_healed":0,"gold_gain":0,"player_choice":"Offered Basic","damage_taken":0,"max_hp_gain":0,"max_hp_loss":0,"event_name":"Bonfire Elementals","floor":10,"gold_loss":0},{"damage_healed":0,"gold_gain":0,"player_choice":"Shed Blood","damage_taken":21,"max_hp_gain":5,"max_hp_loss":0,"event_name":"Forgotten Altar","floor":19,"gold_loss":0},{"damage_healed":0,"gold_gain":0,"player_choice":"Relic","damage_taken":0,"max_hp_gain":0,"max_hp_loss":0,"event_name":"Wheel of Change","floor":21,"gold_loss":0},{"damage_healed":0,"gold_gain":0,"player_choice":"Bought 0 Potions","damage_taken":0,"max_hp_gain":0,"max_hp_loss":0,"event_name":"The Woman in Blue","floor":38,"gold_loss":0},{"cards_removed":["Clockwork:Shield"],"damage_healed":0,"gold_gain":0,"player_choice":"Removed Skill","damage_taken":0,"max_hp_gain":0,"max_hp_loss":0,"event_name":"Falling","floor":45,"gold_loss":0},{"damage_healed":0,"gold_gain":0,"player_choice":"Ignored","damage_taken":0,"max_hp_gain":0,"max_hp_loss":0,"event_name":"Transmorgrifier","floor":46,"gold_loss":0}],"is_beta":false,"boss_relics":[{"not_picked":["Honey Jar","Replay:Bronze Core"],"picked":"Black Star"},{"not_picked":["SlaversCollar","Calling Bell"],"picked":"Runic Dome"}],"items_purged_floors":[8,29],"is_endless":false,"potions_floor_spawned":[3,5,6,11,12,13,14,16,18,20,22,28,30,33,35,39,41,44,47,48,54],"ascension_level":0}}