{"host":"ayh4nqhr0ddw4ozv","time":1612084093,"event":{"mods":["BaseMod","Minty Spire (QoL Compilation)","Relic Stats","Replay The Spire","Robot Space Explorer","StSLib"],"gold_per_floor":[113,128,143,143,157,157,157,193,247,247,266,140,165,209,209,302,302,315,315,59,82,82,101,51,71,96,119,165,209,229,229,229,323,323,341,341,356,356,369,384,420,420,420,445,464,239,239,573,573,573,573,573,31,70,70],"floor_reached":56,"language":"ENG","playtime":4526,"items_purged":["Strike_P","Strike_P","FollowUp"],"score":2141,"play_id":"d793e9e6-d734-4b74-847f-39b7251c2531","local_time":"20210131010813","is_ascension_mode":true,"campfire_choices":[{"data":"Eruption","floor":6,"key":"SMITH"},{"data":"ForeignInfluence","floor":15,"key":"SMITH"},{"floor":32,"key":"REST"},{"data":"Apotheosis","floor":47,"key":"SMITH"},{"floor":49,"key":"RECALL"},{"data":"Scrawl","floor":52,"key":"SMITH"}],"circlet_count":0,"master_deck":["AscendersBane","Defend_P","Defend_P","Eruption+1","Vigilance","CutThroughFate","SashWhip","ForeignInfluence+1","Steam","EmptyBody","Prostrate","WaveOfTheHand","Scrawl+1","CrushJoints","Apotheosis+1","Panacea","FlurryOfBlows","SignatureMove","Replay:DivineShield","Weave","SpiritShield","Halt+1","Halt","WindmillStrike","Pray+1","ReachHeaven","ThirdEye","Worship"],"relics":["Runic Pyramid","Golden Idol","InkBottle","Anchor","Tiny Chest","Juzu Bracelet","Painkiller Herb","BargainBundle","Akabeko","Replay:Mystery Machine","Art of War","Black Star","Replay:PocketPolymizer","Bottled Lightning","Potion Belt","ClockworkSouvenir","Old Coin","Mercury Hourglass","GoldenEye","Du-Vu Doll","Bronze Scales"],"acts_visited":["Exordium","TheCity","TheBeyond","TheEnding"],"potions_floor_usage":[20,29,37,41,50,55,55,55,55],"damage_taken":[{"damage":0,"enemies":"2 Louse","floor":1,"turns":3},{"damage":0,"enemies":"Cultist","floor":2,"turns":3},{"damage":0,"enemies":"Small Slimes","floor":3,"turns":2},{"damage":19,"enemies":"Exordium Thugs","floor":5,"turns":5},{"damage":10,"enemies":"Gremlin Nob","floor":8,"turns":3},{"damage":0,"enemies":"2 Fungi Beasts","floor":11,"turns":2},{"damage":0,"enemies":"Gremlin Gang","floor":13,"turns":5},{"damage":4,"enemies":"Replay:BlueRogue","floor":14,"turns":6},{"damage":9,"enemies":"Hexaghost","floor":16,"turns":12},{"damage":0,"enemies":"Shell Parasite","floor":18,"turns":4},{"damage":6,"enemies":"3 Byrds","floor":21,"turns":5},{"damage":0,"enemies":"Sentry and Sphere","floor":23,"turns":4},{"damage":8,"enemies":"Snake Plant","floor":25,"turns":5},{"damage":16,"enemies":"Shelled Parasite and Fungi","floor":27,"turns":5},{"damage":0,"enemies":"Slavers","floor":29,"turns":3},{"damage":5,"enemies":"3 Cultists","floor":30,"turns":3},{"damage":10,"enemies":"Champ","floor":33,"turns":7},{"damage":0,"enemies":"3 Darklings","floor":35,"turns":3},{"damage":9,"enemies":"3 Shapes","floor":37,"turns":7},{"damage":0,"enemies":"Sphere and 2 Shapes","floor":39,"turns":4},{"damage":3,"enemies":"4 Shapes","floor":40,"turns":4},{"damage":0,"enemies":"Reptomancer","floor":41,"turns":5},{"damage":1,"enemies":"Maw","floor":44,"turns":5},{"damage":0,"enemies":"Sphere and 2 Shapes","floor":45,"turns":3},{"damage":0,"enemies":"Nemesis","floor":48,"turns":5},{"damage":0,"enemies":"Time Eater","floor":50,"turns":6},{"damage":2,"enemies":"Shield and Spear","floor":54,"turns":5},{"damage":50,"enemies":"The Heart","floor":55,"turns":9}],"seed_played":"4851504688139004803","potions_obtained":[{"floor":3,"key":"GamblersBrew"},{"floor":8,"key":"SkillPotion"},{"floor":11,"key":"GamblersBrew"},{"floor":33,"key":"SkillPotion"},{"floor":40,"key":"Elixir"},{"floor":41,"key":"AttackPotion"},{"floor":45,"key":"Explosive Potion"},{"floor":48,"key":"SpeedPotion"}],"is_trial":false,"path_per_floor":["M","M","M","?","M","R","?","E","T","?","M","$","M","E","R","B",null,"?","?","T","?","T","?","?","?","T","?","T","E","?","?","T","B",null,"?","?","?","?","?","?","E","T","T","?","?","T","T","E","T","B",null,"T","T","E","B",null],"character_chosen":"WATCHER","items_purchased":["Prostrate","BargainBundle","Apotheosis","Panacea","Fruit Juice","LiquidBronze","FlurryOfBlows","GamblersBrew","ClockworkSouvenir","Languid Potion","GoldenEye","ThirdEye"],"campfire_rested":1,"item_purchase_floors":[12,20,20,20,20,20,20,46,46,53,53,53],"current_hp_per_floor":[61,61,61,61,42,42,42,32,32,32,32,32,32,28,28,19,51,51,51,56,50,50,50,50,42,42,26,26,26,21,15,35,25,57,57,57,48,48,48,45,45,45,45,44,44,44,44,44,44,44,59,59,59,57,7],"gold":70,"neow_bonus":"BOSS_RELIC","is_daily":false,"chose_seed":false,"campfire_upgraded":4,"win_rate":0.0,"timestamp":1612084093,"path_taken":["M","M","M","?","M","R","?","E","T","?","M","$","?","E","R","BOSS","?","?","T","?","T","?","?","?","T","?","?","E","?","?","T","BOSS","?","?","?","?","?","?","E","?","T","?","?","T","T","E","T","BOSS","T","T","E","BOSS"],"items_purchased_type":["Card","Relic","Card","Card","Potion","Potion","Card","Potion","Relic","Potion","Relic","Card"],"build_version":"2020-12-22","purchased_purges":3,"victory":true,"max_hp_per_floor":[68,68,68,62,62,62,62,62,62,62,62,62,62,62,62,62,62,62,62,67,67,67,67,67,67,67,67,67,67,67,67,67,67,67,67,67,67,64,64,64,64,64,64,64,64,64,64,64,64,64,64,64,64,64,64],"relic_stats":{"counters":[28,133],"Golden Idol":181,"Bronze Scales":[141],"Tiny Chest":2,"Juzu Bracelet":1,"Art of War":[13],"Black Star":3,"GoldenEye":[9],"obtain_stats":[{"Potion Belt":42,"BargainBundle":20,"Replay:PocketPolymizer":41,"Golden Idol":4,"Painkiller Herb":17,"Juzu Bracelet":14,"Replay:Mystery Machine":28,"GoldenEye":53,"Akabeko":26,"ClockworkSouvenir":46,"Old Coin":48,"Mercury Hourglass":48,"Du-Vu Doll":54,"Anchor":9,"Bronze Scales":54,"Tiny Chest":10,"Art of War":29,"Black Star":34,"Bottled Lightning":41,"PureWater":0,"InkBottle":8,"Runic Pyramid":0},{"Potion Belt":22,"BargainBundle":10,"Replay:PocketPolymizer":22,"Golden Idol":3,"Painkiller Herb":9,"Juzu Bracelet":8,"Replay:Mystery Machine":14,"GoldenEye":26,"Akabeko":13,"ClockworkSouvenir":24,"Old Coin":25,"Mercury Hourglass":25,"Du-Vu Doll":27,"Anchor":5,"Bronze Scales":27,"Tiny Chest":5,"Art of War":15,"Black Star":17,"Bottled Lightning":22,"PureWater":0,"InkBottle":5,"Runic Pyramid":0},{"Potion Belt":100,"BargainBundle":45,"Replay:PocketPolymizer":100,"Golden Idol":8,"Painkiller Herb":41,"Juzu Bracelet":29,"Replay:Mystery Machine":64,"GoldenEye":119,"Akabeko":59,"ClockworkSouvenir":108,"Old Coin":113,"Mercury Hourglass":113,"Du-Vu Doll":124,"Anchor":16,"Bronze Scales":124,"Tiny Chest":16,"Art of War":67,"Black Star":77,"Bottled Lightning":100,"PureWater":0,"InkBottle":16,"Runic Pyramid":0}],"InkBottle":[55],"Mercury Hourglass":[60]},"card_choices":[{"not_picked":["Replay:DivineShield","Replay:ManipulateFuture"],"picked":"CutThroughFate","floor":1},{"not_picked":["Meditate","Replay:BluntJabs"],"picked":"FollowUp","floor":2},{"not_picked":["Pray","BattleHymn","FollowUp"],"picked":"SKIP","floor":3},{"not_picked":["Consecrate","Prostrate"],"picked":"SashWhip","floor":5},{"not_picked":["Swivel","FollowUp","Evaluate"],"picked":"SKIP","floor":8},{"not_picked":["Replay:AtTheReady","BattleHymn"],"picked":"EmptyBody","floor":11},{"not_picked":["Fasting2","WreathOfFlame"],"picked":"WaveOfTheHand","floor":13},{"not_picked":["Replay:ManipulateFuture","WindmillStrike"],"picked":"LikeWater","floor":14},{"not_picked":["Judgement","Brilliance"],"picked":"Scrawl","floor":16},{"not_picked":["WheelKick","PathToVictory","Adaptation"],"picked":"SKIP","floor":18},{"not_picked":["Protect","Replay:Anticipation"],"picked":"SignatureMove","floor":21},{"not_picked":["PathToVictory","ThirdEye","WindmillStrike"],"picked":"SKIP","floor":23},{"not_picked":["Vengeance","SandsOfTime","JustLucky"],"picked":"SKIP","floor":25},{"not_picked":["Protect","Replay:AtTheReady"],"picked":"Replay:DivineShield","floor":27},{"not_picked":["SashWhip","EmptyBody","FlyingSleeves"],"picked":"SKIP","floor":29},{"not_picked":["Nirvana","Replay:AtTheReady"],"picked":"Weave","floor":30},{"not_picked":["Scrawl","MasterReality"],"picked":"SpiritShield","floor":33},{"not_picked":["Swivel","Protect","CrushJoints"],"picked":"SKIP","floor":35},{"not_picked":["Collect","EmptyBody+1"],"picked":"Halt+1","floor":37},{"not_picked":["Indignation+1","Swivel","JustLucky"],"picked":"SKIP","floor":39},{"not_picked":["WaveOfTheHand","Vengeance","ClearTheMind"],"picked":"SKIP","floor":40},{"not_picked":["Evaluate","EmptyFist","FlyingSleeves+1"],"picked":"SKIP","floor":41},{"not_picked":["ClearTheMind","Replay:Vibes","Weave"],"picked":"SKIP","floor":44},{"not_picked":["Replay:BluntJabs","ReachHeaven"],"picked":"Halt","floor":45},{"not_picked":["Replay:Anticipation","Halt"],"picked":"Pray+1","floor":48},{"not_picked":["ClearTheMind","Consecrate+1"],"picked":"Worship","floor":54}],"player_experience":400449,"relics_obtained":[{"floor":8,"key":"InkBottle"},{"floor":9,"key":"Anchor"},{"floor":14,"key":"Juzu Bracelet"},{"floor":26,"key":"Akabeko"},{"floor":28,"key":"Replay:Mystery Machine"},{"floor":29,"key":"Art of War"},{"floor":41,"key":"Replay:PocketPolymizer"},{"floor":41,"key":"Bottled Lightning"},{"floor":42,"key":"Potion Belt"},{"floor":48,"key":"Old Coin"},{"floor":48,"key":"Mercury Hourglass"},{"floor":54,"key":"Du-Vu Doll"},{"floor":54,"key":"Bronze Scales"}],"event_choices":[{"damage_healed":0,"gold_gain":0,"player_choice":"Lose Max HP","damage_taken":0,"relics_obtained":["Golden Idol"],"max_hp_gain":0,"max_hp_loss":6,"event_name":"Golden Idol","floor":4,"gold_loss":0},{"damage_healed":0,"gold_gain":0,"player_choice":"Gave Potion","damage_taken":0,"relics_obtained":["Tiny Chest"],"max_hp_gain":0,"max_hp_loss":0,"event_name":"WeMeetAgain","floor":10,"gold_loss":0},{"damage_healed":0,"gold_gain":0,"player_choice":"Read","damage_taken":0,"max_hp_gain":0,"max_hp_loss":0,"event_name":"The Library","floor":19,"gold_loss":0,"cards_obtained":["CrushJoints"]},{"damage_healed":0,"gold_gain":0,"player_choice":"Bet on Murderer","damage_taken":0,"max_hp_gain":0,"max_hp_loss":0,"event_name":"The Joust","floor":24,"gold_loss":50},{"damage_healed":0,"gold_gain":0,"player_choice":"","damage_taken":6,"max_hp_gain":0,"max_hp_loss":0,"event_name":"Knowing Skull","floor":31,"potions_obtained":[],"gold_loss":0,"cards_obtained":[]},{"cards_removed":["LikeWater"],"damage_healed":0,"gold_gain":0,"player_choice":"Removed Power","damage_taken":0,"max_hp_gain":0,"max_hp_loss":0,"event_name":"Falling","floor":36,"gold_loss":0},{"damage_healed":0,"gold_gain":0,"player_choice":"Max HP","damage_taken":0,"max_hp_gain":0,"max_hp_loss":3,"event_name":"Winding Halls","floor":38,"gold_loss":0}],"is_beta":false,"boss_relics":[{"not_picked":["Sozu","Ectoplasm"],"picked":"Painkiller Herb"},{"not_picked":["Snecko Heart","Philosopher\u0027s Stone"],"picked":"Black Star"}],"items_purged_floors":[12,20,53],"is_endless":false,"potions_floor_spawned":[3,8,11,23,27,33,40,41,45,48,54],"ascension_level":15}}