{"host":"yrnalve8h0i0utgz","time":1612114284,"event":{"mods":["BaseMod","Bestiary","Minty Spire (QoL Compilation)","StSLib","SuperFastMode"],"gold_per_floor":[113,188,188,188,207,207,218,237,237,237,5,22,37,37,37,37,37],"floor_reached":16,"language":"ENG","playtime":611,"items_purged":[],"score":92,"play_id":"e643b685-f775-416f-a285-4d1d1d3eed31","local_time":"20210131183124","is_ascension_mode":false,"campfire_choices":[{"floor":6,"key":"REST"},{"floor":10,"key":"REST"},{"data":"Eruption","floor":15,"key":"SMITH"}],"circlet_count":0,"master_deck":["Strike_P","Strike_P","Strike_P","Defend_P","Defend_P","Defend_P","Eruption+1","Vigilance","Pray","Pray","Protect","Sanctity+1","ForeignInfluence+1","InnerPeace+1","WindmillStrike","ThirdEye+1"],"relics":["PureWater","Ornamental Fan","Toxic Egg 2","Matryoshka","Bag of Preparation"],"acts_visited":["Exordium"],"potions_floor_usage":[16,16],"damage_taken":[{"damage":3,"enemies":"Small Slimes","floor":1,"turns":3},{"damage":2,"enemies":"2 Louse","floor":5,"turns":4},{"damage":1,"enemies":"Cultist","floor":7,"turns":3},{"damage":0,"enemies":"3 Louse","floor":8,"turns":4},{"damage":0,"enemies":"Gremlin Gang","floor":12,"turns":1},{"damage":4,"enemies":"Large Slime","floor":13,"turns":4},{"damage":53,"enemies":"Hexaghost","floor":16,"turns":9}],"seed_played":"-7489096081513392030","potions_obtained":[{"floor":1,"key":"Fire Potion"},{"floor":5,"key":"SpeedPotion"},{"floor":13,"key":"SpeedPotion"}],"is_trial":false,"path_per_floor":["M","?","?","?","M","R","M","M","T","R","$","M","M","?","R","B"],"character_chosen":"WATCHER","items_purchased":["WindmillStrike","Bag of Preparation"],"campfire_rested":2,"item_purchase_floors":[11,11],"current_hp_per_floor":[48,37,12,12,10,31,30,30,30,51,51,51,47,52,52,0,0],"gold":37,"neow_bonus":"TRANSFORM_TWO_CARDS","is_daily":false,"chose_seed":false,"campfire_upgraded":1,"win_rate":0.0,"timestamp":1612114284,"path_taken":["M","?","?","?","M","R","M","M","T","R","$","M","?","?","R","BOSS"],"items_purchased_type":["Card","Relic"],"build_version":"2020-12-22","purchased_purges":0,"victory":false,"max_hp_per_floor":[72,72,72,72,72,72,72,72,72,72,72,72,72,72,72,72,72],"card_choices":[{"not_picked":["Study","Evaluate"],"picked":"Protect","floor":1},{"not_picked":["CrushJoints","MentalFortress"],"picked":"Sanctity+1","floor":5},{"not_picked":["ReachHeaven","Crescendo+1"],"picked":"ForeignInfluence+1","floor":7},{"not_picked":["Protect+1","WreathOfFlame+1"],"picked":"InnerPeace+1","floor":8},{"not_picked":["Wallop","CutThroughFate"],"picked":"ThirdEye+1","floor":12},{"not_picked":["PathToVictory+1","Swivel+1"],"picked":"FlurryOfBlows","floor":13}],"player_experience":259886,"relics_obtained":[{"floor":9,"key":"Matryoshka"}],"event_choices":[{"damage_healed":0,"gold_gain":75,"player_choice":"Gather Gold","damage_taken":11,"max_hp_gain":0,"max_hp_loss":0,"event_name":"World of Goop","floor":2,"gold_loss":0},{"damage_healed":0,"gold_gain":0,"player_choice":"Success","damage_taken":25,"relics_obtained":["Ornamental Fan"],"max_hp_gain":0,"max_hp_loss":0,"event_name":"Scrap Ooze","floor":3,"gold_loss":0},{"damage_healed":0,"gold_gain":0,"player_choice":"Gave Potion","damage_taken":0,"relics_obtained":["Toxic Egg 2"],"max_hp_gain":0,"max_hp_loss":0,"event_name":"WeMeetAgain","floor":4,"gold_loss":0},{"cards_removed":["FlurryOfBlows"],"damage_healed":5,"gold_gain":0,"player_choice":"Offered Common","damage_taken":0,"max_hp_gain":0,"max_hp_loss":0,"event_name":"Bonfire Elementals","floor":14,"gold_loss":0},{"cards_removed":["FlurryOfBlows"],"damage_healed":5,"gold_gain":0,"player_choice":"Offered Special","damage_taken":0,"max_hp_gain":0,"max_hp_loss":0,"event_name":"Bonfire Elementals","floor":14,"gold_loss":0}],"is_beta":false,"boss_relics":[],"items_purged_floors":[],"is_endless":false,"potions_floor_spawned":[1,5,13],"killed_by":"Hexaghost","ascension_level":0}}