{"host":"facnppb4175fcpe2","time":1612092449,"event":{"mods":["AchievementEnabler","BaseMod","Colored Map","Colored Powertips","Highlight Path","Minty Spire (QoL Compilation)","Quick Restart","Rare Cards Sparkle","Relic Stats","StSLib","SuperFastMode"],"gold_per_floor":[111,111,111,129,129,162,179,179,179,199,231,245,263,294,294,399,399,418,333,353,378,394,394,424,424,424,452,470,570,570,901,901,999,999,1012,1031,429,439,452,452,482,482,537,566,566,598,598,598,598,598],"floor_reached":51,"language":"ZHS","playtime":3911,"items_purged":["Strike_G"],"score":1096,"play_id":"030f3a9a-d52c-4ae3-b68a-353130d204a2","local_time":"20210131192729","is_ascension_mode":true,"campfire_choices":[{"data":"Poisoned Stab","floor":8.0,"key":"SMITH"},{"data":"Noxious Fumes","floor":15.0,"key":"SMITH"},{"data":"Footwork","floor":23.0,"key":"SMITH"},{"data":"Crippling Poison","floor":25.0,"key":"SMITH"},{"data":"Leg Sweep","floor":30.0,"key":"SMITH"},{"data":"Footwork","floor":32.0,"key":"SMITH"},{"data":"Accuracy","floor":40.0,"key":"SMITH"},{"data":"Accuracy","floor":42.0,"key":"SMITH"},{"data":"After Image","floor":45.0,"key":"SMITH"},{"data":"After Image","floor":49,"key":"SMITH"}],"circlet_count":0,"master_deck":["Strike_G","Strike_G","Strike_G","Defend_G","Defend_G","Defend_G","Defend_G","Defend_G","Survivor","Neutralize","CurseOfTheBell","Dagger Spray","Poisoned Stab+1","Leg Sweep+1","Footwork+1","Crippling Poison+1","Noxious Fumes+1","Adrenaline","Escape Plan","Venomology","Backflip+1","After Image+1","Escape Plan","Footwork+1","After Image+1","Terror","Accuracy+1","Phantasmal Killer","Accuracy+1"],"relics":["Calling Bell","Oddly Smooth Stone","Letter Opener","Prayer Wheel","TungstenRod","Pear","Ninja Scroll","Regal Pillow","Unceasing Top","Coffee Dripper","Boot","Red Mask","Mummified Hand","Mercury Hourglass","Strawberry","Old Coin","Black Star","Potion Belt","Orichalcum","Calipers","Nunchaku","Ancient Tea Set","Pantograph","Paper Crane","Anchor","Darkstone Periapt"],"acts_visited":["Exordium","TheCity","TheBeyond"],"potions_floor_usage":[46,50,50,50,50,50],"damage_taken":[{"damage":3.0,"enemies":"Jaw Worm","floor":1.0,"turns":4.0},{"damage":2.0,"enemies":"Cultist","floor":4.0,"turns":5.0},{"damage":14.0,"enemies":"3 Sentries","floor":6.0,"turns":10.0},{"damage":0.0,"enemies":"Small Slimes","floor":7.0,"turns":3.0},{"damage":5.0,"enemies":"Gremlin Gang","floor":10.0,"turns":4.0},{"damage":15.0,"enemies":"Gremlin Nob","floor":11.0,"turns":6.0},{"damage":2.0,"enemies":"Blue Slaver","floor":12.0,"turns":3.0},{"damage":0.0,"enemies":"Large Slime","floor":13.0,"turns":5.0},{"damage":5.0,"enemies":"3 Sentries","floor":14.0,"turns":8.0},{"damage":10.0,"enemies":"Hexaghost","floor":16.0,"turns":10.0},{"damage":3.0,"enemies":"Shell Parasite","floor":18.0,"turns":4.0},{"damage":0.0,"enemies":"Chosen","floor":20.0,"turns":4.0},{"damage":0.0,"enemies":"Masked Bandits","floor":21.0,"turns":4.0},{"damage":0.0,"enemies":"Snake Plant","floor":22.0,"turns":4.0},{"damage":0.0,"enemies":"Book of Stabbing","floor":24.0,"turns":6.0},{"damage":0.0,"enemies":"Slavers","floor":27.0,"turns":4.0},{"damage":0.0,"enemies":"Chosen and Byrds","floor":28.0,"turns":4.0},{"damage":7.0,"enemies":"Book of Stabbing","floor":31.0,"turns":6.0},{"damage":9.0,"enemies":"Champ","floor":33.0,"turns":11.0},{"damage":0.0,"enemies":"Orb Walker","floor":35.0,"turns":3.0},{"damage":0.0,"enemies":"3 Shapes","floor":36.0,"turns":4.0},{"damage":0.0,"enemies":"Jaw Worm Horde","floor":38.0,"turns":5.0},{"damage":19.0,"enemies":"Transient","floor":39.0,"turns":5.0},{"damage":18.0,"enemies":"Reptomancer","floor":41.0,"turns":7.0},{"damage":24.0,"enemies":"Giant Head","floor":44.0,"turns":11.0},{"damage":0,"enemies":"Nemesis","floor":46,"turns":9},{"damage":0,"enemies":"Time Eater","floor":50,"turns":12}],"seed_played":"2485181442336091130","potions_obtained":[{"floor":1.0,"key":"SkillPotion"},{"floor":4.0,"key":"Explosive Potion"},{"floor":7.0,"key":"Ancient Potion"},{"floor":14.0,"key":"FairyPotion"},{"floor":21.0,"key":"CunningPotion"},{"floor":27.0,"key":"Strength Potion"},{"floor":28.0,"key":"Ancient Potion"},{"floor":35.0,"key":"Explosive Potion"}],"is_trial":false,"path_per_floor":["M","?","$","M","T","E","M","R","T","M","E","M","M","E","R","B",null,"M","?","M","?","M","R","E","R","T","E","M","?","R","E","R","B",null,"M","M","$","M","M","R","E","R","T","E","R","E","?","?","R","B",null],"character_chosen":"THE_SILENT","items_purchased":["Potion Belt","Phantasmal Killer","CunningPotion","Orichalcum"],"campfire_rested":0,"item_purchase_floors":[37,37,37,37],"current_hp_per_floor":[67,67,67,65,65,61,61,61,61,56,41,39,39,34,34,24,80,77,77,77,77,77,77,77,77,77,84,84,84,84,77,77,68,87,87,87,87,87,68,68,50,50,50,26,26,26,26,76,76,76],"gold":598,"neow_bonus":"BOSS_RELIC","is_daily":false,"chose_seed":false,"campfire_upgraded":10,"win_rate":0.0,"timestamp":1612092449,"path_taken":["M","?","?","?","?","E","M","R","T","M","E","M","M","E","R","BOSS","M","?","M","?","M","R","E","R","T","E","M","?","R","E","R","BOSS","M","?","$","M","M","R","E","R","T","E","R","E","?","?","R","BOSS"],"items_purchased_type":["Relic","Card","Potion","Relic"],"build_version":"2020-12-22","purchased_purges":1,"victory":true,"max_hp_per_floor":[70,70,70,70,70,80,80,80,80,80,80,80,80,80,80,80,80,80,80,80,80,80,80,80,80,80,87,87,87,87,87,87,87,87,87,87,87,87,87,87,87,87,87,87,87,87,87,76,76,76],"relic_stats":{"Darkstone Periapt":0,"Regal Pillow":0,"counters":[27,159],"Letter Opener":[417],"Orichalcum":[6],"Boot":[151],"Mercury Hourglass":[228],"Nunchaku":[5],"Mummified Hand":[63],"Pantograph":0,"Prayer Wheel":14,"Black Star":3,"obtain_stats":[{"Darkstone Periapt":46,"Regal Pillow":11,"Calipers":41,"Boot":19,"Ancient Tea Set":43,"Old Coin":31,"Nunchaku":41,"Ninja Scroll":9,"Mummified Hand":24,"Strawberry":27,"Pantograph":44,"Prayer Wheel":0,"Red Mask":21,"Ring of the Snake":0,"Potion Belt":37,"Pear":6,"Oddly Smooth Stone":0,"Letter Opener":0,"Orichalcum":37,"Paper Crane":44,"Mercury Hourglass":26,"Calling Bell":0,"Anchor":46,"Coffee Dripper":17,"Black Star":34,"TungstenRod":5,"Unceasing Top":14},{"Darkstone Periapt":26,"Regal Pillow":6,"Calipers":24,"Boot":11,"Ancient Tea Set":24,"Old Coin":18,"Nunchaku":24,"Ninja Scroll":4,"Mummified Hand":15,"Strawberry":16,"Pantograph":25,"Prayer Wheel":0,"Red Mask":13,"Ring of the Snake":0,"Potion Belt":21,"Pear":3,"Oddly Smooth Stone":0,"Letter Opener":0,"Orichalcum":21,"Paper Crane":25,"Mercury Hourglass":15,"Calling Bell":0,"Anchor":26,"Coffee Dripper":10,"Black Star":19,"TungstenRod":2,"Unceasing Top":9},{"Darkstone Periapt":147,"Regal Pillow":32,"Calipers":128,"Boot":62,"Ancient Tea Set":128,"Old Coin":93,"Nunchaku":128,"Ninja Scroll":22,"Mummified Hand":80,"Strawberry":83,"Pantograph":138,"Prayer Wheel":0,"Red Mask":70,"Ring of the Snake":0,"Potion Belt":111,"Pear":19,"Oddly Smooth Stone":0,"Letter Opener":0,"Orichalcum":111,"Paper Crane":138,"Mercury Hourglass":80,"Calling Bell":0,"Anchor":147,"Coffee Dripper":58,"Black Star":104,"TungstenRod":9,"Unceasing Top":48}],"TungstenRod":26,"Unceasing Top":[45]},"card_choices":[{"not_picked":["Dodge and Roll","Eviscerate"],"picked":"Dagger Spray","floor":1.0},{"not_picked":["Quick Slash","Dodge and Roll","A Thousand Cuts"],"picked":"SKIP","floor":1.0},{"not_picked":["Tactician","Prepared"],"picked":"Poisoned Stab","floor":4.0},{"not_picked":["Prepared","Outmaneuver","Dagger Throw"],"picked":"SKIP","floor":4.0},{"not_picked":["Quick Slash","Deadly Poison","Well Laid Plans"],"picked":"SKIP","floor":6.0},{"not_picked":["Prepared","Poisoned Stab","Backflip"],"picked":"SKIP","floor":7.0},{"not_picked":["Dodge and Roll","Well Laid Plans","Poisoned Stab"],"picked":"SKIP","floor":7.0},{"not_picked":["Backflip","Reflex"],"picked":"Leg Sweep","floor":10.0},{"not_picked":["Calculated Gamble","Blade Dance","Skewer"],"picked":"SKIP","floor":10.0},{"not_picked":["Choke","Quick Slash"],"picked":"Footwork","floor":11.0},{"not_picked":["Calculated Gamble","Outmaneuver"],"picked":"Crippling Poison","floor":12.0},{"not_picked":["Sucker Punch","Footwork"],"picked":"Noxious Fumes","floor":12.0},{"not_picked":["Outmaneuver","Bane"],"picked":"Adrenaline","floor":13.0},{"not_picked":["Outmaneuver","Flechettes"],"picked":"Escape Plan","floor":13.0},{"not_picked":["Distraction","Deflect","Bullet Time"],"picked":"SKIP","floor":14.0},{"not_picked":["Die Die Die","Malaise"],"picked":"Venomology","floor":16.0},{"not_picked":["Quick Slash","Reflex"],"picked":"Backflip+1","floor":18.0},{"not_picked":["PiercingWail+1","Poisoned Stab","Deadly Poison"],"picked":"SKIP","floor":18.0},{"not_picked":["Distraction","Riddle With Holes","Slice"],"picked":"SKIP","floor":20.0},{"not_picked":["Acrobatics+1","Caltrops+1","Reflex"],"picked":"SKIP","floor":20.0},{"not_picked":["Deadly Poison","Outmaneuver+1"],"picked":"After Image","floor":21.0},{"not_picked":["Dodge and Roll","Flying Knee","Backflip"],"picked":"SKIP","floor":22.0},{"not_picked":["Acrobatics+1","Riddle With Holes","Flying Knee"],"picked":"SKIP","floor":22.0},{"not_picked":["Outmaneuver+1","Grand Finale","Dagger Throw"],"picked":"SKIP","floor":24.0},{"not_picked":["Skewer","Deflect+1","Masterful Stab"],"picked":"SKIP","floor":27.0},{"not_picked":["Acrobatics","Blade Dance"],"picked":"Escape Plan","floor":28.0},{"not_picked":["Expertise","Deflect","Outmaneuver+1"],"picked":"SKIP","floor":28.0},{"not_picked":["Prepared+1","After Image"],"picked":"Footwork","floor":31.0},{"not_picked":["Night Terror","Glass Knife"],"picked":"After Image","floor":33.0},{"not_picked":["Backflip+1","Poisoned Stab"],"picked":"Terror","floor":35.0},{"not_picked":["Acrobatics","Setup","Tactician"],"picked":"SKIP","floor":35.0},{"not_picked":["Bane+1","Reflex"],"picked":"Accuracy","floor":36.0},{"not_picked":["PiercingWail","Dodge and Roll+1","Riddle With Holes+1"],"picked":"SKIP","floor":36.0},{"not_picked":["Prepared","Bane","Acrobatics+1"],"picked":"SKIP","floor":38.0},{"not_picked":["Backflip","Expertise","Dodge and Roll"],"picked":"SKIP","floor":38.0},{"not_picked":["Riddle With Holes+1","Flying Knee","Endless Agony"],"picked":"SKIP","floor":39.0},{"not_picked":["Poisoned Stab+1","Outmaneuver+1","Endless Agony"],"picked":"SKIP","floor":39.0},{"not_picked":["Underhanded Strike+1","Backstab+1"],"picked":"Accuracy","floor":41.0},{"not_picked":["Prepared+1","Outmaneuver+1","Backflip"],"picked":"SKIP","floor":44.0},{"not_picked":["Die Die Die","Dagger Throw","Deflect+1"],"picked":"SKIP","floor":46}],"player_experience":96488,"relics_obtained":[{"floor":0.0,"key":"Oddly Smooth Stone"},{"floor":0.0,"key":"Letter Opener"},{"floor":0.0,"key":"Prayer Wheel"},{"floor":5.0,"key":"TungstenRod"},{"floor":6.0,"key":"Pear"},{"floor":9.0,"key":"Ninja Scroll"},{"floor":11.0,"key":"Regal Pillow"},{"floor":14.0,"key":"Unceasing Top"},{"floor":21.0,"key":"Red Mask"},{"floor":24.0,"key":"Mummified Hand"},{"floor":26.0,"key":"Mercury Hourglass"},{"floor":27.0,"key":"Strawberry"},{"floor":31.0,"key":"Old Coin"},{"floor":41.0,"key":"Calipers"},{"floor":41.0,"key":"Nunchaku"},{"floor":43.0,"key":"Ancient Tea Set"},{"floor":44.0,"key":"Pantograph"},{"floor":44.0,"key":"Paper Crane"},{"floor":46,"key":"Anchor"},{"floor":46,"key":"Darkstone Periapt"}],"event_choices":[{"cards_removed":["Strike_G"],"damage_healed":0.0,"max_hp_gain":0.0,"max_hp_loss":0.0,"gold_gain":0.0,"event_name":"Bonfire Elementals","player_choice":"Offered Basic","floor":2.0,"gold_loss":0.0,"damage_taken":0.0},{"damage_healed":0.0,"max_hp_gain":0.0,"max_hp_loss":0.0,"gold_gain":0.0,"event_name":"Addict","player_choice":"Obtained Relic","floor":19.0,"gold_loss":85.0,"damage_taken":0.0,"relics_obtained":["Boot"]},{"damage_healed":0.0,"max_hp_gain":0.0,"max_hp_loss":0.0,"gold_gain":0.0,"event_name":"Masked Bandits","player_choice":"Fought Bandits","floor":21.0,"gold_loss":0.0,"damage_taken":0.0},{"damage_healed":0.0,"max_hp_gain":0.0,"max_hp_loss":0.0,"gold_gain":100.0,"event_name":"Golden Shrine","player_choice":"Pray","floor":29.0,"gold_loss":0.0,"damage_taken":0.0},{"damage_healed":0,"gold_gain":0,"player_choice":"Memory 1","damage_taken":0,"max_hp_gain":0,"max_hp_loss":0,"event_name":"SensoryStone","floor":47,"gold_loss":0},{"damage_healed":76,"gold_gain":0,"player_choice":"Heal","damage_taken":0,"max_hp_gain":0,"max_hp_loss":11,"event_name":"The Moai Head","floor":48,"gold_loss":0}],"is_beta":false,"boss_relics":[{"not_picked":["Velvet Choker","Busted Crown"],"picked":"Coffee Dripper"},{"not_picked":["Astrolabe","HoveringKite"],"picked":"Black Star"}],"items_purged_floors":[37],"is_endless":false,"potions_floor_spawned":[1,4,7,14,21,27,28,31,35,36,39],"ascension_level":3}}