{"host":"o3b7ow6d1xe49css","time":1612123347,"event":{"mods":["Act Like it!","Aspiration","BaseMod","Bestiary","Better Altar","Better Match","Better Note","Better Sensory Stone","Better Skull","Better Third Choice","Colored Powertips","Conspire","Energized Spire","Force Act Four","GifTheSpireLib","Halation","Hermit","Hubris","Infinite Spire","Lobotomy","Minty Spire (QoL Compilation)","Quick Restart","Rare Cards Sparkle","Relic Filter Mod","Reliquary","Replay The Spire","Spicy Shops","Spikes Relics","Spire Arcade","StSLib","Stuff the Spire","The Blue Laboratory","Wandering Minibosses"],"gold_per_floor":[110,123,139,59,69,69,102,132,158,191,191,0,35,35,35,131,131,147,158,118,135,148,148,148,148,148,182,182,107,133,143,143,143,143],"floor_reached":33,"language":"ENG","playtime":1702,"items_purged":["conspire:GhostlyStrike","Notoriety"],"score":535,"play_id":"1482236d-9da6-4280-b83f-d1fbc656c4e2","local_time":"20210131110227","daily_mods":["Heirloom","Flight"],"is_ascension_mode":true,"campfire_choices":[{"data":"hermit:Snapshot","floor":6,"key":"SMITH"},{"data":"hermit:Defend_Hermit","floor":11,"key":"SMITH"},{"data":"hermit:Brawl","floor":15,"key":"SMITH"},{"floor":23,"key":"REST"},{"floor":28,"key":"REST"},{"floor":32,"key":"RECALL"}],"circlet_count":0,"master_deck":["conspire:GhostlyStrike","conspire:GhostlyStrike","conspire:GhostlyStrike","conspire:GhostlyDefend+1","conspire:GhostlyDefend","conspire:GhostlyDefend","conspire:GhostlyDefend+1","hermit:Snapshot+1","hermit:Covet","UniverseFragment","hermit:Spite+1","OSAHOGD","hermit:Desperado","Scorched","hermit:Determination","hermit:Brawl+1","Regret","Delirium","hermit:Ricochet+1","hermit:Brawl+1"],"relics":["hermit:Momento","Ring of Chaos","halation:OrihimeAndHikoboshiSamaAndTears","CogitoBucket","aspiration:Lifesprig","Pear","Replay:Baseball","BlackRope","reliquary:SilkGlove","Akabeko","Replay:Ancient Bell","Anchor","BrokenLever","SuspiciousGoo","BehaviorAdjustment","halation:PeacePiece","Busted Crown","infinitespire:PuzzleCube","reliquary:BoilingFlask","AspirationHeart"],"acts_visited":["Exordium","TheCity"],"potions_floor_usage":[8,13,18,21,22,30,31,33],"damage_taken":[{"damage":2,"enemies":"Jaw Worm","floor":1,"turns":3},{"damage":0,"enemies":"2 Louse","floor":2,"turns":2},{"damage":1,"enemies":"Cultist","floor":3,"turns":3},{"damage":5,"enemies":"Gremlin Gang","floor":5,"turns":4},{"damage":8,"enemies":"Gremlin Nob","floor":7,"turns":3},{"damage":1,"enemies":"Lagavulin","floor":8,"turns":5},{"damage":3,"enemies":"3 Sentries","floor":10,"turns":3},{"damage":0,"enemies":"Gremlin Nob","floor":13,"turns":2},{"damage":8,"enemies":"The Guardian","floor":16,"turns":9},{"damage":2,"enemies":"Chosen","floor":18,"turns":1},{"damage":4,"enemies":"2 Thieves","floor":19,"turns":2},{"damage":16,"enemies":"Sentry and Sphere","floor":21,"turns":4},{"damage":32,"enemies":"Centurion and Healer","floor":22,"turns":5},{"damage":23,"enemies":"Nightmare","floor":27,"turns":7},{"damage":6,"enemies":"Replay:Snechameleon","floor":30,"turns":5},{"damage":17,"enemies":"Snake Plant","floor":31,"turns":4},{"damage":45,"enemies":"Automaton","floor":33,"turns":4}],"seed_played":"-8411784607506119322","potions_obtained":[{"floor":1,"key":"blueLaboratory:BottleOfVodka"},{"floor":8,"key":"Toxic Potion"},{"floor":10,"key":"AttackPotion"},{"floor":13,"key":"blueLaboratory:SavagePotion"},{"floor":16,"key":"LifebloodPotion"},{"floor":21,"key":"Elixir"},{"floor":22,"key":"SpeedPotion"},{"floor":27,"key":"SmokeBomb"},{"floor":30,"key":"SpeedPotion"},{"floor":31,"key":"blueLaboratory:FruitPunch"}],"is_trial":true,"path_per_floor":["M","M","M","$","M","R","E","E","T","E","R","$","E","?","R","B",null,"M","M","?","M","M","R","AVR","HB","T","NM","R","$","E","M","R","B"],"character_chosen":"HERMIT","items_purchased":["hermit:Desperado","hermit:Brawl","reliquary:SilkGlove"],"campfire_rested":2,"item_purchase_floors":[4,12,12],"current_hp_per_floor":[73,73,72,72,67,67,59,68,68,65,65,65,65,65,65,57,78,79,75,75,59,27,53,53,53,53,30,56,56,50,43,43,0,0],"gold":143,"neow_bonus":"","is_daily":false,"chose_seed":false,"campfire_upgraded":3,"win_rate":0.0,"timestamp":1612123347,"path_taken":["M","M","M","$","M","R","E","E","T","E","R","$","E","?","R","BOSS","M","M","?","M","M","R","AVR","HB","T","NM","R","$","E","?","R","BOSS"],"items_purchased_type":["Card","Card","Relic"],"build_version":"2020-12-22","purchased_purges":2,"victory":false,"max_hp_per_floor":[75,75,75,75,75,75,75,85,85,85,85,85,85,85,85,85,85,88,88,88,88,88,88,88,88,88,88,88,88,88,98,98,100,100],"card_choices":[{"not_picked":["Bloodbath","WallGazer"],"picked":"UniverseFragment","floor":1},{"not_picked":["hermit:GhostlyPresence","hermit:Desperado"],"picked":"hermit:Spite","floor":1},{"not_picked":["NakedNest","Variant","VoidDream"],"picked":"Singing Bowl","floor":2},{"not_picked":["hermit:Vantage","hermit:Headshot","hermit:TakeAim"],"picked":"SKIP","floor":2},{"not_picked":["FairyFestival","ShyLook"],"picked":"OSAHOGD","floor":3},{"not_picked":["hermit:ShadowCloak","hermit:Midnight","hermit:Coalescence"],"picked":"SKIP","floor":3},{"not_picked":["BeautyBeast","Bloodbath"],"picked":"Scorched","floor":5},{"not_picked":["hermit:HeroicBravado","hermit:Showdown","hermit:DeadMansHand"],"picked":"SKIP","floor":5},{"not_picked":["Woodsman","Yin","CrumblingArmor"],"picked":"Singing Bowl","floor":7},{"not_picked":["hermit:Quickdraw","hermit:Cheat","hermit:PistolWhip"],"picked":"SKIP","floor":7},{"not_picked":["Woodsman","SnowQueen","VoidDream"],"picked":"Singing Bowl","floor":8},{"not_picked":["hermit:HighCaliber","hermit:GoldenBullet","hermit:CalledShot"],"picked":"SKIP","floor":8},{"not_picked":["WhitesApple","OldLady","WallGazer"],"picked":"Singing Bowl","floor":10},{"not_picked":["hermit:Glare","hermit:HoleUp"],"picked":"hermit:Determination","floor":10},{"not_picked":["Scarecrow","WallGazer","CrumblingArmor"],"picked":"Singing Bowl","floor":13},{"not_picked":["hermit:TrackingShot","hermit:LowProfile","hermit:Roughhouse"],"picked":"SKIP","floor":13},{"not_picked":["Bloodbath","GalaxyChild","ShyLook"],"picked":"Singing Bowl","floor":16},{"not_picked":["ReplayTheSpireMod:Doomed","hubris:Wrath"],"picked":"Regret","floor":17},{"not_picked":["infinitespire:Pacifist","Normality"],"picked":"Notoriety","floor":17},{"not_picked":["Languid","Voices"],"picked":"Delirium","floor":17},{"not_picked":["VoidDream","LaLuna","SpiderBud"],"picked":"Singing Bowl","floor":18},{"not_picked":["hermit:Misfire","hermit:BlackWind"],"picked":"hermit:Ricochet+1","floor":18},{"not_picked":["Bloodbath","FairyFestival","WallGazer"],"picked":"Singing Bowl","floor":19},{"not_picked":["hermit:PistolWhip","hermit:DeadMansHand+1"],"picked":"hermit:Brawl+1","floor":19},{"not_picked":["Variant","WhiteNight","CrumblingArmor"],"picked":"Singing Bowl","floor":21},{"not_picked":["hermit:Roulette","hermit:Dive+1","hermit:Scavenge"],"picked":"SKIP","floor":21},{"not_picked":["MHz","MeatLantern","Murderer"],"picked":"Singing Bowl","floor":22},{"not_picked":["hermit:HighCaliber","hermit:Feint","hermit:Snipe"],"picked":"SKIP","floor":22},{"not_picked":["MeatLantern","PunishingBird","BigBird"],"picked":"Singing Bowl","floor":27},{"not_picked":["hermit:Grudge"],"picked":"SKIP","floor":27},{"not_picked":["BodiesMountain","SpiderBud","CherryBlossoms"],"picked":"Singing Bowl","floor":30},{"not_picked":["hermit:Spite"],"picked":"SKIP","floor":30},{"not_picked":["LongBird","LaLuna","WallGazer"],"picked":"Singing Bowl","floor":31},{"not_picked":["hermit:Scavenge"],"picked":"SKIP","floor":31}],"player_experience":1238099,"relics_obtained":[{"floor":7,"key":"aspiration:Lifesprig"},{"floor":8,"key":"Pear"},{"floor":9,"key":"Replay:Baseball"},{"floor":10,"key":"BlackRope"},{"floor":13,"key":"Akabeko"},{"floor":27,"key":"infinitespire:PuzzleCube"},{"floor":30,"key":"reliquary:BoilingFlask"}],"event_choices":[{"damage_healed":0,"gold_gain":0,"player_choice":"Agree","damage_taken":0,"max_hp_gain":0,"max_hp_loss":0,"event_name":"conspire:LoneGhost","floor":14,"gold_loss":0},{"damage_healed":0,"gold_gain":0,"player_choice":"Upgraded Two","damage_taken":0,"max_hp_gain":0,"max_hp_loss":0,"event_name":"Designer","floor":20,"gold_loss":40,"cards_upgraded":["conspire:GhostlyDefend","hermit:Spite"]}],"is_beta":false,"boss_relics":[{"not_picked":["conspire:SeveredTorchhead","Sandwich"],"picked":"Replay:Ancient Bell"},{"not_picked":["StuffTheSpire:Mouthbags","MiniBlackHole"],"picked":"Anchor"},{"not_picked":["infinitespire:Bottled Soul","hubris:CrystalStatue"],"picked":"BrokenLever"},{"not_picked":["Incense Burner","halation:SwordOfLegend"],"picked":"SuspiciousGoo"}],"items_purged_floors":[24,29],"is_endless":false,"potions_floor_spawned":[1,8,10,13,16,21,22,27,30,31],"killed_by":"Automaton","ascension_level":5}}