{"host":"Tonhão","time":1612052475,"event":{"mods":["Aspiration","BaseMod","Conspire","Downfall","Friendly Minions","Halation","Hermit","Highlight Path","Hubris","Infinite Spire","Jedi Mod","Minty Spire (QoL Compilation)","Relic Sorter","Replay The Spire","Spicy Shops","StSLib","The Animator","The Construct","The Cursed","The Jester","The Senshi","The Servant 0.9.4"],"gold_per_floor":[115,115,131,306,306,335,358,377,377,387,387,399,417,429,429,429,429],"floor_reached":16,"language":"ENG","playtime":1458,"items_purged":[],"score":111,"play_id":"34087866-44b4-41c4-b5f3-e5f0bf1111b6","local_time":"20210130212115","is_ascension_mode":true,"campfire_choices":[{"floor":11,"key":"REST"},{"floor":15,"key":"REST"}],"circlet_count":0,"master_deck":["animator:Strike_NoGameNoLife","animator:Defend_NoGameNoLife","animator:Strike","animator:Strike","animator:Strike","animator:Defend","animator:Defend","animator:Defend","animator:DolaSchwi","animator:DolaCouronne","ReplayTheSpireMod:Doomed","animator:MumenRider","animator:ElricAlphonse","animator:FielNirvalen","animator:Geryuganshoop"],"relics":["animator:LivingPicture","animator:TheMissingPiece","animator:HallowedScabbard","Lantern","infinitespire:FocusingShard"],"acts_visited":["Exordium"],"potions_floor_usage":[10,10,12],"damage_taken":[{"damage":1,"enemies":"Jaw Worm","floor":1,"turns":5},{"damage":0,"enemies":"2 Louse","floor":3,"turns":3},{"damage":47,"enemies":"3 Sentries","floor":6,"turns":10},{"damage":1,"enemies":"conspire:RoseBush","floor":7,"turns":4},{"damage":5,"enemies":"Exordium Wildlife","floor":8,"turns":4},{"damage":13,"enemies":"Lots of Slimes","floor":10,"turns":4},{"damage":2,"enemies":"Gremlin Gang","floor":12,"turns":8},{"damage":7,"enemies":"conspire:2 RoseBushes","floor":13,"turns":8},{"damage":8,"enemies":"Exordium Wildlife","floor":14,"turns":5},{"damage":40,"enemies":"Slime Boss","floor":16,"turns":8}],"seed_played":"-396019778445501560","potions_obtained":[{"floor":6,"key":"jedi:wingpotion"},{"floor":7,"key":"champ:CounterPotion"},{"floor":8,"key":"Fire Potion"},{"floor":10,"key":"Languid Potion"}],"is_trial":false,"path_per_floor":["M","?","M","?","?","E","M","M","T","M","R","M","M","M","R","B"],"character_chosen":"THE_ANIMATOR","items_purchased":[],"campfire_rested":2,"item_purchase_floors":[],"current_hp_per_floor":[65,65,65,65,58,21,20,15,15,9,28,26,19,11,30,0,0],"gold":429,"neow_bonus":"ONE_RARE_RELIC","is_daily":false,"chose_seed":false,"campfire_upgraded":0,"win_rate":0.0,"timestamp":1612052475,"path_taken":["M","?","M","?","?","E","?","M","T","?","R","?","M","M","R","BOSS"],"items_purchased_type":[],"build_version":"2020-11-17","purchased_purges":0,"victory":false,"max_hp_per_floor":[66,66,66,66,66,66,66,66,66,66,66,66,66,66,66,66,66],"card_choices":[{"not_picked":["animator:DolaRiku","animator:Ciel","animator:PandorasActor"],"picked":"SKIP","floor":1},{"not_picked":["animator:Raven","animator:Cocytus"],"picked":"animator:MumenRider","floor":3},{"not_picked":["animator:Viivi","animator:Demiurge"],"picked":"animator:ElricAlphonse","floor":6},{"not_picked":["animator:Jibril","animator:DolaSchwi"],"picked":"animator:FielNirvalen","floor":7},{"not_picked":["animator:Tet","animator:Gillette","animator:AcuraTooru"],"picked":"SKIP","floor":8},{"not_picked":["animator:Pride","animator:AcuraShin","animator:DolaSchwi"],"picked":"SKIP","floor":10},{"not_picked":["animator:Sebas","animator:Shalltear","animator:DolaCouronne"],"picked":"SKIP","floor":12},{"not_picked":["animator:Genos","animator:SilverFang"],"picked":"animator:Geryuganshoop","floor":13},{"not_picked":["animator:Guy","animator:Entoma","animator:Chung"],"picked":"SKIP","floor":14}],"player_experience":126150,"relics_obtained":[{"floor":6,"key":"Lantern"},{"floor":9,"key":"infinitespire:FocusingShard"}],"event_choices":[{"damage_healed":0,"gold_gain":175,"player_choice":"AGREE","damage_taken":0,"max_hp_gain":0,"max_hp_loss":0,"event_name":"Liars Game","floor":4,"gold_loss":0,"cards_obtained":["Doubt"]},{"cards_removed":["Doubt"],"damage_healed":0,"gold_gain":0,"player_choice":"Card Removal","damage_taken":7,"max_hp_gain":0,"max_hp_loss":0,"event_name":"Golden Wing","floor":5,"gold_loss":0}],"is_beta":true,"boss_relics":[],"items_purged_floors":[],"is_endless":false,"potions_floor_spawned":[6,7,8,10],"killed_by":"Slime Boss","ascension_level":1}}