{"host":"4lxzgdqpvzyot39g","time":1612055665,"event":{"mods":["100% Spire Juice","Abigail Mod","Act Like it!","Aspiration","BaseMod","Beaked The Cultist","Better Altar","Better Match","Better Note","Better Sensory Stone","Better Skull","Better Third Choice","CCEM2","Colored Map","Colored Powertips","Conspire","Dark Map","Displayed Cursed Tome","Dota2Spire","Energized Spire","Fox Events","Friendly Minions","Gensokyo","GifTheSpireLib","Halation","Hallownest","Hermit","Highlight Path","HololiveMod","Hubris","Infinite Spire","Jedi Mod","JesterMod","Mari Mod (Legacy)","Mari\u0027s V1 Patch","MarisaÅiñ∂âJÅ@ñÇóùçπÅj","Minty Spire (QoL Compilation)","Prisma Mod","Quarter Circle Forward PUNCH!","Random Character Button","ReimuÅiîé??öÎÅj","Relic Filter","Reliquary","Replay The Spire","Robot Space Explorer","SCP261 Mod","Small Relic Pack","Spicy Shops","Spikes Relics","Spire Arcade","StS++","StSLib","Stuff the Spire","The Alterego","The Blue Laboratory","The Bug Knight","The Cursed","The Fake Hero","The Marked","The Servant 0.9.4","The Wild Card","Trackpad","Waifu the Spire","WarShipGirlsR/??è≠èóR mod","Wide Potions","Åy?ï®?îvÅzREMEMod"],"gold_per_floor":[112,37,37,49,62,91,91,126,126,126,180,180,180,34,34,68,68,167,167,187,187,43,43,56,56,85,85,85,97,130,145,158,171,171,275,275,286,286,286],"floor_reached":38,"language":"ENG","playtime":4420,"items_purged":["theWildCard:BasicStrike"],"score":557,"play_id":"1b01a9e2-9cc4-49f1-880e-867ef2e18401","local_time":"20210130201425","is_ascension_mode":true,"campfire_choices":[{"data":"theWildCard:ArcaneArts","floor":7.0,"key":"SMITH"},{"floor":13.0,"key":"REST"},{"data":"theWildCard:MagicMettle","floor":25.0,"key":"SMITH"},{"floor":34.0,"key":"DIG"}],"circlet_count":0,"master_deck":["theWildCard:BasicStrike","theWildCard:BasicStrike","theWildCard:BasicDefend","theWildCard:BasicDefend","theWildCard:BasicDefend","theWildCard:BasicDefend","theWildCard:CallToAdventure","theWildCard:Arsene","theWildCard:ArcaneArts+1","theWildCard:ArchaicAssault","theWildCard:Loki","theWildCard:Sakuya","theWildCard:Scathach","theWildCard:MagicalMight","theWildCard:Satanael","theWildCard:Amaterasu","theWildCard:Odin","theWildCard:MagicMettle+1","theWildCard:SeveringSlash","theWildCard:SeveringSlash+1","theWildCard:SeveringSlash","theWildCard:SeveringSlash","theWildCard:SeveringSlash","theWildCard:MagicalMight","theWildCard:TheArcanaUnleashed","theWildCard:Odin","theWildCard:SeveringSlash+1"],"relics":["theWildCard:VelvetContract","REME_ComplimentaryCards","NeowsBlessing","Shuriken","CCEMRelics:PorcelainBowl","Vajra","halation:PinkSoulGem","Boot","halation:PromiseList","Snecko Eye","CCEMRelics:BiPhaseBiplane","halation:PrussianBluePaint","halation:StarCompass","infinitespire:ShieldingShard","reliquary:JackalopeAntler","RedLine:ReiMu"],"acts_visited":["Hallownest:Greenpath","Gensokyo:Gensokyoer","Gensokyo:Gensokyoest"],"potions_floor_usage":[],"damage_taken":[{"damage":0.0,"enemies":"Hallownest:monsterHuskWarrior","floor":1.0,"turns":1.0},{"damage":0.0,"enemies":"Hallownest:2_Tiktiks_and_1_Crawlid","floor":4.0,"turns":2.0},{"damage":0.0,"enemies":"Hallownest:2_MossCreeps","floor":5.0,"turns":2.0},{"damage":19.0,"enemies":"Hallownest:eliteMossKnight","floor":6.0,"turns":7.0},{"damage":17.0,"enemies":"Hallownest:eliteCrystalGuardian","floor":8.0,"turns":6.0},{"damage":0.0,"enemies":"Hallownest:eliteVengeflyKing","floor":16.0,"turns":4.0},{"damage":23.0,"enemies":"Hallownest:BossBrokenVessel","floor":18.0,"turns":10.0},{"damage":23.0,"enemies":"Gensokyo:3_Dogs","floor":20.0,"turns":13.0},{"damage":8.0,"enemies":"Gensokyo:AngelMirror","floor":24.0,"turns":4.0},{"damage":35.0,"enemies":"Gensokyo:Reisen","floor":26.0,"turns":23.0},{"damage":2.0,"enemies":"Gensokyo:Chomper_and_Gloop","floor":29.0,"turns":7.0},{"damage":2.0,"enemies":"Gensokyo:Tenshi","floor":30.0,"turns":17.0},{"damage":0.0,"enemies":"Gensokyo:3_Gloops","floor":31.0,"turns":6.0},{"damage":7.0,"enemies":"Gensokyo:Slime_Group","floor":32.0,"turns":6.0},{"damage":0.0,"enemies":"Gensokyo:Monolith_and_Dog","floor":33.0,"turns":7.0},{"damage":2.0,"enemies":"Gensokyo:Eiki","floor":35.0,"turns":13.0},{"damage":5.0,"enemies":"Gensokyo:3_Boulders","floor":37.0,"turns":10.0},{"damage":0,"enemies":"","floor":38,"turns":1}],"seed_played":"-329047212954425838","potions_obtained":[{"floor":4.0,"key":"SCP261:AppleJuicePotion"},{"floor":8.0,"key":"BlessingOfTheForge"},{"floor":26.0,"key":"Fire Potion"},{"floor":29.0,"key":"Venom Potion"},{"floor":30.0,"key":"SCP261:DewritoBlazePotion"},{"floor":31.0,"key":"blueLaboratory:CorrosionFlask"}],"is_trial":false,"path_per_floor":["M","$","?","M","M","E","R","E","PTL","PTL","T","?","R","$","?","E","R_BF","B",null,"M","?","COS","?","M","R","E","?","T","M","E","M","M","M","R_BF","B",null,"M","COS"],"character_chosen":"THE_WILD_CARD","items_purchased":["Boot"],"campfire_rested":1,"item_purchase_floors":[14],"current_hp_per_floor":[60,60,60,60,60,41,41,24,24,24,24,24,42,42,42,42,42,27,68,53,53,53,53,55,55,62,62,62,66,66,68,61,65,65,65,68,66,66,66],"gold":286,"neow_bonus":"THREE_ENEMY_KILL","is_daily":false,"chose_seed":false,"campfire_upgraded":2,"win_rate":0.0,"timestamp":1612055665,"path_taken":["M","$","?","M","M","E","R","E","PTL","PTL","T","?","R","?","?","E","R_BF","BOSS","M","?","COS","?","M","R","E","?","T","M","E","?","M","M","R_BF","BOSS","M","COS"],"items_purchased_type":["Relic"],"build_version":"2020-12-22","purchased_purges":1,"victory":false,"max_hp_per_floor":[60,60,60,60,60,60,60,60,60,60,60,60,60,60,60,60,60,68,68,68,68,68,68,68,68,68,68,68,68,68,68,68,68,68,68,68,68,68,68],"card_choices":[{"not_picked":["theWildCard:MagicalMight","theWildCard:Safeguard"],"picked":"theWildCard:ArcaneArts","floor":1.0},{"not_picked":["theWildCard:BladeOfGenerations","theWildCard:Impatience"],"picked":"theWildCard:ArchaicAssault","floor":4.0},{"not_picked":["theWildCard:MagicalMight","theWildCard:IdentityTheft"],"picked":"theWildCard:Loki","floor":5.0},{"not_picked":["theWildCard:AllOutAttack","theWildCard:FinalHour"],"picked":"theWildCard:Sakuya","floor":6.0},{"not_picked":["theWildCard:PaleRider","theWildCard:BladeOfGenerations"],"picked":"theWildCard:Scathach","floor":8.0},{"not_picked":["theWildCard:UnderLockAndKey","theWildCard:Impatience"],"picked":"theWildCard:MagicalMight","floor":16.0},{"not_picked":["theWildCard:Lucifer","theWildCard:FuelForTheFire"],"picked":"theWildCard:Amaterasu","floor":18.0},{"not_picked":["theWildCard:ArchaicAssault","theWildCard:ArcaneArts"],"picked":"theWildCard:Odin","floor":20.0},{"not_picked":["theWildCard:ArcaneArts","theWildCard:EnergizedStroke"],"picked":"theWildCard:MagicMettle","floor":24.0},{"not_picked":["theWildCard:IdentityTheft","theWildCard:Sakuya+1"],"picked":"theWildCard:SeveringSlash","floor":26.0},{"not_picked":["theWildCard:Unburden+1","theWildCard:Patience"],"picked":"theWildCard:SeveringSlash+1","floor":29.0},{"not_picked":["theWildCard:StingingStrike","theWildCard:Amaterasu"],"picked":"theWildCard:SeveringSlash","floor":30.0},{"not_picked":["theWildCard:SacrificialStroke","theWildCard:Patience"],"picked":"theWildCard:SeveringSlash","floor":31.0},{"not_picked":["theWildCard:Scathach","theWildCard:Patience"],"picked":"theWildCard:SeveringSlash","floor":32.0},{"not_picked":["theWildCard:StalwartBlade+1","theWildCard:ArcaneArts"],"picked":"theWildCard:MagicalMight","floor":33.0},{"not_picked":["theWildCard:FuelForTheFire","theWildCard:Desolation"],"picked":"theWildCard:TheArcanaUnleashed","floor":35.0},{"not_picked":["theWildCard:BladeOfGenerations","theWildCard:StalwartBlade+1"],"picked":"theWildCard:SeveringSlash+1","floor":37.0}],"player_experience":1147998,"relics_obtained":[{"floor":6.0,"key":"Shuriken"},{"floor":8.0,"key":"CCEMRelics:PorcelainBowl"},{"floor":11.0,"key":"Vajra"},{"floor":16.0,"key":"halation:PromiseList"},{"floor":26.0,"key":"halation:PrussianBluePaint"},{"floor":30.0,"key":"infinitespire:ShieldingShard"},{"floor":34.0,"key":"reliquary:JackalopeAntler"}],"event_choices":[{"damage_healed":0.0,"max_hp_gain":0.0,"max_hp_loss":0.0,"gold_gain":0.0,"event_name":"conspire:Investor","player_choice":"Leave","floor":3.0,"gold_loss":0.0,"damage_taken":0.0}],"is_beta":false,"boss_relics":[{"not_picked":["aspiration:ServantSkillbook","Coffee Dripper"],"picked":"Snecko Eye"},{"not_picked":["infinitespire:Cupcake","ReplayTheSpireMod:SealedPack"],"picked":"RedLine:ReiMu"}],"items_purged_floors":[2],"is_endless":false,"potions_floor_spawned":[4,8,26,29,30,31],"killed_by":"","ascension_level":4}}