{"host":"ih7ofq2zpufcoifs","time":1612122014,"event":{"mods":["BaseMod","Colored Map","Minty Spire (QoL Compilation)"],"gold_per_floor":[113,113,132,150,167,167,49,82,82,100,130,130,145,163,163,237,237,252,252,167,5,5,15,15,46,93,93,108,141,141,166,166,243,243,257,269,269,269,279,279,298,326,351,365,393,393,46,72,72,72,72,72,72,72,100,100,100],"floor_reached":56,"language":"ENG","playtime":7061,"items_purged":["Defend_G"],"score":2185,"play_id":"6a014b74-852c-4de9-a13e-4ef65dcfc0b6","local_time":"20210201054014","is_ascension_mode":true,"campfire_choices":[{"data":"Neutralize","floor":6.0,"key":"SMITH"},{"data":"Catalyst","floor":12.0,"key":"SMITH"},{"data":"After Image","floor":15.0,"key":"SMITH"},{"floor":27.0,"key":"REST"},{"data":"Noxious Fumes","floor":30.0,"key":"SMITH"},{"floor":32.0,"key":"REST"},{"data":"Wraith Form v2","floor":40.0,"key":"SMITH"},{"floor":46.0,"key":"RECALL"},{"data":"Well Laid Plans","floor":49.0,"key":"SMITH"},{"data":"Skewer","floor":53.0,"key":"SMITH"}],"circlet_count":0,"master_deck":["AscendersBane","Strike_G+1","Strike_G+1","Strike_G+1","Strike_G+1","Defend_G+1","Defend_G+1","Defend_G+1","Defend_G+1","Survivor+1","Neutralize+1","Crippling Poison","Deflect+1","Dash","Catalyst+1","After Image+1","Skewer+1","PiercingWail","Noxious Fumes+1","Predator","Acrobatics+1","Poisoned Stab","Venomology+1","Writhe","Malaise+1","Bouncing Flask+1","RitualDagger","Bouncing Flask+1","Backflip+1","Doppelganger+1","Wraith Form v2+1","All Out Attack","Backflip+1","Concentrate+1","Well Laid Plans+1","Dash+1","Catalyst+1","Prepared+1","Wraith Form v2"],"relics":["Ring of the Snake","Strawberry","Blue Candle","Toxic Egg 2","Regal Pillow","Snecko Eye","Oddly Smooth Stone","Centennial Puzzle","StoneCalendar","Vajra","Unceasing Top","Bag of Preparation","HoveringKite","Eternal Feather","Bag of Marbles","Mummified Hand","Pantograph","War Paint"],"acts_visited":["Exordium","TheCity","TheBeyond","TheEnding"],"potions_floor_usage":[55,56,56],"damage_taken":[{"damage":6.0,"enemies":"Small Slimes","floor":1.0,"turns":4.0},{"damage":11.0,"enemies":"Cultist","floor":3.0,"turns":7.0},{"damage":0.0,"enemies":"Jaw Worm","floor":4.0,"turns":6.0},{"damage":0.0,"enemies":"2 Fungi Beasts","floor":5.0,"turns":4.0},{"damage":9.0,"enemies":"Lagavulin","floor":8.0,"turns":9.0},{"damage":0.0,"enemies":"3 Louse","floor":10.0,"turns":5.0},{"damage":10.0,"enemies":"3 Sentries","floor":11.0,"turns":7.0},{"damage":6.0,"enemies":"Lots of Slimes","floor":13.0,"turns":3.0},{"damage":4.0,"enemies":"Looter","floor":14.0,"turns":3.0},{"damage":13.0,"enemies":"The Guardian","floor":16.0,"turns":11.0},{"damage":18.0,"enemies":"Chosen","floor":18.0,"turns":6.0},{"damage":4.0,"enemies":"2 Thieves","floor":23.0,"turns":4.0},{"damage":19.0,"enemies":"Gremlin Leader","floor":25.0,"turns":8.0},{"damage":3.0,"enemies":"Centurion and Healer","floor":28.0,"turns":6.0},{"damage":16.0,"enemies":"Slavers","floor":29.0,"turns":7.0},{"damage":14.0,"enemies":"Book of Stabbing","floor":31.0,"turns":4.0},{"damage":5.0,"enemies":"Champ","floor":33.0,"turns":10.0},{"damage":26.0,"enemies":"3 Darklings","floor":35.0,"turns":6.0},{"damage":1.0,"enemies":"3 Shapes","floor":36.0,"turns":3.0},{"damage":1.0,"enemies":"Transient","floor":39.0,"turns":6.0},{"damage":0.0,"enemies":"Maw","floor":41.0,"turns":5.0},{"damage":23.0,"enemies":"Giant Head","floor":42.0,"turns":7.0},{"damage":4.0,"enemies":"Sphere and 2 Shapes","floor":44.0,"turns":5.0},{"damage":1.0,"enemies":"Reptomancer","floor":45.0,"turns":5.0},{"damage":1.0,"enemies":"Giant Head","floor":48.0,"turns":5.0},{"damage":8.0,"enemies":"Donu and Deca","floor":50.0,"turns":7.0},{"damage":66.0,"enemies":"Awakened One","floor":51.0,"turns":15.0},{"damage":1,"enemies":"Shield and Spear","floor":55,"turns":5},{"damage":95,"enemies":"The Heart","floor":56,"turns":5}],"seed_played":"-3289758659865580053","potions_obtained":[{"floor":3.0,"key":"Regen Potion"},{"floor":5.0,"key":"SteroidPotion"},{"floor":8.0,"key":"Poison Potion"},{"floor":13.0,"key":"Dexterity Potion"},{"floor":14.0,"key":"Swift Potion"},{"floor":18.0,"key":"SkillPotion"},{"floor":23.0,"key":"LiquidBronze"},{"floor":31.0,"key":"Poison Potion"},{"floor":35.0,"key":"Weak Potion"},{"floor":48.0,"key":"LiquidMemories"},{"floor":55,"key":"Fire Potion"}],"is_trial":false,"path_per_floor":["M","?","M","M","M","R","$","E","T","M","E","R","M","M","R","B",null,"M","?","?","$","?","M","?","E","T","R","M","E","R","E","R","B",null,"M","M","$","?","M","R","M","E","T","M","E","R","$","E","R","B","B",null,"R","$","E","B"],"character_chosen":"THE_SILENT","items_purchased":["Skewer","Malaise+1","Catalyst+1","Mummified Hand"],"campfire_rested":2,"item_purchase_floors":[7,21,47,47],"current_hp_per_floor":[60,60,49,64,64,64,64,55,55,55,45,45,39,35,35,22,60,42,42,42,42,42,38,32,13,13,49,46,30,30,16,52,47,67,41,40,40,40,39,39,39,16,16,12,11,32,32,31,52,65,7,57,73,73,72,0,0],"gold":100,"neow_bonus":"RANDOM_COMMON_RELIC","is_daily":false,"chose_seed":false,"campfire_upgraded":7,"win_rate":0.0,"timestamp":1612122014,"path_taken":["M","?","?","M","M","R","$","E","T","M","E","R","M","M","R","BOSS","M","?","?","$","?","M","?","E","T","R","M","E","R","E","R","BOSS","M","M","$","?","M","R","M","E","T","M","E","R","$","E","R","BOSS","BOSS","R","$","E","BOSS"],"items_purchased_type":["Card","Card","Card","Relic"],"build_version":"2020-12-22","purchased_purges":1,"victory":false,"max_hp_per_floor":[73,73,73,73,73,73,73,73,73,73,73,73,73,73,73,73,73,73,73,73,73,73,73,73,73,73,73,73,73,73,73,73,73,73,73,73,73,73,73,73,73,73,73,73,73,73,73,73,73,73,73,73,73,73,73,73,73],"card_choices":[{"not_picked":["Underhanded Strike","Dagger Spray"],"picked":"Crippling Poison","floor":1.0},{"not_picked":["Outmaneuver","Masterful Stab"],"picked":"Dash","floor":3.0},{"not_picked":["Crippling Poison","Cloak And Dagger"],"picked":"Catalyst","floor":4.0},{"not_picked":["Dagger Throw","Endless Agony"],"picked":"After Image","floor":5.0},{"not_picked":["Terror","Caltrops"],"picked":"PiercingWail","floor":8.0},{"not_picked":["Slice","Deadly Poison+1"],"picked":"Noxious Fumes","floor":10.0},{"not_picked":["Underhanded Strike","Unload"],"picked":"Predator","floor":11.0},{"not_picked":["Noxious Fumes","Dagger Throw"],"picked":"Acrobatics+1","floor":13.0},{"not_picked":["Bane","Outmaneuver+1"],"picked":"Poisoned Stab","floor":14.0},{"not_picked":["Phantasmal Killer+1","Grand Finale"],"picked":"Venomology+1","floor":16.0},{"not_picked":["Sucker Punch","Flying Knee","Outmaneuver+1"],"picked":"SKIP","floor":18.0},{"not_picked":["Backflip+1","Poisoned Stab"],"picked":"Bouncing Flask+1","floor":23.0},{"not_picked":["Outmaneuver+1","Acrobatics+1"],"picked":"Bouncing Flask+1","floor":25.0},{"not_picked":["Choke","Escape Plan+1"],"picked":"Backflip+1","floor":28.0},{"not_picked":["Backflip+1","Quick Slash"],"picked":"Doppelganger+1","floor":29.0},{"not_picked":["Dodge and Roll+1","Die Die Die"],"picked":"Wraith Form v2","floor":31.0},{"not_picked":["Backflip+1","Blur+1"],"picked":"All Out Attack","floor":35.0},{"not_picked":["Heel Hook","Outmaneuver+1"],"picked":"Backflip+1","floor":36.0},{"not_picked":["Blade Dance+1","Choke"],"picked":"Concentrate+1","floor":39.0},{"not_picked":["Slice","Dodge and Roll+1","Blur+1"],"picked":"SKIP","floor":41.0},{"not_picked":["Cloak And Dagger+1","Bane","Dagger Throw"],"picked":"SKIP","floor":42.0},{"not_picked":["Deadly Poison+1","Heel Hook"],"picked":"Well Laid Plans","floor":44.0},{"not_picked":["Flying Knee+1","Quick Slash"],"picked":"Dash+1","floor":45.0},{"not_picked":["Flechettes","Cloak And Dagger+1"],"picked":"Prepared+1","floor":48.0},{"not_picked":["Quick Slash+1","Prepared+1"],"picked":"Wraith Form v2","floor":55}],"player_experience":490701,"relics_obtained":[{"floor":8.0,"key":"Blue Candle"},{"floor":9.0,"key":"Toxic Egg 2"},{"floor":11.0,"key":"Regal Pillow"},{"floor":25.0,"key":"StoneCalendar"},{"floor":26.0,"key":"Vajra"},{"floor":29.0,"key":"Unceasing Top"},{"floor":31.0,"key":"Bag of Preparation"},{"floor":42.0,"key":"Eternal Feather"},{"floor":45.0,"key":"Bag of Marbles"},{"floor":48.0,"key":"Pantograph"},{"floor":55,"key":"War Paint"}],"event_choices":[{"damage_healed":0.0,"max_hp_gain":0.0,"max_hp_loss":0.0,"gold_gain":0.0,"cards_transformed":["Strike_G"],"event_name":"Transmorgrifier","player_choice":"Transformed","floor":2.0,"gold_loss":0.0,"damage_taken":0.0,"cards_obtained":["Deflect"]},{"damage_healed":0.0,"max_hp_gain":0.0,"max_hp_loss":0.0,"gold_gain":0.0,"event_name":"The Mausoleum","player_choice":"Opened","floor":19.0,"gold_loss":0.0,"damage_taken":0.0,"relics_obtained":["Oddly Smooth Stone"],"cards_obtained":["Writhe"]},{"damage_healed":0.0,"max_hp_gain":0.0,"max_hp_loss":0.0,"gold_gain":0.0,"event_name":"Addict","player_choice":"Obtained Relic","floor":20.0,"gold_loss":85.0,"damage_taken":0.0,"relics_obtained":["Centennial Puzzle"]},{"damage_healed":0.0,"max_hp_gain":0.0,"max_hp_loss":0.0,"gold_gain":0.0,"event_name":"Back to Basics","player_choice":"Simplicity","floor":22.0,"gold_loss":0.0,"damage_taken":0.0,"cards_upgraded":["Strike_G","Strike_G","Strike_G","Strike_G","Defend_G","Defend_G","Defend_G","Defend_G"]},{"damage_healed":0.0,"max_hp_gain":0.0,"max_hp_loss":0.0,"gold_gain":0.0,"event_name":"Nest","player_choice":"Joined the Cult","floor":24.0,"gold_loss":0.0,"damage_taken":6.0,"cards_obtained":["RitualDagger"]},{"damage_healed":0.0,"max_hp_gain":0.0,"max_hp_loss":0.0,"gold_gain":0.0,"event_name":"Tomb of Lord Red Mask","player_choice":"Ignored","floor":38.0,"gold_loss":0.0,"damage_taken":0.0}],"is_beta":false,"boss_relics":[{"not_picked":["Calling Bell","Coffee Dripper"],"picked":"Snecko Eye"},{"not_picked":["Tiny House","WristBlade"],"picked":"HoveringKite"}],"items_purged_floors":[7],"is_endless":false,"potions_floor_spawned":[3,5,8,13,14,18,23,31,35,44,45,48,55],"killed_by":"The Heart","ascension_level":20}}