{"host":"ysj15tgd1sneq0s0","time":1612055346,"event":{"mods":["AchievementEnabler","BaseMod","DeckTracker","Highlight Path","Minty Spire (QoL Compilation)","Permanent Neow","Quick Restart","StSLib","SuperFastMode","everything is the same but u backflip on backflip"],"gold_per_floor":[112,112,112,132,57,57,76,76,146,165,199,216,234,251,251,251,251],"floor_reached":16,"language":"KOR","playtime":835,"items_purged":["Strike_G"],"score":177,"play_id":"80f7512f-1fe2-407e-a856-7a06d7e9ca0a","local_time":"20210131100906","is_ascension_mode":true,"campfire_choices":[{"data":"Backstab","floor":6,"key":"SMITH"},{"floor":15,"key":"REST"}],"circlet_count":0,"master_deck":["Strike_G","Strike_G","Strike_G","Defend_G","Defend_G","Defend_G+1","Defend_G","Defend_G+1","Survivor","Neutralize","Tools of the Trade","Backstab+1","Caltrops","Cloak And Dagger","Caltrops","Infinite Blades","Adrenaline"],"relics":["Ring of the Snake","Mummified Hand","Toy Ornithopter"],"acts_visited":["Exordium"],"potions_floor_usage":[14],"damage_taken":[{"damage":0,"enemies":"Small Slimes","floor":1,"turns":3},{"damage":0,"enemies":"2 Louse","floor":4,"turns":2},{"damage":0,"enemies":"Jaw Worm","floor":7,"turns":3},{"damage":9,"enemies":"2 Fungi Beasts","floor":10,"turns":5},{"damage":34,"enemies":"Lagavulin","floor":11,"turns":13},{"damage":3,"enemies":"Looter","floor":12,"turns":3},{"damage":3,"enemies":"Red Slaver","floor":13,"turns":4},{"damage":0,"enemies":"Gremlin Gang","floor":14,"turns":2},{"damage":28,"enemies":"Slime Boss","floor":16,"turns":12}],"seed_played":"-946136564541602586","potions_obtained":[{"floor":10,"key":"GamblersBrew"},{"floor":13,"key":"Explosive Potion"},{"floor":14,"key":"GamblersBrew"}],"is_trial":false,"path_per_floor":["M","?","?","M","$","R","M","$","T","M","E","M","M","M","R","B"],"character_chosen":"THE_SILENT","items_purchased":[],"campfire_rested":1,"item_purchase_floors":[],"current_hp_per_floor":[70,70,56,56,56,56,56,56,56,47,13,10,7,12,33,5,5],"gold":251,"neow_bonus":"ONE_RANDOM_RARE_CARD","is_daily":false,"chose_seed":false,"campfire_upgraded":1,"win_rate":0.0,"timestamp":1612055346,"path_taken":["M","?","?","?","$","R","M","$","T","M","E","M","M","M","R","BOSS"],"items_purchased_type":[],"build_version":"2020-12-22","purchased_purges":1,"victory":false,"max_hp_per_floor":[70,70,70,70,70,70,70,70,70,70,70,70,70,70,70,70,70],"card_choices":[{"not_picked":["Acrobatics","All Out Attack"],"picked":"Backstab","floor":1},{"not_picked":["Bane","Dagger Spray","Slice"],"picked":"SKIP","floor":4},{"not_picked":["Slice","Accuracy"],"picked":"Caltrops","floor":7},{"not_picked":["Dagger Spray","Dagger Throw"],"picked":"Cloak And Dagger","floor":10},{"not_picked":["Backstab","Leg Sweep"],"picked":"Caltrops","floor":11},{"not_picked":["Finisher","Riddle With Holes"],"picked":"Infinite Blades","floor":12},{"not_picked":["Deadly Poison","Catalyst","Dodge and Roll"],"picked":"SKIP","floor":13},{"not_picked":["All Out Attack","Escape Plan"],"picked":"Adrenaline","floor":14}],"player_experience":63888,"relics_obtained":[{"floor":9,"key":"Mummified Hand"},{"floor":11,"key":"Toy Ornithopter"}],"event_choices":[{"cards_removed":["Strike_G"],"damage_healed":0,"gold_gain":0,"player_choice":"Forget","damage_taken":0,"max_hp_gain":0,"max_hp_loss":0,"event_name":"Living Wall","floor":2,"gold_loss":0},{"damage_healed":0,"gold_gain":0,"player_choice":"Entered Light","damage_taken":14,"max_hp_gain":0,"max_hp_loss":0,"event_name":"Shining Light","floor":3,"gold_loss":0,"cards_upgraded":["Defend_G","Defend_G"]}],"is_beta":false,"boss_relics":[],"items_purged_floors":[5],"is_endless":false,"potions_floor_spawned":[10,13,14],"killed_by":"Slime Boss","ascension_level":3}}