{"host":"zsnmfqgcm92hlreo","time":1612068497,"event":{"mods":["AchievementEnabler","BaseMod","Bestiary","Block Reminder","Colored Powertips","Minty Spire (QoL Compilation)","Permanent Neow","Quick Restart","Relic Stats","Weighted Paths"],"gold_per_floor":[367,116,116,116,129,129,139,139,190,222,236,251,269,13,13,108,108,79,93,106,125,141,141,159,159,159],"floor_reached":25,"language":"ENG","playtime":1001,"items_purged":[],"score":209,"play_id":"5a64a1ac-5c6b-4611-8e19-348e40e1e79c","local_time":"20210130224817","is_ascension_mode":false,"campfire_choices":[{"data":"Chaos","floor":6.0,"key":"SMITH"},{"data":"Sunder","floor":8.0,"key":"SMITH"},{"floor":15.0,"key":"REST"},{"floor":23,"key":"REST"}],"circlet_count":0,"master_deck":["Strike_B","Strike_B","Strike_B+1","Defend_B","Defend_B","Defend_B","Defend_B","Zap","Dualcast","Parasite","Redo","Cold Snap+1","Sunder+1","Meteor Strike","Chaos+1","Barrage","Rebound","Consume","Self Repair","Buffer","Barrage+1","Static Discharge","Hologram+1","Biased Cognition","Defragment"],"relics":["Cracked Core","ClockworkSouvenir","Boot","Cables","Pear","Sozu"],"acts_visited":["Exordium","TheCity"],"potions_floor_usage":[16,16],"damage_taken":[{"damage":1.0,"enemies":"2 Louse","floor":1.0,"turns":3.0},{"damage":6.0,"enemies":"Jaw Worm","floor":5.0,"turns":2.0},{"damage":0.0,"enemies":"Cultist","floor":7.0,"turns":2.0},{"damage":32.0,"enemies":"Lagavulin","floor":10.0,"turns":5.0},{"damage":10.0,"enemies":"Looter","floor":11.0,"turns":2.0},{"damage":6.0,"enemies":"Exordium Wildlife","floor":12.0,"turns":2.0},{"damage":0.0,"enemies":"3 Louse","floor":13.0,"turns":3.0},{"damage":27,"enemies":"Hexaghost","floor":16,"turns":9},{"damage":28,"enemies":"2 Thieves","floor":18,"turns":5},{"damage":8,"enemies":"Chosen","floor":19,"turns":3},{"damage":23,"enemies":"Snake Plant","floor":20,"turns":3},{"damage":8,"enemies":"Sentry and Sphere","floor":21,"turns":4},{"damage":15,"enemies":"3 Cultists","floor":22,"turns":5},{"damage":51,"enemies":"Centurion and Healer","floor":24,"turns":20},{"damage":14,"enemies":"Snake Plant","floor":25,"turns":1}],"seed_played":"6743202202399253614","potions_obtained":[{"floor":1.0,"key":"Ancient Potion"},{"floor":7.0,"key":"Block Potion"},{"floor":12.0,"key":"LiquidBronze"}],"is_trial":false,"path_per_floor":["M","$","?","?","M","R","M","R","T","E","M","M","M","$","R","B",null,"M","M","M","M","M","R","M","M"],"character_chosen":"DEFECT","items_purchased":["ClockworkSouvenir","Cold Snap","Sunder","Pear"],"campfire_rested":2,"item_purchase_floors":[2,2,2,14],"current_hp_per_floor":[74,74,74,59,53,53,53,53,53,21,11,5,5,15,40,20,85,64,56,40,39,31,56,12,0,0],"gold":159,"neow_bonus":"TWO_FIFTY_GOLD","is_daily":false,"chose_seed":false,"campfire_upgraded":2,"win_rate":0.0,"timestamp":1612068497,"path_taken":["M","$","?","?","?","R","?","R","T","E","M","M","M","$","R","BOSS","M","M","M","M","M","R","M","M"],"items_purchased_type":["Relic","Card","Card","Relic"],"build_version":"2020-12-22","purchased_purges":0,"victory":false,"max_hp_per_floor":[75,75,75,75,75,75,75,75,75,75,75,75,75,85,85,85,85,85,85,85,85,85,85,85,85,85],"relic_stats":{"Sozu":3,"counters":[15,69],"Boot":[21],"obtain_stats":[{"Sozu":17,"Pear":14,"Cracked Core":0,"Boot":9,"ClockworkSouvenir":2,"Cables":10},{"Sozu":8,"Pear":7,"Cracked Core":0,"Boot":3,"ClockworkSouvenir":1,"Cables":4},{"Sozu":28,"Pear":19,"Cracked Core":0,"Boot":7,"ClockworkSouvenir":3,"Cables":12}],"Cables":[42,21,6,9,6]},"card_choices":[{"not_picked":["Stack","Leap"],"picked":"Redo","floor":1.0},{"not_picked":["Steam","Gash"],"picked":"Chaos","floor":5.0},{"not_picked":["Force Field","Beam Cell"],"picked":"Barrage","floor":7.0},{"not_picked":["Go for the Eyes","Rip and Tear"],"picked":"Rebound","floor":10.0},{"not_picked":["Compile Driver","Conserve Battery"],"picked":"Consume","floor":11.0},{"not_picked":["Sunder","BootSequence"],"picked":"Self Repair","floor":12.0},{"not_picked":["Recycle","Steam","Beam Cell"],"picked":"SKIP","floor":13.0},{"not_picked":["Machine Learning","Hyperbeam"],"picked":"Buffer","floor":16},{"not_picked":["Beam Cell","Stack+1"],"picked":"Barrage+1","floor":18},{"not_picked":["Conserve Battery","Turbo"],"picked":"Static Discharge","floor":19},{"not_picked":["Skim","Loop"],"picked":"Hologram+1","floor":20},{"not_picked":["Compile Driver+1","Conserve Battery"],"picked":"Biased Cognition","floor":21},{"not_picked":["Rip and Tear","Steam Power"],"picked":"Defragment","floor":22},{"not_picked":["Turbo","Beam Cell","Stack"],"picked":"SKIP","floor":24}],"player_experience":966516,"relics_obtained":[{"floor":9.0,"key":"Boot"},{"floor":10.0,"key":"Cables"}],"event_choices":[{"damage_healed":0.0,"max_hp_gain":0.0,"max_hp_loss":0.0,"gold_gain":0.0,"cards_transformed":["Strike_B"],"event_name":"Living Wall","player_choice":"Change","floor":3.0,"gold_loss":0.0,"damage_taken":0.0,"cards_obtained":["Meteor Strike"]},{"damage_healed":0.0,"max_hp_gain":0.0,"max_hp_loss":0.0,"gold_gain":0.0,"event_name":"Shining Light","player_choice":"Entered Light","floor":4.0,"gold_loss":0.0,"damage_taken":15.0,"cards_upgraded":["Strike_B","Cold Snap"]}],"is_beta":false,"boss_relics":[{"not_picked":["Coffee Dripper","Runic Dome"],"picked":"Sozu"}],"items_purged_floors":[],"is_endless":false,"potions_floor_spawned":[1,7,12,19,20,22],"killed_by":"Snake Plant","ascension_level":0}}