{"host":"tq99ucv8ezzqzioe","time":1612072591,"event":{"mods":["BaseMod","Colored Map","Downfall","Highlight Path","Minty Spire (QoL Compilation)","StSLib"],"gold_per_floor":[99,116,26,45,63,63,112,143,159,59,44,54,54,79,96,192,192,92,110,127,127,138,38,65,76,176,176,195,195,35,61,75,171,171,171,181,201,251,251,251,278,295,308,325,325,425,425,436,446,446,446,475,33,33,33,33,33],"floor_reached":55,"language":"ENG","playtime":9633,"items_purged":["Clumsy","Guardian:Defend_Guardian"],"score":761,"play_id":"dc7e9af1-4df4-4024-8109-6bac2df2a920","local_time":"20210131005631","is_ascension_mode":true,"campfire_choices":[{"floor":1.0,"key":"RECALL"},{"data":"Guardian:RefractedBeam+1","floor":10.0,"key":"SMITH"},{"data":"Guardian:RefractedBeam+2","floor":13.0,"key":"SMITH"},{"data":"Guardian:RefractedBeam+3","floor":18.0,"key":"SMITH"},{"data":"Guardian:RefractedBeam+4","floor":23.0,"key":"SMITH"},{"data":"Guardian:RefractedBeam+5","floor":35.0,"key":"SMITH"},{"data":"Guardian:RefractedBeam+6","floor":45.0,"key":"SMITH"},{"data":"Guardian:RefractedBeam+7","floor":47.0,"key":"SMITH"},{"data":"Guardian:RefractedBeam+8","floor":54.0,"key":"SMITH"}],"circlet_count":0,"master_deck":["Guardian:Defend_Guardian","Guardian:Defend_Guardian","Guardian:Defend_Guardian","Guardian:CurlUp","Guardian:TwinSlam","Guardian:ShieldCharger","Guardian:Reroute","Guardian:RefractedBeam+9","Guardian:BaubleBeam+1","Guardian:CrystalBeam","Guardian:ShieldSpikes","Guardian:SpikerProtocol","Guardian:FloatingOrbs","Guardian:CrystalBeam","Guardian:GatlingBeam","Guardian:AncientConstruct+1","Guardian:PolyBeam+1","Guardian:PrimingBeam+1","Guardian:Preprogram+1","Guardian:PiercingHide+1","Guardian:Planning","Guardian:FierceBash","Guardian:CrystalBeam+1","Guardian:Incinerate","Guardian:Incinerate+1","Guardian:CrystalBeam+1","Guardian:Incinerate","Guardian:VentSteam+1","Guardian:Preprogram+1","Guardian:PiercingHide+1","Guardian:Incinerate"],"relics":["Guardian:ModeShifter","TungstenRod","Boot","downfall:HeartBlessingRed","Dream Catcher","Coffee Dripper","downfall:HeartBlessingGreen","downfall:HeartBlessingBlue","Ancient Tea Set","Pocketwatch","Frozen Egg 2","Pear","Astrolabe","Prayer Wheel","Lantern","White Beast Statue","Whetstone","Bottled Lightning"],"acts_visited":["Exordium","TheCity","TheBeyond","TheEnding"],"potions_floor_usage":[],"damage_taken":[{"damage":1.0,"enemies":"Jaw Worm","floor":2.0,"turns":5.0},{"damage":5.0,"enemies":"downfall:FleeingMerchant","floor":3.0,"turns":4.0},{"damage":0.0,"enemies":"Cultist","floor":4.0,"turns":4.0},{"damage":0.0,"enemies":"2 Louse","floor":5.0,"turns":3.0},{"damage":12.0,"enemies":"Gremlin Nob","floor":8.0,"turns":5.0},{"damage":12.0,"enemies":"Red Slaver","floor":9.0,"turns":2.0},{"damage":3.0,"enemies":"downfall:FleeingMerchant","floor":11.0,"turns":4.0},{"damage":0.0,"enemies":"Large Slime","floor":12.0,"turns":4.0},{"damage":13.0,"enemies":"Lagavulin","floor":14.0,"turns":6.0},{"damage":11.0,"enemies":"Blue Slaver","floor":15.0,"turns":2.0},{"damage":8.0,"enemies":"SI_SHIV_ARCHETYPE","floor":16.0,"turns":10.0},{"damage":0.0,"enemies":"Shell Parasite","floor":19.0,"turns":3.0},{"damage":6.0,"enemies":"Snake Plant","floor":20.0,"turns":3.0},{"damage":11.0,"enemies":"Centurion and Healer","floor":22.0,"turns":5.0},{"damage":0.0,"enemies":"Snecko","floor":25.0,"turns":4.0},{"damage":6.0,"enemies":"Colosseum Nobs","floor":26.0,"turns":3.0},{"damage":10.0,"enemies":"3 Cultists","floor":28.0,"turns":4.0},{"damage":10.0,"enemies":"downfall:FleeingMerchant","floor":30.0,"turns":4.0},{"damage":21.0,"enemies":"Slavers","floor":31.0,"turns":4.0},{"damage":4.0,"enemies":"Snake Plant","floor":32.0,"turns":4.0},{"damage":27.0,"enemies":"WA_ARCHETYPE_CALM","floor":33.0,"turns":9.0},{"damage":5.0,"enemies":"Orb Walker","floor":36.0,"turns":3.0},{"damage":4.0,"enemies":"3 Shapes","floor":37.0,"turns":5.0},{"damage":5.0,"enemies":"3 Shapes","floor":38.0,"turns":6.0},{"damage":29.0,"enemies":"Transient","floor":42.0,"turns":5.0},{"damage":4.0,"enemies":"Writhing Mass","floor":43.0,"turns":5.0},{"damage":9.0,"enemies":"Sphere and 2 Shapes","floor":44.0,"turns":6.0},{"damage":0.0,"enemies":"Transient","floor":48.0,"turns":5.0},{"damage":2.0,"enemies":"Spire Growth","floor":49.0,"turns":3.0},{"damage":40.0,"enemies":"DF_ARCHETYPE_ORBS","floor":50.0,"turns":7.0},{"damage":146.0,"enemies":"downfall:CharBossMerchant","floor":52.0,"turns":10.0},{"damage":14,"enemies":"downfall:NeowBoss","floor":55,"turns":10}],"seed_played":"-3716089216444099564","potions_obtained":[{"floor":2.0,"key":"Fire Potion"},{"floor":8.0,"key":"Guardian:AcceleratePotion"},{"floor":12.0,"key":"Dexterity Potion"},{"floor":14.0,"key":"Weak Potion"},{"floor":16.0,"key":"SteroidPotion"},{"floor":20.0,"key":"BlessingOfTheForge"},{"floor":25.0,"key":"LiquidMemories"},{"floor":26.0,"key":"bronze:BurnAndBuffPotion"},{"floor":29.0,"key":"CultistPotion"},{"floor":32.0,"key":"champ:CounterPotion"},{"floor":37.0,"key":"AttackPotion"},{"floor":42.0,"key":"FairyPotion"},{"floor":43.0,"key":"BlessingOfTheForge"}],"is_trial":false,"path_per_floor":["R","M","$","M","M","?","T","E","M","R","$","M","R","E","M","B",null,"R","M","M","?","M","R","T","M","?","?","M","?","$","E","M","B",null,"R","M","M","?","?","?","T","M","M","M","R","?","R","M","M","B",null,"E","$","R","B"],"character_chosen":"GUARDIAN","items_purchased":["Guardian:Gem_Cyan","Whetstone","Guardian:Incinerate","Bottled Lightning"],"campfire_rested":0,"item_purchase_floors":[30,53,53,53],"current_hp_per_floor":[80,79,74,74,74,74,74,62,50,50,47,47,47,34,23,15,80,80,80,74,74,63,73,73,73,67,67,57,57,47,36,32,5,100,100,95,91,86,86,86,86,57,53,44,44,44,44,44,42,2,100,1,1,1,0,0,0],"gold":33,"neow_bonus":"ONE_RARE_RELIC","is_daily":false,"chose_seed":false,"campfire_upgraded":8,"win_rate":0.0,"timestamp":1612072591,"path_taken":["R","M","$","M","M","?","T","E","M","R","?","M","R","E","M","BOSS","R","M","M","?","M","R","T","?","?","?","?","?","$","E","M","BOSS","R","M","M","?","?","?","T","?","M","M","R","?","R","M","M","BOSS","E","$","R","BOSS"],"items_purchased_type":["Card","Relic","Card","Relic"],"build_version":"2020-12-22","purchased_purges":2,"victory":false,"max_hp_per_floor":[80,80,80,80,80,80,80,80,80,80,80,80,80,80,80,80,80,80,80,80,80,80,90,90,90,90,90,90,90,90,100,100,100,100,100,100,100,100,100,100,100,100,100,100,100,100,100,100,100,100,100,100,100,100,100,100,100],"card_choices":[{"not_picked":["Guardian:TemporalShield","Guardian:Harden"],"picked":"Guardian:ShieldCharger","floor":2.0},{"not_picked":["Guardian:PrimingBeam","Guardian:TimeCapacitor"],"picked":"Guardian:Reroute","floor":3.0},{"not_picked":["Guardian:ChargeCore","Guardian:ShieldCharger"],"picked":"Guardian:RefractedBeam","floor":4.0},{"not_picked":["Guardian:HyperBeam_Guardian","Guardian:ChargeCore"],"picked":"Guardian:Gem_White","floor":5.0},{"not_picked":["Guardian:BodySlam","Guardian:EvasiveProtocol"],"picked":"Guardian:BaubleBeam","floor":8.0},{"not_picked":["Guardian:RollAttack","Guardian:VentSteam"],"picked":"Guardian:GuardianWhirl","floor":9.0},{"not_picked":["Guardian:Incinerate","Guardian:Planning"],"picked":"Guardian:CrystalBeam","floor":11.0},{"not_picked":["Guardian:Preprogram","Guardian:PrimingBeam"],"picked":"Guardian:ShieldSpikes","floor":12.0},{"not_picked":["Guardian:DecasProtection","Guardian:Harden"],"picked":"Guardian:SpikerProtocol","floor":14.0},{"not_picked":["Guardian:PrismaticBeam","Guardian:TemporalStrike"],"picked":"Guardian:FloatingOrbs","floor":15.0},{"not_picked":["Guardian:SphericShield","Guardian:ConstructionForm"],"picked":"Guardian:Gem_Synthetic","floor":16.0},{"not_picked":["Guardian:Suspension","Guardian:EvasiveProtocol"],"picked":"Guardian:CrystalBeam","floor":19.0},{"not_picked":["Guardian:Planning+1","Guardian:TemporalStrike"],"picked":"Guardian:Gem_Lightblue","floor":20.0},{"not_picked":["Guardian:ArmoredProtocol","Guardian:DonusPower+1"],"picked":"Guardian:Gem_Red","floor":22.0},{"not_picked":["Guardian:TemporalShield","Guardian:TemporalStrike"],"picked":"Guardian:Gem_Lightblue","floor":25.0},{"not_picked":["Guardian:Reroute","Guardian:WalkerClaw"],"picked":"Guardian:Gem_Green","floor":28.0},{"not_picked":["Guardian:ArmoredProtocol+1","Guardian:TimeCapacitor+1"],"picked":"Guardian:GatlingBeam","floor":30.0},{"not_picked":["Guardian:EvasiveProtocol+1","Guardian:PolyBeam"],"picked":"Guardian:Gem_White","floor":31.0},{"not_picked":["Guardian:CrystalBeam+1","Guardian:ShieldSpikes+1"],"picked":"Guardian:Gem_Blue","floor":32.0},{"not_picked":["Guardian:RevengeProtocol+1","Guardian:StasisField"],"picked":"Guardian:AncientConstruct+1","floor":33.0},{"not_picked":["Guardian:Incinerate+1","Guardian:SpikerProtocol+1"],"picked":"Guardian:PrimingBeam+1","floor":36.0},{"not_picked":["Guardian:TimeCapacitor+1","Guardian:TemporalShield+1"],"picked":"Guardian:Preprogram+1","floor":37.0},{"not_picked":["Guardian:Gem_Crimson","Guardian:WalkerClaw"],"picked":"Guardian:PiercingHide+1","floor":38.0},{"not_picked":["Guardian:PolyBeam","Guardian:VentSteam"],"picked":"Guardian:CrystalBeam+1","floor":42.0},{"not_picked":["Guardian:Gem_White","Guardian:GuardianWhirl"],"picked":"Guardian:Incinerate","floor":42.0},{"not_picked":["Guardian:VentSteam","Guardian:Planning"],"picked":"Guardian:Gem_Orange","floor":43.0},{"not_picked":["Guardian:Clone","Guardian:CrystalBeam+1"],"picked":"Guardian:Incinerate+1","floor":43.0},{"not_picked":["Guardian:PrimingBeam","Guardian:Suspension"],"picked":"Guardian:CrystalBeam","floor":44.0},{"not_picked":["Guardian:RefractedBeam","Guardian:SentryBeam","Guardian:ChargeCore"],"picked":"SKIP","floor":44.0},{"not_picked":["Guardian:Gem_Blue","Guardian:Gem_Cyan"],"picked":"Guardian:Incinerate","floor":48.0},{"not_picked":["Guardian:Gem_Lightblue","Guardian:Gem_Fragmented"],"picked":"Guardian:VentSteam+1","floor":48.0},{"not_picked":["Guardian:TimeBomb","Guardian:DonusPower"],"picked":"Guardian:Preprogram+1","floor":49.0},{"not_picked":["Guardian:ChargeCore+1","Guardian:ShieldSpikes+1"],"picked":"Guardian:PiercingHide+1","floor":49.0},{"not_picked":["Guardian:BodySlam","Guardian:PrimingBeam+1"],"picked":"Guardian:Gem_Red","floor":52.0}],"player_experience":834730,"relics_obtained":[{"floor":8.0,"key":"Boot"},{"floor":14.0,"key":"Dream Catcher"},{"floor":24.0,"key":"Ancient Tea Set"},{"floor":26.0,"key":"Pocketwatch"},{"floor":26.0,"key":"Frozen Egg 2"},{"floor":31.0,"key":"Pear"},{"floor":38.0,"key":"Prayer Wheel"},{"floor":41.0,"key":"Lantern"},{"floor":52.0,"key":"White Beast Statue"}],"event_choices":[],"is_beta":false,"boss_relics":[{"not_picked":["Snecko Eye","Philosopher\u0027s Stone"],"picked":"Coffee Dripper"},{"not_picked":["Runic Dome","Tiny House"],"picked":"Astrolabe"}],"items_purged_floors":[3,30],"is_endless":false,"potions_floor_spawned":[2,8,12,14,16,20,25,26,32,37,42,43],"killed_by":"downfall:NeowBoss","ascension_level":1}}