{"host":"6xsbn6ynqlzwllfm","time":1612121552,"event":{"mods":["2.2 Compatiblity","BaseMod","Bestiary","Colored Map","Colored Powertips","Curses Come First","Highlight Path","Keyboard Shortcuts","Minty Spire (QoL Compilation)","Relic Stats","Slay the Relics Exporter","StSLib","SuperFastMode"],"gold_per_floor":[112,112,112,129,129,159,159,186,186,186,221,221,291,51,51,128,128,128,128],"floor_reached":18,"language":"ENG","playtime":430,"items_purged":["Strike_P"],"score":348,"play_id":"842dbd16-6e40-4c4f-999b-0267bce79d27","local_time":"20210131143232","daily_mods":["Heirloom","Flight"],"is_ascension_mode":true,"campfire_choices":[{"floor":7.0,"key":"REST"},{"floor":15.0,"key":"REST"}],"circlet_count":0,"master_deck":["AscendersBane","Strike_P+1","Strike_P","Strike_P","Defend_P","Defend_P","Defend_P+1","Defend_P","Eruption","Vigilance","FlyingSleeves","EmptyFist","CrushJoints","Fasting2","SandsOfTime","LessonLearned"],"relics":["PureWater","GoldenEye","Peace Pipe","Bird Faced Urn","Centennial Puzzle","Mummified Hand","Ornamental Fan","Lizard Tail","Omamori","Fusion Hammer"],"acts_visited":["Exordium","TheCity"],"potions_floor_usage":[],"damage_taken":[{"damage":9.0,"enemies":"2 Louse","floor":1.0,"turns":4.0},{"damage":2.0,"enemies":"Jaw Worm","floor":4.0,"turns":3.0},{"damage":27.0,"enemies":"Lagavulin","floor":6.0,"turns":7.0},{"damage":12.0,"enemies":"3 Sentries","floor":8.0,"turns":6.0},{"damage":14.0,"enemies":"Lagavulin","floor":11.0,"turns":5.0},{"damage":14.0,"enemies":"The Guardian","floor":16.0,"turns":9.0},{"damage":0,"enemies":"Shell Parasite","floor":18,"turns":1}],"seed_played":"365357146892667485","potions_obtained":[{"floor":1.0,"key":"DuplicationPotion"},{"floor":8.0,"key":"EntropicBrew"},{"floor":16.0,"key":"Weak Potion"}],"is_trial":true,"path_per_floor":["M","?","T","M","?","E","R","E","T","T","E","?","?","$","R","B",null,"M"],"character_chosen":"WATCHER","items_purchased":["Omamori"],"campfire_rested":2,"item_purchase_floors":[14],"current_hp_per_floor":[52,57,57,55,33,6,27,15,15,15,1,1,1,1,22,10,57,57,57],"gold":128,"neow_bonus":"","is_daily":false,"chose_seed":false,"campfire_upgraded":0,"win_rate":0.0,"timestamp":1612121552,"path_taken":["M","?","?","?","?","E","R","E","T","?","E","?","?","$","R","BOSS","M"],"items_purchased_type":["Relic"],"build_version":"2020-12-22","purchased_purges":1,"victory":false,"max_hp_per_floor":[68,73,73,73,73,73,73,73,73,73,73,73,73,73,73,73,73,73,73],"relic_stats":{"Peace Pipe":0,"Centennial Puzzle":[6],"Lizard Tail":0,"counters":[7,35],"Mummified Hand":[1],"Ornamental Fan":[16],"Bird Faced Urn":[2],"GoldenEye":[0],"obtain_stats":[{"Peace Pipe":3,"Centennial Puzzle":8,"Lizard Tail":11,"Mummified Hand":9,"Ornamental Fan":10,"Bird Faced Urn":6,"Fusion Hammer":17,"Omamori":14,"PureWater":0,"GoldenEye":0},{"Peace Pipe":1,"Centennial Puzzle":4,"Lizard Tail":5,"Mummified Hand":4,"Ornamental Fan":4,"Bird Faced Urn":3,"Fusion Hammer":6,"Omamori":5,"PureWater":0,"GoldenEye":0},{"Peace Pipe":4,"Centennial Puzzle":20,"Lizard Tail":25,"Mummified Hand":20,"Ornamental Fan":20,"Bird Faced Urn":14,"Fusion Hammer":34,"Omamori":25,"PureWater":0,"GoldenEye":0}]},"card_choices":[{"not_picked":["Nirvana","WreathOfFlame"],"picked":"FlyingSleeves","floor":1.0},{"not_picked":["SashWhip","Crescendo"],"picked":"EmptyFist","floor":4.0},{"not_picked":["DevaForm","Crescendo"],"picked":"CrushJoints","floor":6.0},{"not_picked":["Wish","EmptyMind"],"picked":"Fasting2","floor":8.0},{"not_picked":["BowlingBash","Evaluate"],"picked":"SandsOfTime","floor":11.0},{"not_picked":["Wish","Devotion"],"picked":"LessonLearned","floor":16.0}],"player_experience":1365416,"relics_obtained":[{"floor":3.0,"key":"Peace Pipe"},{"floor":6.0,"key":"Bird Faced Urn"},{"floor":8.0,"key":"Centennial Puzzle"},{"floor":9.0,"key":"Mummified Hand"},{"floor":10.0,"key":"Ornamental Fan"},{"floor":11.0,"key":"Lizard Tail"}],"event_choices":[{"damage_healed":0.0,"max_hp_gain":5.0,"max_hp_loss":0.0,"gold_gain":0.0,"event_name":"Big Fish","player_choice":"Donut","floor":2.0,"gold_loss":0.0,"damage_taken":0.0},{"damage_healed":0.0,"max_hp_gain":0.0,"max_hp_loss":0.0,"gold_gain":0.0,"event_name":"Shining Light","player_choice":"Entered Light","floor":5.0,"gold_loss":0.0,"damage_taken":22.0,"cards_upgraded":["Strike_P","Defend_P"]},{"damage_healed":0.0,"max_hp_gain":0.0,"max_hp_loss":0.0,"gold_gain":0.0,"event_name":"Dead Adventurer","player_choice":"Searched \u00270\u0027 times","floor":12.0,"gold_loss":0.0,"damage_taken":0.0},{"damage_healed":0.0,"max_hp_gain":0.0,"max_hp_loss":0.0,"gold_gain":70.0,"event_name":"Golden Wing","player_choice":"Gained Gold","floor":13.0,"gold_loss":0.0,"damage_taken":0.0}],"is_beta":false,"boss_relics":[{"not_picked":["Busted Crown","Tiny House"],"picked":"Fusion Hammer"}],"items_purged_floors":[14],"is_endless":true,"potions_floor_spawned":[1,8,11,16],"killed_by":"Shell Parasite","ascension_level":20}}