{"host":"jx3f6ezc0g3s9edc","time":1612058358,"event":{"mods":["AchievementEnabler","BaseMod","Bestiary","Colored Map","Highlight Path","Minty Spire (QoL Compilation)","StSLib"],"gold_per_floor":[113,28,41,54,66,66,95,115,115,130,149,165,165,44,44,147,147,159,179,179,112,128,128,128,44,44,44,44,56,56,75,75,75,75],"floor_reached":33,"language":"ENG","playtime":2237,"items_purged":["Strike_R"],"score":251,"play_id":"4b7ee075-7ac7-4ccf-a73f-3ebc650d9eba","local_time":"20210130205918","is_ascension_mode":false,"campfire_choices":[{"data":"Bash","floor":6.0,"key":"SMITH"},{"floor":13.0,"key":"REST"},{"data":"True Grit","floor":15.0,"key":"SMITH"},{"floor":23.0,"key":"REST"},{"floor":30.0,"key":"REST"},{"floor":32.0,"key":"REST"}],"circlet_count":0,"master_deck":["Strike_R","Strike_R","Strike_R","Defend_R","Defend_R","Defend_R","Bash+1","Clothesline","Shrug It Off","Feel No Pain","Bloodletting","Body Slam","Battle Trance","Carnage","True Grit+1","Immolate","Intimidate","Feed","Demon Form","Dark Embrace","Power Through","Thunderclap","Decay","Cleave+1","Spot Weakness"],"relics":["Busted Crown"],"acts_visited":["Exordium","TheCity"],"potions_floor_usage":[33],"damage_taken":[{"damage":1.0,"enemies":"Cultist","floor":1.0,"turns":3.0},{"damage":0.0,"enemies":"Small Slimes","floor":3.0,"turns":3.0},{"damage":0.0,"enemies":"2 Louse","floor":4.0,"turns":3.0},{"damage":5.0,"enemies":"2 Fungi Beasts","floor":5.0,"turns":4.0},{"damage":20.0,"enemies":"3 Sentries","floor":7.0,"turns":10.0},{"damage":4.0,"enemies":"Lots of Slimes","floor":8.0,"turns":6.0},{"damage":11.0,"enemies":"Large Slime","floor":10.0,"turns":3.0},{"damage":2.0,"enemies":"Looter","floor":11.0,"turns":3.0},{"damage":13.0,"enemies":"Gremlin Gang","floor":12.0,"turns":5.0},{"damage":10.0,"enemies":"The Guardian","floor":16.0,"turns":10.0},{"damage":7.0,"enemies":"Chosen","floor":18.0,"turns":5.0},{"damage":34.0,"enemies":"Spheric Guardian","floor":19.0,"turns":6.0},{"damage":19.0,"enemies":"Snake Plant","floor":22.0,"turns":4.0},{"damage":25.0,"enemies":"Shelled Parasite and Fungi","floor":29.0,"turns":7.0},{"damage":25.0,"enemies":"Sentry and Sphere","floor":31.0,"turns":5.0},{"damage":73,"enemies":"Automaton","floor":33,"turns":6}],"seed_played":"8987261342290636663","potions_obtained":[{"floor":4.0,"key":"SpeedPotion"},{"floor":7.0,"key":"DuplicationPotion"},{"floor":8.0,"key":"Fire Potion"},{"floor":18.0,"key":"Ancient Potion"},{"floor":19.0,"key":"GamblersBrew"},{"floor":22.0,"key":"Fire Potion"}],"is_trial":false,"path_per_floor":["M","$","M","M","M","R","E","M","T","M","M","M","R","$","R","B",null,"M","M","?","$","M","R","?","$","T","?","?","M","R","M","R","B"],"character_chosen":"IRONCLAD","items_purchased":["Shrug It Off","Feel No Pain","True Grit","Dark Embrace","Power Through","Thunderclap"],"campfire_rested":4,"item_purchase_floors":[2,2,14,21,25,25],"current_hp_per_floor":[79,79,79,79,74,74,54,50,50,39,37,24,48,48,48,38,80,73,39,39,39,23,47,47,47,47,47,41,19,44,19,44,0,0],"gold":75,"neow_bonus":"BOSS_RELIC","is_daily":false,"chose_seed":false,"campfire_upgraded":2,"win_rate":0.0,"timestamp":1612058358,"path_taken":["M","$","M","M","M","R","E","M","T","M","M","M","R","$","R","BOSS","M","M","?","$","M","R","?","$","T","?","?","M","R","M","R","BOSS"],"items_purchased_type":["Card","Card","Card","Card","Card","Card"],"build_version":"2020-12-22","purchased_purges":1,"victory":false,"max_hp_per_floor":[80,80,80,80,80,80,80,80,80,80,80,80,80,80,80,80,80,80,80,80,80,83,83,83,83,83,83,83,86,86,86,86,86,86],"card_choices":[{"not_picked":[],"picked":"Clothesline","floor":1.0},{"not_picked":["Flame Barrier"],"picked":"SKIP","floor":3.0},{"not_picked":[],"picked":"Bloodletting","floor":4.0},{"not_picked":["Havoc"],"picked":"SKIP","floor":5.0},{"not_picked":[],"picked":"Body Slam","floor":7.0},{"not_picked":[],"picked":"Battle Trance","floor":8.0},{"not_picked":[],"picked":"Carnage","floor":10.0},{"not_picked":["Wild Strike"],"picked":"SKIP","floor":11.0},{"not_picked":["Seeing Red"],"picked":"SKIP","floor":12.0},{"not_picked":[],"picked":"Immolate","floor":16.0},{"not_picked":["Blood for Blood"],"picked":"SKIP","floor":18.0},{"not_picked":[],"picked":"Intimidate","floor":19.0},{"not_picked":["Iron Wave+1"],"picked":"SKIP","floor":22.0},{"not_picked":[],"picked":"Cleave+1","floor":29.0},{"not_picked":[],"picked":"Spot Weakness","floor":31.0}],"player_experience":793730,"relics_obtained":[],"event_choices":[{"damage_healed":0.0,"max_hp_gain":0.0,"max_hp_loss":0.0,"gold_gain":0.0,"cards_transformed":["Strike_R","Defend_R"],"event_name":"Drug Dealer","player_choice":"Became Test Subject","floor":20.0,"gold_loss":0.0,"damage_taken":0.0,"cards_obtained":["Feed","Demon Form"]},{"damage_healed":0.0,"max_hp_gain":0.0,"max_hp_loss":0.0,"gold_gain":0.0,"event_name":"Beggar","player_choice":"Ignored","floor":24.0,"gold_loss":0.0,"damage_taken":0.0},{"damage_healed":0.0,"max_hp_gain":0.0,"max_hp_loss":0.0,"gold_gain":0.0,"event_name":"Forgotten Altar","player_choice":"Smashed Altar","floor":27.0,"gold_loss":0.0,"damage_taken":0.0,"cards_obtained":["Decay"]},{"damage_healed":0.0,"max_hp_gain":0.0,"max_hp_loss":0.0,"gold_gain":0.0,"event_name":"Knowing Skull","player_choice":"","floor":28.0,"potions_obtained":[],"gold_loss":0.0,"damage_taken":6.0,"cards_obtained":[]}],"is_beta":false,"boss_relics":[{"not_picked":["Ectoplasm","SacredBark","Philosopher\u0027s Stone"]}],"items_purged_floors":[14],"is_endless":false,"potions_floor_spawned":[4,7,8,18,19,22],"killed_by":"Automaton","ascension_level":0}}