{"host":"e8rlfedn69rz2s07","time":1612131345,"event":{"mods":["BaseMod","Downfall","Minty Spire (QoL Compilation)","Permanent Neow","Relic Stats","StSLib"],"gold_per_floor":[99,116,135,135,154,185,185,216,233,250,175,160,10,40,60,159,159,9,23,23,23,41,70,149,184,34,19,48,60,10,28,41,144,144,94,104,123,173,183,133,133,168,186,136,150,100,113,113,132,132,132,157,73,23,23,23,23,23],"floor_reached":56,"language":"ENG","playtime":7628,"items_purged":[],"score":1036,"play_id":"5fe12f52-d96c-4b97-8aaf-693d29eb34a9","local_time":"20210201001543","is_ascension_mode":true,"campfire_choices":[{"data":"Slimebound:Split","floor":1.0,"key":"SMITH"},{"floor":13.0,"key":"REST"},{"floor":18.0,"key":"RECALL"},{"data":"Slimebound:FlameTackle","floor":26.0,"key":"SMITH"},{"data":"Slimebound:Equalize","floor":30.0,"key":"SMITH"},{"data":"Slimebound:AcidTongue","floor":35.0,"key":"SMITH"},{"data":"Slimebound:LeadByExample","floor":40.0,"key":"SMITH"},{"data":"Slimebound:FlameTackle","floor":44,"key":"SMITH"},{"data":"Slimebound:LivingWall","floor":46,"key":"SMITH"},{"data":"Slimebound:FlameTackle","floor":54,"key":"SMITH"}],"circlet_count":0,"master_deck":["Slimebound:Strike_Slimebound","Slimebound:Strike_Slimebound","Slimebound:Strike_Slimebound","Slimebound:Tackle+1","Slimebound:Defend_Slimebound","Slimebound:Defend_Slimebound+1","Slimebound:Defend_Slimebound","Slimebound:Defend_Slimebound+1","Slimebound:Split+1","Slimebound:CorrosiveSpit","Slimebound:LivingWall+1","Slimebound:ComboTackle","downfall:Malfunctioning","Slimebound:RollThrough","Slimebound:Prepare+1","Slimebound:AcidTongue+1","Slimebound:DouseInSlime+1","Slimebound:Grow","Slimebound:OozeBath+1","Slimebound:Replication+1","Ghostly+1","Ghostly+1","Ghostly+1","Ghostly+1","Ghostly+1","Slimebound:RainOfGoop+1","Slimebound:ViciousTackle","Slimebound:FlameTackle+1","Slimebound:Prepare+1","Slimebound:LivingWall+1","Slimebound:Equalize+1","Slimebound:ForwardTackle+1","Slimebound:LeadByExample+1","Slimebound:MassRepurpose+1","Slimebound:LeechingTouch","Slimebound:FinishingTackle","Slimebound:Grow+1","Slimebound:FlameTackle+1","Slimebound:Prepare+1","Slimebound:Prepare+1","Slimebound:FlameTackle+1","expansioncontent:InvincibleStrength"],"relics":["Snecko Eye","Toxic Egg 2","Oddly Smooth Stone","Slimebound:GreedOozeRelic","downfall:HeartBlessingBlue","Ice Cream","Coffee Dripper","downfall:HeartBlessingGreen","Darkstone Periapt","Bottled Tornado","Question Card","downfall:HeartBlessingRed","Matryoshka","Cursed Key","Turnip","Lantern","Pen Nib"],"acts_visited":["Exordium","TheCity","TheBeyond","TheEnding"],"potions_floor_usage":[49,55,55],"damage_taken":[{"damage":0.0,"enemies":"Small Slimes","floor":2.0,"turns":3.0},{"damage":6.0,"enemies":"Jaw Worm","floor":3.0,"turns":4.0},{"damage":12.0,"enemies":"Cultist","floor":5.0,"turns":3.0},{"damage":0.0,"enemies":"Lagavulin","floor":6.0,"turns":7.0},{"damage":13.0,"enemies":"Gremlin Nob","floor":8.0,"turns":4.0},{"damage":8.0,"enemies":"3 Louse","floor":9.0,"turns":3.0},{"damage":0.0,"enemies":"Exordium Wildlife","floor":10.0,"turns":4.0},{"damage":0.0,"enemies":"downfall:FleeingMerchant","floor":12.0,"turns":4.0},{"damage":0.0,"enemies":"Lagavulin","floor":14.0,"turns":4.0},{"damage":0.0,"enemies":"2 Fungi Beasts","floor":15.0,"turns":4.0},{"damage":33.0,"enemies":"IC_STATUS_ARCHETYPE","floor":16.0,"turns":9.0},{"damage":4.0,"enemies":"3 Byrds","floor":19.0,"turns":4.0},{"damage":1.0,"enemies":"Chosen","floor":22.0,"turns":4.0},{"damage":1.0,"enemies":"Gremlin Leader","floor":23.0,"turns":5.0},{"damage":16.0,"enemies":"Book of Stabbing","floor":25.0,"turns":6.0},{"damage":3.0,"enemies":"downfall:FleeingMerchant","floor":27.0,"turns":4.0},{"damage":4.0,"enemies":"Slavers","floor":28.0,"turns":5.0},{"damage":0.0,"enemies":"Centurion and Healer","floor":29.0,"turns":6.0},{"damage":5.0,"enemies":"Cultist and Chosen","floor":31.0,"turns":5.0},{"damage":3.0,"enemies":"3 Cultists","floor":32.0,"turns":5.0},{"damage":1.0,"enemies":"WA_ARCHETYPE_CALM","floor":33.0,"turns":8.0},{"damage":3.0,"enemies":"Orb Walker","floor":36.0,"turns":3.0},{"damage":0.0,"enemies":"3 Shapes","floor":37.0,"turns":3.0},{"damage":0.0,"enemies":"3 Shapes","floor":38.0,"turns":4.0},{"damage":6.0,"enemies":"Writhing Mass","floor":39.0,"turns":4.0},{"damage":0,"enemies":"Nemesis","floor":42,"turns":5},{"damage":22,"enemies":"Jaw Worm Horde","floor":43,"turns":5},{"damage":1,"enemies":"4 Shapes","floor":45,"turns":6},{"damage":0,"enemies":"Maw","floor":47,"turns":5},{"damage":7,"enemies":"3 Darklings","floor":49,"turns":4},{"damage":4,"enemies":"SI_POISON_ARCHETYPE","floor":50,"turns":6},{"damage":13,"enemies":"downfall:CharBossMerchant","floor":52,"turns":7},{"damage":13,"enemies":"downfall:NeowBoss","floor":55,"turns":11},{"damage":35,"enemies":"downfall:NeowBossFinal","floor":56,"turns":9}],"seed_played":"-100763019096792091","potions_obtained":[{"floor":5.0,"key":"Dexterity Potion"},{"floor":8.0,"key":"SneckoOil"},{"floor":9.0,"key":"GamblersBrew"},{"floor":15.0,"key":"Regen Potion"},{"floor":23.0,"key":"FearPotion"},{"floor":29.0,"key":"SpeedPotion"},{"floor":37.0,"key":"Slimebound:SpawnSlimePotion"},{"floor":43,"key":"Strength Potion"},{"floor":52,"key":"SpeedPotion"}],"is_trial":false,"path_per_floor":["R","M","M","?","M","E","T","E","M","M","?","$","R","E","M","B",null,"R","M","?","?","M","E","T","E","R","$","E","M","R","M","M","B",null,"R","M","M","?","M","R","T","E","M","R","M","R","M","?","M","B",null,"E","$","R","B","B"],"character_chosen":"SLIMEBOUND","items_purchased":["expansioncontent:InvincibleStrength"],"campfire_rested":1,"item_purchase_floors":[53],"current_hp_per_floor":[65,65,59,59,47,47,47,34,26,26,26,26,58,58,58,25,75,75,71,37,37,36,35,35,19,19,30,26,26,26,21,30,36,37,37,34,34,37,31,31,31,37,21,21,20,20,32,32,37,36,37,24,24,24,23,0,0,0],"gold":23,"neow_bonus":"BOSS_RELIC","is_daily":false,"chose_seed":false,"campfire_upgraded":8,"win_rate":0.0,"timestamp":1612131343,"path_taken":["R","M","M","?","M","E","T","E","M","M","?","$","R","E","M","BOSS","R","M","?","?","M","E","T","E","R","$","E","?","R","M","M","BOSS","R","M","M","?","M","R","T","E","M","R","M","R","M","?","M","BOSS","E","$","R","BOSS","BOSS"],"items_purchased_type":["Card"],"build_version":"2020-12-22","purchased_purges":0,"victory":false,"max_hp_per_floor":[65,65,65,65,65,65,65,65,65,65,65,65,75,75,75,75,75,75,75,37,37,37,37,37,37,37,37,37,37,37,37,37,37,37,37,37,37,37,37,37,37,37,37,37,37,37,37,37,37,37,37,37,37,37,37,37,37,37],"relic_stats":{"Darkstone Periapt":0,"counters":[34,168],"Snecko Eye":[332,308,313,334],"Turnip":[10],"Pen Nib":[3],"Question Card":16,"Cursed Key":0,"obtain_stats":[{"Ice Cream":14,"Darkstone Periapt":23,"Lantern":42,"downfall:HeartBlessingRed":26,"Oddly Smooth Stone":8,"downfall:HeartBlessingGreen":18,"Pen Nib":52,"Bottled Tornado":24,"Question Card":25,"Cursed Key":34,"Slimebound:GreedOozeRelic":11,"Matryoshka":28,"downfall:HeartBlessingBlue":13,"Snecko Eye":0,"Turnip":38,"Slimebound:AbsorbEndCombat":0,"Coffee Dripper":17,"Toxic Egg 2":6},{"Ice Cream":9,"Darkstone Periapt":14,"Lantern":26,"downfall:HeartBlessingRed":15,"Oddly Smooth Stone":5,"downfall:HeartBlessingGreen":11,"Pen Nib":32,"Bottled Tornado":14,"Question Card":15,"Cursed Key":21,"Slimebound:GreedOozeRelic":7,"Matryoshka":17,"downfall:HeartBlessingBlue":8,"Snecko Eye":0,"Turnip":24,"Slimebound:AbsorbEndCombat":0,"Coffee Dripper":11,"Toxic Egg 2":4},{"Ice Cream":35,"Darkstone Periapt":60,"Lantern":116,"downfall:HeartBlessingRed":66,"Oddly Smooth Stone":21,"downfall:HeartBlessingGreen":47,"Pen Nib":148,"Bottled Tornado":60,"Question Card":66,"Cursed Key":98,"Slimebound:GreedOozeRelic":27,"Matryoshka":75,"downfall:HeartBlessingBlue":31,"Snecko Eye":0,"Turnip":107,"Slimebound:AbsorbEndCombat":0,"Coffee Dripper":47,"Toxic Egg 2":17}]},"card_choices":[{"not_picked":["Slimebound:GoopTackle","Slimebound:SlimeSpikes"],"picked":"Slimebound:LivingWall","floor":2.0},{"not_picked":["Slimebound:Dissolve","Slimebound:GrowthPunch"],"picked":"Slimebound:ComboTackle","floor":3.0},{"not_picked":["Slimebound:ComboTackle","Slimebound:SplitAcid"],"picked":"Slimebound:RollThrough","floor":5.0},{"not_picked":["Slimebound:Equalize","Slimebound:Repurpose+1"],"picked":"Slimebound:Prepare+1","floor":6.0},{"not_picked":["Slimebound:SamplingLick+1","Slimebound:ItLooksTasty"],"picked":"Slimebound:AcidTongue","floor":8.0},{"not_picked":["Slimebound:ForwardTackle","Slimebound:GoopSpray+1"],"picked":"Slimebound:DouseInSlime+1","floor":9.0},{"not_picked":["Slimebound:LeechingTouch","Slimebound:SpikyOuterGoop","Slimebound:HauntingLick+1"],"picked":"SKIP","floor":10.0},{"not_picked":["Slimebound:GoopTackle","Slimebound:GoopSpray+1"],"picked":"Slimebound:Grow","floor":12.0},{"not_picked":["Slimebound:Darklings+1","Slimebound:SplitBruiser+1","Slimebound:Schlurp+1"],"picked":"SKIP","floor":14.0},{"not_picked":["Slimebound:PressTheAttack","Slimebound:FlameTackle","Slimebound:SlimeTap+1"],"picked":"SKIP","floor":15.0},{"not_picked":["Slimebound:SelfFormingGoo","Slimebound:Teamwork+1"],"picked":"Slimebound:OozeBath+1","floor":16.0},{"not_picked":["Slimebound:ItLooksTasty+1","Slimebound:SlimeSpikes+1"],"picked":"Slimebound:Replication+1","floor":19.0},{"not_picked":["Slimebound:SplitBruiser+1","Slimebound:RejuvenatingLick+1"],"picked":"Slimebound:RainOfGoop+1","floor":22.0},{"not_picked":["Slimebound:FirmFortitude+1","Slimebound:Chomp+1"],"picked":"Slimebound:ViciousTackle","floor":23.0},{"not_picked":["Slimebound:PressTheAttack+1","Slimebound:Teamwork+1"],"picked":"Slimebound:FlameTackle","floor":25.0},{"not_picked":["Slimebound:RejuvenatingLick+1","Slimebound:ProtectTheBoss","Slimebound:SlimeSpikes+1"],"picked":"Slimebound:Prepare+1","floor":27.0},{"not_picked":["Slimebound:PressTheAttack+1","Slimebound:SplitLeeching+1","Slimebound:LeechingTouch+1"],"picked":"Slimebound:LivingWall+1","floor":28.0},{"not_picked":["Slimebound:GoopSpray+1","Slimebound:BestDefense","Slimebound:SplitAcid+1"],"picked":"Slimebound:Equalize","floor":29.0},{"not_picked":["Slimebound:SlimeSpikes+1","Slimebound:RollThrough","Slimebound:BestDefense"],"picked":"Slimebound:ForwardTackle+1","floor":31.0},{"not_picked":["Slimebound:SplitBruiser+1","Slimebound:AcidTongue","Slimebound:MegaLick+1"],"picked":"Slimebound:LeadByExample","floor":32.0},{"not_picked":["Slimebound:RallyTheTroops","Slimebound:OozeBath+1","Slimebound:OneTwoCombo"],"picked":"Slimebound:MassRepurpose+1","floor":33.0},{"not_picked":["Slimebound:LeechEnergy","Slimebound:SamplingLick+1","Slimebound:GoopTackle+1"],"picked":"Slimebound:LeechingTouch","floor":36.0},{"not_picked":["Slimebound:SplitSpecialist+1","Slimebound:FinishingTackle","Slimebound:SlimeSpikes+1","Slimebound:RejuvenatingLick+1"],"picked":"SKIP","floor":37.0},{"not_picked":["Slimebound:SplitSpecialist+1","Slimebound:SlimeSpikes+1","Slimebound:RejuvenatingLick+1"],"picked":"Slimebound:FinishingTackle","floor":37.0},{"not_picked":["Slimebound:DivideAndConquer","Slimebound:Dissolve+1","Slimebound:LivingWall+1"],"picked":"Slimebound:Grow+1","floor":38.0},{"not_picked":["Slimebound:SamplingLick+1","Slimebound:MassRepurpose+1","Slimebound:HauntingLick+1"],"picked":"Slimebound:FlameTackle","floor":39.0},{"not_picked":["Slimebound:BestDefense","Slimebound:LeechEnergy","Slimebound:SpikyOuterGoop+1","Slimebound:Schlurp+1"],"picked":"SKIP","floor":42},{"not_picked":["Slimebound:Schlurp+1","Slimebound:GoopSpray+1","Slimebound:SlimeSpikes+1"],"picked":"Slimebound:Prepare+1","floor":43},{"not_picked":["Slimebound:MegaLick+1","Slimebound:LeechingTouch","Slimebound:LivingWall+1"],"picked":"Slimebound:Prepare+1","floor":45},{"not_picked":["Slimebound:Schlurp+1","Slimebound:WasteNot+1","Slimebound:SplitBruiser+1","Slimebound:SplitLeeching+1"],"picked":"SKIP","floor":47},{"not_picked":["Slimebound:DivideAndConquer","Slimebound:Gluttony+1","Slimebound:SamplingLick+1"],"picked":"Slimebound:FlameTackle","floor":49},{"not_picked":["Slimebound:SlimeBrawl+1","Slimebound:RejuvenatingLick+1","Slimebound:HauntingLick+1","Slimebound:SamplingLick+1"],"picked":"SKIP","floor":52}],"player_experience":1051196,"relics_obtained":[{"floor":6.0,"key":"Toxic Egg 2"},{"floor":8.0,"key":"Oddly Smooth Stone"},{"floor":14.0,"key":"Ice Cream"},{"floor":23.0,"key":"Darkstone Periapt"},{"floor":24.0,"key":"Bottled Tornado"},{"floor":25.0,"key":"Question Card"},{"floor":28.0,"key":"Matryoshka"},{"floor":38.0,"key":"Turnip"},{"floor":42,"key":"Lantern"},{"floor":52,"key":"Pen Nib"}],"event_choices":[{"damage_healed":0.0,"max_hp_gain":0.0,"max_hp_loss":38.0,"gold_gain":0.0,"event_name":"Ghosts","player_choice":"Became a Ghost","floor":20.0,"gold_loss":0.0,"damage_taken":0.0,"cards_obtained":["Ghostly","Ghostly","Ghostly","Ghostly","Ghostly"]},{"damage_healed":0,"gold_gain":0,"player_choice":"Ignored","damage_taken":0,"max_hp_gain":0,"max_hp_loss":0,"event_name":"Mysterious Sphere","floor":48,"gold_loss":0}],"is_beta":false,"boss_relics":[{"not_picked":["bronze:MakeshiftBattery","Sozu"],"picked":"Coffee Dripper"},{"not_picked":["Runic Dome","Empty Cage"],"picked":"Cursed Key"}],"items_purged_floors":[],"is_endless":false,"potions_floor_spawned":[5,8,9,15,16,23,29,31,33,37,39,42,43,52],"killed_by":"downfall:NeowBossFinal","ascension_level":3}}