{"host":"klqcd4cqxrk2p1u3","time":1612132687,"event":{"mods":["BaseMod","Downfall","Minty Spire (QoL Compilation)","StSLib"],"gold_per_floor":[99,99,116,135,46,66,116,130,30,15,42,42,42,71,91,190,190,90,110,125,17,17,33,33,43,43,43,43,56,56,3,19,115,115,15,34,34,45,145,145,145,145,163,181,181,194,294,29,46,46,46,46],"floor_reached":50,"language":"ENG","playtime":6485,"items_purged":["downfall:Malfunctioning"],"score":604,"play_id":"722fb2dd-62f7-47c7-9890-1058e2c41414","local_time":"20210131173807","is_ascension_mode":false,"campfire_choices":[{"floor":1,"key":"RECALL"},{"data":"bronze:BronzeOrb","floor":9,"key":"SMITH"},{"data":"bronze:Optimize","floor":13,"key":"SMITH"},{"data":"bronze:Format","floor":18,"key":"SMITH"},{"floor":26,"key":"REST"},{"floor":28,"key":"REST"},{"data":"bronze:Repair","floor":30,"key":"SMITH"},{"data":"bronze:Mutator","floor":35,"key":"SMITH"},{"data":"bronze:Assembly","floor":40,"key":"SMITH"},{"data":"bronze:Repulsor","floor":42,"key":"SMITH"}],"circlet_count":0,"master_deck":["bronze:Replicate","bronze:Goto","bronze:Constructor","bronze:Fortify","bronze:Overload","bronze:Optimize+1","bronze:BronzeOrb+1","bronze:FollowUp+1","bronze:Virus","bronze:CutThrough+1","bronze:Overheat+1","bronze:BronzeOrb+1","bronze:Format+1","bronze:CutThrough+1","bronze:ChosenStrike+1","bronze:Repulsor+1","bronze:Optimize","bronze:BuggyMess","bronze:Overheat+1","bronze:Boost+1","bronze:Repair+1","bronze:Flail+1","bronze:CutThrough+1","bronze:AlphaBuild+1","bronze:CutThrough+1","bronze:Assembly+1","bronze:BronzeOrb+1","bronze:Allocate","bronze:BugBarrage+1","bronze:AlphaBuild+1","bronze:Mutator+1","bronze:DelayedSlice+1","bronze:Shield","bronze:Constructor+1","bronze:Optimize","bronze:GetLatest+1","bronze:Goto+1","bronze:Shield+1","bronze:ItsAFeature","bronze:HardenedForm","Mind Blast+1","bronze:DelayedSlice+1","bronze:CutThrough+1","bronze:MaxOutput","bronze:Constructor+1","bronze:Frontload+1"],"relics":["bronze:PlatinumCore","Bag of Preparation","downfall:HeartBlessingBlue","Shuriken","Molten Egg 2","downfall:HeartBlessingRed","Sundial","Pandora\u0027s Box","downfall:HeartBlessingGreen","downfall:GremlinWheel","Toxic Egg 2","downfall:GremlinSack","Whetstone","Oddly Smooth Stone","HandDrill"],"acts_visited":["Exordium","TheCity","TheBeyond"],"potions_floor_usage":[2,11,14,20,29,36,43,46],"damage_taken":[{"damage":5,"enemies":"Small Slimes","floor":3,"turns":5},{"damage":0,"enemies":"Cultist","floor":4,"turns":4},{"damage":0,"enemies":"downfall:FleeingMerchant","floor":5,"turns":4},{"damage":0,"enemies":"2 Louse","floor":6,"turns":3},{"damage":1,"enemies":"3 Louse","floor":8,"turns":4},{"damage":0,"enemies":"downfall:FleeingMerchant","floor":10,"turns":4},{"damage":13,"enemies":"3 Sentries","floor":11,"turns":9},{"damage":5,"enemies":"Lagavulin","floor":14,"turns":3},{"damage":0,"enemies":"Blue Slaver","floor":15,"turns":3},{"damage":0,"enemies":"WA_ARCHETYPE_RETAIN","floor":16,"turns":4},{"damage":0,"enemies":"Shell Parasite","floor":19,"turns":2},{"damage":19,"enemies":"Centurion and Healer","floor":20,"turns":6},{"damage":20,"enemies":"downfall:FleeingMerchant","floor":21,"turns":4},{"damage":15,"enemies":"Snake Plant","floor":23,"turns":3},{"damage":16,"enemies":"Cultist and Chosen","floor":25,"turns":5},{"damage":0,"enemies":"Snecko","floor":29,"turns":2},{"damage":0,"enemies":"downfall:FleeingMerchant","floor":31,"turns":4},{"damage":0,"enemies":"3 Cultists","floor":32,"turns":4},{"damage":37,"enemies":"DF_ARCHETYPE_CLAW","floor":33,"turns":8},{"damage":31,"enemies":"3 Darklings","floor":36,"turns":4},{"damage":0,"enemies":"3 Shapes","floor":38,"turns":3},{"damage":2,"enemies":"3 Shapes","floor":39,"turns":4},{"damage":36,"enemies":"Transient","floor":43,"turns":5},{"damage":55,"enemies":"Writhing Mass","floor":44,"turns":4},{"damage":14,"enemies":"Spire Growth","floor":46,"turns":4},{"damage":6,"enemies":"Spire Growth","floor":47,"turns":3},{"damage":0,"enemies":"downfall:FleeingMerchant","floor":48,"turns":1},{"damage":0,"enemies":"Sphere and 2 Shapes","floor":49,"turns":2},{"damage":128,"enemies":"SI_POISON_ARCHETYPE","floor":50,"turns":5}],"seed_played":"-1670504618179341050","potions_obtained":[{"floor":2,"key":"Fruit Juice"},{"floor":2,"key":"Regen Potion"},{"floor":2,"key":"Dexterity Potion"},{"floor":4,"key":"GamblersBrew"},{"floor":6,"key":"bronze:CleanCodePotion"},{"floor":15,"key":"BlessingOfTheForge"},{"floor":16,"key":"hexamod:SoulburnPotion"},{"floor":25,"key":"bronze:BuildAFunctionPotion"},{"floor":29,"key":"Guardian:BlockOnCardUsePotion"},{"floor":39,"key":"bronze:BuildAFunctionPotion"},{"floor":43,"key":"bronze:CleanCodePotion"},{"floor":46,"key":"BlessingOfTheForge"}],"is_trial":false,"path_per_floor":["R","?","M","M","$","M","T","M","R","$","E","?","R","E","M","B",null,"R","M","M","$","?","M","T","M","R","?","R","M","R","$","M","B",null,"R","M","?","M","?","R","T","R","M","M","?","M","?","$","M","B"],"character_chosen":"THE_AUTOMATON","items_purchased":["bronze:Optimize","bronze:Optimize","bronze:BuggyMess","bronze:Flail+1","Whetstone","Oddly Smooth Stone","HandDrill","bronze:MaxOutput","bronze:Constructor+1"],"campfire_rested":2,"item_purchase_floors":[5,21,21,31,48,48,48,48,48],"current_hp_per_floor":[70,75,70,70,70,70,70,69,79,79,81,81,81,76,76,76,85,85,85,66,46,46,31,31,15,40,40,65,65,65,75,85,48,85,85,54,54,64,72,72,72,85,49,4,95,81,85,85,85,0,0,0],"gold":46,"neow_bonus":"RANDOM_COMMON_RELIC","is_daily":false,"chose_seed":false,"campfire_upgraded":7,"win_rate":0.0,"timestamp":1612132687,"path_taken":["R","?","M","?","?","M","T","M","R","$","E","?","R","E","M","BOSS","R","M","M","$","?","M","T","M","R","?","R","M","R","$","M","BOSS","R","M","?","M","?","R","T","R","M","?","?","M","?","$","M","BOSS"],"items_purchased_type":["Card","Card","Card","Card","Relic","Relic","Relic","Card","Card"],"build_version":"2020-12-22","purchased_purges":1,"victory":false,"max_hp_per_floor":[70,75,75,75,75,75,75,75,85,85,85,85,85,85,85,85,85,85,85,85,85,85,85,85,85,85,85,85,85,85,85,85,85,85,85,85,85,85,85,85,85,85,85,85,95,95,95,95,95,95,95,95],"card_choices":[{"not_picked":["bronze:BugBarrage","bronze:NullPointer"],"picked":"bronze:Constructor","floor":3},{"not_picked":["bronze:DigitalCarnage","bronze:Shield"],"picked":"bronze:Fortify","floor":4},{"not_picked":["bronze:DigitalCarnage","bronze:ThunderWave"],"picked":"bronze:Overload","floor":5},{"not_picked":["bronze:Frontload","bronze:CloningBeam"],"picked":"bronze:BronzeOrb","floor":6},{"not_picked":["bronze:Frontload","bronze:FineTuning"],"picked":"bronze:FollowUp","floor":8},{"not_picked":["bronze:BugBarrage","bronze:WhirlingStrike"],"picked":"bronze:Virus","floor":10},{"not_picked":["bronze:Fortify","bronze:DarkDash"],"picked":"bronze:CutThrough","floor":11},{"not_picked":["bronze:CloningBeam+1","bronze:DigitalCarnage+1"],"picked":"bronze:Overheat+1","floor":14},{"not_picked":["bronze:MaxOutput","bronze:Turbo"],"picked":"bronze:BronzeOrb+1","floor":15},{"not_picked":["bronze:SpaghettiCode","bronze:RecursiveStrike+1"],"picked":"bronze:Format","floor":16},{"not_picked":["bronze:FineTuning","bronze:BitShift"],"picked":"bronze:CutThrough+1","floor":19},{"not_picked":["bronze:DelayedGuard+1","bronze:WhirlingStrike+1"],"picked":"bronze:ChosenStrike+1","floor":20},{"not_picked":["bronze:BronzeArmor","bronze:CutThrough+1"],"picked":"bronze:Repulsor","floor":21},{"not_picked":["bronze:BugBarrage+1","bronze:NullPointer+1"],"picked":"bronze:Overheat+1","floor":23},{"not_picked":["bronze:Fortify+1","bronze:DelayedSlice+1"],"picked":"bronze:Boost+1","floor":25},{"not_picked":["bronze:Iterate+1","bronze:Invalidate"],"picked":"bronze:Repair","floor":29},{"not_picked":["bronze:BuggyMess","bronze:CloningBeam+1"],"picked":"bronze:HardenedForm","floor":31},{"not_picked":["bronze:Turbo","bronze:BugBarrage+1"],"picked":"bronze:CutThrough+1","floor":32},{"not_picked":["bronze:ThunderWave+1","bronze:Break+1"],"picked":"bronze:AlphaBuild+1","floor":33},{"not_picked":["bronze:OilSpill+1","bronze:Overheat+1"],"picked":"bronze:DelayedSlice+1","floor":36},{"not_picked":["bronze:Deprecate","bronze:Repulsor"],"picked":"bronze:Shield","floor":38},{"not_picked":["bronze:OilSpill+1","bronze:BugBarrage+1"],"picked":"bronze:Constructor+1","floor":43},{"not_picked":["bronze:Frontload+1","bronze:Shell+1"],"picked":"bronze:Optimize","floor":44},{"not_picked":["bronze:Shield+1","bronze:Overload+1"],"picked":"bronze:GetLatest+1","floor":46},{"not_picked":["bronze:BuggyMess+1","bronze:Fortify+1"],"picked":"bronze:DelayedSlice+1","floor":47},{"not_picked":["bronze:ItsAFeature+1","bronze:Shield+1"],"picked":"bronze:CutThrough+1","floor":48},{"not_picked":["bronze:CutThrough+1","bronze:Invalidate+1"],"picked":"bronze:Frontload+1","floor":49}],"player_experience":1355341,"relics_obtained":[{"floor":11,"key":"Shuriken"},{"floor":14,"key":"Molten Egg 2"},{"floor":24,"key":"Sundial"},{"floor":39,"key":"downfall:GremlinWheel"},{"floor":41,"key":"Toxic Egg 2"},{"floor":47,"key":"downfall:GremlinSack"}],"event_choices":[{"damage_healed":0,"gold_gain":0,"player_choice":"Got Potions","damage_taken":0,"max_hp_gain":0,"max_hp_loss":0,"event_name":"Lab","floor":2,"gold_loss":0},{"damage_healed":0,"gold_gain":0,"player_choice":"Ignored","damage_taken":0,"max_hp_gain":0,"max_hp_loss":0,"event_name":"Ghosts","floor":27,"gold_loss":0},{"cards_removed":["bronze:DarkDash"],"damage_healed":0,"gold_gain":0,"player_choice":"Removed Attack","damage_taken":0,"max_hp_gain":0,"max_hp_loss":0,"event_name":"Falling","floor":37,"gold_loss":0},{"damage_healed":13,"gold_gain":0,"player_choice":"Full Heal","damage_taken":0,"max_hp_gain":0,"max_hp_loss":0,"event_name":"Wheel of Change","floor":42,"gold_loss":0}],"is_beta":false,"boss_relics":[{"not_picked":["Tiny House","Snecko Eye"],"picked":"bronze:PlatinumCore"},{"not_picked":["Runic Pyramid","Fusion Hammer"],"picked":"Pandora\u0027s Box"}],"items_purged_floors":[48],"is_endless":false,"potions_floor_spawned":[4,6,8,15,16,19,25,29,32,39,43,46,47],"killed_by":"SI_POISON_ARCHETYPE","ascension_level":0}}