{"host":"xg4r5pv6chpuampg","time":1612095276,"event":{"mods":["AchievementEnabler","BaseMod","Googly Eyes","Minty Spire (QoL Compilation)"],"gold_per_floor":[117,117,117,49,61,61,89,164,164,188,219,219,233,251,251,355,355,370,40,58,77,77,77,77,77],"floor_reached":24,"language":"ENG","playtime":1423,"items_purged":[],"score":229,"play_id":"ac316426-6bd8-4749-b904-99a3386a0afd","local_time":"20210131151436","is_ascension_mode":false,"campfire_choices":[{"data":"Poisoned Stab","floor":6,"key":"SMITH"},{"data":"Predator","floor":12,"key":"SMITH"},{"floor":15,"key":"REST"},{"floor":23,"key":"REST"}],"circlet_count":0,"master_deck":["Strike_G","Strike_G","Strike_G","Strike_G","Strike_G","Defend_G","Defend_G","Defend_G","Defend_G","Defend_G","Survivor","Neutralize","Finisher+1","Poisoned Stab+1","Backflip","Quick Slash","Predator+1","Bane","Calculated Gamble","Envenom","PiercingWail+1","Backstab","Infinite Blades","Noxious Fumes+1"],"relics":["Ring of the Snake","NeowsBlessing","Nunchaku","Juzu Bracelet","Kunai","Odd Mushroom","Toy Ornithopter","Runic Pyramid","Membership Card","MealTicket","Orichalcum","CultistMask"],"acts_visited":["Exordium","TheCity"],"potions_floor_usage":[16,16,16,21,21],"damage_taken":[{"damage":0,"enemies":"Jaw Worm","floor":1,"turns":1},{"damage":0,"enemies":"2 Louse","floor":5,"turns":1},{"damage":0,"enemies":"Gremlin Nob","floor":7,"turns":1},{"damage":15,"enemies":"The Mushroom Lair","floor":10,"turns":5},{"damage":11,"enemies":"Lagavulin","floor":11,"turns":7},{"damage":0,"enemies":"Small Slimes","floor":13,"turns":2},{"damage":11,"enemies":"Red Slaver","floor":14,"turns":3},{"damage":14,"enemies":"Slime Boss","floor":16,"turns":5},{"damage":24,"enemies":"Shell Parasite","floor":18,"turns":5},{"damage":10,"enemies":"3 Byrds","floor":20,"turns":7},{"damage":33,"enemies":"Cultist and Chosen","floor":21,"turns":8},{"damage":39,"enemies":"Gremlin Leader","floor":24,"turns":3}],"seed_played":"3966467926849444692","potions_obtained":[{"floor":1,"key":"CunningPotion"},{"floor":7,"key":"SteroidPotion"},{"floor":10,"key":"Energy Potion"},{"floor":16,"key":"SpeedPotion"},{"floor":18,"key":"CultistPotion"}],"is_trial":false,"path_per_floor":["M","?","?","?","M","R","E","?","T","?","E","R","M","M","R","B",null,"M","$","M","M","?","R","E"],"character_chosen":"THE_SILENT","items_purchased":["Membership Card","MealTicket","Orichalcum","Backstab"],"campfire_rested":2,"item_purchase_floors":[19,19,19,19],"current_hp_per_floor":[70,70,70,70,70,70,70,59,59,44,33,33,33,22,43,44,70,46,46,36,13,13,34,0,0],"gold":77,"neow_bonus":"THREE_ENEMY_KILL","is_daily":false,"chose_seed":false,"campfire_upgraded":2,"win_rate":0.0,"timestamp":1612095276,"path_taken":["M","?","?","?","?","R","E","?","T","?","E","R","M","M","R","BOSS","M","$","M","M","?","R","E"],"items_purchased_type":["Relic","Relic","Relic","Card"],"build_version":"2020-12-22","purchased_purges":0,"victory":false,"max_hp_per_floor":[70,70,70,70,70,70,70,70,70,70,70,70,70,70,70,70,70,70,70,70,70,70,70,70,70],"card_choices":[{"not_picked":["Masterful Stab","Slice"],"picked":"Finisher","floor":1},{"not_picked":["Escape Plan","Underhanded Strike"],"picked":"Poisoned Stab","floor":5},{"not_picked":["Endless Agony","Prepared"],"picked":"Backflip","floor":7},{"not_picked":["Expertise","Dodge and Roll"],"picked":"Quick Slash","floor":10},{"not_picked":["Outmaneuver","Expertise"],"picked":"Predator","floor":11},{"not_picked":["Dagger Spray","Acrobatics"],"picked":"Bane","floor":13},{"not_picked":["Well Laid Plans","Backflip"],"picked":"Calculated Gamble","floor":14},{"not_picked":["A Thousand Cuts","Die Die Die"],"picked":"Envenom","floor":16},{"not_picked":["Dodge and Roll","Caltrops"],"picked":"PiercingWail+1","floor":18},{"not_picked":["Underhanded Strike","Blade Dance"],"picked":"Infinite Blades","floor":20},{"not_picked":["Distraction","Flying Knee+1"],"picked":"Noxious Fumes+1","floor":21}],"player_experience":15275,"relics_obtained":[{"floor":7,"key":"Juzu Bracelet"},{"floor":9,"key":"Kunai"},{"floor":10,"key":"Odd Mushroom"},{"floor":11,"key":"Toy Ornithopter"}],"event_choices":[{"damage_healed":0,"gold_gain":0,"player_choice":"Grow","damage_taken":0,"max_hp_gain":0,"max_hp_loss":0,"event_name":"Living Wall","floor":2,"gold_loss":0,"cards_upgraded":["Finisher"]},{"damage_healed":0,"gold_gain":0,"player_choice":"Ignored","damage_taken":0,"max_hp_gain":0,"max_hp_loss":0,"event_name":"Shining Light","floor":3,"gold_loss":0},{"damage_healed":0,"gold_gain":0,"player_choice":"Paid Gold","damage_taken":0,"relics_obtained":["Nunchaku"],"max_hp_gain":0,"max_hp_loss":0,"event_name":"WeMeetAgain","floor":4,"gold_loss":68},{"damage_healed":0,"gold_gain":75,"player_choice":"Gather Gold","damage_taken":11,"max_hp_gain":0,"max_hp_loss":0,"event_name":"World of Goop","floor":8,"gold_loss":0},{"damage_healed":0,"gold_gain":0,"player_choice":"Fought Mushrooms","damage_taken":0,"max_hp_gain":0,"max_hp_loss":0,"event_name":"Mushrooms","floor":10,"gold_loss":0},{"damage_healed":0,"gold_gain":0,"player_choice":"Trade","damage_taken":0,"relics_obtained":["CultistMask"],"max_hp_gain":0,"max_hp_loss":0,"event_name":"FaceTrader","floor":22,"gold_loss":0}],"is_beta":false,"boss_relics":[{"not_picked":["SlaversCollar","Coffee Dripper"],"picked":"Runic Pyramid"}],"items_purged_floors":[],"is_endless":false,"potions_floor_spawned":[1,7,10,16,18],"killed_by":"Gremlin Leader","ascension_level":0}}