{"host":"6xsbn6ynqlzwllfm","time":1612120160,"event":{"mods":["2.2 Compatiblity","BaseMod","Bestiary","Colored Map","Colored Powertips","Curses Come First","Highlight Path","Keyboard Shortcuts","Minty Spire (QoL Compilation)","Relic Stats","Slay the Relics Exporter","StSLib","SuperFastMode"],"gold_per_floor":[114,124,36,50,50,50,50],"floor_reached":6,"language":"ENG","playtime":128,"items_purged":[],"score":72,"play_id":"23ff8e4d-69cf-4557-8a39-d187786ca6e2","local_time":"20210131140920","daily_mods":["Heirloom"],"is_ascension_mode":true,"campfire_choices":[],"circlet_count":0,"master_deck":["AscendersBane","Strike_P","Strike_P","Strike_P","Strike_P","Defend_P","Defend_P","Defend_P","Defend_P","Eruption","Vigilance+1","SashWhip+1","CrushJoints","FearNoEvil","LikeWater"],"relics":["PureWater","GoldenEye"],"acts_visited":["Exordium"],"potions_floor_usage":[],"damage_taken":[{"damage":10.0,"enemies":"Small Slimes","floor":1.0,"turns":3.0},{"damage":2.0,"enemies":"Jaw Worm","floor":2.0,"turns":3.0},{"damage":10.0,"enemies":"2 Louse","floor":4.0,"turns":2.0},{"damage":20,"enemies":"3 Sentries","floor":6,"turns":4}],"seed_played":"6721388729318266957","potions_obtained":[{"floor":4.0,"key":"Ancient Potion"}],"is_trial":true,"path_per_floor":["M","M","$","M","?","E"],"character_chosen":"WATCHER","items_purchased":["FearNoEvil"],"campfire_rested":0,"item_purchase_floors":[3],"current_hp_per_floor":[51,49,49,39,19,0,0],"gold":50,"neow_bonus":"","is_daily":false,"chose_seed":false,"campfire_upgraded":0,"win_rate":0.0,"timestamp":1612120160,"path_taken":["M","M","$","M","?","E"],"items_purchased_type":["Card"],"build_version":"2020-12-22","purchased_purges":0,"victory":false,"max_hp_per_floor":[68,68,68,68,68,68,68],"relic_stats":{"counters":[4,12],"GoldenEye":[0],"obtain_stats":[{"PureWater":0,"GoldenEye":0},{"PureWater":0,"GoldenEye":0},{"PureWater":0,"GoldenEye":0}]},"card_choices":[{"not_picked":["Protect","Crescendo"],"picked":"SashWhip","floor":1.0},{"not_picked":["EmptyFist","FollowUp"],"picked":"CrushJoints","floor":2.0},{"not_picked":["FlurryOfBlows","Prostrate"],"picked":"LikeWater","floor":4.0}],"player_experience":1364628,"relics_obtained":[],"event_choices":[{"damage_healed":0.0,"max_hp_gain":0.0,"max_hp_loss":0.0,"gold_gain":0.0,"event_name":"Shining Light","player_choice":"Entered Light","floor":5.0,"gold_loss":0.0,"damage_taken":20.0,"cards_upgraded":["Vigilance","SashWhip"]}],"is_beta":false,"boss_relics":[],"items_purged_floors":[],"is_endless":true,"potions_floor_spawned":[4],"killed_by":"3 Sentries","ascension_level":20}}