{"host":"d5i1qeb9dejicw1z","time":1612115220,"event":{"mods":["AchievementEnabler","BaseMod","Better Note","BetterRewards","Gold Saver","Minty Spire (QoL Compilation)","Permanent Neow","Relic Filter Mod","Reliquary","Replay The Spire","StSLib"],"gold_per_floor":[277,297,297,297,38,38,54,83,83,83,93,93,110,126,126,199,199,217,217,8,8,18,18,44,54,77,77,77,89,6,18,18,95,95,108,108,119,44,44,44,44],"floor_reached":40,"language":"ENG","playtime":1747,"items_purged":["Well Laid Plans+1"],"score":792,"play_id":"70c95c9e-9e77-44ba-a85b-57c399a7fde8","local_time":"20210131094700","is_ascension_mode":true,"campfire_choices":[{"data":"Draining Mist","floor":6,"key":"SMITH"},{"data":"Replay:Bag of Tricks","floor":10,"key":"SMITH"},{"floor":15,"key":"REST"},{"data":"Accuracy","floor":23,"key":"SMITH"},{"floor":27,"key":"REST"},{"floor":32,"key":"DIG"}],"circlet_count":0,"master_deck":["AscendersBane","Strike_G","Strike_G","Strike_G","Strike_G","Strike_G","Defend_G","Defend_G","Defend_G","Defend_G","Survivor","Neutralize","Slice","Draining Mist+1","Backstab","Replay:Bag of Tricks+1","Slice","PiercingWail","Replay:Bag of Tricks+1","Escape Plan","Accuracy+1","Pot Of Greed","Pot Of Greed","Noxious Fumes","Backflip","Pot Of Greed","Deflect","ReplayTheSpireMod:Tripwire+1","Panache"],"relics":["Ring of the Snake","Tough Bandages","Akabeko","reliquary:Knoch","Gremlin Horn","Philosopher\u0027s Stone","Guide Book","Replay:Towering Pillar of Hats","Grinning Jar","FaceOfCleric","Meat on the Bone","Painkiller Herb"],"acts_visited":["Exordium","TheCity","TheBeyond"],"potions_floor_usage":[8,13,16,16,24,31,33,37],"damage_taken":[{"damage":1,"enemies":"Small Slimes","floor":1,"turns":6},{"damage":1,"enemies":"2 Louse","floor":2,"turns":3},{"damage":0,"enemies":"Cultist","floor":7,"turns":2},{"damage":31,"enemies":"Lagavulin","floor":8,"turns":7},{"damage":0,"enemies":"3 Louse","floor":11,"turns":2},{"damage":0,"enemies":"Large Slime","floor":13,"turns":4},{"damage":0,"enemies":"Lots of Slimes","floor":14,"turns":3},{"damage":17,"enemies":"Slime Boss","floor":16,"turns":6},{"damage":17,"enemies":"Spheric Guardian","floor":18,"turns":4},{"damage":0,"enemies":"3 Byrds","floor":22,"turns":4},{"damage":18,"enemies":"Slavers","floor":24,"turns":5},{"damage":0,"enemies":"Snecko","floor":25,"turns":3},{"damage":0,"enemies":"Chosen and Byrds","floor":29,"turns":4},{"damage":1,"enemies":"Centurion and Healer","floor":31,"turns":4},{"damage":27,"enemies":"Champ","floor":33,"turns":9},{"damage":0,"enemies":"3 Shapes","floor":35,"turns":3},{"damage":49,"enemies":"3 Darklings","floor":37,"turns":5},{"damage":39,"enemies":"R_Hoarder","floor":40,"turns":4}],"seed_played":"7942281027787292210","potions_obtained":[{"floor":2,"key":"LifebloodPotion"},{"floor":8,"key":"PowerPotion"},{"floor":11,"key":"Death Potion"},{"floor":13,"key":"Strength Potion"},{"floor":18,"key":"CultistPotion"},{"floor":24,"key":"SneckoOil"},{"floor":29,"key":"DuplicationPotion"},{"floor":35,"key":"Reflective Coating"}],"is_trial":false,"path_per_floor":["M","M","?","?","$","R","M","E","T","R","M","?","M","M","R","B",null,"M","?","$","?","M","R","E","M","T","R","?","M","$","M","R","B",null,"?","?","?","T","?","E"],"character_chosen":"THE_SILENT","items_purchased":["Draining Mist","Akabeko","Accuracy","Guide Book","Noxious Fumes"],"campfire_rested":2,"item_purchase_floors":[5,5,20,20,30],"current_hp_per_floor":[63,62,57,57,57,57,57,26,26,26,26,26,26,26,47,30,61,44,44,44,44,44,44,26,26,26,47,47,48,48,48,48,34,64,65,65,29,29,29,0,0],"gold":44,"neow_bonus":"RANDOM_EVENT","is_daily":false,"chose_seed":false,"campfire_upgraded":3,"win_rate":0.0,"timestamp":1612115220,"path_taken":["M","M","?","?","$","R","?","E","T","R","M","?","M","M","R","BOSS","M","?","$","?","M","R","E","M","T","R","?","M","$","M","R","BOSS","?","?","?","T","?","E"],"items_purchased_type":["Card","Relic","Card","Relic","Card"],"build_version":"2020-12-22","purchased_purges":1,"victory":false,"max_hp_per_floor":[71,71,71,71,71,71,71,71,71,71,71,71,71,71,71,71,71,71,71,71,71,71,71,71,71,71,71,71,72,72,73,73,74,74,75,75,76,76,76,76,76],"card_choices":[{"not_picked":["Dagger Throw","Setup"],"picked":"Slice","floor":1},{"not_picked":["Catalyst","Concentrate","Prepared"],"picked":"SKIP","floor":2},{"not_picked":["Cloak And Dagger","Quick Slash"],"picked":"Backstab","floor":7},{"not_picked":["Bane","Dagger Spray"],"picked":"Replay:Bag of Tricks","floor":8},{"not_picked":["Bane","Endless Agony"],"picked":"Slice","floor":11},{"not_picked":["Eviscerate","Cloak And Dagger"],"picked":"PiercingWail","floor":13},{"not_picked":["Dodge and Roll","ReplayTheSpireMod:The Works","Masterful Stab"],"picked":"SKIP","floor":14},{"not_picked":["Night Terror","Venomology"],"picked":"Replay:Bag of Tricks","floor":16},{"not_picked":["Deadly Poison","Outmaneuver"],"picked":"Escape Plan","floor":18},{"not_picked":["Quick Slash","Underhanded Strike","Masterful Stab"],"picked":"SKIP","floor":22},{"not_picked":["Acrobatics","Dodge and Roll","Backstab"],"picked":"SKIP","floor":24},{"not_picked":["Sucker Punch","Quick Slash","Expertise"],"picked":"SKIP","floor":25},{"not_picked":["Outmaneuver","Flying Knee","Bouncing Flask"],"picked":"SKIP","floor":29},{"not_picked":["Deflect","Dash"],"picked":"Backflip","floor":31},{"not_picked":["Bouncing Flask+1","Slice+1"],"picked":"Deflect","floor":35},{"not_picked":["Well Laid Plans+1","Distraction"],"picked":"ReplayTheSpireMod:Tripwire+1","floor":37},{"not_picked":["Swift Strike","Panacea"],"picked":"Panache","floor":39}],"player_experience":1190573,"relics_obtained":[{"floor":8,"key":"reliquary:Knoch"},{"floor":9,"key":"Gremlin Horn"},{"floor":24,"key":"Replay:Towering Pillar of Hats"},{"floor":26,"key":"Grinning Jar"},{"floor":32,"key":"Meat on the Bone"}],"event_choices":[{"damage_healed":0,"gold_gain":0,"player_choice":"Donut","damage_taken":0,"max_hp_gain":5,"max_hp_loss":0,"event_name":"Big Fish","floor":0,"gold_loss":0},{"damage_healed":0,"gold_gain":0,"player_choice":"Success","damage_taken":5,"relics_obtained":["Tough Bandages"],"max_hp_gain":0,"max_hp_loss":0,"event_name":"Scrap Ooze","floor":3,"gold_loss":0},{"damage_healed":0,"gold_gain":0,"cards_transformed":["Defend_G"],"player_choice":"Transformed","damage_taken":0,"max_hp_gain":0,"max_hp_loss":0,"event_name":"Transmorgrifier","floor":4,"gold_loss":0,"cards_obtained":["Well Laid Plans"]},{"damage_healed":0,"gold_gain":0,"player_choice":"Ignored","damage_taken":0,"max_hp_gain":0,"max_hp_loss":0,"event_name":"Shining Light","floor":12,"gold_loss":0},{"cards_removed":["Replay:Bag of Tricks"],"damage_healed":0,"gold_gain":0,"player_choice":"Give","damage_taken":0,"max_hp_gain":0,"max_hp_loss":0,"event_name":"betterNote:BetterNote","floor":19,"gold_loss":0,"cards_obtained":["None"]},{"damage_healed":0,"gold_gain":0,"player_choice":"Ignored","damage_taken":0,"max_hp_gain":0,"max_hp_loss":0,"event_name":"Cursed Tome","floor":21,"gold_loss":0},{"damage_healed":0,"gold_gain":0,"player_choice":"Trade","damage_taken":0,"relics_obtained":["FaceOfCleric"],"max_hp_gain":0,"max_hp_loss":0,"event_name":"FaceTrader","floor":28,"gold_loss":0},{"damage_healed":0,"gold_gain":0,"player_choice":"Ignored","damage_taken":0,"max_hp_gain":0,"max_hp_loss":0,"event_name":"Tomb of Lord Red Mask","floor":36,"gold_loss":0},{"damage_healed":0,"gold_gain":0,"player_choice":"Memory 1","damage_taken":0,"max_hp_gain":0,"max_hp_loss":0,"event_name":"SensoryStone","floor":39,"gold_loss":0}],"is_beta":false,"boss_relics":[{"not_picked":["reliquary:WritOfMandamus","Ectoplasm"],"picked":"Philosopher\u0027s Stone"},{"not_picked":["Ring of the Serpent","Abe\u0027s Treasure"],"picked":"Painkiller Herb"}],"items_purged_floors":[38],"is_endless":false,"potions_floor_spawned":[2,8,11,13,18,24,29,35],"killed_by":"R_Hoarder","ascension_level":19}}