{"host":"txhhdwa0hqfs4jhb","time":1612114452,"event":{"mods":["BaseMod","Better Third Choice","Filter the Spire","Fox Events","Minty Spire (QoL Compilation)","Relic Filter Mod","Relic Stats","StSLib","Thieving Mod"],"gold_per_floor":[117,0,0,25,25,25,25,68,147,147,72,88,88,107,107,200,200,225,225,83,108,108,108,108],"floor_reached":23,"language":"ENG","playtime":833,"items_purged":["Strike_G","Writhe"],"score":413,"play_id":"a8edf624-0408-44ab-9730-9ba07d8b411f","local_time":"20210131173412","is_ascension_mode":true,"campfire_choices":[{"data":"Enlightenment","floor":6.0,"key":"SMITH"},{"data":"Eviscerate","floor":10.0,"key":"SMITH"},{"data":"Poisoned Stab","floor":15,"key":"SMITH"}],"circlet_count":0,"master_deck":["AscendersBane","Strike_G","Strike_G","Strike_G","Strike_G","Defend_G","Defend_G","Defend_G","Defend_G","Defend_G","Survivor","Neutralize","Eviscerate+1","Enlightenment+1","Poisoned Stab+1","Backflip","Phantasmal Killer","CurseOfTheBell","Predator","Cloak And Dagger"],"relics":["Ring of the Snake","NeowsBlessing","Golden Idol","MealTicket","Shuriken","Bag of Preparation","White Beast Statue","Snake Skull","FossilizedHelix","Calling Bell","Bag of Marbles","Kunai","TungstenRod","Pear","TwistedFunnel"],"acts_visited":["Exordium","TheCity"],"potions_floor_usage":[16,16,21,21],"damage_taken":[{"damage":0.0,"enemies":"2 Louse","floor":1.0,"turns":1.0},{"damage":0.0,"enemies":"Jaw Worm","floor":4.0,"turns":1.0},{"damage":0.0,"enemies":"Lagavulin","floor":8.0,"turns":1.0},{"damage":0,"enemies":"Cultist","floor":12,"turns":3},{"damage":0,"enemies":"Large Slime","floor":14,"turns":4},{"damage":19,"enemies":"The Guardian","floor":16,"turns":8},{"damage":34,"enemies":"Shell Parasite","floor":18,"turns":7},{"damage":2,"enemies":"2 Thieves","floor":21,"turns":3},{"damage":68,"enemies":"Book of Stabbing","floor":23,"turns":6}],"seed_played":"-9073812953467533920","potions_obtained":[{"floor":1.0,"key":"ColorlessPotion"},{"floor":4.0,"key":"EssenceOfSteel"},{"floor":16,"key":"Regen Potion"},{"floor":18,"key":"Explosive Potion"},{"floor":21,"key":"Ancient Potion"}],"is_trial":false,"path_per_floor":["M","?","?","M","?","R","$","E","T","R","$","M","$","M","R","B",null,"M","?","$","M","?","E"],"character_chosen":"THE_SILENT","items_purchased":["Predator"],"campfire_rested":0,"item_purchase_floors":[20],"current_hp_per_floor":[59,65,40,40,14,14,29,29,29,29,44,44,59,59,59,40,64,30,40,55,62,62,0,0],"gold":108,"neow_bonus":"THREE_ENEMY_KILL","is_daily":false,"chose_seed":false,"campfire_upgraded":3,"win_rate":0.0,"timestamp":1612114452,"path_taken":["M","?","?","M","?","R","$","E","T","R","?","M","$","M","R","BOSS","M","?","$","M","?","E"],"items_purchased_type":["Card"],"build_version":"2020-12-22","purchased_purges":2,"victory":false,"max_hp_per_floor":[66,72,72,72,72,72,72,72,72,72,72,72,72,72,72,72,72,72,82,82,82,82,82,82],"relic_stats":{"counters":[9,34],"Golden Idol":50,"Shuriken":[10],"MealTicket":60,"Snake Skull":[13],"Bag of Preparation":[12],"Kunai":[5],"obtain_stats":[{"TwistedFunnel":20,"Pear":19,"NeowsBlessing":0,"Golden Idol":3,"Snake Skull":11,"Bag of Preparation":8,"White Beast Statue":9,"Calling Bell":17,"Shuriken":7,"MealTicket":5,"Bag of Marbles":17,"Kunai":17,"FossilizedHelix":13,"TungstenRod":17,"Ring of the Snake":0},{"TwistedFunnel":7,"Pear":7,"NeowsBlessing":0,"Golden Idol":1,"Snake Skull":3,"Bag of Preparation":3,"White Beast Statue":3,"Calling Bell":6,"Shuriken":2,"MealTicket":2,"Bag of Marbles":6,"Kunai":6,"FossilizedHelix":4,"TungstenRod":6,"Ring of the Snake":0},{"TwistedFunnel":25,"Pear":25,"NeowsBlessing":0,"Golden Idol":1,"Snake Skull":3,"Bag of Preparation":3,"White Beast Statue":3,"Calling Bell":18,"Shuriken":2,"MealTicket":2,"Bag of Marbles":18,"Kunai":18,"FossilizedHelix":6,"TungstenRod":18,"Ring of the Snake":0}],"TungstenRod":16,"Ring of the Snake":[18]},"card_choices":[{"not_picked":["Outmaneuver","Reflex"],"picked":"Eviscerate","floor":1.0},{"not_picked":["Dagger Spray","Outmaneuver"],"picked":"Poisoned Stab","floor":4.0},{"not_picked":["Concentrate","Well Laid Plans","Sucker Punch"],"picked":"SKIP","floor":8.0},{"not_picked":["Escape Plan","Setup"],"picked":"Backflip","floor":12},{"not_picked":["Dodge and Roll","PiercingWail","Quick Slash"],"picked":"SKIP","floor":14},{"not_picked":["Adrenaline","Malaise"],"picked":"Phantasmal Killer","floor":16},{"not_picked":["Infinite Blades","Dagger Spray","Deadly Poison"],"picked":"SKIP","floor":18},{"not_picked":["Catalyst","Calculated Gamble","Infinite Blades"],"picked":"SKIP","floor":21}],"player_experience":293999,"relics_obtained":[{"floor":8.0,"key":"Bag of Preparation"},{"floor":9.0,"key":"White Beast Statue"},{"floor":17,"key":"Bag of Marbles"},{"floor":17,"key":"Kunai"},{"floor":17,"key":"TungstenRod"}],"event_choices":[{"damage_healed":0.0,"max_hp_gain":0.0,"max_hp_loss":0.0,"gold_gain":0.0,"event_name":"betterThird:BetterSerpent","player_choice":"RENOUNCE","floor":2.0,"gold_loss":117.0,"damage_taken":117.0,"cards_obtained":["Enlightenment"]},{"damage_healed":0.0,"max_hp_gain":0.0,"max_hp_loss":0.0,"gold_gain":0.0,"event_name":"Golden Idol","player_choice":"Take Damage","floor":3.0,"gold_loss":0.0,"damage_taken":25.0,"relics_obtained":["Golden Idol"]},{"damage_healed":0.0,"max_hp_gain":0.0,"max_hp_loss":0.0,"gold_gain":0.0,"event_name":"betterThird:BetterScrap","player_choice":"Relic ","floor":5.0,"gold_loss":0.0,"damage_taken":26.0,"cards_obtained":["Combust"]},{"damage_healed":0,"gold_gain":0,"player_choice":"Opened","damage_taken":0,"relics_obtained":["Pear"],"max_hp_gain":0,"max_hp_loss":0,"event_name":"The Mausoleum","floor":19,"gold_loss":0,"cards_obtained":["Writhe"]},{"damage_healed":0,"gold_gain":0,"player_choice":"Read","damage_taken":0,"max_hp_gain":0,"max_hp_loss":0,"event_name":"The Library","floor":22,"gold_loss":0,"cards_obtained":["Cloak And Dagger"]}],"is_beta":false,"boss_relics":[{"not_picked":["WristBlade","Cursed Key"],"picked":"Calling Bell"}],"items_purged_floors":[11,20],"is_endless":false,"potions_floor_spawned":[1,4,12,14,16,18,21],"killed_by":"Book of Stabbing","ascension_level":19}}