{"host":"dcj2yvrgcvh5dl2s","time":1612074827,"event":{"mods":["BaseMod","Bestiary","Better Note","Block Reminder","Colored Powertips","Curses Come First","DeckTracker","Minty Spire (QoL Compilation)","Quick Restart","Rare Cards Sparkle","Relic Stats","StSLib"],"gold_per_floor":[111,111,129,141,141,141,152,152,152,168,194,194,204,218,218,218,218],"floor_reached":16,"language":"ENG","playtime":423,"items_purged":[],"score":207,"play_id":"b8a0906f-a958-4b6c-a742-c9a1f92040f0","local_time":"20210131163347","is_ascension_mode":true,"campfire_choices":[{"data":"Pommel Strike","floor":6,"key":"SMITH"},{"floor":8,"key":"REST"},{"floor":15,"key":"REST"}],"circlet_count":0,"master_deck":["AscendersBane","Strike_R","Strike_R","Strike_R","Strike_R","Strike_R","Defend_R","Defend_R","Defend_R","Defend_R","Bash","Pommel Strike+1","Dropkick","Flex","Sword Boomerang","Intimidate","Heavy Blade"],"relics":["Burning Blood","NeowsBlessing","WarpedTongs","Bird Faced Urn","Charon\u0027s Ashes","Spirit Poop"],"acts_visited":["Exordium"],"potions_floor_usage":[7,7,11,11,16,16],"damage_taken":[{"damage":0,"enemies":"2 Louse","floor":1,"turns":1},{"damage":1,"enemies":"Cultist","floor":3,"turns":1},{"damage":0,"enemies":"Jaw Worm","floor":4,"turns":1},{"damage":48,"enemies":"Gremlin Gang","floor":7,"turns":5},{"damage":22,"enemies":"Large Slime","floor":10,"turns":6},{"damage":19,"enemies":"Gremlin Nob","floor":11,"turns":4},{"damage":6,"enemies":"Red Slaver","floor":13,"turns":2},{"damage":1,"enemies":"3 Louse","floor":14,"turns":3},{"damage":87,"enemies":"The Guardian","floor":16,"turns":12}],"seed_played":"7883173144321197625","potions_obtained":[{"floor":4,"key":"Block Potion"},{"floor":5,"key":"EntropicBrew"},{"floor":11,"key":"Energy Potion"},{"floor":14,"key":"Weak Potion"}],"is_trial":false,"path_per_floor":["M","?","M","M","?","R","M","R","T","M","E","?","M","M","R","B"],"character_chosen":"IRONCLAD","items_purchased":[],"campfire_rested":2,"item_purchase_floors":[],"current_hp_per_floor":[74,74,75,75,75,75,33,55,55,39,26,26,26,31,53,0,0],"gold":218,"neow_bonus":"THREE_ENEMY_KILL","is_daily":false,"chose_seed":false,"campfire_upgraded":1,"win_rate":0.0,"timestamp":1612074827,"path_taken":["M","?","?","M","?","R","M","R","T","?","E","?","M","M","R","BOSS"],"items_purchased_type":[],"build_version":"2020-12-22","purchased_purges":0,"victory":false,"max_hp_per_floor":[75,75,75,75,75,75,75,75,75,75,75,75,75,75,75,75,75],"relic_stats":{"counters":[9,35],"Bird Faced Urn":[0],"Charon\u0027s Ashes":[18],"obtain_stats":[{"NeowsBlessing":0,"Bird Faced Urn":9,"Spirit Poop":12,"Charon\u0027s Ashes":11,"Burning Blood":0,"WarpedTongs":2},{"NeowsBlessing":0,"Bird Faced Urn":4,"Spirit Poop":6,"Charon\u0027s Ashes":6,"Burning Blood":0,"WarpedTongs":1},{"NeowsBlessing":0,"Bird Faced Urn":8,"Spirit Poop":18,"Charon\u0027s Ashes":18,"Burning Blood":0,"WarpedTongs":1}],"Burning Blood":38,"WarpedTongs":[33]},"card_choices":[{"not_picked":["Clothesline","Armaments"],"picked":"Pommel Strike","floor":1},{"not_picked":["Headbutt","Bloodletting"],"picked":"Dropkick","floor":3},{"not_picked":["Wild Strike","Iron Wave","Thunderclap"],"picked":"SKIP","floor":4},{"not_picked":["Havoc","Wild Strike"],"picked":"Flex","floor":7},{"not_picked":["Havoc","Corruption"],"picked":"Sword Boomerang","floor":10},{"not_picked":["Wild Strike","Twin Strike"],"picked":"Intimidate","floor":11},{"not_picked":["Dropkick","Body Slam"],"picked":"Heavy Blade","floor":13},{"not_picked":["Clash","Perfected Strike","Anger"],"picked":"SKIP","floor":14}],"player_experience":2312163,"relics_obtained":[{"floor":9,"key":"Bird Faced Urn"},{"floor":11,"key":"Charon\u0027s Ashes"}],"event_choices":[{"damage_healed":0,"gold_gain":0,"player_choice":"Rummage","damage_taken":0,"relics_obtained":["WarpedTongs"],"max_hp_gain":0,"max_hp_loss":0,"event_name":"Accursed Blacksmith","floor":2,"gold_loss":0,"cards_obtained":["Pain"]},{"damage_healed":0,"gold_gain":0,"player_choice":"Got Potions","damage_taken":0,"max_hp_gain":0,"max_hp_loss":0,"event_name":"Lab","floor":5,"gold_loss":0},{"cards_removed":["Pain"],"damage_healed":0,"gold_gain":0,"player_choice":"Offered Curse","damage_taken":0,"relics_obtained":["Spirit Poop"],"max_hp_gain":0,"max_hp_loss":0,"event_name":"Bonfire Elementals","floor":12,"gold_loss":0}],"is_beta":false,"boss_relics":[],"items_purged_floors":[],"is_endless":false,"potions_floor_spawned":[4,11,14],"killed_by":"The Guardian","ascension_level":20}}