{"host":"anox4050deqdcqoh","time":1612082978,"event":{"mods":["BaseMod","Colored Map","Highlight Path","Minty Spire (QoL Compilation)","Quick Restart","Rare Cards Sparkle","everything is the same but u backflip on backflip"],"gold_per_floor":[112,126,53,67,67,67,142,177,202,216,216,216,41,52,52,152,152,171,171,155,10,25,59,59,69,69,69,82,82,100,100,100,100,100],"floor_reached":33,"language":"ENG","playtime":4598,"items_purged":["Writhe"],"score":332,"play_id":"b00e874b-1726-4625-bed8-b6671f3156b2","local_time":"20210131034938","is_ascension_mode":true,"campfire_choices":[{"data":"Armaments","floor":6,"key":"SMITH"},{"data":"Iron Wave","floor":11,"key":"SMITH"},{"data":"Bash","floor":15,"key":"SMITH"},{"data":"Bludgeon","floor":24,"key":"SMITH"},{"data":"Shrug It Off","floor":27,"key":"SMITH"},{"data":"Sword Boomerang","floor":29,"key":"SMITH"},{"floor":32,"key":"REST"}],"circlet_count":0,"master_deck":["Defend_R+1","Defend_R","Defend_R","Defend_R","Bash+1","True Grit+1","Shrug It Off+1","Flame Barrier+1","Armaments+1","Cleave","Iron Wave+1","Bludgeon+1","Iron Wave+1","Sword Boomerang+1","Feed","Bite","Bite","Bite","Bite","Bite"],"relics":["Burning Blood","Ancient Tea Set","War Paint","Orichalcum","Mark of Pain","ClockworkSouvenir","Letter Opener","Mercury Hourglass"],"acts_visited":["Exordium","TheCity"],"potions_floor_usage":[14,16,16,23,25,33],"damage_taken":[{"damage":0,"enemies":"Small Slimes","floor":1,"turns":3},{"damage":7,"enemies":"Jaw Worm","floor":2,"turns":8},{"damage":0,"enemies":"2 Louse","floor":4,"turns":4},{"damage":44,"enemies":"Lagavulin","floor":8,"turns":14},{"damage":4,"enemies":"Exordium Wildlife","floor":10,"turns":5},{"damage":0,"enemies":"Lots of Slimes","floor":14,"turns":2},{"damage":45,"enemies":"The Guardian","floor":16,"turns":13},{"damage":5,"enemies":"3 Byrds","floor":18,"turns":5},{"damage":1,"enemies":"2 Thieves","floor":20,"turns":4},{"damage":0,"enemies":"Centurion and Healer","floor":22,"turns":7},{"damage":47,"enemies":"Gremlin Leader","floor":23,"turns":9},{"damage":11,"enemies":"Snecko","floor":25,"turns":5},{"damage":15,"enemies":"Cultist and Chosen","floor":28,"turns":7},{"damage":6,"enemies":"Centurion and Healer","floor":30,"turns":6},{"damage":103,"enemies":"Collector","floor":33,"turns":12}],"seed_played":"-6454863283677349090","potions_obtained":[{"floor":8,"key":"BloodPotion"},{"floor":14,"key":"BlessingOfTheForge"},{"floor":16,"key":"CultistPotion"},{"floor":18,"key":"FearPotion"}],"is_trial":false,"path_per_floor":["M","M","$","M","?","R","?","E","T","M","R","T","$","M","R","B",null,"M","?","M","$","M","E","R","M","T","R","M","R","M","?","R","B"],"character_chosen":"IRONCLAD","items_purchased":["Flame Barrier","Dexterity Potion","Block Potion","ClockworkSouvenir"],"campfire_rested":1,"item_purchase_floors":[3,13,13,21],"current_hp_per_floor":[96,95,95,96,96,96,85,47,47,49,49,49,49,55,55,35,96,96,96,96,96,96,55,55,50,50,50,41,41,41,41,61,0,0],"gold":100,"neow_bonus":"TWENTY_PERCENT_HP_BONUS","is_daily":false,"chose_seed":false,"campfire_upgraded":6,"win_rate":0.0,"timestamp":1612082978,"path_taken":["M","M","$","M","?","R","?","E","T","M","R","?","?","M","R","BOSS","M","?","M","$","M","E","R","M","T","R","M","R","M","?","R","BOSS"],"items_purchased_type":["Card","Potion","Potion","Relic"],"build_version":"2020-12-22","purchased_purges":1,"victory":false,"max_hp_per_floor":[96,96,96,96,96,96,96,96,96,96,96,96,96,96,96,96,96,96,96,96,96,96,96,96,96,96,96,96,96,96,67,67,67,67],"card_choices":[{"not_picked":["Havoc","Pommel Strike"],"picked":"True Grit","floor":1},{"not_picked":["Clash","Hemokinesis"],"picked":"Shrug It Off","floor":2},{"not_picked":["Havoc","Fire Breathing"],"picked":"Armaments","floor":4},{"not_picked":["Clash","Armaments"],"picked":"Cleave","floor":8},{"not_picked":["Rupture","Burning Pact"],"picked":"Iron Wave","floor":10},{"not_picked":["Anger","Cleave","Second Wind"],"picked":"SKIP","floor":14},{"not_picked":["Limit Break","Double Tap"],"picked":"Bludgeon","floor":16},{"not_picked":["Pommel Strike+1","Iron Wave","Clothesline"],"picked":"SKIP","floor":18},{"not_picked":["Flex","Wild Strike"],"picked":"Iron Wave+1","floor":20},{"not_picked":["Shrug It Off","Dropkick+1","Thunderclap"],"picked":"SKIP","floor":22},{"not_picked":["Uppercut","Offering"],"picked":"Sword Boomerang","floor":23},{"not_picked":["Havoc","Pommel Strike","Combust+1"],"picked":"SKIP","floor":25},{"not_picked":["Twin Strike","Blood for Blood+1","Reckless Charge+1"],"picked":"SKIP","floor":28},{"not_picked":["Cleave","Clash"],"picked":"Feed","floor":30}],"player_experience":418078,"relics_obtained":[{"floor":8,"key":"Ancient Tea Set"},{"floor":9,"key":"War Paint"},{"floor":12,"key":"Orichalcum"},{"floor":23,"key":"Letter Opener"},{"floor":26,"key":"Mercury Hourglass"}],"event_choices":[{"damage_healed":0,"gold_gain":0,"player_choice":"Grow","damage_taken":0,"max_hp_gain":0,"max_hp_loss":0,"event_name":"Living Wall","floor":5,"gold_loss":0,"cards_upgraded":["True Grit"]},{"damage_healed":0,"gold_gain":75,"player_choice":"Gather Gold","damage_taken":11,"max_hp_gain":0,"max_hp_loss":0,"event_name":"World of Goop","floor":7,"gold_loss":0},{"damage_healed":0,"gold_gain":0,"player_choice":"Ignored","damage_taken":0,"max_hp_gain":0,"max_hp_loss":0,"event_name":"Ghosts","floor":19,"gold_loss":0},{"damage_healed":0,"gold_gain":0,"player_choice":"Became a vampire","damage_taken":0,"max_hp_gain":0,"max_hp_loss":29,"event_name":"Vampires","floor":31,"gold_loss":0,"cards_obtained":["Bite","Bite","Bite","Bite","Bite"]}],"is_beta":false,"boss_relics":[{"not_picked":["Runic Cube","SacredBark"],"picked":"Mark of Pain"}],"items_purged_floors":[13],"is_endless":false,"potions_floor_spawned":[8,14,16,18,22],"killed_by":"Collector","ascension_level":3}}