{"host":"tp44ibfkhs2l94sg","time":1612074071,"event":{"mods":["BaseMod","Downfall","Minty Spire (QoL Compilation)","StSLib"],"gold_per_floor":[99,50,61,78,97,97,97,97,117,152,168,168,193,35,55,151,151,151,171,171,271,26,46,73,73,99,108,108,108,108,149,170,283,342,242,265,283,302,329,356,400,459,459,487,487,329,373,38,38,38,38],"floor_reached":49,"language":"ENG","playtime":4364,"items_purged":["sneckomod:Defend","Normality","Doubt"],"score":593,"play_id":"ceccf059-5d4f-45a1-a2fa-58416d999617","local_time":"20210130222111","is_ascension_mode":false,"campfire_choices":[{"data":"sneckomod:TailWhip","floor":1.0,"key":"SMITH"},{"data":"sneckomod:CheapStock","floor":6.0,"key":"SMITH"},{"data":"sneckomod:QuickMove","floor":8.0,"key":"SMITH"},{"data":"sneckomod:Strike","floor":18.0,"key":"PURGE"},{"data":"sneckomod:UnknownBoss","floor":25.0,"key":"SMITH"},{"data":"downfall:Bewildered","floor":30.0,"key":"PURGE"},{"data":"sneckomod:UnendingSupply","floor":35,"key":"SMITH"},{"floor":43,"key":"REST"},{"floor":45,"key":"REST"}],"circlet_count":0,"master_deck":["sneckomod:Strike","sneckomod:Strike+1","sneckomod:Defend","sneckomod:Defend","sneckomod:TailWhip+1","sneckomod:SnekBite+1","sneckomod:Unknown+1","sneckomod:Unknown","sneckomod:QuickMove+1","sneckomod:CheapStock+1","sneckomod:UnknownStrike","sneckomod:UnendingSupply+1","sneckomod:UnknownUncommonSkill","sneckomod:UnknownUncommonPower","sneckomod:UnknownVulnerable","sneckomod:ImprovisedAttack+1","sneckomod:SnakeSap","sneckomod:UnknownExhaust","sneckomod:UnknownBoss+1","sneckomod:UnknownBlock","sneckomod:Unknown0Cost","sneckomod:DefensiveFlair","sneckomod:UnknownBlock","sneckomod:UnknownUncommonAttack","sneckomod:Nope","sneckomod:DiceCrush+1","sneckomod:Mudshield","sneckomod:UnknownClassPURPLE+1","sneckomod:ImprovisedGuard+1","Parasite","sneckomod:ImprovisedGuard+1","expansioncontent:AwakenDeath","expansioncontent:AwakenDeath","expansioncontent:Chronoboost","sneckomod:UnknownUncommonPower+1","Doubt","sneckomod:UnknownUncommonAttack+1","sneckomod:DiceBlock+1","sneckomod:UnknownClassRED+1","sneckomod:UnknownUncommonPower","expansioncontent:YouAreMine","sneckomod:DefensiveFlair+1","sneckomod:UnknownExhaust+1"],"relics":["sneckomod:SneckoSoul","sneckomod:ConfusingCodex","Peace Pipe","Strawberry","Bag of Marbles","SlaversCollar","Torii","Bottled Tornado","Lee\u0027s Waffle","CeramicFish","sneckomod:BabySnecko","Molten Egg 2","downfall:ExtraCursedKey","Whetstone","Tiny House","downfall:HeartBlessingGreen","Blue Candle","Bronze Scales","Shovel","Lantern","Strange Spoon","Toxic Egg 2","HandDrill"],"acts_visited":["Exordium","TheCity","TheBeyond"],"potions_floor_usage":[32,33,33,38,42,42,42],"damage_taken":[{"damage":0.0,"enemies":"downfall:FleeingMerchant","floor":2.0,"turns":4.0},{"damage":0.0,"enemies":"Small Slimes","floor":3.0,"turns":4.0},{"damage":0.0,"enemies":"Cultist","floor":4.0,"turns":2.0},{"damage":0.0,"enemies":"2 Louse","floor":5.0,"turns":2.0},{"damage":0.0,"enemies":"Exordium Wildlife","floor":9.0,"turns":3.0},{"damage":10.0,"enemies":"Gremlin Nob","floor":10.0,"turns":3.0},{"damage":12.0,"enemies":"Blue Slaver","floor":11.0,"turns":3.0},{"damage":17.0,"enemies":"3 Sentries","floor":13.0,"turns":7.0},{"damage":0.0,"enemies":"downfall:FleeingMerchant","floor":14.0,"turns":4.0},{"damage":0.0,"enemies":"3 Louse","floor":15.0,"turns":4.0},{"damage":66.0,"enemies":"IC_STATUS_ARCHETYPE","floor":16.0,"turns":10.0},{"damage":4.0,"enemies":"Chosen","floor":19.0,"turns":5.0},{"damage":33.0,"enemies":"DF_ARCHETYPE_STREAMLINE","floor":21.0,"turns":9.0},{"damage":4.0,"enemies":"downfall:FleeingMerchant","floor":22.0,"turns":4.0},{"damage":13.0,"enemies":"Spheric Guardian","floor":23.0,"turns":4.0},{"damage":0.0,"enemies":"Snecko","floor":26.0,"turns":4.0},{"damage":16.0,"enemies":"Book of Stabbing","floor":31.0,"turns":5.0},{"damage":12,"enemies":"Centurion and Healer","floor":32,"turns":5},{"damage":31,"enemies":"SI_MIRROR_ARCHETYPE","floor":33,"turns":10},{"damage":1,"enemies":"Orb Walker","floor":36,"turns":3},{"damage":15,"enemies":"3 Shapes","floor":38,"turns":2},{"damage":19,"enemies":"3 Darklings","floor":40,"turns":4},{"damage":55,"enemies":"3 Darklings","floor":42,"turns":6},{"damage":50,"enemies":"Writhing Mass","floor":44,"turns":5},{"damage":3,"enemies":"downfall:FleeingMerchant","floor":46,"turns":3},{"damage":61,"enemies":"Giant Head","floor":47,"turns":9},{"damage":84,"enemies":"Transient","floor":49,"turns":5}],"seed_played":"-6593595620127378602","potions_obtained":[{"floor":4.0,"key":"sneckomod:MuddlingPotion"},{"floor":5.0,"key":"PowerPotion"},{"floor":9.0,"key":"SpeedPotion"},{"floor":10.0,"key":"sneckomod:DiceRollPotion"},{"floor":12.0,"key":"Regen Potion"},{"floor":12.0,"key":"FearPotion"},{"floor":20.0,"key":"CultistPotion"},{"floor":21.0,"key":"SkillPotion"},{"floor":26.0,"key":"GamblersBrew"},{"floor":31.0,"key":"Explosive Potion"},{"floor":33,"key":"AttackPotion"},{"floor":34,"key":"sneckomod:DiceRollPotion"},{"floor":36,"key":"Weak Potion"},{"floor":40,"key":"Energy Potion"},{"floor":47,"key":"FearPotion"}],"is_trial":false,"path_per_floor":["R","$","M","M","M","R","T","R","M","E","M","?","E","$","M","B",null,"R","M","?","?","$","M","T","R","M","?","T","?","R","E","M","B",null,"R","M","?","M","?","M","T","?","R","M","R","$","E","$","M"],"character_chosen":"THE_SNECKO","items_purchased":["sneckomod:CheapStock","Bag of Marbles","Lee\u0027s Waffle","Lantern","Strange Spoon","sneckomod:UnknownUncommonPower","expansioncontent:YouAreMine","HandDrill","sneckomod:UnknownExhaust+1"],"campfire_rested":2,"item_purchase_floors":[2,14,22,46,46,46,46,48,48],"current_hp_per_floor":[99,99,99,99,99,99,99,99,99,89,77,77,82,82,82,16,106,106,102,102,69,113,100,100,100,100,100,100,100,100,84,72,44,121,121,120,120,105,95,76,76,21,57,7,43,40,33,33,0,0,0],"gold":38,"neow_bonus":"TEN_PERCENT_HP_BONUS","is_daily":false,"chose_seed":false,"campfire_upgraded":5,"win_rate":0.0,"timestamp":1612074071,"path_taken":["R","$","M","M","M","R","T","R","M","E","M","?","E","?","M","BOSS","R","M","?","?","$","M","T","R","M","?","?","?","R","E","M","BOSS","R","M","?","M","?","M","T","?","R","M","R","?","E","$","M"],"items_purchased_type":["Card","Relic","Relic","Relic","Relic","Card","Card","Relic","Card"],"build_version":"2020-12-22","purchased_purges":3,"victory":false,"max_hp_per_floor":[99,99,99,99,99,99,99,99,99,99,99,99,106,106,106,106,106,106,106,106,106,113,113,113,113,113,113,113,113,113,113,113,116,121,121,121,121,121,121,121,121,121,121,121,121,121,121,121,121,121,121],"card_choices":[{"not_picked":["sneckomod:QuickBite","sneckomod:SlitherStrike"],"picked":"sneckomod:QuickMove","floor":2.0},{"not_picked":["sneckomod:DiceBlock","sneckomod:SoulRoll"],"picked":"sneckomod:UnknownStrike","floor":3.0},{"not_picked":["sneckomod:Unknown1Cost","sneckomod:SoulRoll"],"picked":"sneckomod:UnendingSupply","floor":4.0},{"not_picked":["sneckomod:SoulRoll","sneckomod:RainOfDice"],"picked":"sneckomod:UnknownUncommonSkill","floor":5.0},{"not_picked":["sneckomod:SoulRoll","sneckomod:IronFang"],"picked":"sneckomod:UnknownUncommonPower","floor":9.0},{"not_picked":["sneckomod:RainOfDice","sneckomod:SoulDraw","sneckomod:DiceBoulder"],"picked":"SKIP","floor":10.0},{"not_picked":["sneckomod:UnknownDraw","sneckomod:SlitherStrike"],"picked":"sneckomod:UnknownVulnerable","floor":11.0},{"not_picked":["sneckomod:DiceCrush","sneckomod:UnknownCommonSkill"],"picked":"sneckomod:ImprovisedAttack","floor":13.0},{"not_picked":["sneckomod:UnknownClassRED","sneckomod:RainOfDice"],"picked":"sneckomod:SnakeSap","floor":14.0},{"not_picked":["sneckomod:UnknownUncommonSkill","sneckomod:Restock"],"picked":"sneckomod:UnknownExhaust","floor":15.0},{"not_picked":["sneckomod:SoulExchange","sneckomod:UnknownRareSkill"],"picked":"sneckomod:UnknownBoss","floor":16.0},{"not_picked":["sneckomod:CheapStock","sneckomod:UnknownVulnerable"],"picked":"sneckomod:UnknownBlock","floor":19.0},{"not_picked":["sneckomod:IronFang","sneckomod:UnknownClassSLIMEBOUND"],"picked":"sneckomod:Unknown0Cost","floor":21.0},{"not_picked":["sneckomod:SerpentIdol","sneckomod:UnknownVulnerable"],"picked":"sneckomod:DefensiveFlair","floor":22.0},{"not_picked":["sneckomod:DefensiveFlair+1","sneckomod:SoulCleanse"],"picked":"sneckomod:UnknownBlock","floor":23.0},{"not_picked":["sneckomod:QuickMove","sneckomod:UnknownClassPURPLE"],"picked":"sneckomod:UnknownUncommonAttack","floor":26.0},{"not_picked":["sneckomod:QuickMove","sneckomod:SoulExchange"],"picked":"sneckomod:Nope","floor":31.0},{"not_picked":["sneckomod:ImprovisedGuard","sneckomod:DiceBlock"],"picked":"sneckomod:DiceCrush+1","floor":32},{"not_picked":["sneckomod:DangerNoodle+1","sneckomod:Restock"],"picked":"sneckomod:Mudshield","floor":33},{"not_picked":["sneckomod:Nope+1","sneckomod:RainOfDice+1"],"picked":"sneckomod:UnknownClassPURPLE+1","floor":34},{"not_picked":["sneckomod:RainOfDice+1","sneckomod:UnknownExhaust+1"],"picked":"sneckomod:ImprovisedGuard+1","floor":36},{"not_picked":["sneckomod:Unknown1Cost","sneckomod:RainOfDice+1"],"picked":"sneckomod:ImprovisedGuard+1","floor":38},{"not_picked":["expansioncontent:HyperBeam","expansioncontent:YouAreMine"],"picked":"expansioncontent:AwakenDeath","floor":39},{"not_picked":["expansioncontent:GuardianWhirl","expansioncontent:InvincibleStrength"],"picked":"expansioncontent:AwakenDeath","floor":39},{"not_picked":["expansioncontent:LastStand","expansioncontent:GuardianWhirl"],"picked":"expansioncontent:Chronoboost","floor":39},{"not_picked":["sneckomod:SnekBeam+1","sneckomod:UnknownDraw"],"picked":"sneckomod:UnknownUncommonPower+1","floor":40},{"not_picked":["sneckomod:RainOfDice+1","sneckomod:Nope"],"picked":"sneckomod:UnknownUncommonAttack+1","floor":42},{"not_picked":["sneckomod:SoulCleanse","sneckomod:DiceCrush+1"],"picked":"sneckomod:DiceBlock+1","floor":44},{"not_picked":["sneckomod:RainOfDice+1","sneckomod:MorePower"],"picked":"sneckomod:UnknownClassRED+1","floor":46},{"not_picked":["sneckomod:DiceBlock+1","sneckomod:SoulDraw+1"],"picked":"sneckomod:DefensiveFlair+1","floor":47}],"player_experience":1135310,"relics_obtained":[{"floor":7.0,"key":"sneckomod:ConfusingCodex"},{"floor":10.0,"key":"Peace Pipe"},{"floor":13.0,"key":"Strawberry"},{"floor":21.0,"key":"Torii"},{"floor":21.0,"key":"Bottled Tornado"},{"floor":24.0,"key":"CeramicFish"},{"floor":28.0,"key":"Molten Egg 2"},{"floor":31.0,"key":"Whetstone"},{"floor":37,"key":"Blue Candle"},{"floor":41,"key":"Bronze Scales"},{"floor":42,"key":"Shovel"},{"floor":47,"key":"Toxic Egg 2"}],"event_choices":[{"damage_healed":0.0,"max_hp_gain":0.0,"max_hp_loss":0.0,"gold_gain":0.0,"event_name":"Lab","player_choice":"Got Potions","floor":12.0,"gold_loss":0.0,"damage_taken":0.0}],"is_beta":false,"boss_relics":[{"not_picked":["Calling Bell","Runic Dome"],"picked":"SlaversCollar"},{"not_picked":["SacredBark","Empty Cage"],"picked":"Tiny House"}],"items_purged_floors":[22,46,48],"is_endless":false,"potions_floor_spawned":[4,5,9,10,21,26,31,33,36,40,47],"killed_by":"Transient","ascension_level":0}}