{"host":"2tgyrzvaa7l04o2e","time":1612112831,"event":{"mods":["BaseMod","Highlight Path","Minty Spire (QoL Compilation)","Permanent Neow","Relic Stats"],"gold_per_floor":[113,113,126,18,93,122,122,152,152,152,168,198,227,237,237,339,339,349,349,130,158,158,185,185,210,237,137,137,137],"floor_reached":28,"language":"ENG","playtime":1241,"items_purged":["Searing Blow","Searing Blow"],"score":432,"play_id":"fc5729a4-106c-4072-840a-ed2738007450","local_time":"20210131180711","is_ascension_mode":true,"campfire_choices":[{"floor":7,"key":"REST"},{"floor":10,"key":"REST"},{"data":"Searing Blow","floor":15,"key":"SMITH"},{"floor":24,"key":"REST"}],"circlet_count":0,"master_deck":["AscendersBane","Bash","Magnetism+1","Pommel Strike+1","Uppercut+1","Flame Barrier","Searing Blow+1","Shrug It Off","Power Through","Feed","Heavy Blade","Corruption","Pummel","Twin Strike","Iron Wave","Sentinel","Spot Weakness","Intimidate","Shrug It Off"],"relics":["Burning Blood","Incense Burner","Shuriken","Lizard Tail","HornCleat","Whetstone","Pandora\u0027s Box","Lee\u0027s Waffle","Red Mask","TungstenRod","Anchor","Nunchaku"],"acts_visited":["Exordium","TheCity"],"potions_floor_usage":[6,13,21],"damage_taken":[{"damage":7,"enemies":"Jaw Worm","floor":1,"turns":3},{"damage":11,"enemies":"Small Slimes","floor":3,"turns":4},{"damage":29,"enemies":"3 Sentries","floor":6,"turns":6},{"damage":26,"enemies":"Gremlin Nob","floor":8,"turns":4},{"damage":0,"enemies":"2 Louse","floor":11,"turns":5},{"damage":7,"enemies":"3 Sentries","floor":13,"turns":7},{"damage":1,"enemies":"Exordium Wildlife","floor":14,"turns":4},{"damage":19,"enemies":"The Guardian","floor":16,"turns":10},{"damage":10,"enemies":"Shell Parasite","floor":18,"turns":7},{"damage":77,"enemies":"Masked Bandits","floor":21,"turns":7},{"damage":60,"enemies":"Gremlin Leader","floor":23,"turns":9},{"damage":27,"enemies":"Book of Stabbing","floor":25,"turns":5},{"damage":12,"enemies":"Slavers","floor":28,"turns":1}],"seed_played":"-2546735042385054199","potions_obtained":[{"floor":1,"key":"Explosive Potion"},{"floor":11,"key":"Fire Potion"},{"floor":18,"key":"Weak Potion"}],"is_trial":false,"path_per_floor":["M","?","M","$","?","E","R","E","T","R","M","?","E","M","R","B",null,"M","?","$","?","?","E","R","E","T","$","E"],"character_chosen":"IRONCLAD","items_purchased":["Flame Barrier","Searing Blow","Lee\u0027s Waffle"],"campfire_rested":3,"item_purchase_floors":[4,4,20],"current_hp_per_floor":[71,57,52,52,41,18,39,19,19,40,46,46,45,50,50,37,63,59,59,79,11,11,7,31,10,10,10,0,0],"gold":137,"neow_bonus":"RANDOM_COLORLESS_2","is_daily":false,"chose_seed":false,"campfire_upgraded":1,"win_rate":0.0,"timestamp":1612112831,"path_taken":["M","?","M","$","?","E","R","E","T","R","M","?","E","M","R","BOSS","M","?","$","?","?","E","R","E","T","$","E"],"items_purchased_type":["Card","Card","Relic"],"build_version":"2020-12-22","purchased_purges":2,"victory":false,"max_hp_per_floor":[72,72,72,72,72,72,72,72,72,72,72,72,72,72,72,72,72,72,72,79,82,82,82,82,82,82,82,82,82],"relic_stats":{"Lizard Tail":41,"Lee\u0027s Waffle":20,"Nunchaku":[0],"counters":[13,72],"Shuriken":[7],"Pandora\u0027s Box":["Power Through","Feed","Heavy Blade","Corruption","Pummel","Searing Blow","Twin Strike","Iron Wave","Searing Blow"],"Whetstone":["Pommel Strike","Uppercut"],"obtain_stats":[{"Lizard Tail":9,"Lee\u0027s Waffle":20,"Anchor":25,"Nunchaku":26,"HornCleat":12,"Shuriken":8,"Pandora\u0027s Box":17,"Incense Burner":6,"Red Mask":21,"Whetstone":13,"Burning Blood":0,"TungstenRod":23},{"Lizard Tail":4,"Lee\u0027s Waffle":9,"Anchor":12,"Nunchaku":12,"HornCleat":5,"Shuriken":4,"Pandora\u0027s Box":8,"Incense Burner":3,"Red Mask":10,"Whetstone":6,"Burning Blood":0,"TungstenRod":11},{"Lizard Tail":17,"Lee\u0027s Waffle":50,"Anchor":71,"Nunchaku":71,"HornCleat":22,"Shuriken":17,"Pandora\u0027s Box":43,"Incense Burner":13,"Red Mask":57,"Whetstone":29,"Burning Blood":0,"TungstenRod":66}],"Burning Blood":72,"TungstenRod":8},"card_choices":[{"not_picked":["Master of Strategy","Sadistic Nature"],"picked":"Magnetism","floor":0},{"not_picked":["Heavy Blade","Clash"],"picked":"Pommel Strike","floor":1},{"not_picked":["Clash","Rage"],"picked":"Uppercut","floor":3},{"not_picked":["Rupture","Sentinel","Wild Strike"],"picked":"SKIP","floor":6},{"not_picked":["Anger","True Grit","Demon Form"],"picked":"SKIP","floor":8},{"not_picked":["Thunderclap","Blood for Blood","Wild Strike"],"picked":"SKIP","floor":11},{"not_picked":["Infernal Blade","Clothesline"],"picked":"Shrug It Off","floor":13},{"not_picked":["Sword Boomerang","Warcry","Thunderclap"],"picked":"SKIP","floor":14},{"not_picked":["Havoc","Rupture"],"picked":"Sentinel","floor":18},{"not_picked":["Perfected Strike","Iron Wave"],"picked":"Spot Weakness","floor":21},{"not_picked":["Pommel Strike","Sword Boomerang"],"picked":"Intimidate","floor":23},{"not_picked":["Dropkick","Twin Strike"],"picked":"Shrug It Off","floor":25}],"player_experience":683565,"relics_obtained":[{"floor":6,"key":"Incense Burner"},{"floor":8,"key":"Shuriken"},{"floor":9,"key":"Lizard Tail"},{"floor":13,"key":"Whetstone"},{"floor":21,"key":"Red Mask"},{"floor":23,"key":"TungstenRod"},{"floor":25,"key":"Anchor"},{"floor":26,"key":"Nunchaku"}],"event_choices":[{"damage_healed":0,"gold_gain":0,"player_choice":"Entered Light","damage_taken":14,"max_hp_gain":0,"max_hp_loss":0,"event_name":"Shining Light","floor":2,"gold_loss":0,"cards_upgraded":["Magnetism","Defend_R"]},{"damage_healed":0,"gold_gain":75,"player_choice":"Gather Gold","damage_taken":11,"max_hp_gain":0,"max_hp_loss":0,"event_name":"World of Goop","floor":5,"gold_loss":0},{"damage_healed":0,"gold_gain":30,"player_choice":"Searched \u00272\u0027 times","damage_taken":0,"relics_obtained":["HornCleat"],"max_hp_gain":0,"max_hp_loss":0,"event_name":"Dead Adventurer","floor":12,"gold_loss":0},{"damage_healed":0,"gold_gain":0,"player_choice":"Ignored","damage_taken":0,"max_hp_gain":0,"max_hp_loss":0,"event_name":"Ghosts","floor":19,"gold_loss":0},{"damage_healed":0,"gold_gain":0,"player_choice":"Fought Bandits","damage_taken":0,"max_hp_gain":0,"max_hp_loss":0,"event_name":"Masked Bandits","floor":21,"gold_loss":0},{"damage_healed":0,"gold_gain":0,"player_choice":"Ignored","damage_taken":0,"max_hp_gain":0,"max_hp_loss":0,"event_name":"The Mausoleum","floor":22,"gold_loss":0}],"is_beta":false,"boss_relics":[{"not_picked":["Fusion Hammer","SlaversCollar"],"picked":"Pandora\u0027s Box"}],"items_purged_floors":[20,27],"is_endless":false,"potions_floor_spawned":[1,11,18],"killed_by":"Slavers","ascension_level":12}}