{"host":"8is2j71l4wmybkoi","time":1612079014,"event":{"mods":["AchievementEnabler","BaseMod","Colored Map","Minty Spire (QoL Compilation)","Rare Cards Sparkle","StSLib","SuperFastMode"],"gold_per_floor":[112,37,37,51,71,71,91,125,152,152,175,216,5,32,32,132,132,153,173,202,202,229,229,248,248,248],"floor_reached":25,"language":"KOR","playtime":716,"items_purged":["Strike_G"],"score":380,"play_id":"06a0a14b-6e47-4a12-8f65-8a783c815a89","local_time":"20210131164334","is_ascension_mode":true,"campfire_choices":[{"data":"A Thousand Cuts","floor":6.0,"key":"SMITH"},{"data":"Caltrops","floor":10.0,"key":"SMITH"},{"floor":15.0,"key":"REST"},{"floor":23,"key":"REST"}],"circlet_count":0,"master_deck":["AscendersBane","Strike_G","Strike_G","Strike_G","Defend_G","Defend_G","Defend_G","Defend_G","Defend_G","Survivor","Neutralize","A Thousand Cuts+1","Caltrops+1","Quick Slash","Dagger Spray","Blade Dance","Reflex","Backflip","Backstab","PiercingWail","Adrenaline","Dagger Throw","Crippling Poison"],"relics":["Ring of the Snake","Golden Idol","Orichalcum","Omamori","CeramicFish","HoveringKite"],"acts_visited":["Exordium","TheCity"],"potions_floor_usage":[22,22,25,25,25,25],"damage_taken":[{"damage":1.0,"enemies":"Small Slimes","floor":1.0,"turns":5.0},{"damage":13.0,"enemies":"Jaw Worm","floor":4.0,"turns":7.0},{"damage":4.0,"enemies":"Cultist","floor":5.0,"turns":4.0},{"damage":0.0,"enemies":"2 Fungi Beasts","floor":7.0,"turns":2.0},{"damage":10.0,"enemies":"3 Sentries","floor":8.0,"turns":2.0},{"damage":8.0,"enemies":"Looter","floor":11.0,"turns":3.0},{"damage":17.0,"enemies":"Gremlin Nob","floor":12.0,"turns":5.0},{"damage":0.0,"enemies":"Gremlin Gang","floor":14.0,"turns":4.0},{"damage":6.0,"enemies":"Hexaghost","floor":16.0,"turns":8.0},{"damage":14.0,"enemies":"2 Thieves","floor":18.0,"turns":4.0},{"damage":6.0,"enemies":"Spheric Guardian","floor":19.0,"turns":3.0},{"damage":24.0,"enemies":"Snecko","floor":20.0,"turns":6.0},{"damage":5,"enemies":"Sentry and Sphere","floor":22,"turns":3},{"damage":7,"enemies":"Centurion and Healer","floor":24,"turns":5},{"damage":12,"enemies":"Snake Plant","floor":25,"turns":5}],"seed_played":"8360459141588685404","potions_obtained":[{"floor":4.0,"key":"Explosive Potion"},{"floor":5.0,"key":"SkillPotion"},{"floor":7.0,"key":"LiquidMemories"},{"floor":16.0,"key":"Strength Potion"},{"floor":20.0,"key":"CunningPotion"},{"floor":22,"key":"Energy Potion"},{"floor":24,"key":"EntropicBrew"}],"is_trial":false,"path_per_floor":["M","?","?","M","M","R","M","E","T","R","M","E","$","M","R","B",null,"M","M","M","?","M","R","M","M"],"character_chosen":"THE_SILENT","items_purchased":["Backstab","CultistPotion"],"campfire_rested":2,"item_purchase_floors":[13,13],"current_hp_per_floor":[58,58,58,45,41,41,41,31,31,31,23,6,6,6,24,18,50,36,30,6,6,1,19,12,0,0],"gold":248,"neow_bonus":"ONE_RANDOM_RARE_CARD","is_daily":false,"chose_seed":false,"campfire_upgraded":2,"win_rate":0.0,"timestamp":1612079014,"path_taken":["M","?","?","M","M","R","M","E","T","R","M","E","$","M","R","BOSS","M","M","M","?","M","R","M","M"],"items_purchased_type":["Card","Potion"],"build_version":"2020-12-22","purchased_purges":1,"victory":false,"max_hp_per_floor":[66,66,60,60,60,60,60,60,60,60,60,60,60,60,60,60,60,60,60,60,60,60,60,60,60,60],"card_choices":[{"not_picked":["Dagger Throw","Riddle With Holes"],"picked":"Caltrops","floor":1.0},{"not_picked":["Well Laid Plans","Sucker Punch"],"picked":"Quick Slash","floor":4.0},{"not_picked":["Predator","Choke"],"picked":"Dagger Spray","floor":5.0},{"not_picked":["Noxious Fumes","Dagger Spray"],"picked":"Blade Dance","floor":7.0},{"not_picked":["Setup","Dodge and Roll"],"picked":"Reflex","floor":8.0},{"not_picked":["Flechettes","Footwork"],"picked":"Backflip","floor":11.0},{"not_picked":["Dodge and Roll","Expertise","Bane"],"picked":"SKIP","floor":12.0},{"not_picked":["Backflip","Outmaneuver"],"picked":"PiercingWail","floor":14.0},{"not_picked":["Envenom","Bullet Time"],"picked":"Adrenaline","floor":16.0},{"not_picked":["Flying Knee","Poisoned Stab+1","Blur"],"picked":"SKIP","floor":18.0},{"not_picked":["Deflect","Slice","Outmaneuver"],"picked":"SKIP","floor":19.0},{"not_picked":["Setup","Backflip"],"picked":"Dagger Throw","floor":20.0},{"not_picked":["Phantasmal Killer","Cloak And Dagger+1"],"picked":"Crippling Poison","floor":22},{"not_picked":["Predator","Backflip","Quick Slash"],"picked":"SKIP","floor":24}],"player_experience":874076,"relics_obtained":[{"floor":8.0,"key":"Orichalcum"},{"floor":9.0,"key":"Omamori"},{"floor":12.0,"key":"CeramicFish"}],"event_choices":[{"cards_removed":["Strike_G"],"damage_healed":0.0,"max_hp_gain":0.0,"max_hp_loss":0.0,"gold_gain":0.0,"event_name":"The Cleric","player_choice":"Card Removal","floor":2.0,"gold_loss":75.0,"damage_taken":0.0},{"damage_healed":0.0,"max_hp_gain":0.0,"max_hp_loss":6.0,"gold_gain":0.0,"event_name":"Golden Idol","player_choice":"Lose Max HP","floor":3.0,"gold_loss":0.0,"damage_taken":0.0,"relics_obtained":["Golden Idol"]},{"damage_healed":0.0,"max_hp_gain":0.0,"max_hp_loss":0.0,"gold_gain":0.0,"event_name":"Cursed Tome","player_choice":"Ignored","floor":21.0,"gold_loss":0.0,"damage_taken":0.0}],"is_beta":false,"boss_relics":[{"not_picked":["Black Star","Tiny House"],"picked":"HoveringKite"}],"items_purged_floors":[13],"is_endless":false,"potions_floor_spawned":[4,5,7,16,20,22,24],"killed_by":"Snake Plant","ascension_level":15}}