{"host":"zsnmfqgcm92hlreo","time":1612075823,"event":{"mods":["AchievementEnabler","BaseMod","Bestiary","Block Reminder","Colored Powertips","Minty Spire (QoL Compilation)","Permanent Neow","Quick Restart","Relic Stats","Weighted Paths"],"gold_per_floor":[10,10,22,36,54,54,54,54,54,74,74,84,131,60,60,158,158,170,181,106,125,175,175,191,191,216,116,130,5,15,28,28,133,133,150,200,200,215,230,265,282,282,282,282,87,106,136,154,154,154],"floor_reached":51,"language":"ENG","playtime":2527,"items_purged":["Strike_R","Defend_R","Defend_R"],"score":828,"play_id":"c5d3c7f4-b95d-4da2-bdf6-2b5035f49ce0","local_time":"20210131005023","is_ascension_mode":false,"campfire_choices":[{"data":"Bash","floor":15.0,"key":"SMITH"},{"data":"Dropkick","floor":23.0,"key":"SMITH"},{"floor":25.0,"key":"REST"},{"floor":32.0,"key":"REST"},{"data":"Dropkick","floor":42,"key":"SMITH"},{"data":"Shrug It Off","floor":44,"key":"SMITH"},{"data":"Clash","floor":49,"key":"SMITH"}],"circlet_count":0,"master_deck":["Bash+1","Clash+1","Shrug It Off+1","Dropkick+1","Dropkick+1"],"relics":["Burning Blood","Lizard Tail","Oddly Smooth Stone","Empty Cage","Bag of Preparation","Pandora\u0027s Box","Champion Belt","CaptainsWheel","Singing Bowl","Lantern","Peace Pipe"],"acts_visited":["Exordium","TheCity","TheBeyond"],"potions_floor_usage":[50,50],"damage_taken":[{"damage":10.0,"enemies":"Cultist","floor":1.0,"turns":4.0},{"damage":7.0,"enemies":"2 Louse","floor":3.0,"turns":2.0},{"damage":7.0,"enemies":"Jaw Worm","floor":4.0,"turns":3.0},{"damage":9.0,"enemies":"Lots of Slimes","floor":5.0,"turns":4.0},{"damage":4.0,"enemies":"Large Slime","floor":10.0,"turns":6.0},{"damage":12.0,"enemies":"Blue Slaver","floor":12.0,"turns":2.0},{"damage":36.0,"enemies":"The Guardian","floor":16.0,"turns":14.0},{"damage":4.0,"enemies":"Chosen","floor":18.0,"turns":4.0},{"damage":23.0,"enemies":"Spheric Guardian","floor":19.0,"turns":6.0},{"damage":30.0,"enemies":"Snake Plant","floor":21.0,"turns":5.0},{"damage":20.0,"enemies":"Centurion and Healer","floor":24.0,"turns":6.0},{"damage":22.0,"enemies":"Snecko","floor":28.0,"turns":4.0},{"damage":1.0,"enemies":"Cultist and Chosen","floor":30.0,"turns":3.0},{"damage":0.0,"enemies":"Snake Plant","floor":31.0,"turns":1.0},{"damage":48.0,"enemies":"Automaton","floor":33.0,"turns":7.0},{"damage":16,"enemies":"3 Darklings","floor":35,"turns":4},{"damage":0,"enemies":"Mind Bloom Boss Battle","floor":36,"turns":1},{"damage":0,"enemies":"Orb Walker","floor":38,"turns":1},{"damage":0,"enemies":"Transient","floor":39,"turns":1},{"damage":0,"enemies":"Giant Head","floor":40,"turns":1},{"damage":0,"enemies":"Maw","floor":41,"turns":1},{"damage":2,"enemies":"3 Darklings","floor":46,"turns":3},{"damage":0,"enemies":"Reptomancer","floor":47,"turns":1},{"damage":0,"enemies":"4 Shapes","floor":48,"turns":4},{"damage":2,"enemies":"Donu and Deca","floor":50,"turns":4}],"seed_played":"3173163158140616955","potions_obtained":[{"floor":5.0,"key":"EntropicBrew"},{"floor":10.0,"key":"SteroidPotion"},{"floor":24.0,"key":"Dexterity Potion"},{"floor":28.0,"key":"Energy Potion"},{"floor":36,"key":"FearPotion"},{"floor":38,"key":"SkillPotion"},{"floor":41,"key":"Dexterity Potion"},{"floor":47,"key":"ColorlessPotion"}],"is_trial":false,"path_per_floor":["M","?","M","M","M","?","$","?","T","M","?","M","T","$","R","B",null,"M","M","$","M","?","R","M","R","T","$","M","$","M","M","R","B",null,"M","?","$","M","M","E","M","R","T","R","$","M","E","M","R","B",null],"character_chosen":"IRONCLAD","items_purchased":["Dropkick","Energy Potion","Lantern"],"campfire_rested":2,"item_purchase_floors":[14,45,45],"current_hp_per_floor":[76,68,67,66,63,68,68,68,68,70,70,64,64,64,64,34,85,85,68,68,44,44,44,30,55,55,55,39,39,44,50,75,33,85,75,81,81,85,85,85,85,85,85,85,85,87,89,91,91,91],"gold":154,"neow_bonus":"REMOVE_TWO","is_daily":false,"chose_seed":false,"campfire_upgraded":5,"win_rate":0.0,"timestamp":1612075823,"path_taken":["M","?","?","M","M","?","$","?","T","?","?","M","?","$","R","BOSS","M","M","$","?","?","R","?","R","T","?","M","$","M","M","R","BOSS","M","?","$","M","M","E","M","R","T","R","$","M","E","M","R","BOSS"],"items_purchased_type":["Card","Potion","Relic"],"build_version":"2020-12-22","purchased_purges":3,"victory":true,"max_hp_per_floor":[80,80,80,80,80,85,85,85,85,85,85,85,85,85,85,85,85,85,85,85,85,85,85,85,85,85,85,85,85,85,85,85,85,85,85,85,85,85,85,85,85,85,85,85,85,87,89,91,91,91],"relic_stats":{"Peace Pipe":0,"Lizard Tail":0,"Singing Bowl":6,"counters":[25,92],"Pandora\u0027s Box":["Limit Break","Whirlwind"],"Bag of Preparation":[8],"Champion Belt":[17],"obtain_stats":[{"Peace Pipe":47,"Lizard Tail":9,"CaptainsWheel":40,"Lantern":45,"Singing Bowl":43,"Oddly Smooth Stone":13,"Pandora\u0027s Box":34,"Bag of Preparation":26,"Champion Belt":36,"Empty Cage":17,"Burning Blood":0},{"Peace Pipe":23,"Lizard Tail":4,"CaptainsWheel":20,"Lantern":21,"Singing Bowl":21,"Oddly Smooth Stone":6,"Pandora\u0027s Box":15,"Bag of Preparation":11,"Champion Belt":17,"Empty Cage":7,"Burning Blood":0},{"Peace Pipe":84,"Lizard Tail":13,"CaptainsWheel":79,"Lantern":80,"Singing Bowl":80,"Oddly Smooth Stone":21,"Pandora\u0027s Box":71,"Bag of Preparation":56,"Champion Belt":76,"Empty Cage":35,"Burning Blood":0}],"Burning Blood":108},"card_choices":[{"not_picked":["Twin Strike","Body Slam"],"picked":"Clash","floor":1.0},{"not_picked":["Reckless Charge","Clothesline"],"picked":"Shrug It Off","floor":3.0},{"not_picked":["Armaments","Thunderclap","Rupture"],"picked":"SKIP","floor":4.0},{"not_picked":["Pommel Strike","Armaments","Cleave"],"picked":"SKIP","floor":5.0},{"not_picked":["Infernal Blade","Body Slam","Exhume"],"picked":"SKIP","floor":10.0},{"not_picked":["Headbutt","Heavy Blade","Spot Weakness"],"picked":"SKIP","floor":12.0},{"not_picked":["Reckless Charge","Body Slam","Flex"],"picked":"SKIP","floor":18.0},{"not_picked":["Flame Barrier","Hemokinesis"],"picked":"Dropkick","floor":19.0},{"not_picked":["True Grit+1","Twin Strike","Iron Wave"],"picked":"SKIP","floor":21.0},{"not_picked":["Dark Embrace","Cleave+1","Feel No Pain"],"picked":"SKIP","floor":24.0},{"not_picked":["Anger","Rage+1","Inflame"],"picked":"SKIP","floor":28.0},{"not_picked":["Pummel","Carnage+1","Iron Wave"],"picked":"SKIP","floor":30.0},{"not_picked":["Infernal Blade","Body Slam","Thunderclap+1"],"picked":"SKIP","floor":31.0},{"not_picked":["Dual Wield","Wild Strike","Sword Boomerang"],"picked":"SKIP","floor":35},{"not_picked":["Second Wind+1","Headbutt","Intimidate"],"picked":"SKIP","floor":38},{"not_picked":["Armaments+1","Sword Boomerang+1","Warcry+1"],"picked":"SKIP","floor":39},{"not_picked":["Flex","Pommel Strike+1","Power Through+1"],"picked":"SKIP","floor":40},{"not_picked":["Barricade","Cleave+1","Clash+1"],"picked":"SKIP","floor":41},{"not_picked":["Wild Strike","Flex","Sever Soul"],"picked":"Singing Bowl","floor":46},{"not_picked":["Armaments+1","Reaper","Searing Blow"],"picked":"Singing Bowl","floor":47},{"not_picked":["Power Through+1","Rampage+1","Flex"],"picked":"Singing Bowl","floor":48}],"player_experience":971071,"relics_obtained":[{"floor":9.0,"key":"Lizard Tail"},{"floor":13.0,"key":"Oddly Smooth Stone"},{"floor":26.0,"key":"Bag of Preparation"},{"floor":36,"key":"Champion Belt"},{"floor":40,"key":"CaptainsWheel"},{"floor":43,"key":"Singing Bowl"},{"floor":47,"key":"Peace Pipe"}],"event_choices":[{"damage_healed":0.0,"max_hp_gain":0.0,"max_hp_loss":0.0,"gold_gain":0.0,"event_name":"Wheel of Change","player_choice":"Damaged","floor":2.0,"gold_loss":0.0,"damage_taken":8.0},{"damage_healed":0.0,"max_hp_gain":5.0,"max_hp_loss":0.0,"gold_gain":0.0,"event_name":"Big Fish","player_choice":"Donut","floor":6.0,"gold_loss":0.0,"damage_taken":0.0},{"damage_healed":0.0,"max_hp_gain":0.0,"max_hp_loss":0.0,"gold_gain":0.0,"event_name":"NoteForYourself","player_choice":"Ignored","floor":8.0,"gold_loss":0.0,"damage_taken":0.0},{"damage_healed":0.0,"max_hp_gain":0.0,"max_hp_loss":0.0,"gold_gain":0.0,"event_name":"The Cleric","player_choice":"Leave","floor":11.0,"gold_loss":0.0,"damage_taken":0.0},{"damage_healed":0.0,"max_hp_gain":0.0,"max_hp_loss":0.0,"gold_gain":100.0,"event_name":"The Joust","player_choice":"Bet on Murderer","floor":22.0,"gold_loss":50.0,"damage_taken":0.0},{"damage_healed":0,"gold_gain":0,"player_choice":"Fight","damage_taken":0,"max_hp_gain":0,"max_hp_loss":0,"event_name":"MindBloom","floor":36,"gold_loss":0}],"is_beta":false,"boss_relics":[{"not_picked":["Astrolabe","Cursed Key"],"picked":"Empty Cage"},{"not_picked":["Busted Crown","Mark of Pain"],"picked":"Pandora\u0027s Box"}],"items_purged_floors":[20,27,29],"is_endless":false,"potions_floor_spawned":[5,10,21,24,28,31,36,38,41,47],"ascension_level":0}}