{"host":"msfr2axb1w9025n0","time":1612072481,"event":{"mods":["BaseMod","Colored Map","DeckTracker","Minty Spire (QoL Compilation)","Relic Stats"],"gold_per_floor":[117,117,128,128,146,173,187,187,187,198,198,198,198,227,227,304,304,315,330,18,18,18,52,102,102,102,102,102,102],"floor_reached":28,"language":"ENG","playtime":1023,"items_purged":[],"score":415,"play_id":"1f922a43-72e7-4ad3-a9a8-ea7e94ccc993","local_time":"20210131125441","is_ascension_mode":true,"campfire_choices":[{"data":"Outmaneuver","floor":8,"key":"SMITH"},{"floor":11,"key":"REST"},{"data":"Crippling Poison","floor":13,"key":"SMITH"},{"data":"Outmaneuver","floor":15,"key":"SMITH"},{"floor":25,"key":"REST"},{"data":"Envenom","floor":27,"key":"SMITH"}],"circlet_count":0,"master_deck":["AscendersBane","Strike_G","Strike_G","Strike_G","Strike_G","Strike_G","Defend_G","Defend_G","Defend_G","Defend_G","Survivor","Neutralize","Outmaneuver+1","PiercingWail","Reflex","Crippling Poison+1","PiercingWail","Skewer+1","Outmaneuver+1","A Thousand Cuts","Dagger Throw","Dagger Spray","Adrenaline","Footwork","Terror","J.A.X.","Envenom+1","Normality"],"relics":["Runic Pyramid","Ornamental Fan","Pear","Gremlin Horn","Cursed Key","Ancient Tea Set","Molten Egg 2"],"acts_visited":["Exordium","TheCity"],"potions_floor_usage":[6,6,23],"damage_taken":[{"damage":1.0,"enemies":"Cultist","floor":1.0,"turns":5.0},{"damage":6,"enemies":"2 Louse","floor":3,"turns":4},{"damage":6,"enemies":"Small Slimes","floor":5,"turns":5},{"damage":24,"enemies":"3 Sentries","floor":6,"turns":14},{"damage":0,"enemies":"3 Louse","floor":7,"turns":6},{"damage":2,"enemies":"Red Slaver","floor":10,"turns":5},{"damage":11,"enemies":"Lagavulin","floor":14,"turns":7},{"damage":15,"enemies":"The Guardian","floor":16,"turns":12},{"damage":6,"enemies":"3 Byrds","floor":18,"turns":4},{"damage":12,"enemies":"Shell Parasite","floor":19,"turns":5},{"damage":26,"enemies":"Slavers","floor":23,"turns":5},{"damage":50,"enemies":"Snecko","floor":28,"turns":7}],"seed_played":"9002512740489951231","potions_obtained":[{"floor":1.0,"key":"SteroidPotion"},{"floor":5,"key":"GamblersBrew"},{"floor":14,"key":"Ancient Potion"},{"floor":16,"key":"SneckoOil"},{"floor":18,"key":"Energy Potion"}],"is_trial":false,"path_per_floor":["M","?","M","?","M","E","M","R","T","M","R","?","R","E","R","B",null,"M","M","$","?","?","E","?","R","T","R","M"],"character_chosen":"THE_SILENT","items_purchased":["Adrenaline","Footwork","Terror"],"campfire_rested":2,"item_purchase_floors":[20,20,20],"current_hp_per_floor":[58,63,57,50,44,20,20,20,30,28,52,52,52,41,41,26,67,61,49,49,49,49,23,23,47,47,47,0,0],"gold":102,"neow_bonus":"BOSS_RELIC","is_daily":false,"chose_seed":false,"campfire_upgraded":4,"win_rate":0.0,"timestamp":1612072481,"path_taken":["M","?","M","?","M","E","M","R","T","M","R","?","R","E","R","BOSS","M","M","$","?","?","E","?","R","T","R","?"],"items_purchased_type":["Card","Card","Card"],"build_version":"2020-12-22","purchased_purges":0,"victory":false,"max_hp_per_floor":[66,71,71,71,71,71,71,71,81,81,81,81,81,81,81,81,81,81,81,81,81,81,81,81,81,81,81,81,81],"relic_stats":{"Gremlin Horn":[4,4],"counters":[12,79],"Ornamental Fan":[36],"Cursed Key":1,"obtain_stats":[{"Pear":9,"Gremlin Horn":14,"Ornamental Fan":6,"Molten Egg 2":26,"Cursed Key":17,"Ancient Tea Set":23,"Ring of the Snake":0,"Runic Pyramid":0},{"Pear":5,"Gremlin Horn":7,"Ornamental Fan":4,"Molten Egg 2":11,"Cursed Key":8,"Ancient Tea Set":11,"Ring of the Snake":0,"Runic Pyramid":0},{"Pear":34,"Gremlin Horn":46,"Ornamental Fan":28,"Molten Egg 2":72,"Cursed Key":58,"Ancient Tea Set":72,"Ring of the Snake":0,"Runic Pyramid":0}]},"card_choices":[{"not_picked":["Cloak And Dagger","Slice"],"picked":"Outmaneuver","floor":1.0},{"not_picked":["Slice","Quick Slash"],"picked":"PiercingWail","floor":3},{"not_picked":["Poisoned Stab","All Out Attack"],"picked":"Reflex","floor":5},{"not_picked":["Outmaneuver","Dodge and Roll"],"picked":"Crippling Poison","floor":6},{"not_picked":["Masterful Stab","Escape Plan"],"picked":"PiercingWail","floor":7},{"not_picked":["Night Terror","Flying Knee"],"picked":"Skewer","floor":10},{"not_picked":["Deflect","PiercingWail"],"picked":"Outmaneuver","floor":14},{"not_picked":["Glass Knife","Corpse Explosion"],"picked":"A Thousand Cuts","floor":16},{"not_picked":["Sucker Punch","Deadly Poison"],"picked":"Dagger Throw","floor":18},{"not_picked":["Setup","Deadly Poison"],"picked":"Dagger Spray","floor":19},{"not_picked":["Poisoned Stab","Bane"],"picked":"Envenom","floor":23}],"player_experience":275326,"relics_obtained":[{"floor":6,"key":"Ornamental Fan"},{"floor":9,"key":"Pear"},{"floor":14,"key":"Gremlin Horn"},{"floor":23,"key":"Ancient Tea Set"},{"floor":26,"key":"Molten Egg 2"}],"event_choices":[{"damage_healed":0,"gold_gain":0,"player_choice":"Donut","damage_taken":0,"max_hp_gain":5,"max_hp_loss":0,"event_name":"Big Fish","floor":2,"gold_loss":0},{"cards_removed":["Defend_G"],"damage_healed":0,"gold_gain":0,"player_choice":"Card Removal","damage_taken":7,"max_hp_gain":0,"max_hp_loss":0,"event_name":"Golden Wing","floor":4,"gold_loss":0},{"damage_healed":0,"gold_gain":0,"player_choice":"Grow","damage_taken":0,"max_hp_gain":0,"max_hp_loss":0,"event_name":"Living Wall","floor":12,"gold_loss":0,"cards_upgraded":["Skewer"]},{"damage_healed":0,"gold_gain":0,"player_choice":"Ignored","damage_taken":0,"max_hp_gain":0,"max_hp_loss":0,"event_name":"Ghosts","floor":21,"gold_loss":0},{"damage_healed":0,"gold_gain":0,"player_choice":"Obtain J.A.X.","damage_taken":0,"max_hp_gain":0,"max_hp_loss":0,"event_name":"Drug Dealer","floor":22,"gold_loss":0,"cards_obtained":["J.A.X."]},{"damage_healed":0,"gold_gain":100,"player_choice":"Bet on Murderer","damage_taken":0,"max_hp_gain":0,"max_hp_loss":0,"event_name":"The Joust","floor":24,"gold_loss":50}],"is_beta":false,"boss_relics":[{"not_picked":["Empty Cage","Astrolabe"],"picked":"Cursed Key"}],"items_purged_floors":[],"is_endless":false,"potions_floor_spawned":[1,5,14,16,18,19],"killed_by":"Snecko","ascension_level":14}}