{"host":"iph0xvuia0glosgr","time":1612101048,"event":{"mods":["AchievementEnabler","BaseMod","Minty Spire (QoL Compilation)"],"gold_per_floor":[117,128,128,139,89,119,119,144,144,161,161,191,14,14,14,116,116,127,42,53,53,53,53,53],"floor_reached":23,"language":"ENG","playtime":1504,"items_purged":[],"score":207,"play_id":"8c3b6487-b1f1-46c3-8770-e5a2e948e13a","local_time":"20210131135048","is_ascension_mode":true,"campfire_choices":[{"data":"Infinite Blades","floor":11,"key":"SMITH"},{"floor":15,"key":"REST"}],"circlet_count":0,"master_deck":["Strike_G","Strike_G","Strike_G","Strike_G","Strike_G","Defend_G","Defend_G","Defend_G","Defend_G","Defend_G","Survivor","Neutralize","Phantasmal Killer","Predator","Flying Knee","Slice","Infinite Blades","Regret","Infinite Blades","Infinite Blades+1","Dagger Spray","Blade Dance","A Thousand Cuts","Dagger Throw","Slice","Decay"],"relics":["Ring of the Snake","Letter Opener","Calipers","Akabeko","Odd Mushroom","PreservedInsect","Black Star","Oddly Smooth Stone"],"acts_visited":["Exordium","TheCity"],"potions_floor_usage":[6,8,12,16,20],"damage_taken":[{"damage":0,"enemies":"Small Slimes","floor":1,"turns":3},{"damage":0,"enemies":"2 Louse","floor":2,"turns":2},{"damage":1,"enemies":"Jaw Worm","floor":4,"turns":4},{"damage":24,"enemies":"3 Sentries","floor":6,"turns":6},{"damage":8,"enemies":"Lagavulin","floor":8,"turns":5},{"damage":8,"enemies":"2 Fungi Beasts","floor":10,"turns":3},{"damage":13,"enemies":"The Mushroom Lair","floor":12,"turns":3},{"damage":33,"enemies":"Hexaghost","floor":16,"turns":9},{"damage":29,"enemies":"Spheric Guardian","floor":18,"turns":5},{"damage":21,"enemies":"Shell Parasite","floor":20,"turns":4},{"damage":53,"enemies":"Slavers","floor":23,"turns":6}],"seed_played":"-8138042842071400624","potions_obtained":[{"floor":0,"key":"FairyPotion"},{"floor":0,"key":"AttackPotion"},{"floor":0,"key":"EssenceOfSteel"},{"floor":2,"key":"BlessingOfTheForge"},{"floor":10,"key":"ColorlessPotion"},{"floor":12,"key":"Fire Potion"},{"floor":18,"key":"PowerPotion"}],"is_trial":false,"path_per_floor":["M","M","?","M","$","E","?","E","T","M","R","?","$","$","R","B",null,"M","?","M","$","?","E"],"character_chosen":"THE_SILENT","items_purchased":["Slice","Blade Dance","PreservedInsect"],"campfire_rested":1,"item_purchase_floors":[5,13,13],"current_hp_per_floor":[70,70,70,69,69,45,45,37,37,29,29,16,16,16,37,4,70,41,41,20,20,20,0,0],"gold":53,"neow_bonus":"THREE_SMALL_POTIONS","is_daily":false,"chose_seed":false,"campfire_upgraded":1,"win_rate":0.0,"timestamp":1612101048,"path_taken":["M","M","?","M","$","E","?","E","T","M","R","?","?","$","R","BOSS","M","?","M","$","?","E"],"items_purchased_type":["Card","Card","Relic"],"build_version":"2020-12-22","purchased_purges":0,"victory":false,"max_hp_per_floor":[70,70,70,70,70,70,70,70,70,70,70,70,70,70,70,70,70,70,70,70,70,70,70,70],"card_choices":[{"not_picked":["Dagger Spray","PiercingWail"],"picked":"Phantasmal Killer","floor":1},{"not_picked":["Well Laid Plans","Flechettes"],"picked":"Predator","floor":2},{"not_picked":["Deflect","Deadly Poison"],"picked":"Flying Knee","floor":4},{"not_picked":["PiercingWail","Deadly Poison"],"picked":"Infinite Blades","floor":6},{"not_picked":["Choke","Skewer"],"picked":"Infinite Blades","floor":8},{"not_picked":["Backflip","Dagger Throw"],"picked":"Infinite Blades","floor":10},{"not_picked":["Tactician","Poisoned Stab"],"picked":"Dagger Spray","floor":12},{"not_picked":["Burst","Die Die Die"],"picked":"A Thousand Cuts","floor":16},{"not_picked":["Tactician","Outmaneuver"],"picked":"Dagger Throw","floor":18},{"not_picked":["Backflip","All Out Attack"],"picked":"Slice","floor":20}],"player_experience":319842,"relics_obtained":[{"floor":6,"key":"Letter Opener"},{"floor":8,"key":"Akabeko"},{"floor":12,"key":"Odd Mushroom"}],"event_choices":[{"damage_healed":0,"gold_gain":0,"player_choice":"Ignored","damage_taken":0,"max_hp_gain":0,"max_hp_loss":0,"event_name":"Shining Light","floor":3,"gold_loss":0},{"damage_healed":0,"gold_gain":0,"player_choice":"Box","damage_taken":0,"relics_obtained":["Calipers"],"max_hp_gain":0,"max_hp_loss":0,"event_name":"Big Fish","floor":7,"gold_loss":0,"cards_obtained":["Regret"]},{"damage_healed":0,"gold_gain":0,"player_choice":"Fought Mushrooms","damage_taken":0,"max_hp_gain":0,"max_hp_loss":0,"event_name":"Mushrooms","floor":12,"gold_loss":0},{"damage_healed":0,"gold_gain":0,"player_choice":"Obtained Relic","damage_taken":0,"relics_obtained":["Oddly Smooth Stone"],"max_hp_gain":0,"max_hp_loss":0,"event_name":"Addict","floor":19,"gold_loss":85},{"damage_healed":0,"gold_gain":0,"player_choice":"Smashed Altar","damage_taken":0,"max_hp_gain":0,"max_hp_loss":0,"event_name":"Forgotten Altar","floor":22,"gold_loss":0,"cards_obtained":["Decay"]}],"is_beta":false,"boss_relics":[{"not_picked":["Velvet Choker","Snecko Eye"],"picked":"Black Star"}],"items_purged_floors":[],"is_endless":false,"potions_floor_spawned":[2,10,12,18],"killed_by":"Slavers","ascension_level":1}}