{"host":"d54lcqy5t45er8jx","time":1612102708,"event":{"mods":["2.2 Compatiblity","BaseMod","CapriCore","Defuse TimeMaze Blight","Hermit","Hubris","Infinite Spire","Marisa£¨Ùöéë¡¡Øª×âÞÞ£©","Minty Spire (QoL Compilation)","Rare Cards Sparkle","Relic Stats","StSLib","The Animator","The Cursed","The Immortal","The Servant 0.9.4","WarShipGirlsR/??á´Ò³R mod"],"gold_per_floor":[116,128,128,53,69,102,102,129,129,129,168,182,199,227,227,334,334,350,359,371,396,416,416,416],"floor_reached":23,"language":"ENG","playtime":986,"items_purged":["Conclude"],"score":423,"play_id":"53603da8-81fc-4994-804f-13246daa2aa5","local_time":"20210131231828","daily_mods":["Draft","Insanity","Heirloom","DeadlyEvents","Elite Swarm","Uncertain Future"],"is_ascension_mode":false,"campfire_choices":[{"data":"ClearTheMind","floor":7,"key":"SMITH"},{"data":"FlurryOfBlows","floor":10,"key":"SMITH"},{"data":"ForeignInfluence","floor":15,"key":"SMITH"}],"circlet_count":0,"master_deck":["Adaptation","Worship","JustLucky","BowlingBash","Adaptation","FearNoEvil","Prostrate","FlurryOfBlows","FlurryOfBlows+1","Crescendo","WreathOfFlame","ClearTheMind+1","ReachHeaven","EmptyMind","InnerPeace","FlyingSleeves","BowlingBash","Indignation","CarveReality","PathToVictory","EmptyFist","FollowUp","MentalFortress","Indignation","FearNoEvil","CutThroughFate","EmptyMind","Consecrate","Swivel","SignatureMove","Consecrate","ForeignInfluence","Protect","WreathOfFlame","BowlingBash","Crescendo","FlurryOfBlows","Collect","Meditate","MentalFortress","FearNoEvil","BowlingBash","Crescendo","SandsOfTime","Crescendo","SashWhip","SashWhip","MentalFortress","Consecrate","ThirdEye","InnerPeace","EmptyBody","FlyingSleeves","ForeignInfluence+1","CutThroughFate","CutThroughFate","Halt","JustLucky","Crescendo","JustLucky","EmptyMind","CrushJoints","EmptyFist","DeceiveReality","ForeignInfluence","FearNoEvil","Vault","LessonLearned","Omniscience","Adaptation","Crescendo+1","Crescendo"],"relics":["PureWater","CloakClasp","NlothsMask","Orichalcum","CeramicFish","hubris:Metronome","VioletLotus"],"acts_visited":["Exordium","TheCity"],"potions_floor_usage":[8],"damage_taken":[{"damage":0,"enemies":"Small Slimes","floor":1,"turns":1},{"damage":0,"enemies":"Cultist","floor":2,"turns":2},{"damage":0,"enemies":"Jaw Worm","floor":5,"turns":2},{"damage":0,"enemies":"Lagavulin","floor":6,"turns":4},{"damage":0,"enemies":"Gremlin Nob","floor":8,"turns":2},{"damage":0,"enemies":"Lagavulin","floor":11,"turns":5},{"damage":0,"enemies":"Exordium Wildlife","floor":12,"turns":2},{"damage":0,"enemies":"Blue Slaver","floor":13,"turns":2},{"damage":4,"enemies":"Gremlin Nob","floor":14,"turns":3},{"damage":13,"enemies":"Hexaghost","floor":16,"turns":6},{"damage":2,"enemies":"Shell Parasite","floor":18,"turns":2},{"damage":14,"enemies":"Spheric Guardian","floor":20,"turns":4},{"damage":23,"enemies":"Snake Plant","floor":21,"turns":4},{"damage":7,"enemies":"Snecko","floor":22,"turns":4},{"damage":26,"enemies":"Slavers","floor":23,"turns":3}],"seed_played":"-8754158698544504806","potions_obtained":[{"floor":1,"key":"Fire Potion"},{"floor":6,"key":"SpeedPotion"},{"floor":11,"key":"FearPotion"},{"floor":13,"key":"BlessingOfTheForge"}],"is_trial":true,"path_per_floor":["M","M","?","$","M","E","R","E","T","R","E","M","M","E","R","B",null,"M","?","M","M","M","E"],"character_chosen":"WATCHER","items_purchased":[],"campfire_rested":0,"item_purchase_floors":[],"current_hp_per_floor":[72,72,72,72,72,72,72,72,72,72,72,72,72,68,68,55,72,70,70,56,33,26,0,0],"gold":416,"neow_bonus":"","is_daily":false,"chose_seed":false,"campfire_upgraded":3,"win_rate":0.0,"timestamp":1612102708,"path_taken":["M","M","?","$","M","E","R","E","T","R","?","?","M","E","R","BOSS","M","?","M","M","?","E"],"items_purchased_type":[],"build_version":"2020-12-22","purchased_purges":1,"victory":false,"max_hp_per_floor":[72,72,72,72,72,72,72,72,72,72,72,72,72,72,72,72,72,72,72,72,72,72,72,72],"relic_stats":{"counters":[15,46],"CeramicFish":45,"VioletLotus":[7],"CloakClasp":[86],"Orichalcum":[48],"obtain_stats":[{"hubris:Metronome":14,"CeramicFish":11,"VioletLotus":17,"CloakClasp":0,"PureWater":0,"Orichalcum":8,"NlothsMask":3},{"hubris:Metronome":9,"CeramicFish":6,"VioletLotus":10,"CloakClasp":0,"PureWater":0,"Orichalcum":5,"NlothsMask":2},{"hubris:Metronome":23,"CeramicFish":16,"VioletLotus":29,"CloakClasp":0,"PureWater":0,"Orichalcum":11,"NlothsMask":3}]},"card_choices":[{"not_picked":["Prostrate","Meditate"],"picked":"ThirdEye","floor":0},{"not_picked":["Prostrate","FlyingSleeves"],"picked":"InnerPeace","floor":0},{"not_picked":["Swivel","Halt"],"picked":"EmptyBody","floor":0},{"not_picked":["WaveOfTheHand","Protect"],"picked":"FlyingSleeves","floor":0},{"not_picked":["ThirdEye","BowlingBash"],"picked":"ForeignInfluence","floor":0},{"not_picked":["Halt","Prostrate"],"picked":"CutThroughFate","floor":0},{"not_picked":["Perseverance","Evaluate"],"picked":"CutThroughFate","floor":0},{"not_picked":["Protect","JustLucky"],"picked":"Halt","floor":0},{"not_picked":["FlyingSleeves","Wallop"],"picked":"JustLucky","floor":0},{"not_picked":["SignatureMove","Prostrate"],"picked":"Crescendo","floor":0},{"not_picked":["Consecrate","Protect"],"picked":"JustLucky","floor":0},{"not_picked":["JustLucky","Nirvana"],"picked":"EmptyMind","floor":0},{"not_picked":["FlyingSleeves","Prostrate"],"picked":"CrushJoints","floor":0},{"not_picked":["Pray","Protect"],"picked":"EmptyFist","floor":0},{"not_picked":["Consecrate","Meditate"],"picked":"DeceiveReality","floor":0},{"not_picked":["JustLucky","CutThroughFate"],"picked":"ForeignInfluence","floor":1},{"not_picked":["Prostrate","Protect","ThirdEye"],"picked":"SKIP","floor":2},{"not_picked":["FlyingSleeves","WindmillStrike"],"picked":"FearNoEvil","floor":5},{"not_picked":["Blasphemy","Alpha"],"picked":"Vault","floor":6},{"not_picked":["Brilliance","Judgement","Establishment"],"picked":"SKIP","floor":8},{"not_picked":["Wish","Ragnarok"],"picked":"LessonLearned","floor":11},{"not_picked":["ThirdEye","BattleHymn","WheelKick"],"picked":"SKIP","floor":12},{"not_picked":["Halt","Swivel","Judgement"],"picked":"SKIP","floor":13},{"not_picked":["Establishment","Devotion","Judgement"],"picked":"SKIP","floor":14},{"not_picked":["DevaForm","DeusExMachina"],"picked":"Omniscience","floor":16},{"not_picked":["WindmillStrike","ThirdEye","CutThroughFate"],"picked":"SKIP","floor":18},{"not_picked":["WaveOfTheHand+1","Fasting2","Evaluate+1"],"picked":"SKIP","floor":20},{"not_picked":["Wallop","ConjureBlade"],"picked":"Crescendo+1","floor":21},{"not_picked":["WaveOfTheHand","FollowUp"],"picked":"Crescendo","floor":22}],"player_experience":981811,"relics_obtained":[{"floor":8,"key":"Orichalcum"},{"floor":11,"key":"CeramicFish"},{"floor":14,"key":"hubris:Metronome"}],"event_choices":[{"damage_healed":0,"gold_gain":0,"player_choice":"Trade","damage_taken":0,"relics_obtained":["NlothsMask"],"max_hp_gain":0,"max_hp_loss":0,"event_name":"FaceTrader","floor":3,"gold_loss":0},{"damage_healed":0,"gold_gain":0,"player_choice":"Read","damage_taken":0,"max_hp_gain":0,"max_hp_loss":0,"event_name":"The Library","floor":19,"gold_loss":0,"cards_obtained":["Adaptation"]}],"is_beta":false,"boss_relics":[{"not_picked":["Calling Bell","Philosopher\u0027s Stone"],"picked":"VioletLotus"}],"items_purged_floors":[4],"is_endless":false,"potions_floor_spawned":[1,6,11,13,14,18,22],"killed_by":"Slavers","ascension_level":0}}