{"host":"y2kfqdipa4rrljwb","time":1612062596,"event":{"mods":["ATMod(阿瑾Mod)","AchievementEnabler","Act Like it!","Aspiration","BaseMod","Energized Spire","Friendly Minions","Infinite Spire","Minty Spire (QoL Compilation)","Pale of the Ancients","Random Character Button","Random Character Mod","Relic Stats","Reliquary","Replay The Spire","RumiaBox-露米娅的神秘盒子","StSLib","TestMod","【功能Mod】混沌之环修复补丁","【遗物卡牌】REMEMod"],"gold_per_floor":[113,130,55,55,66,66,92,92,92,92,92,118,133,149,149,249,299,319,319,21,32,131,164,164,178,178,178,194,194,211,211,223,339,351,377,389,417,441,453,453],"floor_reached":39,"language":"ZHS","playtime":4158,"items_purged":["Strike_B","Strike_B"],"score":514,"play_id":"e0acdf79-3106-4d52-9476-3a07f32b8b67","local_time":"20210131110956","is_ascension_mode":true,"campfire_choices":[{"data":"BasicCrystalCard","floor":6.0,"key":"SMITH"},{"data":"Steam Power","floor":11.0,"key":"SMITH"},{"data":"Zap","floor":11.0,"key":"SMITH"},{"floor":15.0,"key":"REST"},{"data":"Dualcast","floor":24.0,"key":"SMITH"},{"data":"Turbo","floor":24.0,"key":"SMITH"},{"floor":29.0,"key":"REST"},{"data":"Rainbow","floor":32.0,"key":"SMITH"},{"data":"Rainbow","floor":32.0,"key":"SMITH"}],"circlet_count":0,"master_deck":["Defend_B","Defend_B","Defend_B","Defend_B","Zap+1","Dualcast+1","BasicCrystalCard+1","Turbo+1","Cold Snap","Steam Power+1","Barrage+1","Echo Form","Electrodynamics","Hologram+1","Pot Of Greed","Pot Of Greed","FIFO Queue","Rainbow+1","Rainbow+1","ReplayTheSpireMod:Calculation Training+1","aspiration:Polymerization","ReplayTheSpireMod:GoodbyeWorld","Coolheaded","Fission","REME_Whirling+1","Pot Of Greed","Defragment"],"relics":["Cracked Core","REME_ComplimentaryCards","AT_ATBox","testmod-TestBox","AT_RabadonDeathcap","Replay:Arrowhead","AT_RedTearstoneRing","Tiny House","Grinning Jar","MawBank","energizedSpire:EnergizedDie","testmod-EnergyCheck"],"acts_visited":["Exordium","TheCity","TheBeyond"],"potions_floor_usage":[39],"damage_taken":[{"damage":0.0,"enemies":"Small Slimes","floor":1.0,"turns":3.0},{"damage":4.0,"enemies":"Jaw Worm","floor":2.0,"turns":3.0},{"damage":3.0,"enemies":"2 Louse","floor":5.0,"turns":2.0},{"damage":26.0,"enemies":"Lagavulin","floor":7.0,"turns":8.0},{"damage":32.0,"enemies":"3 Sentries","floor":12.0,"turns":10.0},{"damage":0.0,"enemies":"Red Slaver","floor":13.0,"turns":3.0},{"damage":6.0,"enemies":"Blue Slaver","floor":14.0,"turns":2.0},{"damage":17.0,"enemies":"Slime Boss","floor":16.0,"turns":8.0},{"damage":0.0,"enemies":"Spheric Guardian","floor":18.0,"turns":3.0},{"damage":17.0,"enemies":"Shell Parasite","floor":21.0,"turns":5.0},{"damage":22.0,"enemies":"Slavers","floor":23.0,"turns":4.0},{"damage":10.0,"enemies":"Shelled Parasite and Fungi","floor":25.0,"turns":5.0},{"damage":16.0,"enemies":"Snake Plant","floor":28.0,"turns":2.0},{"damage":7.0,"enemies":"Cultist and Chosen","floor":30.0,"turns":4.0},{"damage":15.0,"enemies":"Champ","floor":33.0,"turns":9.0},{"damage":7.0,"enemies":"3 Shapes","floor":35.0,"turns":3.0},{"damage":8.0,"enemies":"Orb Walker","floor":37.0,"turns":2.0},{"damage":20.0,"enemies":"Jaw Worm Horde","floor":38.0,"turns":5.0},{"damage":0,"enemies":"infinitespire:Three Voidlings","floor":39,"turns":3},{"damage":38,"enemies":"Nightmare_Alpha","floor":39,"turns":4}],"seed_played":"2919190357477168637","potions_obtained":[{"floor":7.0,"key":"FearPotion"},{"floor":12.0,"key":"DistilledChaos"},{"floor":13.0,"key":"Elixir"},{"floor":17.0,"key":"Weak Potion"},{"floor":18.0,"key":"Fire Potion"},{"floor":30.0,"key":"REME_GoldPotion"},{"floor":33.0,"key":"Adrenaline Potion"}],"is_trial":false,"path_per_floor":["M","M","$","?","M","R","E","?","T","?","R","E","M","M","R","B",null,"M","?","$","M","?","E","R","M","T","?","M","R","M","T","R","B",null,"M","?","M","M","?"],"character_chosen":"DEFECT","items_purchased":["FIFO Queue","Rainbow"],"campfire_rested":2,"item_purchase_floors":[20,20],"current_hp_per_floor":[82,78,78,78,75,75,49,49,49,49,49,17,17,11,35,18,71,71,71,71,54,54,32,32,22,22,22,6,32,25,25,25,10,68,61,61,53,33,0,0],"gold":453,"neow_bonus":"TEN_PERCENT_HP_BONUS","is_daily":false,"chose_seed":false,"campfire_upgraded":7,"win_rate":0.0,"timestamp":1612062596,"path_taken":["M","M","$","?","M","R","E","?","T","?","R","E","M","M","R","BOSS","M","?","$","M","?","E","R","M","T","?","M","R","?","?","R","BOSS","M","?","M","M","?"],"items_purchased_type":["Card","Card"],"build_version":"2020-12-22","purchased_purges":2,"victory":false,"max_hp_per_floor":[82,82,82,82,82,82,82,82,82,82,82,82,82,82,82,82,87,87,87,87,87,87,87,87,87,87,87,87,87,87,87,87,87,87,87,87,87,87,87,87],"relic_stats":{"counters":[20,88],"MawBank":96,"obtain_stats":[{"AT_RabadonDeathcap":7,"AT_RedTearstoneRing":12,"AT_ATBox":0,"testmod-TestBox":0,"Tiny House":17,"energizedSpire:EnergizedDie":34,"Pen Nib":23,"MawBank":31,"Replay:Arrowhead":9,"Grinning Jar":19,"Cracked Core":0,"testmod-EnergyCheck":36,"REME_ComplimentaryCards":0},{"AT_RabadonDeathcap":4,"AT_RedTearstoneRing":5,"AT_ATBox":0,"testmod-TestBox":0,"Tiny House":8,"energizedSpire:EnergizedDie":15,"Pen Nib":11,"MawBank":14,"Replay:Arrowhead":4,"Grinning Jar":9,"Cracked Core":0,"testmod-EnergyCheck":16,"REME_ComplimentaryCards":0},{"AT_RabadonDeathcap":16,"AT_RedTearstoneRing":26,"AT_ATBox":0,"testmod-TestBox":0,"Tiny House":39,"energizedSpire:EnergizedDie":71,"Pen Nib":51,"MawBank":62,"Replay:Arrowhead":16,"Grinning Jar":42,"Cracked Core":0,"testmod-EnergyCheck":74,"REME_ComplimentaryCards":0}]},"card_choices":[{"not_picked":["ReplaySort","Beam Cell"],"picked":"BasicCrystalCard","floor":1.0},{"not_picked":["Rebound","ReplayTheSpireMod:System Scan"],"picked":"Turbo","floor":2.0},{"not_picked":["Turbo","AT_HeatAcrobatics"],"picked":"Cold Snap","floor":5.0},{"not_picked":["BootSequence","Storm"],"picked":"Steam Power","floor":7.0},{"not_picked":["Steam","ReplayTheSpireMod:GoodbyeWorld","Melter"],"picked":"SKIP","floor":12.0},{"not_picked":["Gash","AT_HeatAcrobatics"],"picked":"Barrage","floor":13.0},{"not_picked":["Rebound","Sweeping Beam"],"picked":"Echo Form","floor":14.0},{"not_picked":["Echo Form","Creative AI"],"picked":"Electrodynamics","floor":16.0},{"not_picked":["Compile Driver","Go for the Eyes"],"picked":"Hologram+1","floor":18.0},{"not_picked":["Coolheaded+1","Sunder"],"picked":"ReplayTheSpireMod:Calculation Training+1","floor":21.0},{"not_picked":["Sweeping Beam+1","ReplayTheSpireMod:Omega Cannon"],"picked":"aspiration:Polymerization","floor":23.0},{"not_picked":["Leap","Tempest"],"picked":"ReplayTheSpireMod:GoodbyeWorld","floor":25.0},{"not_picked":["Cold Snap","Conserve Battery","Reprogram"],"picked":"SKIP","floor":28.0},{"not_picked":["Conserve Battery","Streamline"],"picked":"Coolheaded","floor":30.0},{"not_picked":["REME_ForAll","Biased Cognition"],"picked":"Fission","floor":33.0},{"not_picked":["Panic Button","Steam"],"picked":"REME_Whirling+1","floor":35.0},{"not_picked":["BasicCrystalCard","Stack+1","ReplayGash+1"],"picked":"SKIP","floor":37.0},{"not_picked":["Leap+1","Conserve Battery"],"picked":"Defragment","floor":38.0}],"player_experience":204679,"relics_obtained":[{"floor":7.0,"key":"AT_RabadonDeathcap"},{"floor":9.0,"key":"Replay:Arrowhead"},{"floor":12.0,"key":"AT_RedTearstoneRing"},{"floor":23.0,"key":"Pen Nib"},{"floor":31.0,"key":"MawBank"}],"event_choices":[{"cards_removed":["Strike_B"],"damage_healed":0.0,"max_hp_gain":0.0,"max_hp_loss":0.0,"gold_gain":0.0,"event_name":"Living Wall","player_choice":"Forget","floor":8.0,"gold_loss":0.0,"damage_taken":0.0},{"cards_removed":["Strike_B"],"damage_healed":0.0,"max_hp_gain":0.0,"max_hp_loss":0.0,"gold_gain":0.0,"event_name":"Purifier","player_choice":"Purged","floor":10.0,"gold_loss":0.0,"damage_taken":0.0},{"damage_healed":0.0,"max_hp_gain":0.0,"max_hp_loss":0.0,"gold_gain":0.0,"event_name":"The Mausoleum","player_choice":"Opened","floor":19.0,"gold_loss":0.0,"damage_taken":0.0,"relics_obtained":["Grinning Jar"]},{"damage_healed":0.0,"max_hp_gain":0.0,"max_hp_loss":0.0,"gold_gain":99.0,"event_name":"Nest","player_choice":"Stole From Cult","floor":22.0,"gold_loss":0.0,"damage_taken":0.0},{"damage_healed":0.0,"max_hp_gain":0.0,"max_hp_loss":0.0,"gold_gain":0.0,"event_name":"The Woman in Blue","player_choice":"Bought 0 Potions","floor":27.0,"gold_loss":0.0,"damage_taken":0.0},{"damage_healed":0.0,"max_hp_gain":0.0,"max_hp_loss":0.0,"gold_gain":0.0,"event_name":"给自己的盒子","player_choice":"Swap Relic","floor":36.0,"relics_lost":["Pen Nib"],"gold_loss":0.0,"damage_taken":0.0,"relics_obtained":["testmod-EnergyCheck"]}],"is_beta":false,"boss_relics":[{"not_picked":["testmod-Nine","aspiration:PoetsPen_weak"],"picked":"Tiny House"},{"not_picked":["ReplayTheSpireMod:DimensionalGlitch","infinitespire:Cupcake"],"picked":"energizedSpire:EnergizedDie"}],"items_purged_floors":[3,20],"is_endless":false,"potions_floor_spawned":[7,12,13,18,30,33,39],"killed_by":"Nightmare_Alpha","ascension_level":5}}