{"host":"h8cdlle7aepm4d8g","time":1612135663,"event":{"mods":["AchievementEnabler","BaseMod","Colored Powertips","Downfall","Minty Spire (QoL Compilation)","Quick Restart","Relic Stats","StSLib"],"gold_per_floor":[99,119,139,414,132,148,203,203,215,228,244,244,255,280,292,391,391,391,410,410,425,443,443,443,443],"floor_reached":23,"language":"ENG","playtime":1135,"items_purged":["Regret"],"score":222,"play_id":"8056a566-b5f8-43b8-88ea-ab4f0a4ac279","local_time":"20210131152743","is_ascension_mode":false,"campfire_choices":[{"data":"champ:Execute","floor":1,"key":"SMITH"},{"data":"champ:PreciseThrust","floor":8,"key":"SMITH"},{"data":"champ:LastStand","floor":18,"key":"SMITH"}],"circlet_count":0,"master_deck":["champ:Defend","champ:Defend","champ:Defend","champ:Defend","champ:Execute+1","champ:Taunt","champ:PreciseThrust+1","champ:BerserkersShout","champ:DeathBlow","champ:ArenaPreparation","champ:StanceDance","champ:FanOfKnives","champ:MurderStrike","champ:EndlessRage","champ:LastStand+1","champ:PreciseThrust+1","Bite","Bite","Bite","Bite","Bite","champ:Haymaker+1","champ:BringItOn+1"],"relics":["champ:ChampionCrown","Membership Card","Oddly Smooth Stone","PreservedInsect","Strawberry","Runic Dome"],"acts_visited":["Exordium","TheCity"],"potions_floor_usage":[14,15,16,16,22],"damage_taken":[{"damage":10,"enemies":"2 Louse","floor":2,"turns":3},{"damage":11,"enemies":"Cultist","floor":3,"turns":3},{"damage":14,"enemies":"downfall:FleeingMerchant","floor":5,"turns":4},{"damage":5,"enemies":"Small Slimes","floor":6,"turns":3},{"damage":33,"enemies":"2 Fungi Beasts","floor":9,"turns":3},{"damage":25,"enemies":"3 Louse","floor":10,"turns":2},{"damage":17,"enemies":"Red Slaver","floor":11,"turns":3},{"damage":22,"enemies":"Lots of Slimes","floor":13,"turns":3},{"damage":69,"enemies":"Lagavulin","floor":14,"turns":5},{"damage":35,"enemies":"Exordium Wildlife","floor":15,"turns":3},{"damage":76,"enemies":"DF_ARCHETYPE_STREAMLINE","floor":16,"turns":8},{"damage":74,"enemies":"Chosen","floor":19,"turns":7},{"damage":29,"enemies":"3 Byrds","floor":21,"turns":4},{"damage":56,"enemies":"Shelled Parasite and Fungi","floor":22,"turns":4},{"damage":55,"enemies":"Gremlin Leader","floor":23,"turns":3}],"seed_played":"3520647919090172203","potions_obtained":[{"floor":3,"key":"EssenceOfSteel"},{"floor":6,"key":"Fire Potion"},{"floor":10,"key":"Dexterity Potion"},{"floor":14,"key":"DistilledChaos"},{"floor":15,"key":"Slimebound:ThreeZeroPotion"},{"floor":21,"key":"bronze:BurnAndBuffPotion"}],"is_trial":false,"path_per_floor":["R","M","M","?","$","M","T","R","M","M","M","T","M","E","M","B",null,"R","M","?","M","M","E"],"character_chosen":"THE_CHAMP","items_purchased":["Membership Card","champ:DeathBlow","champ:ArenaPreparation"],"campfire_rested":0,"item_purchase_floors":[5,5,5],"current_hp_per_floor":[99,99,98,98,94,94,94,94,91,86,79,79,72,65,60,34,106,106,57,57,59,49,0,0,0],"gold":443,"neow_bonus":"TEN_PERCENT_HP_BONUS","is_daily":false,"chose_seed":false,"campfire_upgraded":3,"win_rate":0.0,"timestamp":1612135663,"path_taken":["R","M","M","?","$","M","T","R","M","?","M","?","?","E","M","BOSS","R","M","?","M","M","E"],"items_purchased_type":["Relic","Card","Card"],"build_version":"2020-12-22","purchased_purges":1,"victory":false,"max_hp_per_floor":[99,99,99,99,99,99,99,99,99,99,99,99,99,106,106,106,106,106,106,74,74,74,74,74,74],"relic_stats":{"counters":[15,58],"PreservedInsect":82,"obtain_stats":[{"Runic Dome":17,"Strawberry":14,"Oddly Smooth Stone":7,"champ:ChampionCrown":0,"PreservedInsect":12,"Membership Card":5},{"Runic Dome":11,"Strawberry":9,"Oddly Smooth Stone":4,"champ:ChampionCrown":0,"PreservedInsect":7,"Membership Card":3},{"Runic Dome":40,"Strawberry":29,"Oddly Smooth Stone":13,"champ:ChampionCrown":0,"PreservedInsect":21,"Membership Card":10}]},"card_choices":[{"not_picked":["champ:SkillfulDodge","champ:ShieldSlam"],"picked":"champ:PreciseThrust","floor":2},{"not_picked":["champ:Shatter","champ:EnGarde"],"picked":"champ:BerserkersShout","floor":3},{"not_picked":["champ:RisingSlash","champ:FancyFootwork","champ:Haymaker"],"picked":"SKIP","floor":5},{"not_picked":["champ:GutPunch","champ:FocusedDefense"],"picked":"champ:StanceDance","floor":6},{"not_picked":["champ:CrownThrow","champ:BladeFlurry"],"picked":"champ:FanOfKnives","floor":9},{"not_picked":["champ:FalseCounter","champ:CalledShot"],"picked":"champ:MurderStrike","floor":10},{"not_picked":["champ:Shatter","champ:BringItOn","champ:BladeFlurry"],"picked":"SKIP","floor":11},{"not_picked":["champ:SkillfulDodge","champ:FalseCounter","champ:SetATrap"],"picked":"SKIP","floor":13},{"not_picked":["champ:Shatter","champ:TornadoPunch"],"picked":"champ:EndlessRage","floor":14},{"not_picked":["champ:Parry","champ:Shatter","champ:EnGarde"],"picked":"SKIP","floor":15},{"not_picked":["champ:GladiatorForm","champ:StrikeOfGenius"],"picked":"champ:LastStand","floor":16},{"not_picked":["champ:PreemptiveStrike","champ:Shatter"],"picked":"champ:PreciseThrust+1","floor":19},{"not_picked":["champ:FlashCut+1","champ:EnGarde+1"],"picked":"champ:Haymaker+1","floor":21},{"not_picked":["champ:EndlessRage+1","champ:BladeFlurry"],"picked":"champ:BringItOn+1","floor":22}],"player_experience":71835,"relics_obtained":[{"floor":7,"key":"Oddly Smooth Stone"},{"floor":12,"key":"PreservedInsect"},{"floor":14,"key":"Strawberry"}],"event_choices":[{"damage_healed":0,"gold_gain":0,"player_choice":"Became a vampire","damage_taken":0,"max_hp_gain":0,"max_hp_loss":32,"event_name":"Vampires","floor":20,"gold_loss":0,"cards_obtained":["Bite","Bite","Bite","Bite","Bite"]}],"is_beta":false,"boss_relics":[{"not_picked":["Fusion Hammer","Cursed Key"],"picked":"Runic Dome"}],"items_purged_floors":[5],"is_endless":false,"potions_floor_spawned":[3,6,10,14,15,21],"killed_by":"Gremlin Leader","ascension_level":0}}