{"host":"9v3x998ddbx8o276","time":1612062984,"event":{"mods":["AchievementEnabler","BaseMod","Colored Map","Colored Powertips","Highlight Path","Minty Spire (QoL Compilation)","Quick Restart","Rare Cards Sparkle"],"gold_per_floor":[119,130,146,198,198,198,229,229,252,267,278,288,44,73,73,176,176,190,190,215,45,45,45,45,73,73,40,50,50,50,66,66,165,165,183,7,7,27,44,44,61,61,108,128,128,141,174,24,24,24],"floor_reached":51,"language":"ENG","playtime":2059,"items_purged":["Strike_R","Strike_R","Strike_R","Defend_R"],"score":805,"play_id":"cf3080e7-393d-43d6-8831-116c477dff82","local_time":"20210131134624","is_ascension_mode":false,"campfire_choices":[{"data":"Evolve","floor":6,"key":"SMITH"},{"data":"Flame Barrier","floor":8,"key":"SMITH"},{"data":"Limit Break","floor":15,"key":"SMITH"},{"data":"Spot Weakness","floor":23,"key":"SMITH"},{"data":"Disarm","floor":29,"key":"SMITH"},{"floor":32,"key":"REST"},{"data":"Corruption","floor":40,"key":"SMITH"},{"data":"Berserk","floor":45,"key":"SMITH"},{"data":"Offering","floor":49,"key":"SMITH"}],"circlet_count":0,"master_deck":["Defend_R","Defend_R","Bash+1","Evolve+1","Flame Barrier+1","Limit Break+1","Wild Strike","Carnage","Spot Weakness+1","Heavy Blade+1","Disarm+1","Reaper+1","Intimidate+1","Dark Embrace+1","Shockwave+1","Feel No Pain","Corruption+1","Sentinel","Sword Boomerang","Offering+1","Shrug It Off+1","Bloodletting+1","Berserk+1","Offering"],"relics":["Burning Blood","Self Forming Clay","Magic Flower","Omamori","Blood Vial","Nunchaku","Astrolabe","Nilry\u0027s Codex","Red Mask","Bag of Preparation","Whetstone","MutagenicStrength","Mark of Pain","Red Skull","Strawberry"],"acts_visited":["Exordium","TheCity","TheBeyond"],"potions_floor_usage":[33,33,50,50,50,50,50,50],"damage_taken":[{"damage":1,"enemies":"Cultist","floor":1,"turns":3},{"damage":6,"enemies":"Jaw Worm","floor":2,"turns":3},{"damage":2,"enemies":"2 Louse","floor":3,"turns":3},{"damage":17,"enemies":"Gremlin Nob","floor":7,"turns":4},{"damage":9,"enemies":"Large Slime","floor":10,"turns":7},{"damage":9,"enemies":"Exordium Wildlife","floor":11,"turns":6},{"damage":2,"enemies":"Blue Slaver","floor":12,"turns":5},{"damage":36,"enemies":"Lagavulin","floor":14,"turns":8},{"damage":35,"enemies":"Slime Boss","floor":16,"turns":6},{"damage":23,"enemies":"Chosen","floor":18,"turns":9},{"damage":69,"enemies":"Masked Bandits","floor":20,"turns":8},{"damage":28,"enemies":"Gremlin Leader","floor":25,"turns":7},{"damage":10,"enemies":"3 Byrds","floor":28,"turns":5},{"damage":65,"enemies":"Cultist and Chosen","floor":31,"turns":6},{"damage":51,"enemies":"Automaton","floor":33,"turns":10},{"damage":6,"enemies":"3 Shapes","floor":35,"turns":3},{"damage":28,"enemies":"3 Darklings","floor":38,"turns":4},{"damage":21,"enemies":"Writhing Mass","floor":39,"turns":4},{"damage":15,"enemies":"Jaw Worm Horde","floor":41,"turns":2},{"damage":12,"enemies":"3 Darklings","floor":44,"turns":6},{"damage":26,"enemies":"Writhing Mass","floor":46,"turns":3},{"damage":48,"enemies":"Reptomancer","floor":47,"turns":3},{"damage":18,"enemies":"Donu and Deca","floor":50,"turns":3}],"seed_played":"-2445613806100297112","potions_obtained":[{"floor":1,"key":"Explosive Potion"},{"floor":3,"key":"CultistPotion"},{"floor":7,"key":"ColorlessPotion"},{"floor":33,"key":"FearPotion"},{"floor":35,"key":"EssenceOfSteel"},{"floor":37,"key":"HeartOfIron"},{"floor":37,"key":"EntropicBrew"}],"is_trial":false,"path_per_floor":["M","M","M","?","T","R","E","R","T","M","M","M","$","E","R","B",null,"M","?","?","$","?","R","$","E","T","$","M","R","?","M","R","B",null,"M","$","?","M","M","R","M","?","T","M","R","M","E","$","R","B",null],"character_chosen":"IRONCLAD","items_purchased":["Heavy Blade","Blood Vial","Feel No Pain","Uppercut","PowerPotion"],"campfire_rested":1,"item_purchase_floors":[13,13,21,27,36],"current_hp_per_floor":[80,80,80,80,80,80,69,69,69,69,69,76,76,52,52,29,80,80,64,43,43,43,43,43,80,80,80,79,79,79,51,75,80,80,80,80,80,80,80,80,74,74,74,80,80,80,83,83,83,87],"gold":24,"neow_bonus":"UPGRADE_CARD","is_daily":false,"chose_seed":false,"campfire_upgraded":8,"win_rate":0.0,"timestamp":1612062984,"path_taken":["M","M","M","?","?","R","E","R","T","M","M","M","$","E","R","BOSS","M","?","?","$","?","R","?","E","T","$","M","R","?","M","R","BOSS","M","$","?","M","?","R","M","?","T","M","R","M","E","$","R","BOSS"],"items_purchased_type":["Card","Relic","Card","Card","Potion"],"build_version":"2020-12-22","purchased_purges":4,"victory":true,"max_hp_per_floor":[80,80,80,80,80,80,80,80,80,80,80,80,80,80,80,80,80,80,80,80,80,80,80,80,80,80,80,80,80,80,80,80,80,80,80,80,80,80,80,80,80,80,80,80,80,80,87,87,87,87],"card_choices":[{"not_picked":["Rupture","True Grit"],"picked":"Evolve","floor":1},{"not_picked":["Metallicize","Ghostly Armor"],"picked":"Flame Barrier","floor":2},{"not_picked":["Armaments","Warcry","Rage"],"picked":"SKIP","floor":3},{"not_picked":["Impervious","Sentinel"],"picked":"Limit Break","floor":7},{"not_picked":["True Grit","Entrench"],"picked":"Wild Strike","floor":10},{"not_picked":["Twin Strike","Dropkick"],"picked":"Carnage","floor":11},{"not_picked":["Clothesline","Body Slam"],"picked":"Spot Weakness","floor":12},{"not_picked":["Wild Strike","Brutality"],"picked":"Disarm","floor":14},{"not_picked":["Exhume","Impervious"],"picked":"Reaper","floor":16},{"not_picked":["Iron Wave","Rage","Headbutt"],"picked":"SKIP","floor":18},{"not_picked":["Sword Boomerang","Perfected Strike"],"picked":"Sentinel","floor":25},{"not_picked":["Iron Wave","Evolve"],"picked":"Sword Boomerang","floor":28},{"not_picked":["Clash+1","Pommel Strike","Ghostly Armor"],"picked":"SKIP","floor":31},{"not_picked":["Brutality","Feed"],"picked":"Offering","floor":33},{"not_picked":["Sword Boomerang+1","Fire Breathing","Clothesline"],"picked":"SKIP","floor":35},{"not_picked":["Iron Wave+1","Flex+1"],"picked":"Shrug It Off+1","floor":38},{"not_picked":["Wild Strike","Intimidate"],"picked":"Bloodletting+1","floor":39},{"not_picked":["Uppercut","Anger+1"],"picked":"Berserk","floor":41},{"not_picked":["Flex","Searing Blow","Heavy Blade"],"picked":"SKIP","floor":44},{"not_picked":["Bloodletting","Power Through+1","Heavy Blade+1"],"picked":"SKIP","floor":46},{"not_picked":["Heavy Blade+1","Flex+1"],"picked":"Offering","floor":47}],"player_experience":1682514,"relics_obtained":[{"floor":5,"key":"Self Forming Clay"},{"floor":7,"key":"Magic Flower"},{"floor":9,"key":"Omamori"},{"floor":14,"key":"Nunchaku"},{"floor":19,"key":"Nilry\u0027s Codex"},{"floor":20,"key":"Red Mask"},{"floor":25,"key":"Bag of Preparation"},{"floor":26,"key":"Whetstone"},{"floor":43,"key":"Red Skull"},{"floor":47,"key":"Strawberry"}],"event_choices":[{"damage_healed":0,"gold_gain":52,"player_choice":"Gained Gold","damage_taken":0,"max_hp_gain":0,"max_hp_loss":0,"event_name":"Golden Wing","floor":4,"gold_loss":0},{"damage_healed":0,"gold_gain":0,"player_choice":"Obtained Book","damage_taken":16,"max_hp_gain":0,"max_hp_loss":0,"event_name":"Cursed Tome","floor":19,"gold_loss":0},{"damage_healed":0,"gold_gain":0,"player_choice":"Fought Bandits","damage_taken":0,"max_hp_gain":0,"max_hp_loss":0,"event_name":"Masked Bandits","floor":20,"gold_loss":0},{"damage_healed":0,"gold_gain":0,"player_choice":"Read","damage_taken":0,"max_hp_gain":0,"max_hp_loss":0,"event_name":"The Library","floor":22,"gold_loss":0,"cards_obtained":["Corruption"]},{"damage_healed":0,"gold_gain":0,"player_choice":"Inject Mutagens","damage_taken":0,"relics_obtained":["MutagenicStrength"],"max_hp_gain":0,"max_hp_loss":0,"event_name":"Drug Dealer","floor":30,"gold_loss":0},{"damage_healed":0,"gold_gain":0,"player_choice":"Got Potions","damage_taken":0,"max_hp_gain":0,"max_hp_loss":0,"event_name":"Lab","floor":37,"gold_loss":0},{"cards_removed":["Uppercut"],"damage_healed":0,"gold_gain":0,"player_choice":"Removed Attack","damage_taken":0,"max_hp_gain":0,"max_hp_loss":0,"event_name":"Falling","floor":42,"gold_loss":0}],"is_beta":false,"boss_relics":[{"not_picked":["Fusion Hammer","Coffee Dripper"],"picked":"Astrolabe"},{"not_picked":["Black Blood","Velvet Choker"],"picked":"Mark of Pain"}],"items_purged_floors":[13,21,36,48],"is_endless":false,"potions_floor_spawned":[1,3,7,12,14,18,31,33,35,39,47],"ascension_level":0}}