{"host":"etc34k4ck9qyv0fa","time":1612098975,"event":{"mods":["AchievementEnabler","BaseMod","Colored Map","Colored Powertips","Marisa????????","Minty Spire (QoL Compilation)","Reimu??????","Replay The Spire","StSLib","The Animator","The Servant 0.9.4"],"gold_per_floor":[117,117,117,137,25,68,68,111,111,137,137,165,197,212,212,212,212],"floor_reached":16,"language":"ENG","playtime":599,"items_purged":[],"score":267,"play_id":"1608daa8-b0c6-47b1-97c9-108b187662a2","local_time":"20210131141615","is_ascension_mode":true,"campfire_choices":[{"data":"ShootTheMoon","floor":7.0,"key":"SMITH"},{"floor":15.0,"key":"REST"}],"circlet_count":0,"master_deck":["AscendersBane","Strike_MRS","Strike_MRS","Strike_MRS","Defend_MRS","Defend_MRS","Defend_MRS","MasterSpark","UpSweep","WitchOfGreed","CasketOfStar+1","ShootTheMoon+1","EarthLightRay","DeepEcoloBomb","GalacticHalo"],"relics":["MiniHakkero","NeowsBlessing","Counterbalance","Blood Vial","Ginger"],"acts_visited":["Exordium"],"potions_floor_usage":[16],"damage_taken":[{"damage":0.0,"enemies":"Jaw Worm","floor":1.0,"turns":1.0},{"damage":0.0,"enemies":"Small Slimes","floor":4.0,"turns":1.0},{"damage":0.0,"enemies":"3 Sentries","floor":6.0,"turns":2.0},{"damage":27.0,"enemies":"Gremlin Nob","floor":8.0,"turns":4.0},{"damage":7.0,"enemies":"Cultist","floor":10.0,"turns":4.0},{"damage":20.0,"enemies":"Lots of Slimes","floor":12.0,"turns":4.0},{"damage":7.0,"enemies":"Looter","floor":13.0,"turns":3.0},{"damage":13.0,"enemies":"Exordium Thugs","floor":14.0,"turns":3.0},{"damage":40,"enemies":"Hexaghost","floor":16,"turns":9}],"seed_played":"5885064799621042063","potions_obtained":[{"floor":4.0,"key":"GrandPatriotsElixir:ReiMu"},{"floor":6.0,"key":"PowerPotion"},{"floor":8.0,"key":"Dexterity Potion"},{"floor":10.0,"key":"Fruit Juice"},{"floor":10.0,"key":"SkillPotion"},{"floor":12.0,"key":"Fire Potion"}],"is_trial":false,"path_per_floor":["M","?","?","M","$","E","R","E","T","M","?","M","M","M","R","B"],"character_chosen":"MARISA","items_purchased":["CasketOfStar+1"],"campfire_rested":1,"item_purchase_floors":[5],"current_hp_per_floor":[63,56,56,56,56,56,56,29,29,33,33,19,18,11,33,0,0],"gold":212,"neow_bonus":"THREE_ENEMY_KILL","is_daily":false,"chose_seed":false,"campfire_upgraded":1,"win_rate":0.0,"timestamp":1612098975,"path_taken":["M","?","?","M","$","E","R","E","T","M","?","M","M","?","R","BOSS"],"items_purchased_type":["Card"],"build_version":"2020-12-22","purchased_purges":0,"victory":false,"max_hp_per_floor":[70,70,70,70,70,70,70,70,70,75,75,75,75,75,75,75,75],"card_choices":[{"not_picked":["MysteriousBeam","LuminesStrike","UnstableBomb"],"picked":"SKIP","floor":1.0},{"not_picked":["DoubleSpark","StarBarrage"],"picked":"WitchOfGreed","floor":4.0},{"not_picked":["IllusionStar","PowerUp"],"picked":"ShootTheMoon","floor":6.0},{"not_picked":["GalacticHalo","6A"],"picked":"EarthLightRay","floor":8.0},{"not_picked":["GrandCross","SporeBomb","SuperPerseids"],"picked":"SKIP","floor":10.0},{"not_picked":["ChargingUp","GravityBeat","NonDirectionalLaser"],"picked":"SKIP","floor":12.0},{"not_picked":["LuminesStrike","6A","ShootingEcho"],"picked":"SKIP","floor":13.0},{"not_picked":["SatelliteIllusion","MysteriousBeam"],"picked":"GalacticHalo","floor":14.0}],"player_experience":493390,"relics_obtained":[{"floor":6.0,"key":"Counterbalance"},{"floor":8.0,"key":"Blood Vial"},{"floor":9.0,"key":"Ginger"}],"event_choices":[{"cards_removed":["Strike_MRS"],"damage_healed":0.0,"max_hp_gain":0.0,"max_hp_loss":0.0,"gold_gain":0.0,"event_name":"Golden Wing","player_choice":"Card Removal","floor":2.0,"gold_loss":0.0,"damage_taken":7.0},{"damage_healed":0.0,"max_hp_gain":0.0,"max_hp_loss":0.0,"gold_gain":0.0,"event_name":"Match and Keep!","player_choice":"1 cards matched","floor":11.0,"gold_loss":0.0,"damage_taken":0.0,"cards_obtained":["DeepEcoloBomb"]}],"is_beta":false,"boss_relics":[],"items_purged_floors":[],"is_endless":false,"potions_floor_spawned":[4,8,10],"killed_by":"Hexaghost","ascension_level":19}}