{"host":"neeznpvpgo0qgfkd","time":1612115068,"event":{"mods":["AchievementEnabler","BaseMod","BetterRewards","Colored Map","Colored Powertips","Exacting","Minty Spire (QoL Compilation)","Permanent Neow","Quick Restart","Shop Mod"],"gold_per_floor":[130,147,147,174,220,255,255,305,358,385,18,93,10,28,28,152,202,220,220,235,235,102,129,129,54,130,142,157,157,168,200,200,272,272,289,304,304],"floor_reached":36,"language":"ENG","playtime":1326,"items_purged":[],"score":1189,"play_id":"2a7a8e0f-71ce-4356-8e4e-ec1a9769c9fb","local_time":"20210131124428","is_ascension_mode":true,"campfire_choices":[{"floor":7.0,"key":"REST"},{"data":"Infinite Blades","floor":15.0,"key":"SMITH"},{"floor":32,"key":"REST"}],"circlet_count":0,"master_deck":["AscendersBane","Defend_G","Defend_G","Defend_G","Defend_G","Survivor","Neutralize","Infinite Blades","Cloak And Dagger","Panache","Accuracy+1","Finisher+1","Backstab+1","Dagger Spray+1","Envenom","Panache","Infinite Blades+1","Flying Knee+1","Tools of the Trade","Underhanded Strike+1","Outmaneuver","Bite+1","Bite+1","Bite+1","Bite+1","Bite+1","Quick Slash+1","Choke+1","RitualDagger+1","Reflex","After Image","Outmaneuver"],"relics":["Ring of the Snake","Mummified Hand","Bronze Scales","Ginger","Molten Egg 2","Meat on the Bone","Pantograph","MealTicket","Orichalcum","Vajra","MerchantsRug","Regal Pillow","Darkstone Periapt","FossilizedHelix","Black Star"],"acts_visited":["Exordium","TheCity","TheBeyond"],"potions_floor_usage":[28,31,31],"damage_taken":[{"damage":6.0,"enemies":"Small Slimes","floor":1.0,"turns":3.0},{"damage":6.0,"enemies":"Cultist","floor":2.0,"turns":3.0},{"damage":3.0,"enemies":"Jaw Worm","floor":4.0,"turns":4.0},{"damage":0.0,"enemies":"Large Slime","floor":5.0,"turns":4.0},{"damage":19.0,"enemies":"Lagavulin","floor":6.0,"turns":4.0},{"damage":5.0,"enemies":"Gremlin Nob","floor":8.0,"turns":2.0},{"damage":0.0,"enemies":"Lagavulin","floor":10.0,"turns":3.0},{"damage":0.0,"enemies":"Lots of Slimes","floor":14.0,"turns":1.0},{"damage":21.0,"enemies":"Hexaghost","floor":16.0,"turns":5.0},{"damage":0.0,"enemies":"3 Byrds","floor":18.0,"turns":3.0},{"damage":0.0,"enemies":"Spheric Guardian","floor":20.0,"turns":3.0},{"damage":20.0,"enemies":"Slavers","floor":23.0,"turns":4.0},{"damage":14.0,"enemies":"Snake Plant","floor":27.0,"turns":2.0},{"damage":0,"enemies":"3 Cultists","floor":28,"turns":3},{"damage":13,"enemies":"Centurion and Healer","floor":30,"turns":3},{"damage":24,"enemies":"Book of Stabbing","floor":31,"turns":3},{"damage":36,"enemies":"Collector","floor":33,"turns":6},{"damage":0,"enemies":"Orb Walker","floor":35,"turns":2},{"damage":63,"enemies":"3 Shapes","floor":36,"turns":5}],"seed_played":"3583947233228031020","potions_obtained":[{"floor":2.0,"key":"Poison Potion"},{"floor":4.0,"key":"SpeedPotion"},{"floor":8.0,"key":"ColorlessPotion"},{"floor":17.0,"key":"Block Potion"},{"floor":19.0,"key":"FearPotion"},{"floor":19.0,"key":"Swift Potion"},{"floor":30,"key":"Swift Potion"},{"floor":30,"key":"DuplicationPotion"}],"is_trial":false,"path_per_floor":["M","M","?","M","M","E","R","E","T","E","$","?","$","M","R","B",null,"M","?","M","?","$","E","T","?","T","M","M","?","M","E","R","B",null,"M","M"],"character_chosen":"THE_SILENT","items_purchased":["Mummified Hand","Bronze Scales","Infinite Blades","Cloak And Dagger","Panache","Molten Egg 2","Vajra","Panache","Infinite Blades","MerchantsRug"],"campfire_rested":2,"item_purchase_floors":[0,0,0,0,0,0,11,11,13,22],"current_hp_per_floor":[53,47,47,44,44,25,44,39,39,39,54,43,58,58,58,45,66,66,66,66,49,49,38,38,38,38,33,45,39,35,29,49,25,43,49,0,0],"gold":304,"neow_bonus":"","is_daily":false,"chose_seed":false,"campfire_upgraded":1,"win_rate":0.0,"timestamp":1612115068,"path_taken":["M","M","?","M","?","E","R","E","T","E","$","?","$","M","R","BOSS","M","?","?","?","$","E","?","?","T","M","M","?","M","E","R","BOSS","M","M"],"items_purchased_type":["Relic","Relic","Card","Card","Card","Relic","Relic","Card","Card","Relic"],"build_version":"2020-12-22","purchased_purges":0,"victory":false,"max_hp_per_floor":[66,66,66,66,66,66,66,66,66,66,66,66,66,66,66,66,71,71,71,71,49,49,49,49,49,49,49,49,49,49,49,49,49,49,49,49,49],"card_choices":[{"not_picked":["Deflect","Sucker Punch+1"],"picked":"Accuracy","floor":1.0},{"not_picked":["Predator+1","Poisoned Stab+1","Quick Slash+1"],"picked":"SKIP","floor":2.0},{"not_picked":["Bouncing Flask","Expertise"],"picked":"Finisher+1","floor":4.0},{"not_picked":["Eviscerate+1","Deflect"],"picked":"Backstab+1","floor":5.0},{"not_picked":["Sucker Punch+1","Calculated Gamble","Deadly Poison"],"picked":"SKIP","floor":6.0},{"not_picked":["Masterful Stab+1","Setup"],"picked":"Dagger Spray+1","floor":8.0},{"not_picked":["Poisoned Stab+1","Blade Dance"],"picked":"Envenom","floor":10.0},{"not_picked":["Reflex","Prepared"],"picked":"Flying Knee+1","floor":14.0},{"not_picked":["Burst","Night Terror"],"picked":"Tools of the Trade","floor":16.0},{"not_picked":["Dodge and Roll","Expertise"],"picked":"Underhanded Strike+1","floor":17.0},{"not_picked":["Crippling Poison","Outmaneuver","Backflip"],"picked":"SKIP","floor":18.0},{"not_picked":["Crippling Poison","Bane+1"],"picked":"Outmaneuver","floor":20.0},{"not_picked":["Crippling Poison","PiercingWail"],"picked":"Quick Slash+1","floor":23.0},{"not_picked":["Doppelganger","Expertise","Skewer+1"],"picked":"SKIP","floor":27.0},{"not_picked":["Caltrops","Footwork"],"picked":"Choke+1","floor":28},{"not_picked":["Sucker Punch+1","Terror"],"picked":"Reflex","floor":30},{"not_picked":["Choke+1","Predator+1","Reflex"],"picked":"SKIP","floor":31},{"not_picked":["Tools of the Trade","Night Terror"],"picked":"After Image","floor":33},{"not_picked":["Dagger Spray+1","Poisoned Stab+1"],"picked":"Outmaneuver","floor":35}],"player_experience":1950753,"relics_obtained":[{"floor":6.0,"key":"Meat on the Bone"},{"floor":8.0,"key":"Pantograph"},{"floor":9.0,"key":"MealTicket"},{"floor":10.0,"key":"Orichalcum"},{"floor":23.0,"key":"Regal Pillow"},{"floor":26.0,"key":"Darkstone Periapt"},{"floor":31,"key":"FossilizedHelix"}],"event_choices":[{"cards_removed":["Strike_G"],"damage_healed":0.0,"max_hp_gain":0.0,"max_hp_loss":0.0,"gold_gain":0.0,"event_name":"Bonfire Elementals","player_choice":"Offered Basic","floor":3.0,"gold_loss":0.0,"damage_taken":0.0},{"damage_healed":0.0,"max_hp_gain":0.0,"max_hp_loss":0.0,"gold_gain":75.0,"event_name":"World of Goop","player_choice":"Gather Gold","floor":12.0,"gold_loss":0.0,"damage_taken":11.0},{"damage_healed":0.0,"max_hp_gain":0.0,"max_hp_loss":0.0,"gold_gain":0.0,"event_name":"Lab","player_choice":"Got Potions","floor":19.0,"gold_loss":0.0,"damage_taken":0.0},{"damage_healed":0.0,"max_hp_gain":0.0,"max_hp_loss":22.0,"gold_gain":0.0,"event_name":"Vampires","player_choice":"Became a vampire","floor":21.0,"gold_loss":0.0,"damage_taken":0.0,"cards_obtained":["Bite","Bite","Bite","Bite","Bite"]},{"cards_removed":["Defend_G"],"damage_healed":0.0,"max_hp_gain":0.0,"max_hp_loss":0.0,"gold_gain":0.0,"event_name":"Beggar","player_choice":"Gave Gold","floor":25.0,"gold_loss":75.0,"damage_taken":0.0},{"damage_healed":0,"gold_gain":0,"player_choice":"Joined the Cult","damage_taken":6,"max_hp_gain":0,"max_hp_loss":0,"event_name":"Nest","floor":29,"gold_loss":0,"cards_obtained":["RitualDagger"]}],"is_beta":false,"boss_relics":[{"not_picked":["Coffee Dripper","Snecko Eye"],"picked":"Tiny House"},{"not_picked":["Fusion Hammer","SacredBark"],"picked":"Black Star"}],"items_purged_floors":[],"is_endless":false,"potions_floor_spawned":[4,5,6,8,20,23,30],"killed_by":"3 Shapes","ascension_level":19}}