{"host":"dcj2yvrgcvh5dl2s","time":1612128519,"event":{"mods":["BaseMod","Bestiary","Better Note","Block Reminder","Colored Powertips","Curses Come First","DeckTracker","Minty Spire (QoL Compilation)","Quick Restart","Rare Cards Sparkle","Relic Stats","StSLib"],"gold_per_floor":[114,0,15,15,15,46,71,111,137,102,115,115,130,130,130,130,130],"floor_reached":16,"language":"ENG","playtime":1236,"items_purged":[],"score":270,"play_id":"42659c0c-8d36-4007-b984-45ded8bb224d","local_time":"20210201072839","is_ascension_mode":true,"campfire_choices":[{"floor":12,"key":"REST"},{"floor":15,"key":"REST"}],"circlet_count":0,"master_deck":["AscendersBane","Strike_R","Strike_R","Strike_R","Strike_R","Strike_R","Defend_R","Defend_R","Defend_R","Defend_R","Bash","Heavy Blade","Flex","Sword Boomerang","Cleave","Fire Breathing","Disarm","Uppercut","Shrug It Off"],"relics":["Burning Blood","NeowsBlessing","Golden Idol","Toy Ornithopter","Potion Belt","Vajra","Pear"],"acts_visited":["Exordium"],"potions_floor_usage":[16],"damage_taken":[{"damage":0,"enemies":"Cultist","floor":1,"turns":1},{"damage":0,"enemies":"2 Louse","floor":3,"turns":1},{"damage":0,"enemies":"Lagavulin","floor":6,"turns":2},{"damage":6,"enemies":"Small Slimes","floor":7,"turns":3},{"damage":45,"enemies":"3 Sentries","floor":8,"turns":5},{"damage":16,"enemies":"Blue Slaver","floor":11,"turns":3},{"damage":13,"enemies":"Looter","floor":13,"turns":3},{"damage":102,"enemies":"The Guardian","floor":16,"turns":12}],"seed_played":"-8531646227043926827","potions_obtained":[{"floor":6,"key":"Ancient Potion"},{"floor":8,"key":"AttackPotion"}],"is_trial":false,"path_per_floor":["M","$","M","?","$","E","M","E","T","?","M","R","M","T","R","B"],"character_chosen":"IRONCLAD","items_purchased":["Flex","Sword Boomerang"],"campfire_rested":2,"item_purchase_floors":[2,2],"current_hp_per_floor":[74,74,75,49,49,55,55,16,16,34,24,46,39,49,74,0,0],"gold":130,"neow_bonus":"THREE_ENEMY_KILL","is_daily":false,"chose_seed":false,"campfire_upgraded":0,"win_rate":0.0,"timestamp":1612128519,"path_taken":["M","$","?","?","$","E","M","E","T","?","M","R","M","?","R","BOSS"],"items_purchased_type":["Card","Card"],"build_version":"2020-12-22","purchased_purges":0,"victory":false,"max_hp_per_floor":[75,75,75,75,75,75,75,75,75,75,75,75,75,85,85,85,85],"relic_stats":{"counters":[8,30],"Golden Idol":25,"obtain_stats":[{"Potion Belt":8,"Pear":14,"NeowsBlessing":0,"Golden Idol":4,"Vajra":9,"Burning Blood":0,"Toy Ornithopter":6},{"Potion Belt":5,"Pear":7,"NeowsBlessing":0,"Golden Idol":2,"Vajra":5,"Burning Blood":0,"Toy Ornithopter":3},{"Potion Belt":12,"Pear":18,"NeowsBlessing":0,"Golden Idol":2,"Vajra":12,"Burning Blood":0,"Toy Ornithopter":4}],"Burning Blood":37,"Toy Ornithopter":5},"card_choices":[{"not_picked":["Feel No Pain","Clothesline"],"picked":"Heavy Blade","floor":1},{"not_picked":["True Grit","Evolve"],"picked":"Cleave","floor":3},{"not_picked":["Power Through","Dark Embrace"],"picked":"Fire Breathing","floor":6},{"not_picked":["Rage","Heavy Blade"],"picked":"Disarm","floor":7},{"not_picked":["Carnage","Disarm"],"picked":"Uppercut","floor":8},{"not_picked":["Seeing Red","Entrench"],"picked":"Shrug It Off","floor":11},{"not_picked":["Heavy Blade","Perfected Strike","Warcry"],"picked":"SKIP","floor":13}],"player_experience":2317737,"relics_obtained":[{"floor":6,"key":"Toy Ornithopter"},{"floor":8,"key":"Potion Belt"},{"floor":9,"key":"Vajra"},{"floor":14,"key":"Pear"}],"event_choices":[{"damage_healed":0,"gold_gain":0,"player_choice":"Take Damage","damage_taken":26,"relics_obtained":["Golden Idol"],"max_hp_gain":0,"max_hp_loss":0,"event_name":"Golden Idol","floor":4,"gold_loss":0},{"damage_healed":18,"gold_gain":0,"player_choice":"Healed","damage_taken":0,"max_hp_gain":0,"max_hp_loss":0,"event_name":"The Cleric","floor":10,"gold_loss":35}],"is_beta":false,"boss_relics":[],"items_purged_floors":[],"is_endless":false,"potions_floor_spawned":[6,8],"killed_by":"The Guardian","ascension_level":20}}