{"host":"knspyp6dy614fx6e","time":1612095747,"event":{"mods":["BaseMod","Better Altar","Better Match","Better Note","Better Sensory Stone","Better Skull","Better Third Choice","Card Filter","DeckTracker","Dota2Spire","Energized Spire","Minty Spire (QoL Compilation)","Quick Restart","Relic Filter Mod","Relic Stats","Reliquary","Shop Mod","Spicy Shops","StSLib","Waifu the Spire"],"gold_per_floor":[118,118,131,56,56,56,56,99,99,118,134,152,166,202,202,301,301,319,334,19,69,89,123,123,162,162,201,201,221,221,236,236,326,326,347,406,406,424,437,472,497,538,538,159,159,492,520,530,530,530,530,530,530,29,55,55,55],"floor_reached":56,"language":"ZHS","playtime":2553,"items_purged":["Strike_R","Strike_R","Strike_R"],"score":2139,"play_id":"19ac2717-6364-4125-a433-dd0d3127e713","local_time":"20210131202227","is_ascension_mode":true,"campfire_choices":[{"data":"Metallicize","floor":6.0,"key":"SMITH"},{"data":"Inflame","floor":15.0,"key":"SMITH"},{"data":"Double Tap","floor":24.0,"key":"SMITH"},{"data":"Rage","floor":32.0,"key":"SMITH"},{"floor":49.0,"key":"RECALL"},{"data":"Battle Trance","floor":53.0,"key":"SMITH"}],"circlet_count":0,"master_deck":["AscendersBane","Defend_R","Defend_R","Defend_R","Defend_R","Bash","Uppercut+1","Metallicize+1","Flame Barrier","Sword Boomerang+1","Clash+1","Rampage+1","Inflame+1","Double Tap+1","Battle Trance+1","Rage+1","Pommel Strike+1","Immolate+1","Shrug It Off","Spot Weakness","Body Slam+1","Panacea","Finesse","Warcry+1"],"relics":["Burning Blood","NeowsBlessing","Molten Egg 2","Dota2Spire:EyeOfSkadi","Coffee Dripper","Medical Kit","reliquary:BoilingFlask","Dota2Spire:ArcaneBoots","Bronze Scales","Nunchaku","Runic Pyramid","Charon\u0027s Ashes","Mercury Hourglass","Dota2Spire:AghanimScepter","Dota2Spire:OrchidMalevolence","Bag of Preparation","Dota2Spire:LinkenSphere","Lantern","Mummified Hand"],"acts_visited":["Exordium","TheCity","TheBeyond","TheEnding"],"potions_floor_usage":[56,56,56],"damage_taken":[{"damage":0.0,"enemies":"2 Louse","floor":1.0,"turns":1.0},{"damage":0.0,"enemies":"Jaw Worm","floor":3.0,"turns":1.0},{"damage":0.0,"enemies":"3 Sentries","floor":8.0,"turns":2.0},{"damage":0.0,"enemies":"Cultist","floor":10.0,"turns":4.0},{"damage":4.0,"enemies":"Exordium Wildlife","floor":11.0,"turns":4.0},{"damage":0.0,"enemies":"3 Louse","floor":12.0,"turns":2.0},{"damage":8.0,"enemies":"Looter","floor":13.0,"turns":2.0},{"damage":0.0,"enemies":"Lagavulin","floor":14.0,"turns":5.0},{"damage":2.0,"enemies":"The Guardian","floor":16.0,"turns":8.0},{"damage":2.0,"enemies":"Spheric Guardian","floor":18.0,"turns":3.0},{"damage":0.0,"enemies":"Chosen","floor":19.0,"turns":3.0},{"damage":16.0,"enemies":"Centurion and Healer","floor":22.0,"turns":4.0},{"damage":22.0,"enemies":"Book of Stabbing","floor":23.0,"turns":5.0},{"damage":40.0,"enemies":"Slavers","floor":25.0,"turns":6.0},{"damage":13.0,"enemies":"Book of Stabbing","floor":27.0,"turns":5.0},{"damage":7.0,"enemies":"Snake Plant","floor":29.0,"turns":2.0},{"damage":9.0,"enemies":"Shelled Parasite and Fungi","floor":31.0,"turns":3.0},{"damage":15.0,"enemies":"Collector","floor":33.0,"turns":6.0},{"damage":15.0,"enemies":"3 Darklings","floor":35.0,"turns":4.0},{"damage":13.0,"enemies":"2 Orb Walkers","floor":36.0,"turns":2.0},{"damage":0.0,"enemies":"Orb Walker","floor":38.0,"turns":2.0},{"damage":2.0,"enemies":"Sphere and 2 Shapes","floor":39.0,"turns":3.0},{"damage":16.0,"enemies":"Reptomancer","floor":40.0,"turns":4.0},{"damage":3.0,"enemies":"Writhing Mass","floor":41.0,"turns":4.0},{"damage":14.0,"enemies":"Nemesis","floor":42.0,"turns":3.0},{"damage":0.0,"enemies":"Reptomancer","floor":47.0,"turns":2.0},{"damage":16.0,"enemies":"Maw","floor":48.0,"turns":5.0},{"damage":9.0,"enemies":"Time Eater","floor":50.0,"turns":6.0},{"damage":37.0,"enemies":"Donu and Deca","floor":51.0,"turns":6.0},{"damage":30,"enemies":"Shield and Spear","floor":55,"turns":4},{"damage":67,"enemies":"The Heart","floor":56,"turns":3}],"seed_played":"-9194850314068887272","potions_obtained":[{"floor":1.0,"key":"SneckoOil"},{"floor":8.0,"key":"Explosive Potion"},{"floor":16.0,"key":"ElixirPotion"},{"floor":18.0,"key":"SpeedPotion"},{"floor":27.0,"key":"BlessingOfTheForge"},{"floor":29.0,"key":"Dota2Spire:HealingSalve"},{"floor":33.0,"key":"FearPotion"},{"floor":36.0,"key":"Block Potion"},{"floor":40.0,"key":"Weak Potion"},{"floor":42.0,"key":"Dota2Spire:HealingSalve"},{"floor":48.0,"key":"Dexterity Potion"}],"is_trial":false,"path_per_floor":["M","?","M","?","?","R","$","E","T","M","M","M","M","E","R","B",null,"M","M","$","?","M","E","R","E","T","E","?","M","?","M","R","B",null,"M","?","?","M","M","E","M","E","T","$","?","?","E","M","R","B","B",null,"R","$","E","B"],"character_chosen":"IRONCLAD","items_purchased":["Battle Trance","Medical Kit","Bag of Preparation","Fruit Juice","Lantern","Block Potion","DistilledChaos"],"campfire_rested":0,"item_purchase_floors":[20,20,44,44,54,54,54],"current_hp_per_floor":[74,74,75,75,49,49,49,55,55,61,63,69,67,78,78,80,80,80,80,80,80,70,54,54,20,20,13,29,28,28,31,31,22,66,57,50,50,56,60,50,53,45,45,45,45,45,52,43,43,46,15,70,70,70,46,0,0],"gold":55,"neow_bonus":"THREE_ENEMY_KILL","is_daily":false,"chose_seed":false,"campfire_upgraded":5,"win_rate":0.0,"timestamp":1612095747,"path_taken":["M","?","M","?","?","R","$","E","T","?","M","M","?","E","R","BOSS","M","M","$","?","M","E","R","E","T","E","?","M","?","M","R","BOSS","M","?","?","?","M","E","M","E","T","$","?","?","E","M","R","BOSS","BOSS","R","$","E","BOSS"],"items_purchased_type":["Card","Relic","Relic","Potion","Relic","Potion","Potion"],"build_version":"2020-12-22","purchased_purges":3,"victory":false,"max_hp_per_floor":[75,75,75,75,75,75,75,75,75,75,75,75,75,80,80,80,80,80,80,80,80,80,80,80,80,80,80,80,80,80,80,80,80,80,80,80,80,80,80,80,80,80,80,80,80,80,81,82,82,88,88,88,88,88,88,88,88],"relic_stats":{"Nunchaku":[13],"counters":[31,114],"Mummified Hand":[4],"Bronze Scales":[258],"Charon\u0027s Ashes":[132],"Bag of Preparation":[12],"Medical Kit":[15],"obtain_stats":[{"Lantern":54,"NeowsBlessing":0,"Golden Idol":5,"reliquary:BoilingFlask":23,"Dota2Spire:OrchidMalevolence":43,"Charon\u0027s Ashes":36,"Bag of Preparation":44,"Medical Kit":20,"Burning Blood":0,"Mercury Hourglass":40,"Nunchaku":27,"Dota2Spire:AghanimScepter":42,"Dota2Spire:EyeOfSkadi":14,"Mummified Hand":55,"Bronze Scales":26,"Molten Egg 2":8,"Dota2Spire:LinkenSphere":47,"Coffee Dripper":17,"Dota2Spire:ArcaneBoots":25,"Runic Pyramid":34},{"Lantern":29,"NeowsBlessing":0,"Golden Idol":2,"reliquary:BoilingFlask":13,"Dota2Spire:OrchidMalevolence":25,"Charon\u0027s Ashes":20,"Bag of Preparation":25,"Medical Kit":11,"Burning Blood":0,"Mercury Hourglass":23,"Nunchaku":15,"Dota2Spire:AghanimScepter":25,"Dota2Spire:EyeOfSkadi":8,"Mummified Hand":30,"Bronze Scales":14,"Molten Egg 2":3,"Dota2Spire:LinkenSphere":26,"Coffee Dripper":9,"Dota2Spire:ArcaneBoots":14,"Runic Pyramid":18},{"Lantern":107,"NeowsBlessing":0,"Golden Idol":2,"reliquary:BoilingFlask":44,"Dota2Spire:OrchidMalevolence":88,"Charon\u0027s Ashes":72,"Bag of Preparation":88,"Medical Kit":35,"Burning Blood":0,"Mercury Hourglass":81,"Nunchaku":55,"Dota2Spire:AghanimScepter":88,"Dota2Spire:EyeOfSkadi":21,"Mummified Hand":111,"Bronze Scales":50,"Molten Egg 2":4,"Dota2Spire:LinkenSphere":90,"Coffee Dripper":29,"Dota2Spire:ArcaneBoots":50,"Runic Pyramid":66}],"Burning Blood":163,"Mercury Hourglass":[108]},"card_choices":[{"not_picked":["Dual Wield","Headbutt"],"picked":"Uppercut","floor":1.0},{"not_picked":["Havoc","Sword Boomerang"],"picked":"Metallicize","floor":3.0},{"not_picked":["Clothesline+1","Spot Weakness"],"picked":"Flame Barrier","floor":8.0},{"not_picked":["Twin Strike+1","Armaments"],"picked":"Sword Boomerang+1","floor":10.0},{"not_picked":["Dual Wield","Flame Barrier","Twin Strike+1"],"picked":"SKIP","floor":11.0},{"not_picked":["Iron Wave+1","Shrug It Off"],"picked":"Clash+1","floor":12.0},{"not_picked":["Blood for Blood+1","Heavy Blade+1"],"picked":"Rampage+1","floor":13.0},{"not_picked":["Flex","Cleave+1"],"picked":"Inflame","floor":14.0},{"not_picked":["Demon Form","Corruption"],"picked":"Double Tap","floor":16.0},{"not_picked":["Heavy Blade+1","Hemokinesis+1","Iron Wave+1"],"picked":"SKIP","floor":18.0},{"not_picked":["Cleave+1","Perfected Strike+1","Shrug It Off"],"picked":"SKIP","floor":19.0},{"not_picked":["Warcry","Pommel Strike+1"],"picked":"Rage","floor":22.0},{"not_picked":["Flame Barrier","Spot Weakness"],"picked":"Pommel Strike+1","floor":23.0},{"not_picked":["Bloodletting","Iron Wave+1","Twin Strike+1"],"picked":"SKIP","floor":25.0},{"not_picked":["Flex","True Grit","Bloodletting"],"picked":"SKIP","floor":27.0},{"not_picked":["Pommel Strike+1","Sentinel"],"picked":"Immolate+1","floor":29.0},{"not_picked":["Shrug It Off","Dual Wield","Havoc"],"picked":"SKIP","floor":31.0},{"not_picked":["Dual Wield","Havoc"],"picked":"Shrug It Off","floor":31.0},{"not_picked":["Dark Embrace","Clash+1","Spot Weakness"],"picked":"SKIP","floor":35.0},{"not_picked":["Sentinel","Twin Strike+1"],"picked":"Body Slam+1","floor":38.0},{"not_picked":["Rampage+1","Clash+1","Shrug It Off"],"picked":"SKIP","floor":39.0},{"not_picked":["Rampage+1","Clash+1","Shrug It Off"],"picked":"SKIP","floor":39.0},{"not_picked":["Anger+1","Pommel Strike+1","Sword Boomerang+1"],"picked":"SKIP","floor":40.0},{"not_picked":["Warcry","Blood for Blood+1","Immolate+1"],"picked":"SKIP","floor":41.0},{"not_picked":["Hemokinesis+1","Havoc+1","Iron Wave+1"],"picked":"SKIP","floor":42.0},{"not_picked":["Impatience","Mind Blast+1"],"picked":"Panacea","floor":45.0},{"not_picked":["Jack Of All Trades","Transmutation"],"picked":"Finesse","floor":45.0},{"not_picked":["Perfected Strike+1","Thunderclap+1","Ghostly Armor+1"],"picked":"SKIP","floor":47.0},{"not_picked":["Entrench","Iron Wave+1"],"picked":"Warcry+1","floor":48.0},{"not_picked":["Infernal Blade","Anger+1","Headbutt+1"],"picked":"SKIP","floor":55}],"player_experience":262893,"relics_obtained":[{"floor":8.0,"key":"Molten Egg 2"},{"floor":14.0,"key":"Dota2Spire:EyeOfSkadi"},{"floor":23.0,"key":"reliquary:BoilingFlask"},{"floor":25.0,"key":"Dota2Spire:ArcaneBoots"},{"floor":26.0,"key":"Bronze Scales"},{"floor":27.0,"key":"Nunchaku"},{"floor":36.0,"key":"Charon\u0027s Ashes"},{"floor":40.0,"key":"Mercury Hourglass"},{"floor":42.0,"key":"Dota2Spire:AghanimScepter"},{"floor":43.0,"key":"Dota2Spire:OrchidMalevolence"},{"floor":47.0,"key":"Dota2Spire:LinkenSphere"},{"floor":55,"key":"Mummified Hand"}],"event_choices":[{"damage_healed":0.0,"max_hp_gain":0.0,"max_hp_loss":0.0,"gold_gain":0.0,"event_name":"Living Wall","player_choice":"Grow","floor":2.0,"gold_loss":0.0,"damage_taken":0.0,"cards_upgraded":["Uppercut"]},{"cards_removed":["Strike_R"],"damage_healed":0.0,"max_hp_gain":0.0,"max_hp_loss":0.0,"gold_gain":0.0,"event_name":"The Cleric","player_choice":"Card Removal","floor":4.0,"gold_loss":75.0,"damage_taken":0.0},{"damage_healed":0.0,"max_hp_gain":0.0,"max_hp_loss":0.0,"gold_gain":0.0,"event_name":"Golden Idol","player_choice":"Take Damage","floor":5.0,"gold_loss":0.0,"damage_taken":26.0,"relics_obtained":["Golden Idol"]},{"damage_healed":0.0,"max_hp_gain":0.0,"max_hp_loss":0.0,"gold_gain":50.0,"event_name":"betterThird:BetterNest","player_choice":"Steal","floor":21.0,"gold_loss":0.0,"damage_taken":0.0},{"damage_healed":16.0,"max_hp_gain":0.0,"max_hp_loss":0.0,"gold_gain":0.0,"event_name":"The Library","player_choice":"Heal","floor":28.0,"gold_loss":0.0,"damage_taken":0.0},{"damage_healed":0.0,"max_hp_gain":0.0,"max_hp_loss":0.0,"gold_gain":0.0,"event_name":"Cursed Tome","player_choice":"Ignored","floor":30.0,"gold_loss":0.0,"damage_taken":0.0},{"damage_healed":0.0,"max_hp_gain":0.0,"max_hp_loss":0.0,"gold_gain":0.0,"event_name":"Mysterious Sphere","player_choice":"Fight","floor":36.0,"gold_loss":0.0,"damage_taken":0.0},{"damage_healed":0.0,"max_hp_gain":0.0,"max_hp_loss":0.0,"gold_gain":0.0,"cards_transformed":["Strike_R"],"event_name":"Transmorgrifier","player_choice":"Transformed","floor":37.0,"gold_loss":0.0,"damage_taken":0.0,"cards_obtained":["Spot Weakness"]},{"damage_healed":0.0,"max_hp_gain":0.0,"max_hp_loss":0.0,"gold_gain":3.0,"event_name":"betterStone:BetterStone","player_choice":"1","floor":45.0,"gold_loss":0.0,"damage_taken":0.0},{"damage_healed":0.0,"max_hp_gain":0.0,"max_hp_loss":0.0,"gold_gain":333.0,"event_name":"The Moai Head","player_choice":"Gave Idol","floor":46.0,"relics_lost":["Golden Idol"],"gold_loss":0.0,"damage_taken":0.0}],"is_beta":false,"boss_relics":[{"not_picked":["Tiny House","reliquary:WritOfMandamus"],"picked":"Coffee Dripper"},{"not_picked":["Black Star","SacredBark"],"picked":"Runic Pyramid"}],"items_purged_floors":[20,44,54],"is_endless":false,"potions_floor_spawned":[1,8,10,11,16,18,27,29,33,36,39,40,42,48,55],"killed_by":"The Heart","ascension_level":20}}