{"host":"uc8wz0q199a7d901","time":1612085427,"event":{"mods":["2.2 Compatiblity","BaseMod","Colored Map","DeckTracker","Highlight Path","Minty Spire (QoL Compilation)","Permanent Neow","Quick Restart","SuperFastMode"],"gold_per_floor":[115,115,132,147,160,188,188,188,188],"floor_reached":8,"language":"KOR","playtime":202,"items_purged":[],"score":116,"play_id":"2d5f6988-ad4f-4306-a66c-04c5fd57ac1e","local_time":"20210131183027","is_ascension_mode":true,"campfire_choices":[{"floor":7.0,"key":"REST"}],"circlet_count":0,"master_deck":["AscendersBane","Strike_R","Strike_R","Strike_R","Strike_R","Defend_R","Defend_R","Defend_R","Defend_R","Bash","Carnage","Power Through","Twin Strike","Flame Barrier","Rage"],"relics":["Burning Blood","Ginger","Potion Belt"],"acts_visited":["Exordium"],"potions_floor_usage":[8],"damage_taken":[{"damage":20.0,"enemies":"Small Slimes","floor":1.0,"turns":5.0},{"damage":1.0,"enemies":"Cultist","floor":3.0,"turns":3.0},{"damage":0.0,"enemies":"2 Louse","floor":4.0,"turns":2.0},{"damage":21.0,"enemies":"Exordium Wildlife","floor":5.0,"turns":6.0},{"damage":20.0,"enemies":"3 Sentries","floor":6.0,"turns":7.0},{"damage":56,"enemies":"Lagavulin","floor":8,"turns":8}],"seed_played":"-3190315979270517954","potions_obtained":[{"floor":1.0,"key":"PowerPotion"},{"floor":5.0,"key":"Explosive Potion"}],"is_trial":false,"path_per_floor":["M","?","M","M","M","E","R","E"],"character_chosen":"IRONCLAD","items_purchased":[],"campfire_rested":1,"item_purchase_floors":[],"current_hp_per_floor":[36,36,41,47,32,18,40,0,0],"gold":188,"neow_bonus":"ONE_RARE_RELIC","is_daily":false,"chose_seed":false,"campfire_upgraded":0,"win_rate":0.0,"timestamp":1612085427,"path_taken":["M","?","M","M","M","E","R","E"],"items_purchased_type":[],"build_version":"2020-12-22","purchased_purges":0,"victory":false,"max_hp_per_floor":[75,75,75,75,75,75,75,75,75],"card_choices":[{"not_picked":["Spot Weakness","Armaments"],"picked":"Carnage","floor":1.0},{"not_picked":["Feel No Pain","Headbutt"],"picked":"Power Through","floor":3.0},{"not_picked":["Warcry","Sentinel"],"picked":"Twin Strike","floor":4.0},{"not_picked":["Clash","Battle Trance"],"picked":"Flame Barrier","floor":5.0},{"not_picked":["Iron Wave","Cleave"],"picked":"Rage","floor":6.0}],"player_experience":705021,"relics_obtained":[{"floor":6.0,"key":"Potion Belt"}],"event_choices":[{"cards_removed":["Strike_R"],"damage_healed":0.0,"max_hp_gain":0.0,"max_hp_loss":0.0,"gold_gain":0.0,"event_name":"Purifier","player_choice":"Purged","floor":2.0,"gold_loss":0.0,"damage_taken":0.0}],"is_beta":false,"boss_relics":[],"items_purged_floors":[],"is_endless":false,"potions_floor_spawned":[1,5],"killed_by":"Lagavulin","ascension_level":20}}