{"host":"z1wl47oisvloj0tp","time":1612099587,"event":{"mods":["BaseMod","Minty Spire (QoL Compilation)"],"gold_per_floor":[12,28,47,57,4,4,20,45,71,103,114,114,130,144,144,240,240,253,178,178,178,25,25,60,60,114,114,134,153,153,179,179,284,334,345,355,1,16,29,29,55,55,55,55,55,109,0,50,50,50,50,50,2,34,34,34],"floor_reached":55,"language":"FRA","playtime":4106,"items_purged":["Shame","Strike_R"],"score":807,"play_id":"af34a6ec-01b4-47ad-aa88-3c0f54073de7","local_time":"20210131142627","is_ascension_mode":true,"campfire_choices":[{"floor":6,"key":"RECALL"},{"data":"Rage","floor":15,"key":"SMITH"},{"floor":23,"key":"REST"},{"floor":25,"key":"REST"},{"floor":30,"key":"REST"},{"floor":32,"key":"REST"},{"floor":40,"key":"REST"},{"data":"1","floor":42,"key":"LIFT"},{"data":"2","floor":45,"key":"LIFT"},{"floor":49,"key":"REST"},{"data":"3","floor":52,"key":"LIFT"}],"circlet_count":0,"master_deck":["Strike_R+1","Strike_R","Strike_R","Defend_R","Defend_R","Defend_R","Defend_R","Bash","Rage+1","Iron Wave","Thunderclap+1","Disarm","Reaper","Twin Strike","Shrug It Off","Spot Weakness","Barricade","Inflame","Entrench","Metallicize","Fire Breathing+1","Armaments","Bloodletting","Spot Weakness+1","Heavy Blade+1","Exhume","Rampage"],"relics":["Burning Blood","Thread and Needle","Whetstone","Anchor","Regal Pillow","Fusion Hammer","Singing Bowl","Strawberry","White Beast Statue","Bronze Scales","Centennial Puzzle","Tiny House","Bottled Lightning","Girya","Shuriken","FossilizedHelix","Red Mask","Ginger","HornCleat"],"acts_visited":["Exordium","TheCity","TheBeyond","TheEnding"],"potions_floor_usage":[7,10,10,16,24,31,39,39,41,46,50,50,54,55,55],"damage_taken":[{"damage":1,"enemies":"Jaw Worm","floor":1,"turns":5},{"damage":3,"enemies":"Small Slimes","floor":2,"turns":3},{"damage":0,"enemies":"2 Louse","floor":3,"turns":3},{"damage":3,"enemies":"2 Fungi Beasts","floor":4,"turns":4},{"damage":0,"enemies":"Large Slime","floor":7,"turns":6},{"damage":39,"enemies":"Gremlin Nob","floor":8,"turns":6},{"damage":9,"enemies":"Lagavulin","floor":10,"turns":7},{"damage":6,"enemies":"Blue Slaver","floor":11,"turns":4},{"damage":0,"enemies":"Looter","floor":13,"turns":2},{"damage":0,"enemies":"Red Slaver","floor":14,"turns":3},{"damage":20,"enemies":"Hexaghost","floor":16,"turns":10},{"damage":0,"enemies":"3 Byrds","floor":18,"turns":6},{"damage":0,"enemies":"Gremlin Leader","floor":24,"turns":10},{"damage":3,"enemies":"Spheric Guardian","floor":28,"turns":5},{"damage":0,"enemies":"3 Cultists","floor":29,"turns":6},{"damage":13,"enemies":"Book of Stabbing","floor":31,"turns":7},{"damage":12,"enemies":"Champ","floor":33,"turns":17},{"damage":9,"enemies":"3 Shapes","floor":35,"turns":8},{"damage":30,"enemies":"3 Darklings","floor":36,"turns":7},{"damage":0,"enemies":"Maw","floor":38,"turns":11},{"damage":2,"enemies":"Spire Growth","floor":39,"turns":4},{"damage":0,"enemies":"Nemesis","floor":41,"turns":9},{"damage":81,"enemies":"2 Orb Walkers","floor":46,"turns":7},{"damage":0,"enemies":"Mind Bloom Boss Battle","floor":48,"turns":8},{"damage":22,"enemies":"Time Eater","floor":50,"turns":11},{"damage":74,"enemies":"Shield and Spear","floor":54,"turns":7},{"damage":68,"enemies":"The Heart","floor":55,"turns":3}],"seed_played":"3710682673434625049","potions_obtained":[{"floor":1,"key":"Swift Potion"},{"floor":4,"key":"Fire Potion"},{"floor":7,"key":"Swift Potion"},{"floor":8,"key":"FearPotion"},{"floor":14,"key":"Regen Potion"},{"floor":24,"key":"EssenceOfSteel"},{"floor":28,"key":"LiquidMemories"},{"floor":29,"key":"SpeedPotion"},{"floor":31,"key":"AttackPotion"},{"floor":34,"key":"HeartOfIron"},{"floor":35,"key":"DistilledChaos"},{"floor":36,"key":"LiquidBronze"},{"floor":39,"key":"Swift Potion"},{"floor":41,"key":"Swift Potion"},{"floor":46,"key":"FearPotion"},{"floor":48,"key":"Fire Potion"},{"floor":54,"key":"BlessingOfTheForge"}],"is_trial":false,"path_per_floor":["M","M","M","M","$","R","M","E","T","E","M","?","M","M","R","B",null,"M","?","T","?","$","R","E","R","T","?","M","M","R","E","R","B",null,"M","M","$","M","M","R","E","R","T","?","R","?","?","?","R","B",null,"R","$","E","B"],"character_chosen":"IRONCLAD","items_purchased":["Thunderclap","Entrench","Bottled Lightning","Fire Potion"],"campfire_rested":6,"item_purchase_floors":[5,22,37,53],"current_hp_per_floor":[80,80,80,80,80,80,80,47,47,44,44,37,43,49,49,50,80,80,80,80,87,87,87,89,89,89,89,89,89,89,84,91,93,98,100,95,95,100,102,102,102,102,102,102,102,37,37,45,91,75,104,104,104,38,0,0],"gold":34,"neow_bonus":"ONE_RARE_RELIC","is_daily":false,"chose_seed":false,"campfire_upgraded":1,"win_rate":0.0,"timestamp":1612099587,"path_taken":["M","M","M","M","$","R","M","E","T","E","M","?","M","M","R","BOSS","M","?","?","?","$","R","E","R","T","?","M","M","R","E","R","BOSS","M","M","$","M","M","R","E","R","T","?","R","?","?","?","R","BOSS","R","$","E","BOSS"],"items_purchased_type":["Card","Card","Relic","Potion"],"build_version":"2020-12-22","purchased_purges":2,"victory":false,"max_hp_per_floor":[80,80,80,80,80,80,80,80,80,80,80,80,80,80,80,80,80,80,80,80,87,87,87,89,89,89,89,89,89,89,91,91,93,98,100,100,100,100,102,102,102,102,102,102,102,102,102,104,104,104,104,104,104,106,106,106],"card_choices":[{"not_picked":["Perfected Strike","Sword Boomerang"],"picked":"Rage","floor":1},{"not_picked":["Twin Strike","Flex"],"picked":"Iron Wave","floor":2},{"not_picked":["Burning Pact","Sever Soul","Dark Embrace"],"picked":"SKIP","floor":3},{"not_picked":["Headbutt","True Grit"],"picked":"Iron Wave","floor":4},{"not_picked":["Thunderclap","Warcry"],"picked":"Disarm","floor":7},{"not_picked":["Feel No Pain","Hemokinesis"],"picked":"Reaper","floor":8},{"not_picked":["Cleave","Burning Pact"],"picked":"Twin Strike","floor":10},{"not_picked":["Clothesline","Havoc","Clash"],"picked":"SKIP","floor":11},{"not_picked":["Dark Embrace","Iron Wave"],"picked":"Shrug It Off","floor":13},{"not_picked":["Rampage","Flex"],"picked":"Spot Weakness","floor":14},{"not_picked":["Brutality","Reaper"],"picked":"Barricade","floor":16},{"not_picked":["Warcry","Intimidate"],"picked":"Inflame","floor":18},{"not_picked":["Iron Wave","Combust","Reckless Charge+1"],"picked":"Singing Bowl","floor":24},{"not_picked":["Body Slam","Hemokinesis+1"],"picked":"Fire Breathing","floor":28},{"not_picked":["Wild Strike+1","Seeing Red"],"picked":"Armaments","floor":29},{"not_picked":["Carnage","Iron Wave","Warcry+1"],"picked":"Singing Bowl","floor":31},{"not_picked":["Feed","Fiend Fire","Double Tap"],"picked":"Singing Bowl","floor":33},{"not_picked":["Pommel Strike","Seeing Red+1"],"picked":"Bloodletting","floor":34},{"not_picked":["Sentinel","Wild Strike","Whirlwind"],"picked":"Singing Bowl","floor":35},{"not_picked":["Evolve+1","Wild Strike"],"picked":"Spot Weakness+1","floor":36},{"not_picked":["Clothesline","Perfected Strike"],"picked":"Heavy Blade+1","floor":38},{"not_picked":["Dropkick","Feel No Pain+1","Clash"],"picked":"Singing Bowl","floor":39},{"not_picked":["Warcry+1","Flex"],"picked":"Exhume","floor":41},{"not_picked":["Warcry+1","Searing Blow"],"picked":"Rampage","floor":46},{"not_picked":["Anger+1","Cleave","Warcry+1"],"picked":"Singing Bowl","floor":48},{"not_picked":["Sentinel","Feed","Clash"],"picked":"Singing Bowl","floor":54}],"player_experience":331445,"relics_obtained":[{"floor":8,"key":"Whetstone"},{"floor":10,"key":"Anchor"},{"floor":20,"key":"Singing Bowl"},{"floor":24,"key":"White Beast Statue"},{"floor":26,"key":"Bronze Scales"},{"floor":31,"key":"Centennial Puzzle"},{"floor":41,"key":"Girya"},{"floor":43,"key":"Shuriken"},{"floor":46,"key":"FossilizedHelix"},{"floor":48,"key":"Ginger"},{"floor":54,"key":"HornCleat"}],"event_choices":[{"damage_healed":0,"gold_gain":0,"player_choice":"Success","damage_taken":7,"relics_obtained":["Regal Pillow"],"max_hp_gain":0,"max_hp_loss":0,"event_name":"Scrap Ooze","floor":12,"gold_loss":0},{"cards_removed":["Strike_R"],"damage_healed":0,"gold_gain":0,"player_choice":"Gave Gold","damage_taken":0,"max_hp_gain":0,"max_hp_loss":0,"event_name":"Beggar","floor":19,"gold_loss":75},{"damage_healed":0,"gold_gain":0,"player_choice":"Stole Relic","damage_taken":0,"relics_obtained":["Strawberry"],"max_hp_gain":0,"max_hp_loss":0,"event_name":"Addict","floor":21,"gold_loss":0,"cards_obtained":["Shame"]},{"damage_healed":0,"gold_gain":0,"player_choice":"Read","damage_taken":0,"max_hp_gain":0,"max_hp_loss":0,"event_name":"The Library","floor":27,"gold_loss":0,"cards_obtained":["Metallicize"]},{"cards_removed":["Iron Wave"],"damage_healed":0,"gold_gain":0,"player_choice":"Removed Attack","damage_taken":0,"max_hp_gain":0,"max_hp_loss":0,"event_name":"Falling","floor":44,"gold_loss":0},{"damage_healed":0,"gold_gain":0,"player_choice":"Fight","damage_taken":0,"max_hp_gain":0,"max_hp_loss":0,"event_name":"Mysterious Sphere","floor":46,"gold_loss":0},{"damage_healed":0,"gold_gain":0,"player_choice":"Paid","damage_taken":0,"relics_obtained":["Red Mask"],"max_hp_gain":0,"max_hp_loss":0,"event_name":"Tomb of Lord Red Mask","floor":47,"gold_loss":109},{"damage_healed":0,"gold_gain":0,"player_choice":"Fight","damage_taken":0,"max_hp_gain":0,"max_hp_loss":0,"event_name":"MindBloom","floor":48,"gold_loss":0}],"is_beta":false,"boss_relics":[{"not_picked":["Runic Pyramid","SacredBark"],"picked":"Fusion Hammer"},{"not_picked":["Velvet Choker","Empty Cage"],"picked":"Tiny House"}],"items_purged_floors":[22,37],"is_endless":false,"potions_floor_spawned":[1,4,7,8,14,24,28,29,31,33,35,36,38,39,41,46,48,54],"killed_by":"The Heart","ascension_level":1}}