{"host":"59cc6k4ir9ghxqag","time":1612094468,"event":{"mods":["100% Spire Juice","Arknights","BaseMod","Colored Powertips","Downfall","Hermit","Lobotomy","Marisa£®ÏF”Í°°ƒß¿Ì…≥£©","Minty Spire (QoL Compilation)","Remilia£®¿Ÿ√◊¿Ú—«£©","Replay The Spire","Robot Space Explorer","Shop Mod","StSLib","The Bug Knight","The Cursed","The Dragon Tamer","°æ“≈ŒÔø®≈∆°øREMEMod"],"gold_per_floor":[113,128,128,197,197,225,225,225],"floor_reached":7,"language":"ZHS","playtime":262,"items_purged":[],"score":198,"play_id":"83f35a3c-fb1a-4a4e-98a7-d0dbde290a54","local_time":"20210131200108","daily_mods":["SealedDeck","Diverse","Heirloom","Flight","Lethality"],"is_ascension_mode":true,"campfire_choices":[],"circlet_count":0,"master_deck":["AscendersBane","EmptyFist","bronze:Return","hermit:ItchyTrigger","Slimebound:Prepare","ReplayTheSpireMod:Stacked","Dagger Spray+1","ThirdEye","BombardNight","hermit:BodyArmor","FlyingSleeves","hermit:LuckOfTheDraw","Leap"],"relics":["Unceasing Top","REME_ComplimentaryCards","Counterbalance","Darkstone Periapt","Replay:Bottled Steam","Smiling Mask"],"acts_visited":["Exordium"],"potions_floor_usage":[],"damage_taken":[{"damage":0,"enemies":"Cultist","floor":1,"turns":3},{"damage":5,"enemies":"Jaw Worm","floor":2,"turns":2},{"damage":24,"enemies":"Gremlin Nob","floor":6,"turns":4},{"damage":0,"enemies":"Lagavulin","floor":7,"turns":1}],"seed_played":"-8075582360345078948","potions_obtained":[],"is_trial":true,"path_per_floor":["M","M","?","T","T","E","E"],"character_chosen":"IRONCLAD","items_purchased":[],"campfire_rested":0,"item_purchase_floors":[],"current_hp_per_floor":[68,63,63,63,63,39,39,39],"gold":225,"neow_bonus":"","is_daily":false,"chose_seed":false,"campfire_upgraded":0,"win_rate":0.0,"timestamp":1612094468,"path_taken":["M","?","?","?","?","E","E"],"items_purchased_type":[],"build_version":"2020-12-22","purchased_purges":0,"victory":false,"max_hp_per_floor":[75,75,75,75,75,75,75,75],"card_choices":[{"not_picked":["sneckomod:UnknownClassTHE_CURSED_PURPLE","champ:FanOfKnives","RobotSpaceExplorer:MetalStrike"],"picked":"SKIP","floor":1},{"not_picked":["PiercingWail","ShootingEcho"],"picked":"Leap","floor":2},{"not_picked":["RobotSpaceExplorer:SelfCleaning","hermit:CalledShot","TheCursedMod:RapidMovement"],"picked":"SKIP","floor":6}],"player_experience":550552,"relics_obtained":[{"floor":4,"key":"Darkstone Periapt"},{"floor":5,"key":"Replay:Bottled Steam"},{"floor":6,"key":"Smiling Mask"}],"event_choices":[],"is_beta":false,"boss_relics":[],"items_purged_floors":[],"is_endless":true,"potions_floor_spawned":[],"killed_by":"Lagavulin","ascension_level":20}}