{"host":"xkmvu47k9fdstweo","time":1612098347,"event":{"mods":["BaseMod","Colored Map","Conspire","HololiveMod","Hubris","Minty Spire (QoL Compilation)","Quick Restart","Shop Mod","StSLib"],"gold_per_floor":[85,101,52,2,34,62,76,76,76,127,147,201,222,242,242,370,370,390,68,68,86,11,43,43,79,79,79,99,132,132,132,132,233,233,238,266,86,105,105,105,171,171,242,273,273,600,618,685,685,743],"floor_reached":51,"language":"ENG","playtime":1946,"items_purged":["Decay"],"score":1825,"play_id":"1b119264-d88f-4b64-847d-6fa5cb7d52f1","local_time":"20210131080547","is_ascension_mode":true,"campfire_choices":[{"data":"Hololive_CallAkiRosenthal","floor":8.0,"key":"SMITH"},{"data":"Hololive_DDD","floor":15.0,"key":"SMITH"},{"data":"Hololive_StarCraft","floor":27,"key":"SMITH"},{"floor":30,"key":"DIG"},{"floor":32,"key":"DIG"},{"floor":40,"key":"DIG"},{"data":"Hololive_Drill","floor":42,"key":"SMITH"},{"floor":45,"key":"DIG"},{"data":"Hololive_CallManoAloe","floor":49,"key":"SMITH"}],"circlet_count":0,"master_deck":["Hololive_Defend","Hololive_Defend+1","Hololive_Sequa","Hololive_CallYozoraMel","Hololive_CallAkiRosenthal+1","Hololive_CallMurasakiShion","Hololive_CallSakuraMiko","Hololive_CallHoshimachiSuisei","Hololive_Rebound","Hololive_CallOzoraSubaru","Hololive_RevenueBasedLive","Hololive_CallMinatoAqua","Hololive_CocoNews","Hololive_Drill+1","Hololive_CallShiroganeNoel","Hololive_CocoNews+1","Hololive_DDD+1","Hololive_CallAkaiHaato","Hololive_Drill+1","Hololive_ILoveYou+1","Hololive_StarCraft+1","Hololive_FlyingPonyTail+1","Hololive_Psychosis","Hololive_Breathe+1","Hololive_LuckPotion","Hololive_StrengthChampion","Hololive_StrengthChampion","Hololive_DurableLive","Hololive_HuntDinosaur+1","Hololive_LuckPotion+1","Hololive_CocoNews+1","Hololive_Nanodesu","Hololive_FlyingPonyTail+1","Hololive_CallOmaruPolka","Hololive_CallHimemoriLuna","Hololive_CallManoAloe+1"],"relics":["Hololive_TheStar","The Courier","Bottled Tornado","conspire:DeflatedDodgeball","hubris:AstralHammer","conspire:GiftBox","conspire:SpecialSausage","hubris:BottledRain","Orichalcum","CaptainsWheel","hubris:DeckOfHolding","InkBottle","Shovel","Lantern","Gremlin Horn","Whetstone","Hololive_Finger","War Paint","hubris:TinFlute","conspire:DecoderRing","Toxic Egg 2","Blood Vial","Toy Ornithopter","Old Coin","TungstenRod"],"acts_visited":["Exordium","TheCity","TheBeyond"],"potions_floor_usage":[23,25,25,35,38,50,50,50],"damage_taken":[{"damage":0.0,"enemies":"2 Louse","floor":1.0,"turns":3.0},{"damage":0.0,"enemies":"Small Slimes","floor":2.0,"turns":3.0},{"damage":0.0,"enemies":"conspire:MimicChest","floor":5.0,"turns":3.0},{"damage":0.0,"enemies":"Gremlin Nob","floor":6.0,"turns":4.0},{"damage":0.0,"enemies":"Cultist","floor":7.0,"turns":3.0},{"damage":0.0,"enemies":"Lagavulin","floor":10.0,"turns":5.0},{"damage":2.0,"enemies":"2 Fungi Beasts","floor":11.0,"turns":4.0},{"damage":0.0,"enemies":"3 Sentries","floor":12.0,"turns":4.0},{"damage":0.0,"enemies":"Looter","floor":13.0,"turns":3.0},{"damage":0.0,"enemies":"Blue Slaver","floor":14.0,"turns":3.0},{"damage":0.0,"enemies":"The Guardian","floor":16.0,"turns":5.0},{"damage":0.0,"enemies":"Chosen","floor":18.0,"turns":4.0},{"damage":0,"enemies":"Shell Parasite","floor":21,"turns":4},{"damage":0,"enemies":"Book of Stabbing","floor":23,"turns":5},{"damage":0,"enemies":"Slavers","floor":25,"turns":5},{"damage":0,"enemies":"Snecko","floor":28,"turns":4},{"damage":0,"enemies":"Book of Stabbing","floor":29,"turns":4},{"damage":0,"enemies":"Champ","floor":33,"turns":7},{"damage":1,"enemies":"3 Darklings","floor":35,"turns":5},{"damage":0,"enemies":"3 Shapes","floor":36,"turns":2},{"damage":0,"enemies":"Jaw Worm Horde","floor":38,"turns":4},{"damage":0,"enemies":"Giant Head","floor":41,"turns":5},{"damage":0,"enemies":"Nemesis","floor":44,"turns":5},{"damage":0,"enemies":"Giant Head","floor":46,"turns":6},{"damage":0,"enemies":"Maw","floor":47,"turns":5},{"damage":0,"enemies":"Nemesis","floor":48,"turns":5},{"damage":0,"enemies":"hubris:GrandSnecko","floor":50,"turns":6}],"seed_played":"-3840041489258076817","potions_obtained":[{"floor":0.0,"key":"Swift Potion"},{"floor":0.0,"key":"SmokeBomb"},{"floor":0.0,"key":"Fruit Juice"},{"floor":1.0,"key":"FearPotion"},{"floor":5.0,"key":"Ancient Potion"},{"floor":11.0,"key":"EssenceOfSteel"},{"floor":23,"key":"ColorlessPotion"},{"floor":25,"key":"Fire Potion"},{"floor":28,"key":"EssenceOfSteel"},{"floor":36,"key":"Energy Potion"},{"floor":38,"key":"DistilledChaos"},{"floor":47,"key":"DistilledChaos"}],"is_trial":false,"path_per_floor":["M","M","$","?","?","E","M","R","T","E","M","E","M","M","R","B",null,"M","$","?","M","?","E","T","E","T","R","M","E","R","?","R","B",null,"M","M","$","M","?","R","E","R","T","E","R","E","M","E","R","B",null],"character_chosen":"Hololive_HololiveCharacter","items_purchased":["Hololive_RevenueBasedLive","hubris:BottledRain","Orichalcum","War Paint"],"campfire_rested":0,"item_purchase_floors":[3,19,19,37],"current_hp_per_floor":[37,37,37,37,37,37,37,37,37,37,35,35,35,35,35,35,39,39,39,39,39,39,39,39,39,39,39,39,39,39,39,39,39,40,39,39,39,39,39,39,39,39,39,39,39,40,40,40,40,40],"gold":743,"neow_bonus":"THREE_SMALL_POTIONS","is_daily":false,"chose_seed":false,"campfire_upgraded":5,"win_rate":0.0,"timestamp":1612098347,"path_taken":["M","M","$","?","?","E","M","R","T","E","?","E","M","M","R","BOSS","M","$","?","M","?","E","?","E","T","R","?","E","R","?","R","BOSS","M","?","$","M","?","R","E","R","T","E","R","E","M","E","R","BOSS"],"items_purchased_type":["Card","Relic","Relic","Relic"],"build_version":"2020-12-22","purchased_purges":1,"victory":true,"max_hp_per_floor":[40,40,40,40,40,40,40,40,40,40,40,40,40,40,40,40,40,40,40,40,40,40,40,40,40,40,40,40,40,40,40,40,40,40,40,40,40,40,40,40,40,40,40,40,40,40,40,40,40,40],"card_choices":[{"not_picked":["Hololive_OvertimeWork","Hololive_CallHoshimachiSuisei","Hololive_CallUruhaRushia"],"picked":"Hololive_Rebound","floor":1.0},{"not_picked":["Hololive_Sequa","Hololive_FlyingPonyTail","Hololive_StrengthChampion"],"picked":"Hololive_CallOzoraSubaru","floor":2.0},{"not_picked":["Hololive_CallMomosuzuNene","Hololive_CallNekomataOkayu","Hololive_FlyingPonyTail"],"picked":"Hololive_CallMinatoAqua","floor":5.0},{"not_picked":["Hololive_Rebound","Hololive_CallMurasakiShion","Hololive_CallHoshimachiSuisei"],"picked":"Hololive_CocoNews","floor":6.0},{"not_picked":["Hololive_CallNekomataOkayu","Hololive_CallTsunomakiWatame","Hololive_CallAmaneKanata"],"picked":"Hololive_Drill","floor":7.0},{"not_picked":["Hololive_HighAtkLowDef","Hololive_CallMinatoAqua","Hololive_CallYozoraMel"],"picked":"Hololive_CallShiroganeNoel","floor":10.0},{"not_picked":["Hololive_Trident","Hololive_CallNatsuiroMatsuri","Hololive_OvertimeWork"],"picked":"Hololive_CocoNews","floor":11.0},{"not_picked":["Hololive_ScarfAndHalo","Hololive_StarCraft"],"picked":"Hololive_DDD","floor":12.0},{"not_picked":["Hololive_CocoNews","Hololive_CallMurasakiShion","Hololive_LuckPotion"],"picked":"Hololive_CallAkaiHaato","floor":12.0},{"not_picked":["Hololive_CallArtia","Hololive_CallKiryuuCoco","Hololive_RevenueBasedLive"],"picked":"Hololive_Drill","floor":13.0},{"not_picked":["Hololive_CallAkiRosenthal","Hololive_HuntDinosaur","Hololive_CallYozoraMel"],"picked":"Hololive_ILoveYou","floor":14.0},{"not_picked":["Hololive_ScarfAndHalo","Hololive_DDD","Hololive_WolfAndLamb"],"picked":"Hololive_StarCraft","floor":16.0},{"not_picked":["Hololive_Drill","Hololive_CallTsunomakiWatame+1","Hololive_CallCivia+1"],"picked":"Hololive_FlyingPonyTail+1","floor":18.0},{"not_picked":["Hololive_LuckPotion","Hololive_CallAkaiHaato+1","Hololive_RevenueBasedLive"],"picked":"Hololive_Psychosis","floor":21},{"not_picked":["Hololive_CallTokoyamiTowa","Hololive_Trident+1","Hololive_CallDoris"],"picked":"Hololive_Breathe+1","floor":23},{"not_picked":["Hololive_Sequa","Hololive_ILoveYou+1","Hololive_CocoNews+1"],"picked":"Hololive_LuckPotion","floor":25},{"not_picked":["Hololive_CallAkaiHaato","Hololive_OvertimeWork+1","Hololive_Breathe"],"picked":"Hololive_StrengthChampion","floor":28},{"not_picked":["Hololive_CocoNews","Hololive_CandyCastle+1","Hololive_OpenUp"],"picked":"Hololive_StrengthChampion","floor":29},{"not_picked":["Hololive_Nanodesu","Hololive_DDD","Hololive_Recruit"],"picked":"Hololive_DurableLive","floor":33},{"not_picked":["Hololive_RevenueBasedLive+1","Hololive_Trident+1","Hololive_Sequa"],"picked":"Hololive_HuntDinosaur+1","floor":35},{"not_picked":["Hololive_ILoveYou+1","Hololive_OvertimeWork","Hololive_CallRoboco"],"picked":"Hololive_LuckPotion+1","floor":36},{"not_picked":["Hololive_HuntDinosaur","Hololive_FlyingPonyTail","Hololive_LuckPotion"],"picked":"Hololive_CocoNews+1","floor":38},{"not_picked":["Hololive_FlyingPonyTail+1","Hololive_CocoNews","Hololive_Psychosis+1"],"picked":"Hololive_Nanodesu","floor":41},{"not_picked":["Hololive_CallTokoyamiTowa","Hololive_Trident+1","Hololive_Breathe+1"],"picked":"Hololive_FlyingPonyTail+1","floor":44},{"not_picked":["Hololive_ILoveYou+1","Hololive_Rebound+1","Hololive_Drill"],"picked":"Hololive_CallOmaruPolka","floor":46},{"not_picked":["Hololive_Rebound+1","Hololive_Trident+1","Hololive_LuckPotion+1"],"picked":"Hololive_CallHimemoriLuna","floor":47},{"not_picked":["Hololive_StrengthChampion+1","Hololive_LuckPotion+1","Hololive_CallSpadeEcho+1"],"picked":"Hololive_CallManoAloe","floor":48}],"player_experience":328647,"relics_obtained":[{"floor":5.0,"key":"The Courier"},{"floor":6.0,"key":"Bottled Tornado"},{"floor":9.0,"key":"conspire:DeflatedDodgeball"},{"floor":10.0,"key":"hubris:AstralHammer"},{"floor":12.0,"key":"conspire:GiftBox"},{"floor":23,"key":"CaptainsWheel"},{"floor":24,"key":"hubris:DeckOfHolding"},{"floor":25,"key":"InkBottle"},{"floor":26,"key":"Shovel"},{"floor":29,"key":"Lantern"},{"floor":30,"key":"Gremlin Horn"},{"floor":32,"key":"Whetstone"},{"floor":40,"key":"hubris:TinFlute"},{"floor":41,"key":"conspire:DecoderRing"},{"floor":43,"key":"Toxic Egg 2"},{"floor":44,"key":"Blood Vial"},{"floor":45,"key":"Toy Ornithopter"},{"floor":46,"key":"Old Coin"},{"floor":48,"key":"TungstenRod"}],"event_choices":[{"cards_removed":["Hololive_Strike"],"damage_healed":0.0,"max_hp_gain":0.0,"max_hp_loss":0.0,"gold_gain":0.0,"event_name":"The Cleric","player_choice":"Card Removal","floor":4.0,"gold_loss":50.0,"damage_taken":0.0},{"cards_removed":["Hololive_Strike"],"damage_healed":0,"gold_gain":0,"player_choice":"Gave Gold","damage_taken":0,"max_hp_gain":0,"max_hp_loss":0,"event_name":"Beggar","floor":22,"gold_loss":75},{"damage_healed":0,"gold_gain":0,"player_choice":"Cursed","damage_taken":0,"max_hp_gain":0,"max_hp_loss":0,"event_name":"Wheel of Change","floor":31,"gold_loss":0,"cards_obtained":["Decay"]},{"damage_healed":0,"gold_gain":0,"player_choice":"Leave","damage_taken":0,"max_hp_gain":0,"max_hp_loss":0,"event_name":"conspire:Investor","floor":39,"gold_loss":0}],"is_beta":false,"boss_relics":[{"not_picked":["hubris:HollowSoul","conspire:SlowCooker"],"picked":"conspire:SpecialSausage"},{"not_picked":["Cursed Key","Velvet Choker"],"picked":"Hololive_Finger"}],"items_purged_floors":[37],"is_endless":false,"potions_floor_spawned":[1,5,10,11,14,16,21,23,25,28,36,38,47,48],"ascension_level":7}}