{"host":"5kirneupyg4uzd3w","time":1612089171,"event":{"mods":["BaseMod","Colored Map","Custom Start","Minty Spire (QoL Compilation)","StSLib","SuperFastMode"],"gold_per_floor":[112,112,132,45,45,78,78,78,78,94,122,122,122,154,154,228,228,247,34,34,34,51,51,51],"floor_reached":23,"language":"KOR","playtime":653,"items_purged":[],"score":440,"play_id":"dd27e3d4-60dc-46de-9da1-54d4b8adb5ae","local_time":"20210131193251","is_ascension_mode":true,"campfire_choices":[{"data":"Body Slam","floor":7.0,"key":"SMITH"},{"data":"Inflame","floor":12.0,"key":"SMITH"},{"data":"Heavy Blade","floor":15.0,"key":"SMITH"}],"circlet_count":0,"master_deck":["AscendersBane","Bash","Shrug It Off","Pommel Strike","Inflame+1","Body Slam+1","Wild Strike","Heavy Blade+1","Carnage","Limit Break","Anger","Inflame","Havoc","Power Through","Combust","Battle Trance","Berserk","Shockwave"],"relics":["Burning Blood","NeowsBlessing","Art of War","The Courier","Odd Mushroom","Pear","Pandora\u0027s Box","Mummified Hand"],"acts_visited":["Exordium","TheCity"],"potions_floor_usage":[],"damage_taken":[{"damage":0.0,"enemies":"Small Slimes","floor":1.0,"turns":1.0},{"damage":0.0,"enemies":"Cultist","floor":3.0,"turns":1.0},{"damage":0.0,"enemies":"Gremlin Nob","floor":6.0,"turns":1.0},{"damage":9.0,"enemies":"Jaw Worm","floor":10.0,"turns":4.0},{"damage":8.0,"enemies":"The Mushroom Lair","floor":11.0,"turns":4.0},{"damage":12.0,"enemies":"Lagavulin","floor":14.0,"turns":4.0},{"damage":73.0,"enemies":"The Guardian","floor":16.0,"turns":13.0},{"damage":21.0,"enemies":"3 Byrds","floor":18.0,"turns":4.0},{"damage":14.0,"enemies":"Spheric Guardian","floor":22.0,"turns":3.0},{"damage":76,"enemies":"Book of Stabbing","floor":23,"turns":4}],"seed_played":"4136712588295493940","potions_obtained":[{"floor":1.0,"key":"FairyPotion"},{"floor":2.0,"key":"GamblersBrew"},{"floor":18.0,"key":"SmokeBomb"},{"floor":22.0,"key":"Dexterity Potion"}],"is_trial":false,"path_per_floor":["M","?","M","$","?","E","R","$","T","M","?","R","?","E","R","B",null,"M","$","?","?","M","E"],"character_chosen":"IRONCLAD","items_purchased":["Inflame","Mummified Hand"],"campfire_rested":0,"item_purchase_floors":[4,19],"current_hp_per_floor":[74,74,75,75,75,75,75,75,75,72,70,70,70,74,74,7,66,51,51,51,51,43,0,0],"gold":51,"neow_bonus":"THREE_ENEMY_KILL","is_daily":false,"chose_seed":false,"campfire_upgraded":3,"win_rate":0.0,"timestamp":1612089171,"path_taken":["M","?","?","$","?","E","R","$","T","M","?","R","?","E","R","BOSS","M","$","?","?","M","E"],"items_purchased_type":["Card","Relic"],"build_version":"2020-12-22","purchased_purges":0,"victory":false,"max_hp_per_floor":[75,75,75,75,75,75,75,75,75,75,75,75,75,85,85,85,85,85,85,85,85,85,85,85],"card_choices":[{"not_picked":["Battle Trance","Clothesline"],"picked":"Shrug It Off","floor":1.0},{"not_picked":["Flex","Clothesline"],"picked":"Pommel Strike","floor":3.0},{"not_picked":["Infernal Blade","Rage"],"picked":"Body Slam","floor":6.0},{"not_picked":["Clothesline","Headbutt"],"picked":"Wild Strike","floor":10.0},{"not_picked":["Rampage","Dark Embrace"],"picked":"Heavy Blade","floor":11.0},{"not_picked":["Perfected Strike","Armaments"],"picked":"Carnage","floor":14.0},{"not_picked":["Corruption","Barricade"],"picked":"Limit Break","floor":16.0},{"not_picked":["Intimidate","Perfected Strike"],"picked":"Shockwave","floor":18.0},{"not_picked":["Wild Strike","Iron Wave","Cleave+1"],"picked":"SKIP","floor":22.0}],"player_experience":290957,"relics_obtained":[{"floor":6.0,"key":"Art of War"},{"floor":9.0,"key":"The Courier"},{"floor":11.0,"key":"Odd Mushroom"},{"floor":14.0,"key":"Pear"}],"event_choices":[{"damage_healed":0.0,"max_hp_gain":0.0,"max_hp_loss":0.0,"gold_gain":0.0,"event_name":"Lab","player_choice":"Got Potions","floor":2.0,"gold_loss":0.0,"damage_taken":0.0},{"damage_healed":0.0,"max_hp_gain":0.0,"max_hp_loss":0.0,"gold_gain":0.0,"event_name":"The Cleric","player_choice":"Leave","floor":5.0,"gold_loss":0.0,"damage_taken":0.0},{"damage_healed":0.0,"max_hp_gain":0.0,"max_hp_loss":0.0,"gold_gain":0.0,"event_name":"Mushrooms","player_choice":"Fought Mushrooms","floor":11.0,"gold_loss":0.0,"damage_taken":0.0},{"cards_removed":["Strike_R"],"damage_healed":0.0,"max_hp_gain":0.0,"max_hp_loss":0.0,"gold_gain":0.0,"event_name":"Bonfire Elementals","player_choice":"Offered Basic","floor":13.0,"gold_loss":0.0,"damage_taken":0.0},{"damage_healed":0.0,"max_hp_gain":0.0,"max_hp_loss":0.0,"gold_gain":0.0,"event_name":"The Mausoleum","player_choice":"Ignored","floor":20.0,"gold_loss":0.0,"damage_taken":0.0},{"cards_removed":["Rampage"],"damage_healed":0.0,"max_hp_gain":0.0,"max_hp_loss":0.0,"gold_gain":0.0,"event_name":"Back to Basics","player_choice":"Elegance","floor":21.0,"gold_loss":0.0,"damage_taken":0.0}],"is_beta":false,"boss_relics":[{"not_picked":["Busted Crown","Sozu"],"picked":"Pandora\u0027s Box"}],"items_purged_floors":[],"is_endless":false,"potions_floor_spawned":[1,3,6,18,22],"killed_by":"Book of Stabbing","ascension_level":20}}