{"host":"l5zfpd2l2htson6l","time":1612091375,"event":{"mods":["AchievementEnabler","BaseMod","Colored Map","Colored Powertips","Minty Spire (QoL Compilation)","Permanent Neow","Quick Restart","Rare Cards Sparkle","Relic Stats","SuperFastMode"],"gold_per_floor":[112,112,131,143,154,154,179,179,179,189,189,189,216,226,226,298,298,310,324,341,341,351,351,380,380,430,441,454,487,165,178,178,254,254,268,284,284,284,559,590,590,23,23,54,67,92,92,105,105,105,105,105,30,55,55],"floor_reached":56,"language":"ENG","playtime":3666,"items_purged":["Regret"],"score":2026,"play_id":"f235a07c-9d63-465c-9359-b6dace718103","local_time":"20210131030935","is_ascension_mode":true,"campfire_choices":[{"data":"Bash","floor":6.0,"key":"SMITH"},{"floor":8.0,"key":"REST"},{"floor":12.0,"key":"REST"},{"floor":15.0,"key":"REST"},{"floor":23.0,"key":"REST"},{"floor":25.0,"key":"REST"},{"floor":32.0,"key":"REST"},{"data":"Clothesline","floor":41.0,"key":"SMITH"},{"floor":49.0,"key":"RECALL"},{"floor":52.0,"key":"REST"}],"circlet_count":0,"master_deck":["AscendersBane","Bash+1","Hemokinesis+1","Metallicize","Thunderclap","Twin Strike","Carnage","Burning Pact+1","Bludgeon","Sentinel+1","Brutality","Inflame","Twin Strike","Power Through+1","Battle Trance+1","Battle Trance+1","Limit Break+1","Pommel Strike","Spot Weakness+1","Wild Strike","Disarm+1","Flame Barrier+1","Double Tap+1","Shrug It Off+1","Disarm+1","Evolve+1","Immolate","Feed","Barricade","Feel No Pain+1","Burning Pact+1","Clothesline+1","Sentinel+1","Shrug It Off+1","Disarm+1","Offering+1","Panacea+1","Shockwave+1"],"relics":["Mark of Pain","Mercury Hourglass","Toxic Egg 2","Letter Opener","Pandora\u0027s Box","Lantern","Happy Flower","Mango","MealTicket","Philosopher\u0027s Stone","Paper Frog","DollysMirror","Pantograph","War Paint","Gambling Chip","CaptainsWheel"],"acts_visited":["Exordium","TheCity","TheBeyond","TheEnding"],"potions_floor_usage":[55,55],"damage_taken":[{"damage":11.0,"enemies":"Jaw Worm","floor":1.0,"turns":4.0},{"damage":2.0,"enemies":"2 Louse","floor":3.0,"turns":2.0},{"damage":5.0,"enemies":"Cultist","floor":4.0,"turns":3.0},{"damage":9.0,"enemies":"Exordium Wildlife","floor":5.0,"turns":4.0},{"damage":20.0,"enemies":"3 Sentries","floor":7.0,"turns":8.0},{"damage":7.0,"enemies":"2 Fungi Beasts","floor":10.0,"turns":3.0},{"damage":14.0,"enemies":"Lagavulin","floor":13.0,"turns":5.0},{"damage":13.0,"enemies":"3 Louse","floor":14.0,"turns":2.0},{"damage":22.0,"enemies":"The Guardian","floor":16.0,"turns":8.0},{"damage":22.0,"enemies":"2 Thieves","floor":18.0,"turns":4.0},{"damage":2.0,"enemies":"Chosen","floor":19.0,"turns":3.0},{"damage":12.0,"enemies":"Snake Plant","floor":20.0,"turns":2.0},{"damage":6.0,"enemies":"Cultist and Chosen","floor":22.0,"turns":6.0},{"damage":7.0,"enemies":"Gremlin Leader","floor":24.0,"turns":4.0},{"damage":12.0,"enemies":"3 Cultists","floor":27.0,"turns":4.0},{"damage":0.0,"enemies":"Centurion and Healer","floor":28.0,"turns":4.0},{"damage":17.0,"enemies":"Slavers","floor":29.0,"turns":4.0},{"damage":2.0,"enemies":"Snake Plant","floor":31.0,"turns":3.0},{"damage":33.0,"enemies":"Champ","floor":33.0,"turns":8.0},{"damage":4.0,"enemies":"Orb Walker","floor":35.0,"turns":2.0},{"damage":1.0,"enemies":"3 Shapes","floor":36.0,"turns":5.0},{"damage":19.0,"enemies":"Giant Head","floor":40.0,"turns":7.0},{"damage":29.0,"enemies":"Nemesis","floor":44.0,"turns":7.0},{"damage":10.0,"enemies":"Sphere and 2 Shapes","floor":45.0,"turns":5.0},{"damage":0.0,"enemies":"Mind Bloom Boss Battle","floor":46.0,"turns":5.0},{"damage":19.0,"enemies":"Spire Growth","floor":48.0,"turns":6.0},{"damage":39.0,"enemies":"Time Eater","floor":50.0,"turns":9.0},{"damage":59,"enemies":"Shield and Spear","floor":54,"turns":5},{"damage":32,"enemies":"The Heart","floor":55,"turns":8}],"seed_played":"-7652947907077444053","potions_obtained":[{"floor":3.0,"key":"AttackPotion"},{"floor":10.0,"key":"HeartOfIron"},{"floor":14.0,"key":"ColorlessPotion"},{"floor":18.0,"key":"EssenceOfSteel"},{"floor":22.0,"key":"Explosive Potion"},{"floor":24.0,"key":"SpeedPotion"},{"floor":27.0,"key":"GamblersBrew"},{"floor":29.0,"key":"Regen Potion"},{"floor":35.0,"key":"BlessingOfTheForge"},{"floor":40.0,"key":"AttackPotion"},{"floor":45.0,"key":"Explosive Potion"},{"floor":54,"key":"DistilledChaos"}],"is_trial":false,"path_per_floor":["M","?","M","M","M","R","E","R","T","M","?","R","E","M","R","B",null,"M","M","M","?","M","R","E","R","T","M","M","E","$","M","R","B",null,"M","M","?","?","?","E","R","$","T","E","M","?","?","M","R","B",null,"R","$","E","B",null],"character_chosen":"IRONCLAD","items_purchased":["Immolate","MealTicket","DollysMirror","Pantograph","Shrug It Off+1","Shockwave+1"],"campfire_rested":7,"item_purchase_floors":[30,30,42,42,42,53],"current_hp_per_floor":[57,57,55,50,41,41,21,43,43,36,36,58,44,31,53,31,64,42,40,28,28,22,44,37,59,59,47,47,44,44,42,68,53,82,78,80,80,80,80,61,61,76,76,50,40,68,58,42,42,31,84,102,102,43,36],"gold":55,"neow_bonus":"BOSS_RELIC","is_daily":false,"chose_seed":false,"campfire_upgraded":2,"win_rate":0.0,"timestamp":1612091375,"path_taken":["M","?","M","M","M","R","E","R","T","M","?","R","E","M","R","BOSS","M","M","M","?","M","R","E","R","T","M","M","E","$","M","R","BOSS","M","M","?","?","?","E","R","$","T","E","?","?","?","M","R","BOSS","R","$","E","BOSS"],"items_purchased_type":["Card","Relic","Relic","Relic","Card","Card"],"build_version":"2020-12-22","purchased_purges":1,"victory":true,"max_hp_per_floor":[75,75,75,75,75,75,75,75,75,75,75,75,75,75,75,75,75,75,75,75,75,75,75,75,75,75,75,75,89,89,89,89,92,92,92,95,95,90,90,90,90,90,90,93,93,96,96,99,99,102,102,102,102,102,102],"relic_stats":{"Happy Flower":[27],"counters":[29,139],"Pantograph":75,"Gambling Chip":[10],"Pandora\u0027s Box":["Inflame","Twin Strike","Power Through","Battle Trance","Battle Trance","Limit Break","Pommel Strike","Spot Weakness","Wild Strike"],"MealTicket":15,"Letter Opener":[233],"War Paint":[],"obtain_stats":[{"Lantern":24,"Happy Flower":26,"Mango":29,"Letter Opener":13,"War Paint":44,"Burning Blood":0,"Mercury Hourglass":7,"CaptainsWheel":54,"DollysMirror":42,"Pantograph":42,"Gambling Chip":46,"Pandora\u0027s Box":17,"MealTicket":30,"Philosopher\u0027s Stone":34,"Mark of Pain":0,"Toxic Egg 2":9,"Paper Frog":40},{"Lantern":14,"Happy Flower":14,"Mango":17,"Letter Opener":7,"War Paint":23,"Burning Blood":0,"Mercury Hourglass":5,"CaptainsWheel":28,"DollysMirror":22,"Pantograph":22,"Gambling Chip":25,"Pandora\u0027s Box":9,"MealTicket":17,"Philosopher\u0027s Stone":19,"Mark of Pain":0,"Toxic Egg 2":5,"Paper Frog":22},{"Lantern":58,"Happy Flower":58,"Mango":70,"Letter Opener":29,"War Paint":102,"Burning Blood":0,"Mercury Hourglass":21,"CaptainsWheel":131,"DollysMirror":95,"Pantograph":95,"Gambling Chip":111,"Pandora\u0027s Box":39,"MealTicket":70,"Philosopher\u0027s Stone":81,"Mark of Pain":0,"Toxic Egg 2":21,"Paper Frog":95}],"Mercury Hourglass":[423]},"card_choices":[{"not_picked":["Flex","Anger"],"picked":"Hemokinesis","floor":1.0},{"not_picked":["Body Slam","Clash"],"picked":"Metallicize","floor":3.0},{"not_picked":["Body Slam","Anger"],"picked":"Thunderclap","floor":4.0},{"not_picked":["Anger","Body Slam"],"picked":"Twin Strike","floor":5.0},{"not_picked":["Thunderclap","Cleave"],"picked":"Carnage","floor":7.0},{"not_picked":["Pommel Strike","Evolve"],"picked":"Burning Pact+1","floor":10.0},{"not_picked":["Searing Blow","Twin Strike"],"picked":"Bludgeon","floor":13.0},{"not_picked":["Twin Strike","Cleave"],"picked":"Sentinel+1","floor":14.0},{"not_picked":["Juggernaut","Berserk"],"picked":"Brutality","floor":16.0},{"not_picked":["Rampage","Flex+1","Anger"],"picked":"SKIP","floor":18.0},{"not_picked":["Iron Wave+1","Armaments+1","Wild Strike"],"picked":"SKIP","floor":19.0},{"not_picked":["Perfected Strike","Thunderclap+1","Cleave+1"],"picked":"SKIP","floor":20.0},{"not_picked":["Perfected Strike","Anger"],"picked":"Flame Barrier+1","floor":22.0},{"not_picked":["Disarm+1","Blood for Blood"],"picked":"Double Tap+1","floor":24.0},{"not_picked":["Twin Strike","Headbutt"],"picked":"Shrug It Off+1","floor":27.0},{"not_picked":["Pommel Strike","Burning Pact+1"],"picked":"Disarm+1","floor":28.0},{"not_picked":["Havoc+1","Wild Strike"],"picked":"Evolve+1","floor":29.0},{"not_picked":["Perfected Strike","Wild Strike+1"],"picked":"Feed","floor":31.0},{"not_picked":["Juggernaut","Feed"],"picked":"Barricade","floor":33.0},{"not_picked":["Pommel Strike+1","True Grit+1"],"picked":"Feel No Pain+1","floor":35.0},{"not_picked":["Seeing Red+1","Havoc+1"],"picked":"Burning Pact+1","floor":36.0},{"not_picked":["Cleave","Burning Pact+1"],"picked":"Clothesline","floor":40.0},{"not_picked":["Clash","Sword Boomerang+1"],"picked":"Disarm+1","floor":44.0},{"not_picked":["Hemokinesis+1","Evolve"],"picked":"Offering+1","floor":45.0},{"not_picked":["Mind Blast","Panache"],"picked":"Panacea+1","floor":47.0},{"not_picked":["Havoc+1","Anger","Wild Strike+1"],"picked":"SKIP","floor":48.0},{"not_picked":["Flex+1","Bludgeon","Body Slam"],"picked":"SKIP","floor":54}],"player_experience":798292,"relics_obtained":[{"floor":7.0,"key":"Mercury Hourglass"},{"floor":9.0,"key":"Toxic Egg 2"},{"floor":13.0,"key":"Letter Opener"},{"floor":24.0,"key":"Lantern"},{"floor":26.0,"key":"Happy Flower"},{"floor":29.0,"key":"Mango"},{"floor":40.0,"key":"Paper Frog"},{"floor":44.0,"key":"War Paint"},{"floor":46.0,"key":"Gambling Chip"},{"floor":54,"key":"CaptainsWheel"}],"event_choices":[{"damage_healed":0.0,"max_hp_gain":0.0,"max_hp_loss":0.0,"gold_gain":0.0,"event_name":"Living Wall","player_choice":"Grow","floor":2.0,"gold_loss":0.0,"damage_taken":0.0,"cards_upgraded":["Hemokinesis"]},{"damage_healed":0.0,"max_hp_gain":0.0,"max_hp_loss":0.0,"gold_gain":0.0,"event_name":"Liars Game","player_choice":"Ignored","floor":11.0,"gold_loss":0.0,"damage_taken":0.0},{"damage_healed":0.0,"max_hp_gain":0.0,"max_hp_loss":0.0,"gold_gain":0.0,"event_name":"The Library","player_choice":"Read","floor":21.0,"gold_loss":0.0,"damage_taken":0.0,"cards_obtained":["Disarm"]},{"damage_healed":0.0,"max_hp_gain":0.0,"max_hp_loss":0.0,"gold_gain":0.0,"event_name":"Tomb of Lord Red Mask","player_choice":"Ignored","floor":37.0,"gold_loss":0.0,"damage_taken":0.0},{"damage_healed":0.0,"max_hp_gain":0.0,"max_hp_loss":5.0,"gold_gain":0.0,"event_name":"Winding Halls","player_choice":"Max HP","floor":38.0,"gold_loss":0.0,"damage_taken":0.0},{"damage_healed":0.0,"max_hp_gain":0.0,"max_hp_loss":0.0,"gold_gain":275.0,"event_name":"Golden Shrine","player_choice":"Desecrate","floor":39.0,"gold_loss":0.0,"damage_taken":0.0,"cards_obtained":["Regret"]},{"damage_healed":0.0,"max_hp_gain":0.0,"max_hp_loss":0.0,"gold_gain":0.0,"event_name":"MindBloom","player_choice":"Fight","floor":46.0,"gold_loss":0.0,"damage_taken":0.0},{"damage_healed":0.0,"max_hp_gain":0.0,"max_hp_loss":0.0,"gold_gain":0.0,"event_name":"SensoryStone","player_choice":"Memory 3","floor":47.0,"gold_loss":0.0,"damage_taken":10.0}],"is_beta":false,"boss_relics":[{"not_picked":["Coffee Dripper","Sozu"],"picked":"Pandora\u0027s Box"},{"not_picked":["Velvet Choker","Astrolabe"],"picked":"Philosopher\u0027s Stone"}],"items_purged_floors":[42],"is_endless":false,"potions_floor_spawned":[3,10,14,18,22,24,27,29,31,35,40,45,48,54],"ascension_level":16}}