{"host":"mhk64yc8b8cafbgt","time":1612097828,"event":{"mods":["Act Like it!","Aspiration","BaseMod","BetterRewards","CapriCore","Downfall","Energized Spire","Friendly Minions","GifTheSpireLib","Gold Saver","Marked Mod","Minty Spire (QoL Compilation)","MostiFishMod","Quick Restart","Reliquary","Robot Space Explorer","RumiaBox-露米娅的神秘盒子","Ryuuou龙王","Shop Mod","Spicy Shops","StSLib","TestMod","Uncapped","[IsaacMod]以撒尖塔","noobMod","【功能Mod】混沌之环修复补丁","【遗物卡牌】REMEMod","残留之物"],"gold_per_floor":[1181,1214,1214,1233,65,65,65,65,93,93,127,276,290,343,354,455,455,155,171,220,220,32,52,103,139,139,12,46,79,108,9,43,168,168,168,179,179,179,73,126,150,205,250,259,286,286,299,311,322,322,322,375,38,38,38,38,38],"floor_reached":55,"language":"ZHS","playtime":4305,"items_purged":["hexamod:Defend","downfall:Icky","hexamod:FlamesFromBeyond","hexamod:Sear","hexamod:Strike+1","hexamod:Strike+1"],"score":1163,"play_id":"22ed6a3f-12f5-44e2-a95f-098f6e2cf7be","local_time":"20210131205708","is_ascension_mode":true,"campfire_choices":[{"floor":1.0,"key":"RECALL"},{"data":"BettingIsNotGood","floor":6.0,"key":"SMITH"},{"data":"hexamod:TimeOfNeed","floor":10.0,"key":"SMITH"},{"data":"hexamod:PhantomCloak","floor":18.0,"key":"SMITH"},{"data":"expansioncontent:DashGenerateEvil","floor":35.0,"key":"SMITH"},{"data":"hexamod:PhantomCloak","floor":46.0,"key":"SMITH"},{"data":"hexamod:PhantomCloak","floor":54,"key":"SMITH"}],"circlet_count":0,"master_deck":["hexamod:Defend+1","hexamod:Defend+1","hexamod:Float+1","BettingIsNotGood+1","REME_TheLastStrike+1","hexamod:TimeOfNeed+1","hexamod:StepThrough+1","hexamod:PhantomCloak+1","hexamod:TimeWarp","hexamod:GhostflameBarrier+1","hexamod:PhantomCloak+1","hexamod:PhantomCloak+1","hexamod:GhostOfSpireFuture","hexamod:GhostOfSpirePast","expansioncontent:DashGenerateEvil+1","hexamod:ForkedFlame","hexamod:RecurringNightmare+1"],"relics":["hexamod:SpiritBrand","REME_ComplimentaryCards","DaveBox","testmod-TestBox","HushsDoor","KeepersGift","ice","MerchantsRug","testmod-Charity","testmod-Alchemist","Habit","MealTicket","PillsDrop","SentryEyes","Transparent","downfall:HeartBlessingRed","downfall:HeartBlessingGreen","downfall:HeartBlessingBlue","Sundial","Smiling Mask","testmod-Acrobat","SteamSale","Potion Belt","Juzu Bracelet","hexamod:TheBrokenSeal","Omamori","Calipers","reliquary:Boomerang","Black Star","SynthV","Bag of Marbles","reliquary:Aerogel","REME_HandOfSuture","HowToJump","testmod-ArcanaOfDestiny","Anchor","reliquary:ExpiredCoupon","aspiration:FrozenJewel","Shuriken","Strawberry","testmod-LifeArmor"],"acts_visited":["Exordium","TheCity","TheBeyond","TheEnding"],"potions_floor_usage":[55,55,55,55,55,55,55,55,55,55,55,55],"damage_taken":[{"damage":2.0,"enemies":"Jaw Worm","floor":2.0,"turns":3.0},{"damage":4.0,"enemies":"2 Louse","floor":4.0,"turns":3.0},{"damage":3.0,"enemies":"downfall:FleeingMerchant","floor":5.0,"turns":4.0},{"damage":49.0,"enemies":"3 Sentries","floor":9.0,"turns":7.0},{"damage":18.0,"enemies":"Lagavulin","floor":11.0,"turns":5.0},{"damage":0.0,"enemies":"Small Slimes","floor":13.0,"turns":3.0},{"damage":25.0,"enemies":"3 Sentries","floor":14.0,"turns":5.0},{"damage":5.0,"enemies":"Gremlin Gang","floor":15.0,"turns":2.0},{"damage":23.0,"enemies":"SI_SHIV_ARCHETYPE","floor":16.0,"turns":5.0},{"damage":36.0,"enemies":"3 Byrds","floor":19.0,"turns":2.0},{"damage":0.0,"enemies":"Hiden Room Battle","floor":20.0,"turns":1.0},{"damage":19.0,"enemies":"Chosen","floor":21.0,"turns":1.0},{"damage":60.0,"enemies":"downfall:FleeingMerchant","floor":22.0,"turns":4.0},{"damage":21.0,"enemies":"Centurion and Healer","floor":23.0,"turns":3.0},{"damage":102.0,"enemies":"REME_1_Revenger","floor":25.0,"turns":3.0},{"damage":96.0,"enemies":"Gremlin Leader","floor":28.0,"turns":3.0},{"damage":63.0,"enemies":"Snake Plant","floor":29.0,"turns":2.0},{"damage":71.0,"enemies":"Slavers","floor":30.0,"turns":2.0},{"damage":71.0,"enemies":"3 Cultists","floor":32.0,"turns":2.0},{"damage":120.0,"enemies":"IC_MUSHROOM_ARCHETYPE","floor":33.0,"turns":3.0},{"damage":78.0,"enemies":"Orb Walker","floor":36.0,"turns":2.0},{"damage":121.0,"enemies":"Nemesis","floor":42.0,"turns":3.0},{"damage":383.0,"enemies":"3 Shapes","floor":43.0,"turns":2.0},{"damage":389.0,"enemies":"Writhing Mass","floor":44.0,"turns":2.0},{"damage":481.0,"enemies":"Reptomancer","floor":45.0,"turns":3.0},{"damage":393.0,"enemies":"Maw","floor":47.0,"turns":2.0},{"damage":284.0,"enemies":"Jaw Worm Horde","floor":48.0,"turns":2.0},{"damage":436.0,"enemies":"Writhing Mass","floor":49.0,"turns":2.0},{"damage":446.0,"enemies":"DF_ARCHETYPE_ORBS","floor":50.0,"turns":2.0},{"damage":523.0,"enemies":"downfall:CharBossMerchant","floor":52.0,"turns":3.0},{"damage":1624,"enemies":"downfall:NeowBoss","floor":55,"turns":22}],"seed_played":"3079892473365390886","potions_obtained":[{"floor":2.0,"key":"Strength Potion"},{"floor":5.0,"key":"FairyPotion"},{"floor":9.0,"key":"FearPotion"},{"floor":9.0,"key":"FearPotion"},{"floor":11.0,"key":"PlaceholderMod:PlaceholderPotion"},{"floor":11.0,"key":"REME_GoldPotion"},{"floor":14.0,"key":"FairyPotion"},{"floor":14.0,"key":"AttackPotion"},{"floor":16.0,"key":"hexamod:EctoCoolerPotion"},{"floor":19.0,"key":"SpeedPotion"},{"floor":23.0,"key":"EntropicBrew"},{"floor":23.0,"key":"DistilledChaos"},{"floor":25.0,"key":"REME_GoldPotion"},{"floor":29.0,"key":"PowerPotion"},{"floor":33.0,"key":"SkillPotion"},{"floor":36.0,"key":"PowerPotion"},{"floor":45.0,"key":"AttackPotion"}],"is_trial":false,"path_per_floor":["R","M","?","M","$","R","T","?","E","R","E","?","M","E","M","B",null,"R","M","?","M","$","M","T","E","?","$","E","M","E","$","M","B",null,"R","M","?","?","$","T","T","E","M","M","E","R","M","M","M","B",null,"E","$","R","B"],"character_chosen":"THE_SPIRIT","items_purchased":["MerchantsRug","hexamod:FifthSeal","testmod-Charity","reliquary:Buckler","testmod-Alchemist","Habit","testmod-Acrobat","SteamSale","Potion Belt","Juzu Bracelet","Calipers","hexamod:PhantomCloak","expansioncontent:DashGenerateEvil","SynthV","Bag of Marbles","aspiration:FrozenJewel","Shuriken","Strawberry","testmod-LifeArmor"],"campfire_rested":0,"item_purchase_floors":[5,5,5,5,5,5,22,22,22,22,27,27,31,39,39,53,53,53,53],"current_hp_per_floor":[63,61,61,57,54,54,54,54,26,26,19,20,21,15,11,62,75,85,95,96,96,107,118,119,142,142,146,156,163,178,179,187,201,196,196,199,199,199,199,200,201,213,213,216,225,225,238,241,246,259,259,265,274,274,0,0,0],"gold":38,"neow_bonus":"REMOVE_TWO","is_daily":false,"chose_seed":false,"campfire_upgraded":6,"win_rate":0.0,"timestamp":1612097828,"path_taken":["R","M","?","M","$","R","T","?","E","R","E","?","M","E","M","BOSS","R","M","?","M","$","M","T","E","?","?","E","M","E","$","M","BOSS","R","M","?","?","$","?","T","E","M","M","E","R","M","M","M","BOSS","E","$","R","BOSS"],"items_purchased_type":["Relic","Card","Relic","Relic","Relic","Relic","Relic","Relic","Relic","Relic","Relic","Card","Card","Relic","Relic","Relic","Relic","Relic","Relic"],"build_version":"2020-12-22","purchased_purges":6,"victory":false,"max_hp_per_floor":[63,63,63,63,63,63,63,63,64,64,65,66,67,69,70,75,75,85,95,96,96,107,118,119,142,142,146,158,163,178,179,187,201,196,196,199,199,199,199,200,201,213,213,216,225,225,238,241,246,259,259,265,274,274,299,299,299],"card_choices":[{"not_picked":[],"picked":"BettingIsNotGood","floor":0.0},{"not_picked":["hexamod:FastForward","hexamod:NightmareStrike"],"picked":"hexamod:FourthSeal","floor":2.0},{"not_picked":["hexamod:Incineration","hexamod:GhostLash","hexamod:Again"],"picked":"SKIP","floor":4.0},{"not_picked":["hexamod:BacktrackSmack","hexamod:InspiringFlames"],"picked":"hexamod:FlamesFromBeyond","floor":5.0},{"not_picked":["hexamod:WildfireWeapon","hexamod:HauntingEcho"],"picked":"hexamod:TimeOfNeed","floor":9.0},{"not_picked":["hexamod:FirstSeal","hexamod:SecondSeal"],"picked":"hexamod:SixthSeal","floor":11.0},{"not_picked":["hexamod:SuperheatedStrike","hexamod:GhostflameInferno","hexamod:HauntingEcho"],"picked":"SKIP","floor":11.0},{"not_picked":["hexamod:SixthSeal","hexamod:SecondSeal"],"picked":"hexamod:FirstSeal","floor":13.0},{"not_picked":["hexamod:SuperheatedStrike","hexamod:PhantomFireball"],"picked":"hexamod:StepThrough","floor":13.0},{"not_picked":["hexamod:SwordOfDarkness","hexamod:ShieldOfDarkness","hexamod:GhostOfSpirePast"],"picked":"SKIP","floor":14.0},{"not_picked":["hexamod:NecessarySacrifice","hexamod:BurningTouch"],"picked":"hexamod:PhantomCloak","floor":15.0},{"not_picked":["hexamod:UnleashSpirits","hexamod:ForkedFlame"],"picked":"hexamod:TimeWarp","floor":16.0},{"not_picked":["hexamod:HeatShield+1","hexamod:NightmareGuise"],"picked":"hexamod:SecondSeal","floor":19.0},{"not_picked":["hexamod:Haunt","hexamod:BurningTouch"],"picked":"hexamod:GhostflameBarrier","floor":20.0},{"not_picked":["hexamod:SpectersWail","hexamod:SuperheatedStrike+1","hexamod:NightmareGuise"],"picked":"SKIP","floor":21.0},{"not_picked":["hexamod:FirstSeal","hexamod:SixthSeal"],"picked":"hexamod:ThirdSeal","floor":22.0},{"not_picked":["hexamod:CatchUp","hexamod:Hexaguard","hexamod:HeatShield"],"picked":"SKIP","floor":22.0},{"not_picked":["hexamod:AdvancingGuard","hexamod:Hexaguard"],"picked":"hexamod:PhantomCloak","floor":23.0},{"not_picked":["hexamod:SwordOfDarkness","hexamod:RadiantFlame","hexamod:HauntingEcho+1"],"picked":"SKIP","floor":23.0},{"not_picked":["hexamod:FourthSeal","hexamod:Firestarter","hexamod:NightmareGuise"],"picked":"SKIP","floor":25.0},{"not_picked":["hexamod:TimeWarp","hexamod:HauntingEcho"],"picked":"hexamod:GhostOfSpireFuture","floor":28.0},{"not_picked":["hexamod:SpectersWail","hexamod:Hexaguard"],"picked":"hexamod:GhostOfSpirePast","floor":29.0},{"not_picked":["hexamod:HeatShield","hexamod:SpectersWail","hexamod:SkipABeat"],"picked":"SKIP","floor":30.0},{"not_picked":["hexamod:TurnItUp","hexamod:BacktrackSmack","hexamod:GhostLash+1"],"picked":"SKIP","floor":32.0},{"not_picked":["hexamod:GiftsFromTheDead","hexamod:TimeOfNeed"],"picked":"hexamod:ForkedFlame","floor":33.0},{"not_picked":["hexamod:SwordOfDarkness+1","hexamod:RadiantFlame","hexamod:GhostLash+1"],"picked":"SKIP","floor":36.0},{"not_picked":["hexamod:SwordOfDarkness","hexamod:HauntingEcho+1","hexamod:ShieldOfDarkness"],"picked":"SKIP","floor":42.0},{"not_picked":["hexamod:GhostOfSpirePast+1","hexamod:HeatShield","hexamod:FlamesFromBeyond"],"picked":"SKIP","floor":43.0},{"not_picked":["hexamod:BurningTouch+1","hexamod:NightmareGuise+1","hexamod:Firestarter+1"],"picked":"SKIP","floor":44.0},{"not_picked":["hexamod:ChargedBarrage","hexamod:ExtraCrispy"],"picked":"hexamod:RecurringNightmare+1","floor":45.0},{"not_picked":["hexamod:RadiantFlame","hexamod:InspiringFlames","hexamod:NightmareGuise"],"picked":"SKIP","floor":47.0},{"not_picked":["hexamod:Firestarter+1","hexamod:HeatShield","hexamod:SpectersWail"],"picked":"SKIP","floor":48.0},{"not_picked":["hexamod:CatchUp","hexamod:SuperheatedStrike","hexamod:NecessarySacrifice"],"picked":"SKIP","floor":49.0},{"not_picked":["hexamod:PhantomCloak+1","hexamod:GhostOfSpirePast","hexamod:HeatShield+1"],"picked":"SKIP","floor":52.0}],"player_experience":357177,"relics_obtained":[{"floor":9.0,"key":"MealTicket"},{"floor":11.0,"key":"PillsDrop"},{"floor":14.0,"key":"SentryEyes"},{"floor":20.0,"key":"Sundial"},{"floor":20.0,"key":"Smiling Mask"},{"floor":24.0,"key":"reliquary:FerryPass"},{"floor":25.0,"key":"Omamori"},{"floor":28.0,"key":"reliquary:Boomerang"},{"floor":30.0,"key":"reliquary:WeakTea"},{"floor":40.0,"key":"reliquary:Aerogel"},{"floor":41.0,"key":"reliquary:TatteredRug"},{"floor":42.0,"key":"reliquary:PorcupineQuills"},{"floor":42.0,"key":"REME_HandOfSuture"},{"floor":45.0,"key":"HowToJump"},{"floor":45.0,"key":"testmod-ArcanaOfDestiny"},{"floor":52.0,"key":"Anchor"},{"floor":52.0,"key":"reliquary:ExpiredCoupon"}],"event_choices":[{"cards_removed":["hexamod:Strike"],"damage_healed":0.0,"max_hp_gain":0.0,"max_hp_loss":0.0,"gold_gain":0.0,"event_name":"The Cleric","player_choice":"Card Removal","floor":8.0,"gold_loss":0.0,"damage_taken":0.0},{"damage_healed":0.0,"max_hp_gain":0.0,"max_hp_loss":0.0,"gold_gain":0.0,"event_name":"HidenRoomEvent","player_choice":"Fight","floor":20.0,"gold_loss":0.0,"damage_taken":0.0},{"damage_healed":0.0,"max_hp_gain":0.0,"max_hp_loss":0.0,"gold_gain":0.0,"event_name":"给自己的盒子","player_choice":"Swap Relic","floor":37.0,"relics_lost":["War Paint"],"gold_loss":0.0,"damage_taken":0.0,"relics_obtained":["War Paint"]}],"is_beta":false,"boss_relics":[{"not_picked":["FixedStarFall","ExusiaiGun"],"picked":"Transparent"},{"not_picked":[]},{"not_picked":["Astrolabe","Fusion Hammer"],"picked":"Black Star"},{"not_picked":[]}],"items_purged_floors":[5,22,22,27,31,34],"is_endless":false,"potions_floor_spawned":[2,9,11,14,15,23,25,28,29,33,36,45],"killed_by":"downfall:NeowBoss","ascension_level":3}}