{"host":"h5acbxt0wmjo1kpm","time":1612093953,"event":{"mods":["2.2 Compatiblity","Act Like it!","AlwaysNeverKeys","Aspiration","Bard","Bartender","BaseMod","Better Third Choice","Colored Map","Downfall","Elementarium","Gensokyo","GifTheSpireLib","Hallownest","Marisa????????","Menagerie","Minty Spire (QoL Compilation)","Permanent Neow","Potionbrewer","Quick Restart","Relic Filter","Reliquary","Replay The Spire","Robot Space Explorer","RumiaBox-????????","Shade Mod","Spicy Shops","StSLib","Strawberry Spire","The Blackbeard","The Dragon Tamer","The Gatherer","The Hayseed","The Problem Sleuth","The Servant 0.9.4","Wandering Minibosses","Wide Potions"],"gold_per_floor":[99,119,133,63,63,82,82,76,87,87,107,894,358,387,407,506,506,506,517,89,164,182,217,272,272,372,402,419,397,414,414,426,531,531,331,20,30,47,47,60,60,88,188,205,221,236,136,151,170,170,170,198,76,76,76,76],"floor_reached":57,"language":"ENG","playtime":4897,"items_purged":["bronze:Strike","Grand Finale"],"score":1509,"play_id":"5faf4281-eada-4760-8019-d46d9bee9d3a","local_time":"20210131035233","is_ascension_mode":true,"campfire_choices":[{"data":"bronze:Replicate","floor":1,"key":"SMITH"},{"data":"Menagerie:MirarisWake","floor":10,"key":"SMITH"},{"data":"Limit Break","floor":18,"key":"SMITH"},{"data":"Disarm","floor":25,"key":"SMITH"},{"floor":35,"key":"RECALL"},{"data":"Battle Trance","floor":47,"key":"SMITH"},{"data":"Metallicize","floor":54,"key":"SMITH"}],"circlet_count":0,"master_deck":["bronze:Defend","bronze:Defend","bronze:Defend","bronze:Defend","bronze:Replicate+1","bronze:Goto","Heavy Blade","bronze:Refactor","Menagerie:WallOfBlossoms","Menagerie:MirarisWake+1","Sucker Punch","Poisoned Stab","Twin Strike","Feed","Disarm+1","Thunderclap","Flame Barrier","Flex+1","Master of Strategy","Limit Break+1","Metallicize+1","bronze:InfiniteBeams","bronze:Optimize","bronze:InfiniteLoop","bronze:DecaBeam","True Grit","bronze:ClassDefault","Limit Break","Corruption","Battle Trance+1","bronze:InfiniteBeams","Menagerie:MirarisWake+1","Heavy Blade+1","Exhume"],"relics":["aspiration:IroncladSkillbook","Cleaning_Rag","wanderingMiniBosses:MasterThiefsPresence","Guardian:BottledAnomaly","MealTicket","Mercury Hourglass","Black Star","Membership Card","ClockworkSouvenir","MagicDraw3","Guardian:PocketSentry","reliquary:SharkskinSheath","strawberrySpire:TinySteamboat","HornCleat","hexamod:BolsterEngine","reliquary:Bookmark","MagicDraw2","Bronze Scales","Replay:Bronze Core","downfall:HeartBlessingGreen","downfall:HeartBlessingBlue","hexamod:Sixitude","Toolbox","Pear","reliquary:TridentHead","Blood Vial","downfall:HeartBlessingRed","potionbrewer:Torch","Gremlin Food","Oddly Smooth Stone"],"acts_visited":["Menagerie:Menagerie","TheCity","TheBeyond","TheEnding"],"potions_floor_usage":[8,8,8,12,16,23,27,33,40,52],"damage_taken":[{"damage":0,"enemies":"Menagerie:WhisperingWraith","floor":2,"turns":3},{"damage":0,"enemies":"Menagerie:2_RABBITS","floor":3,"turns":4},{"damage":0,"enemies":"Menagerie:StygianBoar","floor":6,"turns":4},{"damage":10,"enemies":"Menagerie:3_RABBITS","floor":8,"turns":6},{"damage":0,"enemies":"Menagerie:BEAST_MAGE_AND_PROWLING_AMALGAM","floor":9,"turns":3},{"damage":0,"enemies":"Menagerie:MeltingSalamander","floor":11,"turns":4},{"damage":1,"enemies":"Menagerie:MENAGERIE_WILDLIFE","floor":12,"turns":5},{"damage":0,"enemies":"downfall:FleeingMerchant","floor":13,"turns":4},{"damage":0,"enemies":"Menagerie:Hydra","floor":14,"turns":4},{"damage":6,"enemies":"Menagerie:RedMage","floor":15,"turns":4},{"damage":7,"enemies":"DF_ARCHETYPE_STREAMLINE","floor":16,"turns":5},{"damage":6,"enemies":"Shell Parasite","floor":19,"turns":3},{"damage":0,"enemies":"downfall:FleeingMerchant","floor":20,"turns":4},{"damage":0,"enemies":"Spheric Guardian","floor":22,"turns":3},{"damage":16,"enemies":"Slavers","floor":23,"turns":3},{"damage":16,"enemies":"Slavers","floor":26,"turns":4},{"damage":5,"enemies":"Book of Stabbing","floor":27,"turns":4},{"damage":1,"enemies":"Centurion and Healer","floor":28,"turns":3},{"damage":0,"enemies":"downfall:FleeingMerchant","floor":29,"turns":4},{"damage":0,"enemies":"Snecko","floor":30,"turns":4},{"damage":0,"enemies":"Shelled Parasite and Fungi","floor":32,"turns":3},{"damage":0,"enemies":"WA_ARCHETYPE_CALM","floor":33,"turns":5},{"damage":4,"enemies":"Orb Walker","floor":37,"turns":4},{"damage":0,"enemies":"3 Darklings","floor":38,"turns":3},{"damage":15,"enemies":"Maw","floor":40,"turns":5},{"damage":2,"enemies":"R_Hoarder","floor":42,"turns":7},{"damage":0,"enemies":"Transient","floor":44,"turns":5},{"damage":0,"enemies":"4 Shapes","floor":45,"turns":1},{"damage":1,"enemies":"Jaw Worm Horde","floor":46,"turns":2},{"damage":10,"enemies":"Spire Growth","floor":48,"turns":4},{"damage":0,"enemies":"Writhing Mass","floor":49,"turns":3},{"damage":21,"enemies":"SI_POISON_ARCHETYPE","floor":50,"turns":4},{"damage":23,"enemies":"downfall:CharBossMerchant","floor":52,"turns":4},{"damage":0,"enemies":"downfall:NeowBoss","floor":55,"turns":5},{"damage":43,"enemies":"downfall:NeowBossFinal","floor":56,"turns":8}],"seed_played":"-8397257081184851541","potions_obtained":[{"floor":2,"key":"EntropicBrew"},{"floor":6,"key":"Strength Potion"},{"floor":15,"key":"potionbrewer:HastePotion"},{"floor":16,"key":"Doom Potion"},{"floor":19,"key":"Swift Potion"},{"floor":21,"key":"Explosive Potion"},{"floor":28,"key":"Energy Potion"},{"floor":30,"key":"SteroidPotion"},{"floor":33,"key":"SkillPotion"},{"floor":40,"key":"sneckomod:MuddlingPotion"},{"floor":42,"key":"ColorlessPotion"},{"floor":44,"key":"ColorlessPotion"},{"floor":49,"key":"SteroidPotion"}],"is_trial":false,"path_per_floor":["R","M","M","?","?","M","T","M","M","R","M","M","$","E","M","B",null,"R","M","$","?","M","E","T","R","?","E","M","$","M","$","M","B",null,"R","$","M","M","?","M","T","E","?","M","M","M","R","M","M","B",null,"E","$","R","B","B",null],"character_chosen":"THE_AUTOMATON","items_purchased":["Flex+1","Guardian:BottledAnomaly","MealTicket","Master of Strategy","Membership Card","ClockworkSouvenir","MagicDraw3","bronze:Optimize","hexamod:BolsterEngine","reliquary:Bookmark","MagicDraw2","Bronze Scales","hexamod:Sixitude","Battle Trance","Toolbox","Oddly Smooth Stone"],"campfire_rested":0,"item_purchase_floors":[13,13,13,13,20,20,20,20,29,29,29,29,36,36,36,53],"current_hp_per_floor":[70,70,70,70,70,70,70,64,68,68,70,70,70,70,71,68,73,73,71,73,55,62,53,53,53,44,43,49,71,78,91,94,97,97,107,107,107,111,74,63,73,78,78,84,90,98,98,94,104,92,134,115,130,130,134,95],"gold":76,"neow_bonus":"BOSS_RELIC","is_daily":false,"chose_seed":false,"campfire_upgraded":6,"win_rate":0.0,"timestamp":1612093953,"path_taken":["R","M","M","?","?","M","T","M","M","R","M","?","?","E","M","BOSS","R","M","?","?","?","E","T","R","?","E","M","$","M","$","M","BOSS","R","$","M","M","?","M","T","E","?","M","M","M","R","M","M","BOSS","E","$","R","BOSS","BOSS"],"items_purchased_type":["Card","Relic","Relic","Card","Relic","Relic","Relic","Card","Relic","Relic","Relic","Relic","Relic","Card","Relic","Relic"],"build_version":"2020-12-22","purchased_purges":2,"victory":true,"max_hp_per_floor":[70,70,70,70,70,70,70,70,70,70,70,70,70,70,73,73,73,73,73,73,73,76,79,79,79,82,82,85,88,91,91,94,97,97,107,107,107,111,111,111,121,124,124,124,124,127,127,127,131,134,134,134,134,134,134,134],"card_choices":[{"not_picked":["bronze:Return","Hemokinesis","Entrench"],"picked":"Heavy Blade","floor":2},{"not_picked":["Warcry","strawberrySpire:DebrisPile","bronze:Overload"],"picked":"bronze:Refactor","floor":3},{"not_picked":["Menagerie:Dismember","Menagerie:Skullclamp","Menagerie:Tinker"],"picked":"Menagerie:WallOfBlossoms","floor":4},{"not_picked":["Menagerie:Dismember","Menagerie:RelicOfProgenitus","Menagerie:Skullclamp"],"picked":"Menagerie:MirarisWake","floor":4},{"not_picked":["bronze:Shell","strawberrySpire:DraftPunk","Anger"],"picked":"Twin Strike","floor":6},{"not_picked":["Flame Barrier","Anger","bronze:Safeguard"],"picked":"Feed","floor":8},{"not_picked":["Headbutt","bronze:Philosophize","bronze:Branch","ReplayTheSpireMod:Limb From Limb"],"picked":"SKIP","floor":9},{"not_picked":["Life Link","bronze:BitShift","bronze:Constructor"],"picked":"Disarm","floor":11},{"not_picked":["True Grit","Pummel","ReplayTheSpireMod:Strike From Hell"],"picked":"Thunderclap","floor":12},{"not_picked":["bronze:Overheat","strawberrySpire:Conflagrate","Havoc"],"picked":"Flame Barrier","floor":13},{"not_picked":["bronze:Shield","bronze:Terminator","bronze:OilSpill","bronze:DarkDash"],"picked":"SKIP","floor":14},{"not_picked":["Sentinel","bronze:Overheat","bronze:FollowUp","Cleave"],"picked":"SKIP","floor":15},{"not_picked":["bronze:ShipIt","Offering","Brutality"],"picked":"Limit Break","floor":16},{"not_picked":["strawberrySpire:ZonePlayer+1","Heavy Blade","Searing Blow"],"picked":"Metallicize","floor":19},{"not_picked":["bronze:BuggyMess","bronze:Safeguard","bronze:DelayedGuard"],"picked":"bronze:InfiniteBeams","floor":20},{"not_picked":["strawberrySpire:CrashLanding","strawberrySpire:Spite","bronze:Invalidate","Flame Barrier"],"picked":"SKIP","floor":22},{"not_picked":["Clothesline","Metallicize+1","Headbutt"],"picked":"bronze:InfiniteLoop","floor":23},{"not_picked":[],"picked":"bronze:DecaBeam","floor":26},{"not_picked":["bronze:ItsAFeature","Thunderclap","bronze:Shield"],"picked":"True Grit","floor":26},{"not_picked":["bronze:ItsAFeature+1","Wild Strike","Clash","strawberrySpire:Incursion"],"picked":"SKIP","floor":27},{"not_picked":["Clash","Iron Wave","Infernal Blade","bronze:BitShift"],"picked":"SKIP","floor":28},{"not_picked":["bronze:Constructor","bronze:DarkDash","bronze:WhirlingStrike"],"picked":"bronze:ClassDefault","floor":29},{"not_picked":["Sword Boomerang","Armaments","Replay:Undeath\u0027s Touch"],"picked":"Limit Break","floor":30},{"not_picked":["Heavy Blade","Intimidate","strawberrySpire:Spite+1","Clash"],"picked":"SKIP","floor":32},{"not_picked":["bronze:HardenedForm","Immolate","bronze:AlphaBuild"],"picked":"Corruption","floor":33},{"not_picked":["Replay:Undeath\u0027s Touch+1","bronze:OilSpill+1","bronze:Safeguard+1","Twin Strike+1"],"picked":"SKIP","floor":37},{"not_picked":["bronze:Shield+1","Rampage","strawberrySpire:Endurance","Thunderclap+1"],"picked":"SKIP","floor":38},{"not_picked":["bronze:Separator","Cleave","ReplayTheSpireMod:Strike From Hell","strawberrySpire:PowerStomp+1"],"picked":"SKIP","floor":40},{"not_picked":["Dropkick","strawberrySpire:Incursion+1","Anger+1"],"picked":"Heavy Blade+1","floor":42},{"not_picked":["Havoc+1","strawberrySpire:ZonePlayer","Iron Wave","bronze:DelayedSlice+1"],"picked":"SKIP","floor":44},{"not_picked":["strawberrySpire:PumpUp+1","strawberrySpire:Overwork","Thunderclap","Flex"],"picked":"SKIP","floor":45},{"not_picked":["ReplayTheSpireMod:Muscle Training+1","Iron Wave","bronze:Return"],"picked":"Exhume","floor":46},{"not_picked":["bronze:BugBarrage","bronze:BronzeArmor","bronze:FollowUp","bronze:GetLatest"],"picked":"SKIP","floor":48},{"not_picked":["Clash","bronze:DelayedGuard","strawberrySpire:DraftPunk","Battle Trance+1"],"picked":"SKIP","floor":49},{"not_picked":["strawberrySpire:Spite","Run Through+1","Abandon","bronze:Boost+1"],"picked":"SKIP","floor":52}],"player_experience":2645854,"relics_obtained":[{"floor":7,"key":"Cleaning_Rag"},{"floor":12,"key":"wanderingMiniBosses:MasterThiefsPresence"},{"floor":14,"key":"Mercury Hourglass"},{"floor":23,"key":"Guardian:PocketSentry"},{"floor":23,"key":"reliquary:SharkskinSheath"},{"floor":27,"key":"strawberrySpire:TinySteamboat"},{"floor":27,"key":"HornCleat"},{"floor":41,"key":"Pear"},{"floor":42,"key":"reliquary:TridentHead"},{"floor":42,"key":"Blood Vial"},{"floor":52,"key":"potionbrewer:Torch"},{"floor":52,"key":"Gremlin Food"}],"event_choices":[{"damage_healed":0,"gold_gain":0,"player_choice":"Spells","damage_taken":0,"max_hp_gain":0,"max_hp_loss":0,"event_name":"Menagerie:MagicPeddler","floor":4,"gold_loss":70}],"is_beta":false,"boss_relics":[{"not_picked":["Velvet Choker","reliquary:WritOfMandamus"],"picked":"Black Star"},{"not_picked":["Sozu","Honey Jar"],"picked":"Replay:Bronze Core"}],"items_purged_floors":[36,53],"is_endless":false,"potions_floor_spawned":[2,6,15,16,19,28,30,33,38,40,42,44,49],"ascension_level":1}}