{"host":"utqe55yv0jihe4d6","time":1612063049,"event":{"mods":["2.2 Compatiblity","AchievementEnabler","BaseMod","Block Reminder","Colored Map","Colored Powertips","Minty Spire (QoL Compilation)","Quick Restart","Rare Cards Sparkle","Relic Stats","SuperFastMode"],"gold_per_floor":[111,122,132,17,37,37,70,70,70,82,110,137,149,180,192,204,204],"floor_reached":16,"language":"ENG","playtime":402,"items_purged":["Strike_R"],"score":208,"play_id":"780a6f92-d4a9-4587-a4cd-21456b13a816","local_time":"20210130221729","is_ascension_mode":true,"campfire_choices":[{"data":"True Grit","floor":6,"key":"SMITH"},{"floor":10,"key":"REST"},{"floor":15,"key":"REST"}],"circlet_count":0,"master_deck":["AscendersBane","Strike_R","Strike_R","Strike_R","Strike_R","Defend_R","Defend_R","Defend_R","Defend_R","Bash","True Grit+1","Inflame","Thunderclap","Pummel","Feel No Pain","Barricade","True Grit"],"relics":["Burning Blood","Bronze Scales","Matryoshka","MawBank","Du-Vu Doll"],"acts_visited":["Exordium"],"potions_floor_usage":[11,14,16],"damage_taken":[{"damage":1,"enemies":"Cultist","floor":1,"turns":3},{"damage":2,"enemies":"Jaw Worm","floor":2,"turns":5},{"damage":6,"enemies":"2 Louse","floor":3,"turns":3},{"damage":16,"enemies":"Red Slaver","floor":5,"turns":4},{"damage":62,"enemies":"3 Sentries","floor":7,"turns":11},{"damage":13,"enemies":"Large Slime","floor":11,"turns":3},{"damage":16,"enemies":"Gremlin Gang","floor":12,"turns":5},{"damage":1,"enemies":"3 Louse","floor":14,"turns":3},{"damage":43,"enemies":"Slime Boss","floor":16,"turns":5}],"seed_played":"7238905208327314187","potions_obtained":[{"floor":3,"key":"Energy Potion"},{"floor":5,"key":"FearPotion"},{"floor":13,"key":"Dexterity Potion"},{"floor":13,"key":"LiquidMemories"},{"floor":14,"key":"LiquidMemories"}],"is_trial":false,"path_per_floor":["M","M","M","$","M","R","E","?","T","R","M","M","?","M","R","B"],"character_chosen":"IRONCLAD","items_purchased":["Pummel"],"campfire_rested":2,"item_purchase_floors":[4],"current_hp_per_floor":[73,75,75,75,65,65,9,9,9,31,24,14,14,19,41,0,0],"gold":204,"neow_bonus":"RANDOM_COMMON_RELIC","is_daily":false,"chose_seed":false,"campfire_upgraded":1,"win_rate":0.0,"timestamp":1612063049,"path_taken":["M","?","M","$","M","R","E","?","T","R","M","M","?","?","R","BOSS"],"items_purchased_type":["Card"],"build_version":"2020-12-22","purchased_purges":1,"victory":false,"max_hp_per_floor":[75,75,75,75,75,75,75,75,75,75,75,75,75,75,75,75,75],"relic_stats":{"counters":[9,42],"Bronze Scales":[85],"MawBank":84,"obtain_stats":[{"Du-Vu Doll":9,"Matryoshka":7,"Bronze Scales":0,"MawBank":9,"Burning Blood":0},{"Du-Vu Doll":5,"Matryoshka":5,"Bronze Scales":0,"MawBank":5,"Burning Blood":0},{"Du-Vu Doll":26,"Matryoshka":26,"Bronze Scales":0,"MawBank":26,"Burning Blood":0}],"Burning Blood":46},"card_choices":[{"not_picked":["Flex","Anger"],"picked":"True Grit","floor":1},{"not_picked":["Searing Blow","Power Through"],"picked":"Inflame","floor":2},{"not_picked":["Clash","Cleave"],"picked":"Thunderclap","floor":3},{"not_picked":["Iron Wave","Armaments","Flex"],"picked":"SKIP","floor":5},{"not_picked":["Armaments","Flex"],"picked":"Feel No Pain","floor":7},{"not_picked":["Perfected Strike","Seeing Red","Iron Wave"],"picked":"SKIP","floor":11},{"not_picked":["Blood for Blood","Twin Strike"],"picked":"Barricade","floor":12},{"not_picked":["Dropkick","Perfected Strike"],"picked":"True Grit","floor":14}],"player_experience":2964414,"relics_obtained":[{"floor":7,"key":"Matryoshka"},{"floor":9,"key":"MawBank"},{"floor":9,"key":"Du-Vu Doll"}],"event_choices":[{"damage_healed":0,"gold_gain":0,"player_choice":"Ignored","damage_taken":0,"max_hp_gain":0,"max_hp_loss":0,"event_name":"Shining Light","floor":8,"gold_loss":0},{"damage_healed":0,"gold_gain":0,"player_choice":"Got Potions","damage_taken":0,"max_hp_gain":0,"max_hp_loss":0,"event_name":"Lab","floor":13,"gold_loss":0}],"is_beta":false,"boss_relics":[],"items_purged_floors":[4],"is_endless":false,"potions_floor_spawned":[3,5,7,14],"killed_by":"Slime Boss","ascension_level":20}}