{"host":"sc0o2qwpf9j16a4i","time":1612097012,"event":{"mods":["AchievementEnabler","BaseMod","BetterRewards","Block Reminder","Colored Map","Colored Powertips","Custom Start","Highlight Path","Minty Spire (QoL Compilation)","Relic Stats"],"gold_per_floor":[116,291,291,306,19,19,54,67,67,99,64,64,98,98,98,221,221,240,240,260,281,281,281,281],"floor_reached":23,"language":"ENG","playtime":691,"items_purged":[],"score":282,"play_id":"5bb255ab-87dc-4314-8eab-bc6e86cb8bd9","local_time":"20210131144332","daily_mods":["Chimera","Red Cards","Elite Swarm"],"is_ascension_mode":false,"campfire_choices":[{"data":"Creative AI","floor":6,"key":"SMITH"},{"floor":12,"key":"REST"},{"data":"Eruption","floor":15,"key":"SMITH"}],"circlet_count":0,"master_deck":["Bash","Survivor","Zap","Eruption+1","Strike_R","Strike_G","Strike_B","Defend_R","Defend_G","Defend_P","Beam Cell","Doubt","Creative AI+1","Shockwave","Immolate+1","Headbutt+1","Feed+1","Electrodynamics","Injury","Cold Snap+1","Shrug It Off","True Grit"],"relics":["Cracked Core","Sundial","Molten Egg 2","Meat on the Bone","Matryoshka","Ancient Tea Set","Golden Idol","Runic Pyramid","FaceOfCleric"],"acts_visited":["Exordium","TheCity"],"potions_floor_usage":[7,10,16,23],"damage_taken":[{"damage":6,"enemies":"Jaw Worm","floor":1,"turns":3},{"damage":7,"enemies":"Small Slimes","floor":4,"turns":3},{"damage":39,"enemies":"3 Sentries","floor":7,"turns":8},{"damage":0,"enemies":"Cultist","floor":8,"turns":3},{"damage":15,"enemies":"Gremlin Nob","floor":10,"turns":3},{"damage":5,"enemies":"Lagavulin","floor":13,"turns":7},{"damage":4,"enemies":"Slime Boss","floor":16,"turns":7},{"damage":53,"enemies":"Spheric Guardian","floor":18,"turns":6},{"damage":23,"enemies":"3 Byrds","floor":20,"turns":5},{"damage":13,"enemies":"Snecko","floor":21,"turns":6},{"damage":46,"enemies":"Slavers","floor":23,"turns":4}],"seed_played":"4174971166364645070","potions_obtained":[{"floor":1,"key":"Block Potion"},{"floor":8,"key":"SteroidPotion"},{"floor":10,"key":"SkillPotion"},{"floor":13,"key":"SpeedPotion"}],"is_trial":true,"path_per_floor":["M","?","?","M","$","R","E","M","T","E","?","R","E","?","R","B",null,"M","?","M","M","?","E"],"character_chosen":"DEFECT","items_purchased":["Molten Egg 2","Shockwave"],"campfire_rested":1,"item_purchase_floors":[5,5],"current_hp_per_floor":[69,69,69,62,62,62,23,23,23,20,38,60,59,59,59,55,79,42,42,36,40,40,0,0],"gold":281,"neow_bonus":"","is_daily":false,"chose_seed":false,"campfire_upgraded":2,"win_rate":0.0,"timestamp":1612097012,"path_taken":["M","?","?","M","?","R","E","?","T","E","?","R","E","?","R","BOSS","M","?","M","?","?","E"],"items_purchased_type":["Relic","Card"],"build_version":"2020-12-22","purchased_purges":0,"victory":false,"max_hp_per_floor":[75,75,75,75,75,75,75,75,75,75,75,75,79,79,79,79,79,83,83,88,93,93,97,97],"relic_stats":{"FaceOfCleric":2,"counters":[11,55],"Sundial":[4],"Golden Idol":37,"obtain_stats":[{"Matryoshka":10,"FaceOfCleric":19,"Sundial":3,"Golden Idol":14,"Molten Egg 2":5,"Cracked Core":0,"Ancient Tea Set":13,"Meat on the Bone":9,"Runic Pyramid":17},{"Matryoshka":5,"FaceOfCleric":8,"Sundial":1,"Golden Idol":6,"Molten Egg 2":2,"Cracked Core":0,"Ancient Tea Set":6,"Meat on the Bone":4,"Runic Pyramid":7},{"Matryoshka":20,"FaceOfCleric":40,"Sundial":3,"Golden Idol":27,"Molten Egg 2":6,"Cracked Core":0,"Ancient Tea Set":27,"Meat on the Bone":17,"Runic Pyramid":34}],"Meat on the Bone":48},"card_choices":[{"not_picked":["Tempest","Hologram"],"picked":"Beam Cell","floor":1},{"not_picked":["Gash","Havoc"],"picked":"Creative AI","floor":4},{"not_picked":["Thunder Strike+1","Creative AI"],"picked":"Immolate+1","floor":7},{"not_picked":["Hologram","Compile Driver+1"],"picked":"Headbutt+1","floor":8},{"not_picked":["Offering","Meteor Strike+1"],"picked":"Feed+1","floor":10},{"not_picked":["Biased Cognition","Creative AI"],"picked":"Electrodynamics","floor":13},{"not_picked":["Armaments","Rebound+1"],"picked":"Cold Snap+1","floor":18},{"not_picked":["Havoc","Darkness"],"picked":"Shrug It Off","floor":20},{"not_picked":["Steam","Melter+1"],"picked":"True Grit","floor":21}],"player_experience":1115306,"relics_obtained":[{"floor":9,"key":"Meat on the Bone"},{"floor":10,"key":"Matryoshka"},{"floor":13,"key":"Ancient Tea Set"}],"event_choices":[{"damage_healed":0,"gold_gain":175,"player_choice":"AGREE","damage_taken":0,"max_hp_gain":0,"max_hp_loss":0,"event_name":"Liars Game","floor":2,"gold_loss":0,"cards_obtained":["Doubt"]},{"damage_healed":0,"gold_gain":0,"player_choice":"Box","damage_taken":0,"relics_obtained":["Sundial"],"max_hp_gain":0,"max_hp_loss":0,"event_name":"Big Fish","floor":3,"gold_loss":0,"cards_obtained":["Regret"]},{"damage_healed":18,"gold_gain":0,"player_choice":"Healed","damage_taken":0,"max_hp_gain":0,"max_hp_loss":0,"event_name":"The Cleric","floor":11,"gold_loss":35},{"damage_healed":0,"gold_gain":0,"player_choice":"Take Wound","damage_taken":0,"relics_obtained":["Golden Idol"],"max_hp_gain":0,"max_hp_loss":0,"event_name":"Golden Idol","floor":14,"gold_loss":0,"cards_obtained":["Injury"]},{"damage_healed":0,"gold_gain":0,"player_choice":"Trade","damage_taken":0,"relics_obtained":["FaceOfCleric"],"max_hp_gain":0,"max_hp_loss":0,"event_name":"FaceTrader","floor":19,"gold_loss":0},{"cards_removed":["Regret"],"damage_healed":0,"gold_gain":0,"player_choice":"Elegance","damage_taken":0,"max_hp_gain":0,"max_hp_loss":0,"event_name":"Back to Basics","floor":22,"gold_loss":0}],"is_beta":false,"boss_relics":[{"not_picked":["Nuclear Battery","SlaversCollar"],"picked":"Runic Pyramid"}],"items_purged_floors":[],"is_endless":false,"potions_floor_spawned":[1,8,10,13],"killed_by":"Slavers","ascension_level":0}}