{"host":"hpn0uxah5qjr7pa6","time":1612131073,"event":{"mods":["Act Like it!","Aspiration","BaseMod","Better Third Choice","BetterRewards","Challenge The Spire","Colored Powertips","Conspire","Downfall","Energized Spire","Hallownest","Hermit","Hubris","Infinite Spire","Minty Spire (QoL Compilation)","Permanent Neow","Quick Restart","Rare Cards Sparkle","Replay The Spire","Spicy Shops","StSLib","The Bug Knight","The Jungle"],"gold_per_floor":[216,234,244,16,16,16,32,32,32,51,51,51,65,84,84,181,181,201,213,229,72,85,85,103,103,103,13,27,27,27,46,46,150,150,166,179,179,179,179,207,207,30,54,54,54,64,64,84,84,181,181,184,189,189,183,179,179,32,32,32,32,31,31,111,120,120,187,187,178,177,158,248,92,92,85,85,85,73,73,69,66,72,72,161,161,162,162,162,155,150,150,141,141,141,141,127,127,127,110,110,50,50],"floor_reached":101,"language":"ENG","playtime":5509,"items_purged":["WaveOfTheHand","Writhe"],"score":1190,"play_id":"e957be1c-b92c-4e73-a88f-b76293243297","local_time":"20210131141113","is_ascension_mode":false,"campfire_choices":[{"data":"Metallicize","floor":6,"key":"SMITH"},{"data":"Metallicize","floor":8,"key":"SMITH"},{"data":"Iron Wave","floor":15,"key":"SMITH"},{"floor":23,"key":"REST"},{"data":"Juggernaut","floor":30,"key":"SMITH"},{"data":"Iron Wave","floor":32,"key":"SMITH"},{"data":"Metallicize","floor":45,"key":"SMITH"},{"floor":49,"key":"REST"},{"data":"Bash","floor":61,"key":"SMITH"},{"data":"Defend_R","floor":66,"key":"SMITH"},{"floor":74,"key":"REST"},{"floor":79,"key":"REST"},{"data":"Body Slam","floor":91,"key":"SMITH"},{"data":"Impervious","floor":93,"key":"SMITH"},{"data":"ReplayTheSpireMod:Black Plague","floor":95,"key":"SMITH"},{"floor":97,"key":"REST"},{"floor":100,"key":"REST"}],"circlet_count":0,"master_deck":["Strike_R","Strike_R","Strike_R","Strike_R+1","Defend_R","Defend_R+1","Defend_R+1","Defend_R+1","Bash+1","Iron Wave+1","Metallicize+1","Metallicize+1","Iron Wave+1","Juggernaut+1","Flex+1","hubris:Fate+1","Iron Wave+1","Shrug It Off+1","Metallicize+1","Armaments+1","conspire:ExplosiveBarrier+1","Flex","Body Slam+1","Rage+1","ReplayTheSpireMod:Black Plague+1","Impervious+1","Body Slam+1","Doubt"],"relics":["Black Blood","aspiration:Nostalgia","Replay:M_StaffOfTheSnake","hubris:Icosahedron","Pocketwatch","Mark of Pain","Unceasing Top","Mango","Self Forming Clay","energizedSpire:SpiderWeb","hubris:HerbalPaste","Bronze Scales","PreservedInsect","infinitespire:Lychee Nut","Guide Book","Oddly Smooth Stone","aspiration:FutureDiary","War Paint","hubris:Reverence","hubris:HollowSoul","aspiration:ChemicalBlood"],"acts_visited":["Exordium","TheCity","TheBeyond","Exordium","TheCity","TheBeyond"],"potions_floor_usage":[16,16,31,33,40,41,50,50,75,90,96,96,96,101,101,101],"damage_taken":[{"damage":2,"enemies":"2 Louse","floor":1,"turns":4},{"damage":0,"enemies":"Small Slimes","floor":2,"turns":3},{"damage":3,"enemies":"infinitespire:Voidling","floor":3,"turns":5},{"damage":16,"enemies":"Gremlin Gang","floor":7,"turns":8},{"damage":5,"enemies":"3 Louse","floor":10,"turns":6},{"damage":0,"enemies":"Looter","floor":13,"turns":4},{"damage":0,"enemies":"Blue Slaver","floor":14,"turns":4},{"damage":8,"enemies":"Slime Boss","floor":16,"turns":16},{"damage":10,"enemies":"3 Byrds","floor":18,"turns":5},{"damage":12,"enemies":"conspire:FuzzyDice","floor":19,"turns":7},{"damage":8,"enemies":"Centurion and Healer","floor":20,"turns":7},{"damage":9,"enemies":"Cultist and Chosen","floor":22,"turns":7},{"damage":0,"enemies":"conspire:HollyBat","floor":24,"turns":6},{"damage":9,"enemies":"Snecko","floor":28,"turns":5},{"damage":7,"enemies":"Centurion and Healer","floor":31,"turns":3},{"damage":20,"enemies":"Collector","floor":33,"turns":9},{"damage":6,"enemies":"Orb Walker","floor":35,"turns":5},{"damage":23,"enemies":"3 Darklings","floor":36,"turns":6},{"damage":51,"enemies":"Nightmare","floor":40,"turns":9},{"damage":0,"enemies":"Writhing Mass","floor":41,"turns":2},{"damage":27,"enemies":"Jaw Worm Horde","floor":46,"turns":6},{"damage":0,"enemies":"Maw","floor":48,"turns":1},{"damage":52,"enemies":"Donu and Deca","floor":50,"turns":12},{"damage":21,"enemies":"Small Slimes","floor":52,"turns":4},{"damage":6,"enemies":"2 Louse","floor":53,"turns":3},{"damage":2,"enemies":"Jaw Worm","floor":55,"turns":5},{"damage":0,"enemies":"Large Slime","floor":56,"turns":4},{"damage":10,"enemies":"Blue Slaver","floor":59,"turns":3},{"damage":2,"enemies":"3 Louse","floor":62,"turns":3},{"damage":4,"enemies":"Red Slaver","floor":65,"turns":2},{"damage":47,"enemies":"The Guardian","floor":67,"turns":7},{"damage":2,"enemies":"Shell Parasite","floor":69,"turns":5},{"damage":2,"enemies":"3 Byrds","floor":70,"turns":5},{"damage":8,"enemies":"Centurion and Healer","floor":71,"turns":7},{"damage":61,"enemies":"3 Cultists","floor":75,"turns":5},{"damage":5,"enemies":"Chosen and Byrds","floor":78,"turns":6},{"damage":17,"enemies":"Shelled Parasite and Fungi","floor":80,"turns":4},{"damage":5,"enemies":"Cultist and Chosen","floor":81,"turns":4},{"damage":28,"enemies":"Snake Plant","floor":82,"turns":3},{"damage":0,"enemies":"Champ","floor":84,"turns":2},{"damage":22,"enemies":"3 Shapes","floor":86,"turns":3},{"damage":16,"enemies":"Orb Walker","floor":89,"turns":4},{"damage":0,"enemies":"Writhing Mass","floor":90,"turns":1},{"damage":14,"enemies":"Jaw Worm Horde","floor":92,"turns":4},{"damage":73,"enemies":"Transient","floor":96,"turns":5},{"damage":35,"enemies":"Spire Growth","floor":99,"turns":6},{"damage":42,"enemies":"infinitespire:MassOfShapes","floor":101,"turns":1}],"seed_played":"-1362441706793314317","potions_obtained":[{"floor":7,"key":"Adrenaline Potion"},{"floor":10,"key":"Languid Potion"},{"floor":16,"key":"Languid Potion"},{"floor":22,"key":"PowerPotion"},{"floor":24,"key":"LiquidMemories"},{"floor":28,"key":"SmokeBomb"},{"floor":31,"key":"Adrenaline Potion"},{"floor":35,"key":"conspire:TimeTravelPotion"},{"floor":46,"key":"Toxic Potion"},{"floor":48,"key":"Swift Potion"},{"floor":53,"key":"SpeedPotion"},{"floor":62,"key":"bronze:BurnAndBuffPotion"},{"floor":75,"key":"Strength Potion"},{"floor":88,"key":"SmokeBomb"},{"floor":92,"key":"SneckoOil"},{"floor":96,"key":"AttackPotion"},{"floor":96,"key":"Swift Potion"},{"floor":96,"key":"Ancient Potion"},{"floor":99,"key":"FairyPotion"},{"floor":101,"key":"FairyPotion"},{"floor":101,"key":"BloodPotion"}],"is_trial":false,"path_per_floor":["M","M","M","$","?","R","M","R","T","M","?","?","M","M","R","B",null,"M","M","M","$","M","R","M","AVR","T","$","M","?","R","M","R","B",null,"M","M","?","AVR","?","NM","M","$","T","?","R","M","?","M","R","B",null,"M","M","AVR","M","M","?","$","M","T","R","M","$","?","M","R","B",null,"M","M","M","?","$","R","M","?","T","M","R","M","M","M","R","B",null,"M","$","?","M","M","R","M","R","T","R","M","R","?","M","R","B"],"character_chosen":"IRONCLAD","items_purchased":["aspiration:Nostalgia","Metallicize","Unceasing Top","Iron Wave","Shrug It Off+1","Metallicize","Guide Book","War Paint"],"campfire_rested":6,"item_purchase_floors":[4,4,21,27,27,42,58,73],"current_hp_per_floor":[80,80,80,80,80,80,70,70,70,71,71,71,77,80,80,78,80,76,70,68,68,65,80,80,94,94,94,91,91,91,90,90,76,94,94,77,94,94,94,77,86,86,86,86,86,71,71,77,94,49,94,88,94,70,70,70,70,70,70,70,70,70,70,70,70,70,45,70,70,70,70,58,58,70,28,28,28,55,70,70,70,63,70,70,70,60,60,60,70,70,70,70,70,70,70,23,44,70,50,70,0,0],"gold":50,"neow_bonus":"HUNDRED_GOLD","is_daily":false,"chose_seed":false,"campfire_upgraded":11,"win_rate":0.0,"timestamp":1612131073,"path_taken":["M","M","M","$","?","R","M","R","T","M","?","?","M","?","R","BOSS","M","?","M","$","M","R","M","AVR","T","$","M","?","R","M","R","BOSS","M","M","?","AVR","?","NM","M","$","T","?","R","?","?","M","R","BOSS","M","M","AVR","M","M","?","$","M","T","R","M","$","?","M","R","BOSS","M","M","M","?","$","R","?","?","T","M","R","M","M","M","R","BOSS","M","$","?","M","M","R","M","R","T","R","?","R","?","M","R","BOSS"],"items_purchased_type":["Relic","Card","Relic","Card","Card","Card","Relic","Relic"],"build_version":"2020-12-22","purchased_purges":2,"victory":false,"max_hp_per_floor":[80,80,80,80,80,80,80,80,80,80,80,80,80,80,80,80,80,80,80,80,80,80,80,80,94,94,94,94,94,94,94,94,94,94,94,94,94,94,94,94,94,94,94,94,94,94,94,94,94,94,94,94,94,70,70,70,70,70,70,70,70,70,70,70,70,70,70,70,70,70,70,70,70,70,70,70,70,70,70,70,70,70,70,70,70,70,70,70,70,70,70,70,70,70,70,70,70,70,70,70,70,70],"card_choices":[{"not_picked":["Combust","Thunderclap"],"picked":"Iron Wave","floor":1},{"not_picked":["hubris:ReadiedAction","Armaments","Burning Pact"],"picked":"SKIP","floor":2},{"not_picked":["Dark Embrace","ReplayTheSpireMod:LeadingStrike","Blood for Blood"],"picked":"SKIP","floor":3},{"not_picked":["ReplayTheSpireMod:Stacked","Dagger Throw"],"picked":"Metallicize","floor":7},{"not_picked":["Predator","Dagger Throw","Sanctity"],"picked":"SKIP","floor":10},{"not_picked":["Weave","ReplayTheSpireMod:Strike From Hell"],"picked":"Iron Wave","floor":13},{"not_picked":["Twin Strike","Second Wind"],"picked":"WaveOfTheHand","floor":14},{"not_picked":["Brutality","Impervious"],"picked":"Juggernaut","floor":16},{"not_picked":["Armaments","Clothesline+1","hubris:CleavingFinish"],"picked":"SKIP","floor":18},{"not_picked":["Anger+1","hubris:ReadiedAction","ReplayTheSpireMod:Corrosion Curse"],"picked":"SKIP","floor":19},{"not_picked":["Sword Boomerang","Sever Soul","Second Wind+1"],"picked":"SKIP","floor":20},{"not_picked":["Anger","True Grit","Searing Blow"],"picked":"SKIP","floor":22},{"not_picked":["hubris:ReadiedAction+1","Whirlwind+1"],"picked":"Flex","floor":24},{"not_picked":["Dropkick","Headbutt","Pummel+1"],"picked":"SKIP","floor":28},{"not_picked":["Perfected Strike","ReplayTheSpireMod:Limb From Limb"],"picked":"Ghostly Armor","floor":31},{"not_picked":["Clash","True Grit","Replay:Undeath\u0027s Touch+1"],"picked":"SKIP","floor":35},{"not_picked":["Sword Boomerang+1","Evolve+1","Havoc+1"],"picked":"SKIP","floor":36},{"not_picked":["Infernal Blade+1","Sever Soul","Replay:Undeath\u0027s Touch+1"],"picked":"SKIP","floor":40},{"not_picked":["Twin Strike","Pommel Strike+1","Battle Trance+1"],"picked":"SKIP","floor":46},{"not_picked":["Replay:Undeath\u0027s Touch+1","Blood for Blood"],"picked":"Armaments+1","floor":48},{"not_picked":["ReplayTheSpireMod:Corrosion Curse","hubris:CleavingFinish","Searing Blow"],"picked":"SKIP","floor":52},{"not_picked":["Dark Embrace","Pommel Strike","Seeing Red"],"picked":"SKIP","floor":53},{"not_picked":["Dual Wield","Clash","Thunderclap"],"picked":"SKIP","floor":55},{"not_picked":["ReplayTheSpireMod:Strike From Hell","Fire Breathing","True Grit"],"picked":"SKIP","floor":56},{"not_picked":["Sword Boomerang","Second Wind","infinitespire:OneForAll"],"picked":"SKIP","floor":59},{"not_picked":["Thunderclap","Wild Strike","Pommel Strike"],"picked":"SKIP","floor":62},{"not_picked":["Run Through","Blood for Blood","Carnage"],"picked":"SKIP","floor":65},{"not_picked":["Headbutt","Thunderclap+1"],"picked":"Flex","floor":69},{"not_picked":["Rampage","Warcry","Reckless Charge"],"picked":"SKIP","floor":70},{"not_picked":["hubris:ReadiedAction+1","Dropkick","Perfected Strike+1"],"picked":"SKIP","floor":71},{"not_picked":["Havoc","conspire:Purge","Evolve"],"picked":"SKIP","floor":75},{"not_picked":["Cleave","hubris:SharpeningStone","Seeing Red"],"picked":"SKIP","floor":78},{"not_picked":["Headbutt","Perfected Strike","Fire Breathing"],"picked":"SKIP","floor":80},{"not_picked":["Warcry+1","Feel No Pain+1"],"picked":"Body Slam","floor":81},{"not_picked":["Uppercut+1","Thunderclap"],"picked":"Rage+1","floor":82},{"not_picked":["infinitespire:FinalStrike","ReplayTheSpireMod:??????????????????????"],"picked":"ReplayTheSpireMod:Black Plague","floor":84},{"not_picked":["Brutality","Fiend Fire"],"picked":"Impervious","floor":84},{"not_picked":["Havoc","ReplayTheSpireMod:Corrosion Curse+1","Entrench"],"picked":"SKIP","floor":86},{"not_picked":["Warcry","Pummel+1"],"picked":"Body Slam","floor":89},{"not_picked":["Run Through","Wild Strike","Thunderclap"],"picked":"SKIP","floor":92},{"not_picked":["True Grit+1","Warcry+1","Combust+1"],"picked":"SKIP","floor":96},{"not_picked":["Infernal Blade","Uppercut+1","Anger+1"],"picked":"SKIP","floor":99}],"player_experience":138700,"relics_obtained":[{"floor":9,"key":"Pocketwatch"},{"floor":26,"key":"Self Forming Clay"},{"floor":40,"key":"Bronze Scales"},{"floor":43,"key":"PreservedInsect"},{"floor":60,"key":"Oddly Smooth Stone"},{"floor":77,"key":"hubris:Reverence"},{"floor":94,"key":"aspiration:ChemicalBlood"}],"event_choices":[{"damage_healed":0,"gold_gain":0,"player_choice":"Grow","damage_taken":0,"max_hp_gain":0,"max_hp_loss":0,"event_name":"Living Wall","floor":11,"gold_loss":0,"cards_upgraded":["Iron Wave"]},{"damage_healed":0,"gold_gain":0,"player_choice":"Upgraded","damage_taken":0,"max_hp_gain":0,"max_hp_loss":0,"event_name":"Upgrade Shrine","floor":12,"gold_loss":0,"cards_upgraded":["Strike_R"]},{"damage_healed":0,"gold_gain":0,"player_choice":"Ignored","damage_taken":0,"max_hp_gain":0,"max_hp_loss":0,"event_name":"Ghosts","floor":29,"gold_loss":0},{"damage_healed":24,"gold_gain":0,"player_choice":"Writhe","damage_taken":0,"max_hp_gain":0,"max_hp_loss":0,"event_name":"Winding Halls","floor":37,"gold_loss":0,"cards_obtained":["Writhe"]},{"damage_healed":0,"gold_gain":0,"player_choice":"Ignored","damage_taken":0,"max_hp_gain":0,"max_hp_loss":0,"event_name":"betterThird:BetterPortal","floor":44,"gold_loss":0},{"cards_removed":["Ghostly Armor"],"damage_healed":0,"gold_gain":0,"player_choice":"Removed Skill","damage_taken":0,"max_hp_gain":0,"max_hp_loss":0,"event_name":"Falling","floor":47,"gold_loss":0},{"damage_healed":0,"gold_gain":80,"player_choice":"Gained Gold","damage_taken":0,"max_hp_gain":0,"max_hp_loss":0,"event_name":"Golden Wing","floor":64,"gold_loss":0},{"damage_healed":0,"gold_gain":90,"player_choice":"GOLD ","damage_taken":12,"max_hp_gain":0,"max_hp_loss":0,"event_name":"Knowing Skull","floor":72,"potions_obtained":[],"gold_loss":0,"cards_obtained":[]},{"damage_healed":0,"gold_gain":0,"player_choice":"Leave","damage_taken":0,"max_hp_gain":0,"max_hp_loss":0,"event_name":"conspire:Investor","floor":76,"gold_loss":0},{"damage_healed":0,"gold_gain":0,"player_choice":"Got Potions","damage_taken":0,"max_hp_gain":0,"max_hp_loss":0,"event_name":"Lab","floor":88,"gold_loss":0},{"damage_healed":26,"gold_gain":0,"player_choice":"Heal","damage_taken":0,"max_hp_gain":0,"max_hp_loss":0,"event_name":"MindBloom","floor":98,"gold_loss":0,"cards_obtained":["Doubt"]}],"is_beta":false,"boss_relics":[{"not_picked":["energizedSpire:OgreHead","conspire:SlowCooker"],"picked":"Mark of Pain"},{"not_picked":["Empty Cage","Replay:Ancient Bell"],"picked":"energizedSpire:SpiderWeb"},{"not_picked":["Honey Jar","Coffee Dripper"],"picked":"Black Blood"},{"not_picked":["hubris:CrackedHourglass","Velvet Choker"],"picked":"aspiration:FutureDiary"},{"not_picked":["hubris:BlackHole","aspiration:SecretTechniqueScroll"],"picked":"hubris:HollowSoul"}],"items_purged_floors":[21,42],"is_endless":true,"potions_floor_spawned":[7,10,16,22,24,28,31,35,46,48,53,62,67,69,71,75,82,92,96,99],"killed_by":"infinitespire:MassOfShapes","ascension_level":0}}