{"host":"ojezjkpqju62j8xy","time":1612088676,"event":{"mods":["ATMod(°¢èªMod)","Act Like it!","Aspiration","BaseMod","Conspire","Gensokyo","Minty Spire (QoL Compilation)","Pale of the Ancients","Reliquary","Replay The Spire","Spicy Shops","StSLib","¡¾ÒÅÎï¿¨ÅÆ¡¿REMEMod","²ÐÁôÖ®Îï"],"gold_per_floor":[115,131,157,157,170,197,197,223,248,266,276,27,53,72,72,174,174,230,2,0,0,32,619,619,688,757,813,844,844,844,887,887,1051,1051,1087,1105,1105,457,457,510,510,766,766,766,816,878,803,832,918,921,971,1048,1123,112,112,129,129,209,209,215],"floor_reached":61,"language":"ZHS","playtime":2805,"items_purged":["Clumsy","Strike_P","Defend_P"],"score":2206,"play_id":"c862703b-f4b4-4b1e-bf89-6ac1d7f5737c","local_time":"20210131182436","is_ascension_mode":true,"campfire_choices":[{"floor":7.0,"key":"RECALL"},{"floor":15.0,"key":"DIG"},{"floor":24.0,"key":"REST"},{"floor":29.0,"key":"REST"},{"data":"Eruption","floor":32.0,"key":"SMITH"},{"data":"AT_MachinaRedman","floor":41.0,"key":"SMITH"},{"floor":55,"key":"REST"},{"floor":57,"key":"REST"}],"circlet_count":0,"master_deck":["Strike_P","Strike_P","Strike_P","Defend_P","Defend_P","Defend_P","Eruption+1","Vigilance","AT_FamilyPortrait","Masterful Stab","Halt","Replay:Cycle+1","CrushJoints","FlurryOfBlows","Judgement","CrushJoints","Prostrate","Scrawl+1","MasterReality","REME_Repentance","REME_EmptyShield","Replay:AtTheReady+1","FlurryOfBlows","InnerPeace","Voices","WreathOfFlame","InnerPeace+1","FlyingSleeves","Wish+1","BattleHymn+1","BowlingBash+1","Replay:Battleflow","AT_MachinaRedman+1","Halt","PathToVictory","FlurryOfBlows","Vengeance","Replay:DivineShield+1","Replay:BluntJabs","Evaluate","FlyingSleeves","AT_DivineConfetti","Replay:BluntJabs+1","SignatureMove+1","EmptyBody","Brilliance","AT_RealColorLess","REME_EmptyShield","SashWhip","Evaluate","EmptyFist+1","Prostrate+1","Perseverance","Replay:Cycle+1","Gensokyo:TarnishedGold","Gensokyo:LockedMedkit","Gensokyo:LittleGreenMen","Gensokyo:RPG","Perseverance+1","ThirdEye+1","Alpha+1","Consecrate+1","PathToVictory+1","CrushJoints","AT_SoftenMuscles","ThirdEye","ReachHeaven+1","ClearTheMind","Worship","FlyingSleeves","DeusExMachina","LessonLearned","REME_CRH","Replay:Cycle+1","MentalFortress","Collect","EmptyBody+1","Evaluate+1","Halt+1","EmptyFist","BowlingBash","JustLucky","REME_Repentance+1","FlurryOfBlows","PathToVictory+1","EmptyBody","AT_SoftenMuscles","Swivel","REME_Repentance","Replay:BluntJabs+1","Study+1","REME_Repentance","Consecrate+1"],"relics":["PureWater","AT_ATBox","REME_ComplimentaryCards","Pear","Anchor","Replay:Mystery Machine","Happy Flower","AT_SunfireAegis","Omamori","HornCleat","Replay:Ancient Bell","AT_BellDemon","REME_ArchaeologicalTools","REME_IWantAll","Ring of Misfortune","Ring of Fangs","reliquary:PrincelyHelmet","Akabeko","reliquary:PorcupineQuills","Replay:Ringing Soul","Gensokyo:DirgeOfMelancholy","Pondfish Scales","AT_SeraphEmbrace","AT_TrinityForce","Gensokyo:EmptyGrave","REME_CardOfGreed","Gensokyo:DualWield","AT_Kusabimaru","Centennial Puzzle","reliquary:TatteredRug","conspire:Boomerang","ReplayFunnel","paleoftheancients:Timepiece","paleoftheancients:KeyRelic","Ice Cream","CultistMask","paleoftheancients:SoulOfTheWatcher","reliquary:Knoch","PlaceholderMod:DeVermisMysteriis","Strange Spoon","ClockworkSouvenir","Replay:Bottled Eggs","Mercury Hourglass"],"acts_visited":["Gensokyo:Gensokyo","Gensokyo:Gensokyoer","Gensokyo:Gensokyoest","paleoftheancients:PaleOfTheAncients"],"potions_floor_usage":[52,52,60,60,60],"damage_taken":[{"damage":2.0,"enemies":"Gensokyo:Python","floor":1.0,"turns":3.0},{"damage":0.0,"enemies":"Gensokyo:3_Fairies","floor":2.0,"turns":4.0},{"damage":2.0,"enemies":"Gensokyo:2_Kodama","floor":5.0,"turns":2.0},{"damage":13.0,"enemies":"Gensokyo:Cirno","floor":6.0,"turns":6.0},{"damage":0.0,"enemies":"Gensokyo:Mamizou","floor":8.0,"turns":5.0},{"damage":0.0,"enemies":"Gensokyo:LivingMonolith","floor":10.0,"turns":2.0},{"damage":4.0,"enemies":"Gensokyo:VengefulSpirit","floor":11.0,"turns":4.0},{"damage":16.0,"enemies":"Gensokyo:Aya","floor":13.0,"turns":5.0},{"damage":0.0,"enemies":"Gensokyo:Python_and_Kodama","floor":14.0,"turns":2.0},{"damage":0.0,"enemies":"Gensokyo:Reimu","floor":16.0,"turns":4.0},{"damage":15.0,"enemies":"Gensokyo:AngelMirror","floor":18.0,"turns":2.0},{"damage":0.0,"enemies":"Gensokyo:CosmicMonolith","floor":22.0,"turns":1.0},{"damage":42.0,"enemies":"Gensokyo:Tenshi","floor":23.0,"turns":5.0},{"damage":0.0,"enemies":"Gensokyo:Reisen","floor":25.0,"turns":4.0},{"damage":0.0,"enemies":"Gensokyo:Swordslinger","floor":27.0,"turns":4.0},{"damage":25.0,"enemies":"Gensokyo:Wraith","floor":28.0,"turns":4.0},{"damage":0.0,"enemies":"Gensokyo:Monolith_and_Dog","floor":31.0,"turns":4.0},{"damage":63.0,"enemies":"Gensokyo:Eternal_Rivals","floor":33.0,"turns":7.0},{"damage":0.0,"enemies":"Gensokyo:AncientGuardian","floor":35.0,"turns":1.0},{"damage":0.0,"enemies":"Gensokyo:3_Boulders","floor":36.0,"turns":1.0},{"damage":0.0,"enemies":"Gensokyo:Kasen","floor":40.0,"turns":2.0},{"damage":0.0,"enemies":"Gensokyo:Marisa","floor":42.0,"turns":3.0},{"damage":0.0,"enemies":"Gensokyo:Doremy","floor":45.0,"turns":2.0},{"damage":0.0,"enemies":"Gensokyo:SeedOfUnknown","floor":46.0,"turns":3.0},{"damage":0.0,"enemies":"Gensokyo:Rafflesia","floor":48.0,"turns":3.0},{"damage":0.0,"enemies":"Gensokyo:Yuyuko","floor":50.0,"turns":4.0},{"damage":0.0,"enemies":"Gensokyo:Yuyuko","floor":51.0,"turns":3.0},{"damage":80,"enemies":"Gensokyo:Yuyuko","floor":52,"turns":9},{"damage":0,"enemies":"Gensokyo:Yuyuko","floor":56,"turns":3},{"damage":75,"enemies":"paleoftheancients:N","floor":60,"turns":3}],"seed_played":"6802731925467339901","potions_obtained":[{"floor":2.0,"key":"Fire Potion"},{"floor":5.0,"key":"SteroidPotion"},{"floor":10.0,"key":"Fire Potion"},{"floor":13.0,"key":"Reflective Coating"},{"floor":16.0,"key":"Block Potion"},{"floor":18.0,"key":"Regen Potion"},{"floor":27.0,"key":"REME_GoldPotion"},{"floor":33.0,"key":"SkillPotion"},{"floor":36.0,"key":"EssenceOfSteel"},{"floor":40.0,"key":"LiquidMemories"},{"floor":45.0,"key":"LifebloodPotion"},{"floor":52,"key":"Dexterity Potion"},{"floor":53,"key":"Strength Potion"},{"floor":53,"key":"conspire:TimeTravelPotion"}],"is_trial":false,"path_per_floor":["M","M","T","?","M","E","R","E","T","M","M","COS","?","M","R","B",null,"M","COS","?","?","M","E","R","E","T","M","M","R","?","M","R","B",null,"M","M","?","COS","?","E","R","E","T","?","E","M","$","M","R","B","M","M","?","$","R","M","R","T","?","B",null],"character_chosen":"WATCHER","items_purchased":["PlaceholderMod:DeVermisMysteriis","Strange Spoon","REME_Repentance","Replay:BluntJabs+1","ClockworkSouvenir","Replay:Bottled Eggs"],"campfire_rested":4,"item_purchase_floors":[54,54,54,54,54,54],"current_hp_per_floor":[70,70,70,65,63,50,50,50,50,50,46,46,30,30,30,31,75,63,63,63,63,66,30,60,77,77,83,64,99,99,105,105,48,109,115,121,121,124,124,142,142,148,148,148,154,163,163,169,169,169,175,101,107,110,167,175,196,196,196,196],"gold":215,"neow_bonus":"TEN_PERCENT_HP_BONUS","is_daily":false,"chose_seed":false,"campfire_upgraded":2,"win_rate":0.0,"timestamp":1612088676,"path_taken":["M","M","?","?","M","E","R","E","T","M","M","COS","?","M","R","BOSS","M","COS","?","?","M","E","R","E","T","M","M","R","?","?","R","BOSS","M","M","?","COS","?","E","R","E","T","?","E","M","?","M","R","BOSS","M","M","?","$","R","M","R","T","?","BOSS"],"items_purchased_type":["Relic","Relic","Card","Card","Relic","Relic"],"build_version":"2020-12-22","purchased_purges":3,"victory":true,"max_hp_per_floor":[79,79,79,89,89,89,89,89,89,89,89,89,89,89,89,90,90,93,93,93,93,96,102,102,105,105,111,117,117,117,123,123,129,129,135,141,130,133,133,142,142,148,148,148,154,163,163,169,169,169,175,181,187,190,190,196,196,196,196,196],"card_choices":[{"not_picked":["Replay:Cycle","Replay:ManipulateFuture"],"picked":"Halt","floor":1.0},{"not_picked":["Replay:Battleflow","DeceiveReality"],"picked":"Replay:Cycle","floor":2.0},{"not_picked":["SashWhip","Adaptation"],"picked":"CrushJoints","floor":5.0},{"not_picked":["AT_RealFormLess","PathToVictory"],"picked":"FlurryOfBlows","floor":6.0},{"not_picked":["Replay:Battleflow","Swivel"],"picked":"Judgement","floor":8.0},{"not_picked":["BowlingBash","Replay:ManipulateFuture"],"picked":"CrushJoints","floor":10.0},{"not_picked":["WindmillStrike","REME_Repentance"],"picked":"Prostrate","floor":11.0},{"not_picked":["WaveOfTheHand+1","CutThroughFate+1"],"picked":"Scrawl+1","floor":13.0},{"not_picked":["SashWhip","FlurryOfBlows"],"picked":"MasterReality","floor":13.0},{"not_picked":["MentalFortress","Adaptation"],"picked":"REME_Repentance","floor":14.0},{"not_picked":["Omniscience","ConjureBlade"],"picked":"REME_EmptyShield","floor":16.0},{"not_picked":["ReplayTheSpireMod:Splinters","Hallucinations"],"picked":"Doubt","floor":17.0},{"not_picked":["Hallucinations","conspire:Blindness"],"picked":"Gensokyo:ImpossibleRequest","floor":17.0},{"not_picked":["Pain","Spreading Infection"],"picked":"Clumsy","floor":17.0},{"not_picked":["Replay:AtTheReady","FlurryOfBlows","InnerPeace"],"picked":"Singing Bowl","floor":18.0},{"not_picked":["WreathOfFlame","InnerPeace+1","FlyingSleeves"],"picked":"Singing Bowl","floor":22.0},{"not_picked":["Wish+1","BattleHymn+1","BowlingBash+1"],"picked":"Singing Bowl","floor":23.0},{"not_picked":["Replay:Battleflow","FlurryOfBlows","AT_MachinaRedman"],"picked":"Singing Bowl","floor":23.0},{"not_picked":["Halt","PathToVictory","FlurryOfBlows"],"picked":"Singing Bowl","floor":25.0},{"not_picked":["Vengeance","Replay:DivineShield+1","Replay:BluntJabs"],"picked":"Singing Bowl","floor":27.0},{"not_picked":["Evaluate","FlyingSleeves","AT_DivineConfetti"],"picked":"Singing Bowl","floor":28.0},{"not_picked":["Replay:BluntJabs+1","SignatureMove+1","EmptyBody"],"picked":"Singing Bowl","floor":31.0},{"not_picked":["Brilliance","AT_RealColorLess","REME_EmptyShield"],"picked":"Singing Bowl","floor":33.0},{"not_picked":["SashWhip","Evaluate","EmptyFist+1"],"picked":"Singing Bowl","floor":35.0},{"not_picked":["Prostrate+1","Perseverance","Replay:Cycle"],"picked":"Singing Bowl","floor":36.0},{"not_picked":["Perseverance+1","ThirdEye+1","Alpha+1"],"picked":"Singing Bowl","floor":40.0},{"not_picked":["Consecrate+1","PathToVictory+1","CrushJoints"],"picked":"Singing Bowl","floor":40.0},{"not_picked":["AT_SoftenMuscles","ThirdEye","ReachHeaven+1"],"picked":"Singing Bowl","floor":42.0},{"not_picked":["ClearTheMind","Worship","FlyingSleeves"],"picked":"Singing Bowl","floor":45.0},{"not_picked":["DeusExMachina","LessonLearned","REME_CRH"],"picked":"Singing Bowl","floor":46.0},{"not_picked":["Replay:Cycle+1","MentalFortress","Collect"],"picked":"Singing Bowl","floor":46.0},{"not_picked":["EmptyBody+1","Evaluate+1","Halt+1"],"picked":"Singing Bowl","floor":48.0},{"not_picked":["EmptyFist","BowlingBash","JustLucky"],"picked":"Singing Bowl","floor":51},{"not_picked":["REME_Repentance+1","FlurryOfBlows","PathToVictory+1"],"picked":"Singing Bowl","floor":52},{"not_picked":["EmptyBody","AT_SoftenMuscles","Swivel"],"picked":"Singing Bowl","floor":53},{"not_picked":["Study+1","REME_Repentance","Consecrate+1"],"picked":"Singing Bowl","floor":56}],"player_experience":1504289,"relics_obtained":[{"floor":6.0,"key":"Anchor"},{"floor":8.0,"key":"Replay:Mystery Machine"},{"floor":9.0,"key":"Happy Flower"},{"floor":13.0,"key":"AT_SunfireAegis"},{"floor":15.0,"key":"Omamori"},{"floor":21.0,"key":"Ring of Misfortune"},{"floor":21.0,"key":"Ring of Fangs"},{"floor":23.0,"key":"Akabeko"},{"floor":25.0,"key":"reliquary:PorcupineQuills"},{"floor":26.0,"key":"Replay:Ringing Soul"},{"floor":40.0,"key":"AT_Kusabimaru"},{"floor":42.0,"key":"Centennial Puzzle"},{"floor":43.0,"key":"reliquary:TatteredRug"},{"floor":45.0,"key":"conspire:Boomerang"},{"floor":52,"key":"paleoftheancients:SoulOfTheWatcher"},{"floor":53,"key":"reliquary:Knoch"},{"floor":58,"key":"Mercury Hourglass"}],"event_choices":[{"damage_healed":0.0,"max_hp_gain":0.0,"max_hp_loss":0.0,"gold_gain":0.0,"event_name":"conspire:Investor","player_choice":"Leave","floor":44.0,"gold_loss":0.0,"damage_taken":0.0}],"is_beta":false,"boss_relics":[{"not_picked":["Ring of Chaos","aspiration:RunicSpoon"],"picked":"Replay:Ancient Bell"},{"not_picked":["Grinning Jar","reliquary:SharkskinSheath"],"picked":"AT_BellDemon"},{"not_picked":["aspiration:StickyExplosives_weak","The Courier"],"picked":"REME_ArchaeologicalTools"},{"not_picked":["Mango","Thread and Needle"],"picked":"REME_IWantAll"},{"not_picked":["Pandora\u0027s Box","SlaversCollar"],"picked":"AT_TrinityForce"}],"items_purged_floors":[47,54,54],"is_endless":false,"potions_floor_spawned":[2,5,10,13,16,18,27,33,36,40,45,52],"ascension_level":6}}