{"host":"2zjdcgw4be5n15ja","time":1612091985,"event":{"mods":["2.2 Compatiblity","AchievementEnabler","BaseMod","Bestiary","Better Skull","Better Third Choice","BetterRewards","Colored Powertips","Downfall","Hermit","Marisa????????","Marked Mod","Minty Spire (QoL Compilation)","Quick Restart","Rare Cards Sparkle","Reimu??????","Relic Stats","Reliquary","Replay The Spire","StSLib","The Bug Knight","The Problem Sleuth"],"gold_per_floor":[211,222,175,192,204,238,250,250,250,269,269,374,390,407,407,407,407],"floor_reached":16,"language":"ENG","playtime":2230,"items_purged":[],"score":106,"play_id":"69e0aaf2-8f5b-46f9-930a-15a345541a9e","local_time":"20210201001945","is_ascension_mode":false,"campfire_choices":[{"floor":8,"key":"REST"},{"floor":11,"key":"REST"},{"floor":15,"key":"REST"}],"circlet_count":0,"master_deck":["HollowMod:NailStrikeStart","HollowMod:NailStrikeStart","HollowMod:NailStrikeStart","HollowMod:NailStrikeStart","HollowMod:QuickDashStart","HollowMod:QuickDashStart","HollowMod:QuickDashStart","HollowMod:QuickDashStart","HollowMod:FocusHealStart","HollowMod:PogoStrike","HollowMod:PureNailStrike","HollowMod:SoulStrike","HollowMod:SoulShaman","HollowMod:CoiledNail","HollowMod:SoulMaster","HollowMod:CloakDash","HollowMod:SoulStrike","HollowMod:CornifersMapStart","HollowMod:ShapeofUnn","HollowMod:HowlingWraiths","HollowMod:VengefulSpirit","HollowMod:NewLittleFool","HollowMod:NewJinnsSoul"],"relics":["HollowMod:VesselMask","betterThird:SlimedRelic","Regal Pillow","Prayer Wheel","Dream Catcher"],"acts_visited":["Exordium"],"potions_floor_usage":[6,7,13,14],"damage_taken":[{"damage":4,"enemies":"2 Louse","floor":1,"turns":3},{"damage":1,"enemies":"Jaw Worm","floor":2,"turns":3},{"damage":1,"enemies":"Cultist","floor":4,"turns":3},{"damage":14,"enemies":"3 Louse","floor":5,"turns":4},{"damage":22,"enemies":"HollowMod:MossKnight","floor":6,"turns":5},{"damage":14,"enemies":"Looter","floor":7,"turns":2},{"damage":30,"enemies":"Exordium Thugs","floor":10,"turns":6},{"damage":6,"enemies":"Large Slime","floor":13,"turns":6},{"damage":11,"enemies":"2 Fungi Beasts","floor":14,"turns":4},{"damage":67,"enemies":"HollowMod:FalseKnight","floor":16,"turns":9}],"seed_played":"7228456812657475103","potions_obtained":[{"floor":4,"key":"FearPotion"},{"floor":6,"key":"AttackPotion"},{"floor":10,"key":"DistilledChaos"},{"floor":14,"key":"Fruit Juice"}],"is_trial":false,"path_per_floor":["M","M","?","M","M","E","M","R","T","M","R","?","M","M","R","B"],"character_chosen":"THE_BUGKNIGHT","items_purchased":[],"campfire_rested":3,"item_purchase_floors":[],"current_hp_per_floor":[71,70,59,58,44,22,8,45,45,21,58,35,29,23,62,0,0],"gold":407,"neow_bonus":"HUNDRED_GOLD","is_daily":false,"chose_seed":false,"campfire_upgraded":0,"win_rate":0.0,"timestamp":1612091985,"path_taken":["M","M","?","M","M","E","M","R","T","M","R","?","M","M","R","BOSS"],"items_purchased_type":[],"build_version":"2020-12-22","purchased_purges":0,"victory":false,"max_hp_per_floor":[75,75,75,75,75,75,75,75,75,75,75,75,75,80,80,80,80],"relic_stats":{"Regal Pillow":45,"Dream Catcher":1,"counters":[10,45],"Prayer Wheel":3,"obtain_stats":[{"Regal Pillow":6,"Dream Catcher":12,"betterThird:SlimedRelic":3,"HollowMod:VesselMask":0,"Prayer Wheel":9},{"Regal Pillow":5,"Dream Catcher":7,"betterThird:SlimedRelic":2,"HollowMod:VesselMask":0,"Prayer Wheel":6},{"Regal Pillow":18,"Dream Catcher":26,"betterThird:SlimedRelic":6,"HollowMod:VesselMask":0,"Prayer Wheel":20}]},"card_choices":[{"not_picked":["HollowMod:SoulSplash","HollowMod:NewJinnsSoul"],"picked":"HollowMod:PureNailStrike","floor":1},{"not_picked":["HollowMod:LifebloodCocoon","HollowMod:GoodIntentions"],"picked":"HollowMod:SoulStrike","floor":2},{"not_picked":["HollowMod:FallenFury","HollowMod:DreamGate"],"picked":"HollowMod:SoulShaman","floor":4},{"not_picked":["HollowMod:InfectedAttack","HollowMod:SiblingsSouls"],"picked":"HollowMod:CoiledNail","floor":5},{"not_picked":["HollowMod:DescendingDark","HollowMod:WraithStrike"],"picked":"HollowMod:SoulMaster","floor":6},{"not_picked":["HollowMod:PureNailStrike","HollowMod:MawleksShell"],"picked":"HollowMod:CloakDash","floor":7},{"not_picked":["HollowMod:WraithStrike","HollowMod:DescendingDark"],"picked":"HollowMod:SoulStrike","floor":10},{"not_picked":["HollowMod:NewJinnsSoul","HollowMod:VengefulVoid"],"picked":"HollowMod:CornifersMapStart","floor":10},{"not_picked":["HollowMod:ShadowDash","HollowMod:SharpenedShadows"],"picked":"HollowMod:ShapeofUnn","floor":13},{"not_picked":["HollowMod:FastStrike","HollowMod:GoodIntentions"],"picked":"HollowMod:HowlingWraiths","floor":13},{"not_picked":["HollowMod:HowlingWraiths","HollowMod:SoulVessel"],"picked":"HollowMod:VengefulSpirit","floor":14},{"not_picked":["HollowMod:Hiveblood","HollowMod:SharpenedNail"],"picked":"HollowMod:NewLittleFool","floor":14},{"not_picked":["HollowMod:SoulStrike","HollowMod:VengefulVoid"],"picked":"HollowMod:NewJinnsSoul","floor":15}],"player_experience":356315,"relics_obtained":[{"floor":6,"key":"Regal Pillow"},{"floor":9,"key":"Prayer Wheel"}],"event_choices":[{"damage_healed":0,"gold_gain":0,"player_choice":"Slimed","damage_taken":11,"max_hp_gain":0,"max_hp_loss":0,"event_name":"betterThird:BetterGoop","floor":3,"gold_loss":47},{"damage_healed":0,"gold_gain":105,"player_choice":"RE GO ","damage_taken":26,"relics_obtained":["Dream Catcher"],"max_hp_gain":0,"max_hp_loss":0,"event_name":"betterSkull:BetterSkull","floor":12,"gold_loss":0,"cards_upgraded":[]}],"is_beta":false,"boss_relics":[],"items_purged_floors":[],"is_endless":false,"potions_floor_spawned":[4,6,10,14],"killed_by":"HollowMod:FalseKnight","ascension_level":0}}