{"host":"xkyjkr020mio9edy","time":1612075500,"event":{"mods":["AchievementEnabler","BaseMod","Block Reminder","Clockwork Mod","Colored Map","Colored Powertips","DeckTracker","Downfall","Glutton Mod","Gold Saver","Highlight Path","Hubris","Minty Spire (QoL Compilation)","Permanent Neow","Quick Restart","Rare Cards Sparkle","Replay The Spire","StSLib","The Blue Laboratory","The Bug Knight","The Jungle","The Necromancer","TheHeartMod","Wandering Minibosses"],"gold_per_floor":[119,29,104,115,49815,49815,48720,48720,48745,48745,48779,47870,47887,47914,47914,48013,48013,48032,47963,47002,47013,47013,47041,47056,47056,47081,47231,47231,47249,46711,46724,46724,46820,46820,46835,46850,50000,50016,50016,50051,50051,49702,49749,49763,49016,49016,49028,49053,49053,49053,49053],"floor_reached":50,"language":"ENG","playtime":4298,"items_purged":["HollowMod:SiblingsShadow"],"score":778,"play_id":"c8a17db2-3cd0-44f1-9f00-9986831b2a1d","local_time":"20210131014500","is_ascension_mode":false,"campfire_choices":[{"data":"HollowMod:NewLastStag","floor":6,"key":"SMITH"},{"data":"HollowMod:ShapeofUnn","floor":8,"key":"SMITH"},{"floor":10,"key":"RECALL"},{"floor":15,"key":"REST"},{"data":"Summon_Death_Knight","floor":25,"key":"SMITH"},{"data":"HollowMod:NewJinnsSoul","floor":28,"key":"SMITH"},{"data":"Cloudkill","floor":32,"key":"SMITH"},{"floor":41,"key":"REST"},{"floor":49,"key":"REST"}],"circlet_count":0,"master_deck":["HollowMod:FocusHealStart","HollowMod:PogoStrike","HollowMod:ZotesMagnificence","HollowMod:DungDefenderAura","HollowMod:DungDefenderAura","HollowMod:SoulSplash","HollowMod:NewLastStag+1","Bandage Up","HollowMod:RecoilStrike+1","HollowMod:SoulShaman","HollowMod:ShapeofUnn+1","HollowMod:ChannelNail","HollowMod:CycloneSlash","HollowMod:Grubsong+1","Swift Strike+1","HollowMod:LifebloodCocoon+1","hubris:EnhanceAbility+1","HollowMod:FastStrike+1","HollowMod:MonarchWings","Summon_Death_Knight+1","HollowMod:NewLittleFool","HollowMod:HornetsHelp","HollowMod:DungDefenderAura","Impatience","HollowMod:NewJinnsSoul+1","HollowMod:HuntersJournal+1","HollowMod:DoubleDash","HollowMod:MothsMistake+1","HollowMod:DungDefenderAura+1","Cloudkill+1","Blood_Magic","HollowMod:FastStrike","HollowMod:DungDefenderAura","HollowMod:RecoilStrike","HollowMod:CycloneSlash","HollowMod:MonarchWings","HollowMod:theNailsmith","HollowMod:NewLittleFool","HollowMod:ZotesMagnificence","Life_Drain","HollowMod:BrokenVessel","Bone_Armor","hubris:EnhanceAbility","Enlightenment","Chrysalis","Negative_Energy_Sphere","HollowMod:BrokenVessel+1","Bone_Armor","HollowMod:BaldurShell+1","HollowMod:BaldurShell+1","Good Instincts+1","Master of Strategy+1","HollowMod:GoodIntentions+1","HollowMod:DesolateDive","Thousand_Bone_Knives"],"relics":["HollowMod:VesselMask","Lantern","HollowMod:StagPassRelic","HandDrill","Blood Vial","Pen Nib","Anchor","Guardian:PocketSentry","Sling","hubris:DisguiseKit","Sozu","Quantum Egg","sneckomod:BlankCard","Onion Ring","hubris:ToyBattleship","hubris:AstralHammer","Pandora\u0027s Box","Red Mask","Pear","ClockworkSouvenir","Pet Ghost","HollowMod:KingsBrand","Juzu Bracelet","ReplayTheSpireMod:Shallot","hubris:BundleOfHerbs"],"acts_visited":["Exordium","Exordium","TheBeyond"],"potions_floor_usage":[7,13,18,33,40],"damage_taken":[{"damage":6,"enemies":"Jaw Worm","floor":1,"turns":2},{"damage":5,"enemies":"Small Slimes","floor":2,"turns":3},{"damage":3,"enemies":"2 Louse","floor":4,"turns":3},{"damage":16,"enemies":"Gremlin Nob","floor":11,"turns":4},{"damage":7,"enemies":"Exordium Thugs","floor":13,"turns":4},{"damage":0,"enemies":"Lagavulin","floor":14,"turns":1},{"damage":3,"enemies":"HollowMod:FalseKnight","floor":16,"turns":8},{"damage":14,"enemies":"theJungle:MUSHROOMGANG","floor":18,"turns":2},{"damage":0,"enemies":"theJungle:5_Spyders","floor":21,"turns":6},{"damage":3,"enemies":"theJungle:Cassacara","floor":23,"turns":4},{"damage":16,"enemies":"theJungle:JungleHuntersEncounter","floor":24,"turns":6},{"damage":0,"enemies":"Snake Plant","floor":29,"turns":2},{"damage":3,"enemies":"theJungle:Lyon","floor":31,"turns":5},{"damage":61,"enemies":"theJungle:TotemBoss","floor":33,"turns":10},{"damage":33,"enemies":"3 Darklings","floor":35,"turns":7},{"damage":1,"enemies":"Orb Walker","floor":36,"turns":3},{"damage":31,"enemies":"4 Shapes","floor":38,"turns":4},{"damage":41,"enemies":"Giant Head","floor":40,"turns":11},{"damage":26,"enemies":"Sphere and 2 Shapes","floor":44,"turns":4},{"damage":0,"enemies":"Spire Growth","floor":47,"turns":9},{"damage":40,"enemies":"Nemesis","floor":48,"turns":9},{"damage":93,"enemies":"hubris:GrandSnecko","floor":50,"turns":18}],"seed_played":"1120949680197113329","potions_obtained":[{"floor":2,"key":"hexamod:SoulburnPotion"},{"floor":14,"key":"Explosive Potion"},{"floor":16,"key":"LiquidBronze"}],"is_trial":false,"path_per_floor":["M","M","?","M","?","R","$","R","T","R","E","$","M","E","R","B",null,"M","?","$","M","?","E","M","R","T","?","R","M","$","M","R","B",null,"M","M","?","M","?","E","R","$","T","M","$","?","M","E","R","B"],"character_chosen":"THE_BUGKNIGHT","items_purchased":["Lantern","HollowMod:StagPassRelic","HandDrill","Bandage Up","HollowMod:RecoilStrike+1","HollowMod:SoulShaman","HollowMod:ShapeofUnn","HollowMod:ChannelNail","Fruit Juice","blueLaboratory:HorrorPotion","Weak Potion","Anchor","Guardian:PocketSentry","Sling","HollowMod:Grubsong","Swift Strike","HollowMod:LifebloodCocoon","hubris:EnhanceAbility","HollowMod:FastStrike","sneckomod:BlankCard","Onion Ring","Poisoned Strike","HollowMod:NewLittleFool","HollowMod:HornetsHelp","HollowMod:DungDefenderAura","Impatience","HollowMod:MothsMistake","hubris:AstralHammer","HollowMod:DungDefenderAura","ClockworkSouvenir","Pet Ghost","HollowMod:BrokenVessel","Juzu Bracelet","ReplayTheSpireMod:Shallot","HollowMod:BaldurShell","Good Instincts","Master of Strategy","HollowMod:GoodIntentions"],"campfire_rested":3,"item_purchase_floors":[7,7,7,7,7,7,7,7,7,7,7,12,12,12,12,12,12,12,12,20,20,20,20,20,20,20,30,30,30,42,42,42,45,45,45,45,45,45],"current_hp_per_floor":[69,64,53,50,50,50,55,55,55,55,45,45,44,50,74,77,80,66,66,66,78,90,87,80,80,80,80,80,86,86,87,87,33,90,61,66,66,47,37,22,52,52,52,38,38,38,50,22,52,0,0],"gold":49053,"neow_bonus":"THREE_RARE_CARDS","is_daily":false,"chose_seed":false,"campfire_upgraded":5,"win_rate":0.0,"timestamp":1612075500,"path_taken":["M","M","?","M","?","R","$","R","T","R","E","$","M","E","R","BOSS","M","?","?","M","?","E","?","R","T","?","R","M","$","M","R","BOSS","M","M","?","M","?","E","R","$","T","M","$","?","M","E","R","BOSS"],"items_purchased_type":["Relic","Relic","Relic","Card","Card","Card","Card","Card","Potion","Potion","Potion","Relic","Relic","Relic","Card","Card","Card","Card","Card","Relic","Relic","Card","Card","Card","Card","Card","Card","Relic","Card","Relic","Relic","Card","Relic","Relic","Card","Card","Card","Card"],"build_version":"2020-12-22","purchased_purges":1,"victory":false,"max_hp_per_floor":[75,75,75,75,75,75,80,80,80,80,80,80,80,80,80,80,80,80,80,80,80,90,90,90,90,90,90,90,90,90,90,90,90,90,90,90,90,90,90,100,100,100,100,100,100,100,100,100,100,100,100],"card_choices":[{"not_picked":["HollowMod:VoidDash","HollowMod:ElderbugsWisdom"],"picked":"HollowMod:ZotesMagnificence","floor":0},{"not_picked":["HollowMod:FallenFury","HollowMod:ChannelNail"],"picked":"HollowMod:DungDefenderAura","floor":1},{"not_picked":["HollowMod:FallenFury","HollowMod:ChannelNail"],"picked":"HollowMod:DungDefenderAura","floor":1},{"not_picked":["HollowMod:GoodIntentions","HollowMod:SoulShaman"],"picked":"HollowMod:SiblingsShadow","floor":2},{"not_picked":["HollowMod:VengefulVoid","HollowMod:InfectionAssault"],"picked":"HollowMod:SoulSplash","floor":4},{"not_picked":["HollowMod:ShapeofUnn","HollowMod:AbyssShriek"],"picked":"HollowMod:CycloneSlash","floor":11},{"not_picked":["HollowMod:InfectedAttack","HollowMod:ChannelNail"],"picked":"HollowMod:MonarchWings","floor":13},{"not_picked":["HollowMod:SiblingsSouls","HollowMod:InfectedCysts","HollowMod:ShapeofUnn"],"picked":"SKIP","floor":14},{"not_picked":["HollowMod:SoulMaster","HollowMod:PureVessel","HollowMod:theNailsmith"],"picked":"Summon_Death_Knight","floor":16},{"not_picked":["HollowMod:TaintedHusks+1","HollowMod:SiblingsSouls","HollowMod:SharpenedShadows","Flesh_Made_Foul"],"picked":"SKIP","floor":18},{"not_picked":["HollowMod:AbyssShriek","HollowMod:ShadowDash","Negative_Energy_Burst"],"picked":"HollowMod:NewJinnsSoul","floor":21},{"not_picked":["HollowMod:ShadowDash","HollowMod:FallenFury+1","Shade_Step"],"picked":"HollowMod:HuntersJournal+1","floor":23},{"not_picked":["HollowMod:ChannelNail","HollowMod:SoulShaman+1","Scare"],"picked":"HollowMod:DoubleDash","floor":24},{"not_picked":["HollowMod:BlackTendrils","HollowMod:DashSlash","HollowMod:SoulStrike","Chill_Blood"],"picked":"SKIP","floor":29},{"not_picked":["HollowMod:VengefulVoid","HollowMod:MantisMark+1","HollowMod:SoulSplash"],"picked":"Cloudkill","floor":31},{"not_picked":["HollowMod:LordofShades","HollowMod:LifebloodCore","HollowMod:VoidDash"],"picked":"Blood_Magic","floor":33},{"not_picked":["HollowMod:NewLittleFool","HollowMod:AbyssShriek+1","HollowMod:MonarchWings+1"],"picked":"Life_Drain","floor":35},{"not_picked":["HollowMod:VengefulSpirit+1","HollowMod:FastStrike","Bones_to_Steel"],"picked":"HollowMod:BrokenVessel","floor":36},{"not_picked":["HollowMod:DashSlash+1","HollowMod:WraithStrike","HollowMod:ChannelNail"],"picked":"Bone_Armor","floor":38},{"not_picked":["Dark Shackles","Deep Breath"],"picked":"hubris:EnhanceAbility","floor":39},{"not_picked":["Replay:Bootleg Shield Generator","Secret Technique"],"picked":"Enlightenment","floor":39},{"not_picked":["Secret Weapon","Metamorphosis"],"picked":"Chrysalis","floor":39},{"not_picked":["HollowMod:SoulSplash+1","HollowMod:GreatSlash","HollowMod:SharpenedNail"],"picked":"Negative_Energy_Sphere","floor":40},{"not_picked":["HollowMod:SiblingsShadow","HollowMod:InfectedCysts","HollowMod:DreamGate"],"picked":"Bone_Armor","floor":44},{"not_picked":["HollowMod:SharpenedNail","HollowMod:InfectedCysts+1","Death_Coil"],"picked":"HollowMod:DesolateDive","floor":47},{"not_picked":["HollowMod:SoulShaman+1","HollowMod:ShapeofUnn+1","HollowMod:Hiveblood"],"picked":"Thousand_Bone_Knives","floor":48}],"player_experience":148785,"relics_obtained":[{"floor":9,"key":"Blood Vial"},{"floor":11,"key":"Pen Nib"},{"floor":14,"key":"hubris:DisguiseKit"},{"floor":23,"key":"hubris:ToyBattleship"},{"floor":40,"key":"Pear"},{"floor":43,"key":"HollowMod:KingsBrand"},{"floor":48,"key":"hubris:BundleOfHerbs"}],"event_choices":[{"damage_healed":0,"gold_gain":75,"player_choice":"Gather Gold","damage_taken":11,"max_hp_gain":0,"max_hp_loss":0,"event_name":"World of Goop","floor":3,"gold_loss":0},{"damage_healed":0,"gold_gain":0,"player_choice":"Paid Gold","damage_taken":0,"relics_obtained":["Quantum Egg"],"max_hp_gain":0,"max_hp_loss":0,"event_name":"WeMeetAgain","floor":19,"gold_loss":69},{"cards_removed":["Poisoned Strike"],"damage_healed":2,"gold_gain":0,"player_choice":"Offered Rare","damage_taken":0,"max_hp_gain":10,"max_hp_loss":0,"event_name":"Bonfire Elementals","floor":22,"gold_loss":0},{"damage_healed":0,"gold_gain":0,"player_choice":"Paid","damage_taken":0,"relics_obtained":["Red Mask"],"max_hp_gain":0,"max_hp_loss":0,"event_name":"Tomb of Lord Red Mask","floor":37,"gold_loss":46850},{"damage_healed":0,"gold_gain":0,"player_choice":"Memory 3","damage_taken":10,"max_hp_gain":0,"max_hp_loss":0,"event_name":"SensoryStone","floor":39,"gold_loss":0}],"is_beta":false,"boss_relics":[{"not_picked":["Painkiller Herb","expansioncontent:StudyCardRelic"],"picked":"Sozu"},{"not_picked":["Runic Dome","Honey Jar"],"picked":"Pandora\u0027s Box"}],"items_purged_floors":[30],"is_endless":false,"potions_floor_spawned":[2,14,16,23,33,35,44,48],"killed_by":"hubris:GrandSnecko","ascension_level":0}}