{"host":"rq7gz685gkaokql0","time":1612123909,"event":{"mods":["BaseMod","Hubris","Infinite Spire","Minty Spire (QoL Compilation)","Replay The Spire","StSLib"],"gold_per_floor":[110,110,80,91,105,139,139,164,164,189,189,199,213,240,240,316,316,330,330,349,349,349,380,380,409,409,444,460,460,460,475,475,495,495,495,495],"floor_reached":35,"language":"ENG","playtime":2022,"items_purged":["Delirium"],"score":740,"play_id":"68594058-b7e3-42a3-9a1d-0030886d7317","local_time":"20210131101149","is_ascension_mode":true,"campfire_choices":[{"data":"Armaments","floor":7.0,"key":"SMITH"},{"floor":11.0,"key":"REST"},{"data":"Eclipse","floor":15.0,"key":"SMITH"},{"floor":24.0,"key":"REST"},{"floor":32.0,"key":"REST"},{"data":"Demonic Infusion","floor":34.0,"key":"SMITH"}],"circlet_count":0,"master_deck":["AscendersBane","Strike_R","Strike_R","Strike_R","Strike_R","Strike_R","Defend_R","Defend_R","Defend_R","Defend_R","Bash","Specialist","Thunderclap","Armaments+1","Thunderclap","Havoc","ReplayTheSpireMod:Stacked","ReplayTheSpireMod:Strike From Hell","Power Through","Uppercut","Eclipse+1","Demonic Infusion+1","infinitespire:OneForAll+1","Cleave","RitualDagger","Intimidate","Pummel","Iron Wave","True Grit","Flame Barrier","Anger"],"relics":["Burning Blood","Ring of Misfortune","Ring of Fury","Mummified Hand","Happy Flower","hubris:MedicalManual","Bottled Lightning","Juzu Bracelet","ChewingGum","Chemical X","Letter Opener","Gambling Chip","Replay:Bottled Steam","White Beast Statue"],"acts_visited":["Exordium","TheCity"],"potions_floor_usage":[35,35],"damage_taken":[{"damage":11.0,"enemies":"Jaw Worm","floor":1.0,"turns":4.0},{"damage":13.0,"enemies":"Small Slimes","floor":4.0,"turns":3.0},{"damage":0.0,"enemies":"Cultist","floor":5.0,"turns":3.0},{"damage":20.0,"enemies":"Replay:BlueRogue","floor":6.0,"turns":6.0},{"damage":40.0,"enemies":"Gremlin Nob","floor":8.0,"turns":5.0},{"damage":13.0,"enemies":"3 Sentries","floor":10.0,"turns":11.0},{"damage":0.0,"enemies":"3 Louse","floor":12.0,"turns":3.0},{"damage":0.0,"enemies":"2 Fungi Beasts","floor":13.0,"turns":2.0},{"damage":9.0,"enemies":"Replay:BlueRogue","floor":14.0,"turns":5.0},{"damage":12.0,"enemies":"Hexaghost","floor":16.0,"turns":10.0},{"damage":18.0,"enemies":"2 Thieves","floor":18.0,"turns":3.0},{"damage":6.0,"enemies":"Chosen","floor":20.0,"turns":4.0},{"damage":13.0,"enemies":"Gremlin Leader","floor":23.0,"turns":8.0},{"damage":32.0,"enemies":"Slavers","floor":25.0,"turns":4.0},{"damage":0.0,"enemies":"Gremlin Leader","floor":27.0,"turns":5.0},{"damage":18.0,"enemies":"Sentry and Sphere","floor":28.0,"turns":4.0},{"damage":3.0,"enemies":"Centurion and Healer","floor":31.0,"turns":5.0},{"damage":0.0,"enemies":"Snecko","floor":33.0,"turns":3.0},{"damage":68,"enemies":"Champ","floor":35,"turns":7}],"seed_played":"9132878917498715008","potions_obtained":[{"floor":3.0,"key":"HeartOfIron"},{"floor":3.0,"key":"Explosive Potion"},{"floor":10.0,"key":"Energy Potion"},{"floor":12.0,"key":"EssenceOfSteel"},{"floor":13.0,"key":"LifebloodPotion"},{"floor":18.0,"key":"Weak Potion"},{"floor":25.0,"key":"DistilledChaos"},{"floor":28.0,"key":"Weak Potion"},{"floor":31.0,"key":"Fruit Juice"},{"floor":33.0,"key":"BloodPotion"}],"is_trial":false,"path_per_floor":["M","?","?","M","M","E","R","E","T","E","R","M","M","E","R","B",null,"M","?","M","?","AVR","E","R","E","T","E","M","PTL","PTL","M","R","M","R","B"],"character_chosen":"IRONCLAD","items_purchased":[],"campfire_rested":3,"item_purchase_floors":[],"current_hp_per_floor":[63,63,63,56,62,48,48,14,14,7,29,35,41,38,38,32,64,52,31,31,25,25,18,42,16,16,22,10,10,10,13,37,43,43,0,0],"gold":495,"neow_bonus":"RANDOM_COLORLESS","is_daily":false,"chose_seed":false,"campfire_upgraded":3,"win_rate":0.0,"timestamp":1612123909,"path_taken":["M","?","?","M","M","E","R","E","T","E","R","M","?","E","R","BOSS","M","?","M","?","AVR","E","R","E","T","E","M","PTL","PTL","M","R","M","R","BOSS"],"items_purchased_type":[],"build_version":"2020-12-22","purchased_purges":1,"victory":false,"max_hp_per_floor":[75,75,75,75,75,75,75,75,75,75,75,75,75,75,75,75,75,75,80,80,80,80,80,80,80,80,80,80,80,80,80,80,80,80,85,85],"card_choices":[{"not_picked":["Enlightenment","Forethought"],"picked":"Specialist","floor":0.0},{"not_picked":["Carnage","Heavy Blade"],"picked":"Thunderclap","floor":1.0},{"not_picked":["Pommel Strike","ReplayTheSpireMod:Corrosion Curse"],"picked":"Armaments","floor":4.0},{"not_picked":["ReplayTheSpireMod:Strike From Hell","Iron Wave"],"picked":"Thunderclap","floor":5.0},{"not_picked":["True Grit","Dropkick"],"picked":"Havoc","floor":6.0},{"not_picked":["Sword Boomerang","Corruption"],"picked":"ReplayTheSpireMod:Stacked","floor":8.0},{"not_picked":["ReplayReversal","Power Through"],"picked":"ReplayTheSpireMod:Strike From Hell","floor":10.0},{"not_picked":["hubris:ReadiedAction","Flex"],"picked":"Power Through","floor":12.0},{"not_picked":["Perfected Strike","Wild Strike"],"picked":"Uppercut","floor":13.0},{"not_picked":["Carnage","Perfected Strike"],"picked":"Eclipse","floor":14.0},{"not_picked":["Barricade","Corruption"],"picked":"Demonic Infusion","floor":16.0},{"not_picked":["Cleave","Havoc"],"picked":"infinitespire:OneForAll+1","floor":18.0},{"not_picked":["Heavy Blade+1","Anger"],"picked":"Cleave","floor":20.0},{"not_picked":["Cleave","Headbutt"],"picked":"Intimidate","floor":23.0},{"not_picked":["ReplayTheSpireMod:Corrosion Curse","Life Link"],"picked":"Pummel","floor":25.0},{"not_picked":["Life Link","Havoc"],"picked":"Iron Wave","floor":27.0},{"not_picked":["hubris:ReadiedAction","Sever Soul"],"picked":"True Grit","floor":28.0},{"not_picked":["Wild Strike","Sword Boomerang"],"picked":"Flame Barrier","floor":31.0},{"not_picked":["Heavy Blade","Dark Embrace"],"picked":"Anger","floor":33.0}],"player_experience":1228275,"relics_obtained":[{"floor":2.0,"key":"Ring of Misfortune"},{"floor":2.0,"key":"Ring of Fury"},{"floor":6.0,"key":"Mummified Hand"},{"floor":8.0,"key":"Happy Flower"},{"floor":9.0,"key":"hubris:MedicalManual"},{"floor":10.0,"key":"Bottled Lightning"},{"floor":14.0,"key":"Juzu Bracelet"},{"floor":23.0,"key":"Letter Opener"},{"floor":25.0,"key":"Gambling Chip"},{"floor":26.0,"key":"Replay:Bottled Steam"},{"floor":27.0,"key":"White Beast Statue"}],"event_choices":[{"damage_healed":0.0,"max_hp_gain":0.0,"max_hp_loss":0.0,"gold_gain":0.0,"event_name":"The Woman in Blue","player_choice":"Bought 2 Potions","floor":3.0,"gold_loss":0.0,"damage_taken":0.0},{"damage_healed":0.0,"max_hp_gain":5.0,"max_hp_loss":0.0,"gold_gain":0.0,"event_name":"Forgotten Altar","player_choice":"Shed Blood","floor":19.0,"gold_loss":0.0,"damage_taken":26.0},{"damage_healed":0.0,"max_hp_gain":0.0,"max_hp_loss":0.0,"gold_gain":0.0,"event_name":"Nest","player_choice":"Joined the Cult","floor":21.0,"gold_loss":0.0,"damage_taken":6.0,"cards_obtained":["RitualDagger"]}],"is_beta":false,"boss_relics":[{"not_picked":["ReplayTheSpireMod:DimensionalGlitch","Runic Pyramid"],"picked":"ChewingGum"}],"items_purged_floors":[22],"is_endless":false,"potions_floor_spawned":[10,12,13,18,25,28,31,33],"killed_by":"Champ","ascension_level":20}}