{"host":"y1nstw52wejfnhs9","time":1612076735,"event":{"mods":["BaseMod","Bestiary","Better Note","Better Skull","Better Third Choice","Custom Start","Minty Spire (QoL Compilation)","Practice Mode","Replay The Spire","SOS???????","StSLib","SuperFastMode","The Bug Knight","The Forsaken","The Wild Card"],"gold_per_floor":[111,58,58,69,69,102,102,116,167,197,215,215,279,290,290,390,390,402,402,422,254,254,254,284,284,284,302,317,317,62,76,76,175,175,195,207,117,137,150,183,183,10,34,34,44,63,63,82,82,82],"floor_reached":51,"language":"ENG","playtime":1473,"items_purged":["Languid","Strike_R","Strike_R"],"score":871,"play_id":"16b77e6f-4c64-4dfd-acb5-8264f1796b71","local_time":"20210130230535","is_ascension_mode":true,"campfire_choices":[{"data":"Replay:Undeath\u0027s Touch","floor":7,"key":"SMITH"},{"data":"Flex","floor":12,"key":"SMITH"},{"data":"Clothesline","floor":15,"key":"SMITH"},{"data":"Eclipse","floor":23,"key":"SMITH"},{"data":"Eclipse","floor":25,"key":"SMITH"},{"data":"ReplayTheSpireMod:Strike From Hell","floor":29,"key":"SMITH"},{"data":"Bash","floor":32,"key":"SMITH"},{"data":"Eclipse","floor":41,"key":"SMITH"},{"data":"Battle Trance","floor":47,"key":"SMITH"},{"floor":49,"key":"REST"}],"circlet_count":0,"master_deck":["Strike_R","Defend_R","Defend_R+1","Defend_R","Defend_R","Bash+1","Replay:Undeath\u0027s Touch+1","Flex+1","theWildCard:Arsene","Battle Trance+1","ReplayTheSpireMod:Stacked+1","Run Through","Clothesline+1","Eclipse+1","ReplayTheSpireMod:Strike From Hell+1","Inflame+1","Eclipse+1","Replay:Undeath\u0027s Touch","Power Through","Twin Strike","Eclipse+1","Hallucinations","Decay","Writhe","Body Slam+1","Replay:Many Hands","Body Slam+1","Pummel+1","Replay:Undeath\u0027s Touch","Replay:Undeath\u0027s Touch+1","Uppercut+1","Pummel+1"],"relics":["Burning Blood","Gremlin Food","Bag of Marbles","Lizard Tail","ReplayTheSpireMod:TigerMarble","Honey Jar","ReplayTheSpireMod:CursedCoin","Quantum Egg","Ancient Tea Set","HornCleat","Strange Spoon","Replay:Ancient Bell","Vajra","Darkstone Periapt","Du-Vu Doll","ReplayFunnel","Art of War","Bag of Preparation","Oddly Smooth Stone","Centennial Puzzle"],"acts_visited":["Exordium","TheCity","TheBeyond"],"potions_floor_usage":[10,16,20,27,50,50],"damage_taken":[{"damage":6,"enemies":"Cultist","floor":1,"turns":4},{"damage":0,"enemies":"2 Louse","floor":4,"turns":3},{"damage":24,"enemies":"Lagavulin","floor":6,"turns":6},{"damage":0,"enemies":"Jaw Worm","floor":8,"turns":3},{"damage":12,"enemies":"HollowMod:MossKnight","floor":10,"turns":5},{"damage":1,"enemies":"3 Louse","floor":11,"turns":3},{"damage":10,"enemies":"3 Sentries","floor":13,"turns":8},{"damage":16,"enemies":"Large Slime","floor":14,"turns":4},{"damage":65,"enemies":"Hexaghost","floor":16,"turns":14},{"damage":0,"enemies":"2 Thieves","floor":18,"turns":4},{"damage":0,"enemies":"Shell Parasite","floor":20,"turns":3},{"damage":12,"enemies":"Book of Stabbing","floor":24,"turns":3},{"damage":5,"enemies":"Snake Plant","floor":27,"turns":2},{"damage":0,"enemies":"Snecko","floor":28,"turns":1},{"damage":0,"enemies":"Cultist and Chosen","floor":31,"turns":3},{"damage":14,"enemies":"Automaton","floor":33,"turns":5},{"damage":0,"enemies":"Orb Walker","floor":35,"turns":1},{"damage":0,"enemies":"3 Darklings","floor":36,"turns":1},{"damage":0,"enemies":"Sphere and 2 Shapes","floor":38,"turns":2},{"damage":2,"enemies":"4 Shapes","floor":39,"turns":3},{"damage":15,"enemies":"Giant Head","floor":40,"turns":4},{"damage":0,"enemies":"Jaw Worm Horde","floor":45,"turns":1},{"damage":0,"enemies":"Maw","floor":46,"turns":4},{"damage":7,"enemies":"4 Shapes","floor":48,"turns":2},{"damage":30,"enemies":"Donu and Deca","floor":50,"turns":5}],"seed_played":"1969535418995959668","potions_obtained":[{"floor":4,"key":"Weak Potion"},{"floor":6,"key":"SpeedPotion"},{"floor":8,"key":"Block Potion"},{"floor":11,"key":"Ancient Potion"},{"floor":16,"key":"SkillPotion"},{"floor":24,"key":"Reflective Coating"},{"floor":28,"key":"SpeedPotion"},{"floor":31,"key":"Reflective Coating"},{"floor":36,"key":"Fire Potion"},{"floor":45,"key":"BloodPotion"}],"is_trial":false,"path_per_floor":["M","$","?","M","$","E","R","M","T","E","M","R","?","M","R","B",null,"M","?","M","$","?","R","E","R","T","M","M","R","$","M","R","B",null,"M","M","?","M","M","E","R","$","T","?","M","M","R","M","R","B",null],"character_chosen":"IRONCLAD","items_purchased":["Flex","ReplayTheSpireMod:CursedCoin","Quantum Egg","Strange Spoon","Replay:Undeath\u0027s Touch"],"campfire_rested":1,"item_purchase_floors":[2,21,21,30,42],"current_hp_per_floor":[85,85,85,85,85,67,67,73,73,67,72,72,68,58,58,44,85,85,85,85,85,85,85,79,79,79,80,85,85,85,85,85,77,103,103,103,103,103,103,98,98,98,98,22,67,73,73,72,104,80],"gold":82,"neow_bonus":"RANDOM_EVENT","is_daily":false,"chose_seed":false,"campfire_upgraded":9,"win_rate":0.0,"timestamp":1612076735,"path_taken":["M","?","?","M","$","E","R","M","T","E","?","R","?","M","R","BOSS","M","?","M","$","?","R","E","R","T","M","M","R","?","?","R","BOSS","M","M","?","?","M","E","R","$","T","?","M","?","R","M","R","BOSS"],"items_purchased_type":["Card","Relic","Relic","Relic","Card"],"build_version":"2020-12-22","purchased_purges":3,"victory":true,"max_hp_per_floor":[85,85,85,85,85,85,85,85,85,85,85,85,85,85,85,85,85,85,85,85,85,85,85,85,85,85,85,85,85,85,85,85,85,103,103,103,103,103,103,107,107,107,107,107,107,107,107,107,107,107],"card_choices":[{"not_picked":["Blood for Blood","Headbutt"],"picked":"Replay:Undeath\u0027s Touch","floor":1},{"not_picked":["Dropkick","Feel No Pain"],"picked":"Battle Trance","floor":4},{"not_picked":["Infernal Blade","Pummel","Armaments"],"picked":"SKIP","floor":6},{"not_picked":["Infernal Blade","Searing Blow"],"picked":"ReplayTheSpireMod:Stacked","floor":8},{"not_picked":["Headbutt","Anger","Body Slam"],"picked":"SKIP","floor":10},{"not_picked":["Entrench","Searing Blow","Pommel Strike"],"picked":"SKIP","floor":11},{"not_picked":["Combust","Heavy Blade"],"picked":"Run Through","floor":13},{"not_picked":["Headbutt","Whirlwind"],"picked":"Clothesline","floor":14},{"not_picked":["Double Tap","Demon Form"],"picked":"Eclipse","floor":16},{"not_picked":["Havoc","Sword Boomerang","Massacre+1"],"picked":"ReplayTheSpireMod:Strike From Hell","floor":18},{"not_picked":["ReplayTheSpireMod:Strike From Hell","Intimidate","Headbutt"],"picked":"Inflame+1","floor":20},{"not_picked":["Abandon","Body Slam","Bloodletting"],"picked":"Eclipse","floor":24},{"not_picked":["Sever Soul","Entrench+1","Dual Wield"],"picked":"Replay:Undeath\u0027s Touch","floor":27},{"not_picked":["Run Through","Thunderclap+1","Warcry"],"picked":"Power Through","floor":28},{"not_picked":["Clothesline","Heavy Blade","Entrench"],"picked":"Twin Strike","floor":31},{"not_picked":["Demonic Infusion","Juggernaut","Fiend Fire"],"picked":"Eclipse","floor":33},{"not_picked":["ReplayTheSpireMod:IOU","Decay","theForsaken:PlagueCurse"],"picked":"Hallucinations","floor":34},{"not_picked":["theForsaken:PlagueCurse","Looming Evil","ReplayTheSpireMod:Doomed"],"picked":"Decay","floor":34},{"not_picked":["Languid","ReplayTheSpireMod:Splinters","AbeCurse"],"picked":"Writhe","floor":34},{"not_picked":["Perfected Strike+1","Havoc","Hemokinesis"],"picked":"Body Slam+1","floor":35},{"not_picked":["Warcry","Headbutt","Carnage+1"],"picked":"Replay:Many Hands","floor":36},{"not_picked":["Run Through+1","Anger","Hemokinesis"],"picked":"Body Slam+1","floor":38},{"not_picked":["True Grit","Reckless Charge","Sentinel+1","Twin Strike"],"picked":"SKIP","floor":39},{"not_picked":["Blood for Blood","Heavy Blade","Ghostly Armor+1"],"picked":"Pummel+1","floor":40},{"not_picked":["Shrug It Off+1","Iron Wave+1","Sever Soul+1"],"picked":"Replay:Undeath\u0027s Touch+1","floor":45},{"not_picked":["Run Through","Wild Strike+1","Dual Wield+1"],"picked":"Uppercut+1","floor":46},{"not_picked":["Shrug It Off","Wild Strike","Run Through+1"],"picked":"Pummel+1","floor":48}],"player_experience":444455,"relics_obtained":[{"floor":6,"key":"Gremlin Food"},{"floor":9,"key":"Bag of Marbles"},{"floor":10,"key":"Lizard Tail"},{"floor":24,"key":"Ancient Tea Set"},{"floor":26,"key":"HornCleat"},{"floor":40,"key":"ReplayFunnel"},{"floor":43,"key":"Art of War"}],"event_choices":[{"damage_healed":0,"gold_gain":0,"player_choice":"Donut","damage_taken":0,"max_hp_gain":5,"max_hp_loss":0,"event_name":"Big Fish","floor":0,"gold_loss":0},{"damage_healed":0,"gold_gain":30,"player_choice":"Searched \u00273\u0027 times","damage_taken":0,"relics_obtained":["ReplayTheSpireMod:TigerMarble"],"max_hp_gain":0,"max_hp_loss":0,"event_name":"Dead Adventurer","floor":13,"gold_loss":0},{"cards_removed":["Strike_R"],"damage_healed":0,"gold_gain":0,"player_choice":"Card Removal","damage_taken":0,"max_hp_gain":0,"max_hp_loss":0,"event_name":"Wheel of Change","floor":19,"gold_loss":0},{"damage_healed":0,"gold_gain":0,"player_choice":"Ignored","damage_taken":0,"max_hp_gain":0,"max_hp_loss":0,"event_name":"N\u0027loth","floor":22,"gold_loss":0},{"cards_removed":["Strike_R"],"damage_healed":0,"gold_gain":0,"player_choice":"Upgrade and Remove","damage_taken":0,"max_hp_gain":0,"max_hp_loss":0,"event_name":"Designer","floor":37,"gold_loss":90,"cards_upgraded":["ReplayTheSpireMod:Stacked"]},{"damage_healed":0,"gold_gain":0,"player_choice":"RE RE RE ","damage_taken":82,"relics_obtained":["Bag of Preparation","Oddly Smooth Stone","Centennial Puzzle"],"max_hp_gain":0,"max_hp_loss":0,"event_name":"betterSkull:BetterSkull","floor":44,"gold_loss":0,"cards_upgraded":[]}],"is_beta":false,"boss_relics":[{"not_picked":["Replay:Bronze Core","Abe\u0027s Treasure"],"picked":"Honey Jar"},{"not_picked":["Electric Blood","Velvet Choker"],"picked":"Replay:Ancient Bell"},{"not_picked":["Akabeko","Replay:Baseball"],"picked":"Vajra"},{"not_picked":["Replay:Bottled Snecko","Sundial"],"picked":"Darkstone Periapt"},{"not_picked":["Calipers","Unceasing Top"],"picked":"Du-Vu Doll"}],"items_purged_floors":[21,30,42],"is_endless":false,"potions_floor_spawned":[4,6,8,11,16,24,28,31,36,38,40,45,46],"ascension_level":1}}