{"host":"qmnyg5dk1o6rw6mz","time":1612073407,"event":{"mods":["100% Spire Juice","2.2 Compatiblity","AchievementEnabler","Act Like it!","Aspiration","Astrologer","BaseMod","Beaked The Cultist","Better Altar","Better Match","Better Note","Better Sensory Stone","Better Skull","Better Third Choice","Better Vampires","Block Reminder","CCEM2","CapriCore","Challenge The Spire","ChefMod","Colored Map","Colored Powertips","Conspire","DeckTracker","Defuse TimeMaze Blight","Disable Question Mark Monsters","Displayed Cursed Tome","Downfall","Energized Spire","Friendly Minions","Gensokyo","GifTheSpireLib","Hermit","Highlight Path","HornydragonMod","Hubris","Infinite Spire","Jedi Mod","Koishi","KomeijiMod","Lobotomy","Mari Mod (Legacy)","Mari\u0027s V1 Patch","Marisa¡]Ãú«B¡@Å]²z¨F¡^","Marked Mod","Minty Spire (QoL Compilation)","Monster B Gone","Pale of the Ancients","Permanent Neow","Prisma Mod","Quick Restart","Reimu¡]³Õ???¡^","Relic Filter","Relic Sorter","Reliquary","Replay The Spire","SIMod","StSLib","Synergy Search","The Alterego","The Bug Knight","The Construct","The Cursed","The Dragon Tamer","The Gatherer","The Hayseed","The Immortal","The Poker Player","The Problem Sleuth","The Runesmith","The Showman","Unceasing Turn Reminder","Wide Potions","Yuri Mod","thorton"],"gold_per_floor":[116,116,132,146,146,146,171,184,266,292,292,292,324,340,340,444,444,457,470,470,178,193,193,227,227,227,227,159,159,159,177,177,177,177,177],"floor_reached":33,"language":"ENG","playtime":1240,"items_purged":["PokerPlayerMod:Spade2"],"score":397,"play_id":"bf87510f-452b-472b-8f4c-0a99f35c071d","local_time":"20210131141007","is_ascension_mode":true,"metric_token":4818,"campfire_choices":[{"data":"PokerPlayerMod:FakeSymbols","floor":6,"key":"SMITH"},{"data":"PokerPlayerMod:Diamond2","floor":11,"key":"SMITH"},{"data":"Doubt","floor":15,"key":"PURGE"},{"data":"PokerPlayerMod:TrumpStrike","floor":23,"key":"SMITH"},{"data":"PokerPlayerMod:Mulligan","floor":27,"key":"SMITH"},{"floor":30,"key":"REST"},{"floor":32,"key":"DIG"}],"circlet_count":0,"master_deck":["PokerPlayerMod:Diamond3","PokerPlayerMod:Diamond3","PokerPlayerMod:Diamond4","PokerPlayerMod:Diamond5","PokerPlayerMod:Spade3","PokerPlayerMod:Spade4","PokerPlayerMod:Club2","PokerPlayerMod:Heart2","PokerPlayerMod:TrumpStrike+1","PokerPlayerMod:BadJoker","PokerPlayerMod:Mulligan+1","PokerPlayerMod:Diamond5","PokerPlayerMod:Diamond6","PokerPlayerMod:Club6","PokerPlayerMod:FakeSymbols+1","jedi:frostbite","PokerPlayerMod:Spade10+","PokerPlayerMod:Spade8","PokerPlayerMod:Club5","PokerPlayerMod:Diamond6","downfall:Bewildered","Madness+1"],"relics":["PokerPlayerMod:DeckCase","downfall:ExtraCursedKey","Nunchaku","CCEMRelics:CocoNut","Bottled Tornado","Runesmith:UraniumAnvil","Juzu Bracelet","hubris:BundleOfHerbs","infinitespire:EmpoweringShard","hubris:64BitClover","infinitespire:PuzzleCube"],"acts_visited":["Exordium","TheCity"],"potions_floor_usage":[16,22,33,33],"damage_taken":[{"damage":0,"enemies":"Small Slimes","floor":1,"turns":2},{"damage":0,"enemies":"Cultist","floor":3,"turns":2},{"damage":0,"enemies":"2 Louse","floor":4,"turns":2},{"damage":3,"enemies":"Gremlin Nob","floor":7,"turns":3},{"damage":0,"enemies":"2 Fungi Beasts","floor":8,"turns":1},{"damage":25,"enemies":"3 Sentries","floor":10,"turns":6},{"damage":2,"enemies":"Gremlin Nob","floor":13,"turns":3},{"damage":18,"enemies":"Lots of Slimes","floor":14,"turns":2},{"damage":0,"enemies":"Slime Boss","floor":16,"turns":4},{"damage":12,"enemies":"Shell Parasite","floor":18,"turns":2},{"damage":5,"enemies":"2 Thieves","floor":19,"turns":3},{"damage":3,"enemies":"Shelled Parasite and Fungi","floor":22,"turns":3},{"damage":26,"enemies":"Slavers","floor":24,"turns":3},{"damage":0,"enemies":"Gremlin Leader","floor":28,"turns":6},{"damage":15,"enemies":"Snecko","floor":31,"turns":3},{"damage":29,"enemies":"Champ","floor":33,"turns":7}],"seed_played":"-3451463615608116275","potions_obtained":[{"floor":1,"key":"jedi:wingpotion"},{"floor":4,"key":"bronze:BurnAndBuffPotion"},{"floor":8,"key":"jedi:hoardpotion"},{"floor":10,"key":"SkillPotion"},{"floor":16,"key":"Adrenaline Potion"},{"floor":18,"key":"GrandPatriotsElixir:ReiMu"},{"floor":24,"key":"Fire Potion"}],"is_trial":false,"path_per_floor":["M","?","M","M","?","R","E","M","T","E","R","?","E","M","R_BF","B",null,"M","M","?","$","M","R","E","?","T","R","E","?","R","M","R_BF","B"],"character_chosen":"THE_POKER_PLAYER","items_purchased":["Juzu Bracelet","PokerPlayerMod:Club5"],"campfire_rested":1,"item_purchase_floors":[21,21],"current_hp_per_floor":[52,52,52,52,52,52,51,51,51,33,33,26,28,12,12,16,57,47,42,42,42,41,41,17,23,23,23,25,14,31,21,21,0,0,0],"gold":177,"neow_bonus":"REMOVE_CARD","is_daily":false,"chose_seed":false,"campfire_upgraded":4,"win_rate":0.0,"timestamp":1612073407,"path_taken":["M","?","?","M","?","R","E","M","T","E","R","?","E","M","R_BF","BOSS","M","M","?","$","M","R","E","?","T","R","E","?","R","M","R_BF","BOSS"],"items_purchased_type":["Relic","Card"],"build_version":"2020-12-22","purchased_purges":1,"victory":false,"max_hp_per_floor":[52,52,52,52,52,52,52,52,52,57,57,57,57,57,57,57,57,57,57,57,57,57,57,57,57,57,57,57,57,57,57,57,57,57,57],"card_choices":[{"not_picked":["PokerPlayerMod:DartThrow","PokerPlayerMod:Extraction"],"picked":"PokerPlayerMod:Diamond5","floor":1},{"not_picked":["PokerPlayerMod:Spade1","PokerPlayerMod:Diamond4"],"picked":"PokerPlayerMod:Diamond6","floor":3},{"not_picked":["PokerPlayerMod:Spade3","PokerPlayerMod:Diamond2"],"picked":"PokerPlayerMod:Club6","floor":4},{"not_picked":["PokerPlayerMod:DartThrow","PokerPlayerMod:Diamond2","PokerPlayerMod:Spade1"],"picked":"SKIP","floor":7},{"not_picked":["PokerPlayerMod:Diamond3","PokerPlayerMod:CardBurn","PokerPlayerMod:Club1"],"picked":"SKIP","floor":8},{"not_picked":["PokerPlayerMod:RiskyBet","PokerPlayerMod:Diamond3","PokerPlayerMod:DamnStraight"],"picked":"SKIP","floor":10},{"not_picked":["PokerPlayerMod:Fold","PokerPlayerMod:Configure","PokerPlayerMod:DiamondStrike"],"picked":"SKIP","floor":13},{"not_picked":["PokerPlayerMod:Diamond3","PokerPlayerMod:ClubDance","PokerPlayerMod:FlyingCard"],"picked":"SKIP","floor":14},{"not_picked":["PokerPlayerMod:FakeSymbols","PokerPlayerMod:WildCard"],"picked":"PokerPlayerMod:Spade10+","floor":16},{"not_picked":["PokerPlayerMod:ClubStrike","PokerPlayerMod:Heart2"],"picked":"PokerPlayerMod:Spade8","floor":18},{"not_picked":["PokerPlayerMod:DartThrow","PokerPlayerMod:Spade3","PokerPlayerMod:Diamond2"],"picked":"SKIP","floor":19},{"not_picked":["PokerPlayerMod:Diamond1","PokerPlayerMod:Diamond3","PokerPlayerMod:SpadeStrike"],"picked":"SKIP","floor":22},{"not_picked":["PokerPlayerMod:Configure+1","PokerPlayerMod:Diamond4"],"picked":"PokerPlayerMod:Diamond6","floor":24},{"not_picked":["PokerPlayerMod:Club1","PokerPlayerMod:Fold","PokerPlayerMod:CloakAndDiamond+1"],"picked":"SKIP","floor":28},{"not_picked":["PokerPlayerMod:Manipulation+1","PokerPlayerMod:MagicTrick","PokerPlayerMod:Trickery"],"picked":"SKIP","floor":31}],"player_experience":245360,"relics_obtained":[{"floor":7,"key":"Nunchaku"},{"floor":10,"key":"CCEMRelics:CocoNut"},{"floor":13,"key":"Bottled Tornado"},{"floor":24,"key":"hubris:BundleOfHerbs"},{"floor":26,"key":"infinitespire:EmpoweringShard"},{"floor":28,"key":"hubris:64BitClover"},{"floor":32,"key":"infinitespire:PuzzleCube"}],"event_choices":[{"cards_removed":["PokerPlayerMod:Diamond1"],"damage_healed":5,"gold_gain":0,"player_choice":"Offered Special","damage_taken":0,"max_hp_gain":0,"max_hp_loss":0,"event_name":"Bonfire Elementals","floor":2,"gold_loss":0},{"cards_removed":["conspire:NecroticWound"],"damage_healed":0,"gold_gain":0,"player_choice":"Card Removal","damage_taken":7,"max_hp_gain":0,"max_hp_loss":0,"event_name":"Golden Wing","floor":12,"gold_loss":0},{"cards_removed":["PokerPlayerMod:Club1"],"damage_healed":0,"gold_gain":0,"player_choice":"Purged","damage_taken":0,"max_hp_gain":0,"max_hp_loss":0,"event_name":"Purifier","floor":20,"gold_loss":0},{"damage_healed":0,"gold_gain":2,"player_choice":"2","damage_taken":0,"max_hp_gain":0,"max_hp_loss":11,"event_name":"betterStone:BetterStone","floor":29,"gold_loss":0}],"is_beta":false,"boss_relics":[{"not_picked":["aspiration:SilentSkillbook","aspiration:DefectSkillbook"],"picked":"Runesmith:UraniumAnvil"}],"items_purged_floors":[21],"is_endless":false,"potions_floor_spawned":[1,4,8,10,16,18,24,31],"killed_by":"Champ","ascension_level":1}}