{"host":"skr63qsdfgeey3it","time":1612131021,"event":{"mods":["BaseMod","Colored Map","Hubris","Minty Spire (QoL Compilation)","Replay The Spire","Spicy Shops","StSLib"],"gold_per_floor":[113,113,58,77,89,89,120,87,87,155,155,166,200,220,220,321,321,339,339,339,359,379,379,69,69,69,0,16,40,40,71,71,71,71],"floor_reached":33,"language":"ENG","playtime":1159,"items_purged":["Parasite"],"score":564,"play_id":"45d3059e-e138-4db3-953f-b609b180905f","local_time":"20210131161021","is_ascension_mode":true,"campfire_choices":[{"data":"Streamline","floor":6,"key":"SMITH"},{"floor":15,"key":"REST"},{"floor":23,"key":"REST"},{"data":"ReplayTheSpireMod:Omega Cannon","floor":32,"key":"SMITH"}],"circlet_count":0,"master_deck":["AscendersBane","Defend_B","Defend_B","Defend_B","Defend_B","Zap","Dualcast+1","Cold Snap","Static Discharge+1","Streamline+1","Darkness","Echo Form","BootSequence+1","Cold Snap","Sunder","Capacitor","ReplayTheSpireMod:Omega Cannon+1","Discovery","Rebound+1","Dark Shackles","Bite","Bite","Bite","Bite","Bite","FIFO Queue+1"],"relics":["Cracked Core","NeowsBlessing","FossilizedHelix","Pantograph","WingedGreaves","Carrot","Inserter","MealTicket","HandDrill","hubris:SphereOfDissonance","ReplayTheSpireMod:CursedCoin","Bag of Preparation","War Paint","hubris:SoftwareUpdate"],"acts_visited":["Exordium","TheCity"],"potions_floor_usage":[7,13,16,22,28,31,31,31,33],"damage_taken":[{"damage":0,"enemies":"Jaw Worm","floor":1,"turns":1},{"damage":0,"enemies":"2 Louse","floor":4,"turns":1},{"damage":0,"enemies":"Small Slimes","floor":5,"turns":1},{"damage":11,"enemies":"Lagavulin","floor":7,"turns":5},{"damage":2,"enemies":"Red Slaver","floor":12,"turns":3},{"damage":14,"enemies":"Gremlin Nob","floor":13,"turns":4},{"damage":0,"enemies":"Looter","floor":14,"turns":2},{"damage":0,"enemies":"Slime Boss","floor":16,"turns":7},{"damage":28,"enemies":"2 Thieves","floor":18,"turns":3},{"damage":30,"enemies":"Shell Parasite","floor":21,"turns":4},{"damage":11,"enemies":"Cultist and Chosen","floor":22,"turns":5},{"damage":12,"enemies":"Chosen and Byrds","floor":28,"turns":4},{"damage":0,"enemies":"Slavers","floor":31,"turns":2},{"damage":75,"enemies":"Collector","floor":33,"turns":7}],"seed_played":"4107349862093195152","potions_obtained":[{"floor":4,"key":"Languid Potion"},{"floor":7,"key":"Energy Potion"},{"floor":13,"key":"Explosive Potion"},{"floor":21,"key":"Regen Potion"},{"floor":22,"key":"AttackPotion"},{"floor":30,"key":"EntropicBrew"},{"floor":30,"key":"LifebloodPotion"}],"is_trial":false,"path_per_floor":["M","?","$","M","M","R","E","$","T","?","?","M","E","M","R","B",null,"M","?","?","M","M","R","$","?","T","$","M","T","?","E","R","B"],"character_chosen":"DEFECT","items_purchased":["Static Discharge+1","BootSequence","MealTicket","HandDrill","Dark Shackles","ReplayTheSpireMod:CursedCoin","Bag of Preparation"],"campfire_rested":2,"item_purchase_floors":[3,8,24,24,24,27,27],"current_hp_per_floor":[68,65,65,65,65,65,54,54,54,54,54,52,38,38,60,75,75,47,33,33,3,6,30,30,30,30,45,37,37,37,37,37,0,0],"gold":71,"neow_bonus":"THREE_ENEMY_KILL","is_daily":false,"chose_seed":false,"campfire_upgraded":2,"win_rate":0.0,"timestamp":1612131021,"path_taken":["M","?","$","M","M","R","E","$","T","?","?","M","E","?","R","BOSS","M","?","?","?","M","R","$","?","T","?","M","?","?","E","R","BOSS"],"items_purchased_type":["Card","Card","Relic","Relic","Card","Relic","Relic"],"build_version":"2020-12-22","purchased_purges":1,"victory":false,"max_hp_per_floor":[75,75,75,75,75,75,75,75,75,75,75,75,75,75,75,75,75,75,80,80,80,80,80,80,56,56,53,53,53,53,53,53,53,53],"card_choices":[{"not_picked":["Steam","Panic Button"],"picked":"Cold Snap","floor":1},{"not_picked":["Cold Snap","Glacier"],"picked":"Streamline","floor":4},{"not_picked":["Force Field","Steam"],"picked":"Darkness","floor":5},{"not_picked":["BasicCrystalCard","Turbo"],"picked":"Echo Form","floor":7},{"not_picked":["Leap","Barrage"],"picked":"Cold Snap","floor":12},{"not_picked":["Hologram","Skim"],"picked":"Sunder","floor":13},{"not_picked":["Beam Cell","Ball Lightning"],"picked":"Capacitor","floor":14},{"not_picked":["Hyperbeam","Meteor Strike"],"picked":"ReplayTheSpireMod:Omega Cannon","floor":16},{"not_picked":["Coolheaded","Leap","BasicCrystalCard"],"picked":"SKIP","floor":18},{"not_picked":["BasicCrystalCard","Static Discharge","Sweeping Beam"],"picked":"SKIP","floor":21},{"not_picked":["Steam","Go for the Eyes"],"picked":"Rebound+1","floor":22},{"not_picked":["Coolheaded","Rebound","BasicCrystalCard"],"picked":"SKIP","floor":28},{"not_picked":["Streamline","Storm"],"picked":"FIFO Queue+1","floor":31}],"player_experience":844941,"relics_obtained":[{"floor":7,"key":"Pantograph"},{"floor":9,"key":"WingedGreaves"},{"floor":13,"key":"Carrot"},{"floor":26,"key":"hubris:SphereOfDissonance"},{"floor":29,"key":"War Paint"},{"floor":31,"key":"hubris:SoftwareUpdate"}],"event_choices":[{"damage_healed":0,"gold_gain":0,"player_choice":"Success","damage_taken":3,"relics_obtained":["FossilizedHelix"],"max_hp_gain":0,"max_hp_loss":0,"event_name":"Scrap Ooze","floor":2,"gold_loss":0},{"damage_healed":0,"gold_gain":68,"player_choice":"Gained Gold","damage_taken":0,"max_hp_gain":0,"max_hp_loss":0,"event_name":"Golden Wing","floor":10,"gold_loss":0},{"cards_removed":["Strike_B"],"damage_healed":0,"gold_gain":0,"player_choice":"Purged","damage_taken":0,"max_hp_gain":0,"max_hp_loss":0,"event_name":"Purifier","floor":11,"gold_loss":0},{"damage_healed":0,"gold_gain":0,"player_choice":"Shed Blood","damage_taken":19,"max_hp_gain":5,"max_hp_loss":0,"event_name":"Forgotten Altar","floor":19,"gold_loss":0},{"damage_healed":0,"gold_gain":0,"player_choice":"1 cards matched","damage_taken":0,"max_hp_gain":0,"max_hp_loss":0,"event_name":"Match and Keep!","floor":20,"gold_loss":0,"cards_obtained":["Discovery"]},{"damage_healed":0,"gold_gain":0,"player_choice":"Became a vampire","damage_taken":0,"max_hp_gain":0,"max_hp_loss":24,"event_name":"Vampires","floor":25,"gold_loss":0,"cards_obtained":["Bite","Bite","Bite","Bite","Bite"]},{"damage_healed":0,"gold_gain":0,"player_choice":"Got Potions","damage_taken":0,"max_hp_gain":0,"max_hp_loss":0,"event_name":"Lab","floor":30,"gold_loss":0}],"is_beta":false,"boss_relics":[{"not_picked":["ReplayTheSpireMod:DimensionalGlitch","Velvet Choker"],"picked":"Inserter"}],"items_purged_floors":[27],"is_endless":false,"potions_floor_spawned":[4,7,13,21,22],"killed_by":"Collector","ascension_level":11}}