{"host":"e1y4kviho5jwd7e6","time":1612059079,"event":{"mods":["Act Like it!","Aspiration","BaseMod","Better Altar","Better Match","Better Note","Better Skull","Better Synergies","Better Third Choice","BetterRewards","CCEM2","Colored Powertips","Communication Mod","Conjunction","Conspire","Downfall","Energized Spire","Exacting","GifTheSpireLib","Hubris","Hyrulean Relics","Minty Spire (QoL Compilation)","Quarter Circle Forward PUNCH!","Replay The Spire","Small Relic Pack","Spicy Shops","StSLib","Stuff the Spire","The Blue Laboratory","Transform Curses","Uncapped"],"gold_per_floor":[109,109,129,157,174,174,174,174,174,200,200,214,229,229,328,328,339,339,309,384,395,395,395,395,430,430,270,287,301,301,401,401,411,427,427,477,477,477,508,508,508,526,79,79,5,5,5],"floor_reached":51,"language":"ENG","playtime":1687,"items_purged":["Strike_G"],"score":908,"play_id":"8648465f-c9c7-4ba5-84f6-00cc47486f7a","local_time":"20210130211119","is_ascension_mode":false,"campfire_choices":[{"data":"Cloak And Dagger","floor":6.0,"key":"SMITH"},{"data":"Neutralize","floor":8.0,"key":"SMITH"},{"floor":10.0,"key":"REST"},{"data":"Slice","floor":15.0,"key":"SMITH"},{"data":"Survivor","floor":23.0,"key":"SMITH"},{"floor":25.0,"key":"REST"},{"floor":28.0,"key":"REST"},{"data":"Strike_G","floor":32.0,"key":"SMITH"},{"floor":40.0,"key":"REST"},{"floor":44,"key":"REST"},{"floor":47,"key":"REST"},{"floor":49,"key":"REST"}],"circlet_count":0,"master_deck":["Strike_G+1","Strike_G+1","Strike_G+1","Strike_G+1","Defend_G+1","Defend_G+1","Defend_G","Survivor+1","Neutralize+1","Slice+1","Cloak And Dagger+1","Reflex+1","Blade Dance+1","Cloak And Dagger+1","Venomology+1","Quick Slash+1","Blade Dance+1","Accuracy+1","Burst+1","Blade Dance+1","Acrobatics+1","Accuracy+1","Hidden Blade+1"],"relics":["Ring of the Snake","CCEMRelics:GlassOfMilk","hubris:Teleporter","Ice Cream","Toxic Egg 2","HoveringKite","Frozen Egg 2","Gremlin Food","Lizard Tail","relicPack:OneForAll","Vampiric Spirits","CCEMRelics:CanOfSoda","BargainBundle","hubris:TenFootPole","Bag of Marbles","StuffTheSpire:Saxophone"],"acts_visited":["Exordium","TheCity","TheBeyond"],"potions_floor_usage":[41,41,50,50,50],"damage_taken":[{"damage":0.0,"enemies":"conspire:RoseBush","floor":1.0,"turns":3.0},{"damage":0.0,"enemies":"Cultist","floor":3.0,"turns":4.0},{"damage":0.0,"enemies":"Small Slimes","floor":4.0,"turns":2.0},{"damage":4.0,"enemies":"Exordium Thugs","floor":5.0,"turns":6.0},{"damage":0.0,"enemies":"Large Slime","floor":11.0,"turns":6.0},{"damage":0.0,"enemies":"Looter","floor":13.0,"turns":2.0},{"damage":2.0,"enemies":"2 Fungi Beasts","floor":14.0,"turns":2.0},{"damage":32.0,"enemies":"Fading Forest","floor":16.0,"turns":11.0},{"damage":7.0,"enemies":"conspire:FuzzyDice","floor":18.0,"turns":6.0},{"damage":0.0,"enemies":"Spheric Guardian","floor":22.0,"turns":1.0},{"damage":12.0,"enemies":"Slavers","floor":27.0,"turns":6.0},{"damage":0.0,"enemies":"conspire:HollyBat","floor":30.0,"turns":3.0},{"damage":0.0,"enemies":"3 Cultists","floor":31.0,"turns":4.0},{"damage":5.0,"enemies":"Collector","floor":33.0,"turns":5.0},{"damage":0.0,"enemies":"Orb Walker","floor":35.0,"turns":2.0},{"damage":11.0,"enemies":"3 Shapes","floor":36.0,"turns":4.0},{"damage":13.0,"enemies":"2 Orb Walkers","floor":38.0,"turns":3.0},{"damage":5,"enemies":"R_Hoarder","floor":41,"turns":6},{"damage":1,"enemies":"Transient","floor":45,"turns":5},{"damage":67,"enemies":"Time Eater","floor":50,"turns":7}],"seed_played":"-8897217000430530226","potions_obtained":[{"floor":1.0,"key":"sneckomod:MuddlingPotion"},{"floor":3.0,"key":"champ:CounterPotion"},{"floor":13.0,"key":"blueLaboratory:BlinkPotion"},{"floor":14.0,"key":"blueLaboratory:ImpenetrablePotion"},{"floor":16.0,"key":"blueLaboratory:FruitPunch"},{"floor":20.0,"key":"SteroidPotion"},{"floor":20.0,"key":"Guardian:BlockOnCardUsePotion"},{"floor":31.0,"key":"SkillPotion"},{"floor":33.0,"key":"blueLaboratory:StoneskinPotion"},{"floor":35.0,"key":"Toxic Potion"},{"floor":38.0,"key":"blueLaboratory:EnvenomedCoating"}],"is_trial":false,"path_per_floor":["M","?","M","M","M","R","R","T","R","M","?","M","M","R","B",null,"M","$","?","?","M","R","R","T","E","R","$","M","M","R","B",null,"M","M","$","?","?","R","E","T","R","M","$","R","$","R","B",null],"character_chosen":"THE_SILENT","items_purchased":["CCEMRelics:GlassOfMilk","SkillPotion","Accuracy+1","Accuracy+1","BargainBundle","Hidden Blade+1","hubris:TenFootPole","Bag of Marbles","StuffTheSpire:Saxophone"],"campfire_rested":7,"item_purchase_floors":[0,0,29,46,46,46,46,46,48],"current_hp_per_floor":[37,37,37,37,33,33,33,33,54,64,64,64,62,62,46,70,65,65,65,58,58,58,72,72,60,72,72,72,72,72,67,72,72,61,61,48,48,69,64,81,89,88,88,89,89,89,22],"gold":5,"neow_bonus":"","is_daily":false,"chose_seed":false,"campfire_upgraded":5,"win_rate":0.0,"timestamp":1612059079,"path_taken":["M","?","?","M","M","R","R","T","R","M","?","M","M","R","BOSS","M","$","?","?","M","R","R","T","E","R","$","M","?","R","BOSS","M","M","$","?","?","R","E","T","R","?","$","R","$","R","BOSS"],"items_purchased_type":["Relic","Potion","Card","Card","Relic","Card","Relic","Relic","Relic"],"build_version":"2020-12-22","purchased_purges":1,"victory":true,"max_hp_per_floor":[70,70,70,70,70,70,70,70,70,70,70,70,70,70,70,70,72,72,72,72,72,72,72,72,72,72,72,72,72,72,72,72,72,72,72,72,72,72,72,89,89,89,89,89,89,89,89],"card_choices":[{"not_picked":["StuffTheSpire:Injection","Slice","ReplayTheSpireMod:Shiv Toss"],"picked":"SKIP","floor":1.0},{"not_picked":["StuffTheSpire:Injection","ReplayTheSpireMod:Shiv Toss"],"picked":"Slice","floor":1.0},{"not_picked":["Tactician","Setup"],"picked":"Cloak And Dagger","floor":3.0},{"not_picked":["Flying Knee","Underhanded Strike","Acrobatics"],"picked":"SKIP","floor":4.0},{"not_picked":["StuffTheSpire:Injection","Bullet Time","Blur"],"picked":"SKIP","floor":5.0},{"not_picked":["Acrobatics+1","PiercingWail+1","Dagger Spray"],"picked":"SKIP","floor":11.0},{"not_picked":["Unload","StuffTheSpire:Python+1"],"picked":"Blade Dance+1","floor":13.0},{"not_picked":["Bane","StuffTheSpire:MirrorStance+1"],"picked":"Cloak And Dagger+1","floor":14.0},{"not_picked":["Bullet Time+1","Malaise+1"],"picked":"Venomology+1","floor":16.0},{"not_picked":["StuffTheSpire:Python+1","Backflip+1"],"picked":"Quick Slash+1","floor":18.0},{"not_picked":["hubris:TrickCloak+1","Bane+1"],"picked":"Blade Dance+1","floor":22.0},{"not_picked":["hubris:SlightOfHand+1","Poisoned Stab","Dodge and Roll+1"],"picked":"SKIP","floor":27.0},{"not_picked":["Dagger Spray","Cloak And Dagger+1","Choke"],"picked":"SKIP","floor":30.0},{"not_picked":["Bane","Flechettes","Storm of Steel+1"],"picked":"SKIP","floor":31.0},{"not_picked":["ReplayTheSpireMod:From All Sides","Grand Finale"],"picked":"Burst+1","floor":33.0},{"not_picked":["Calculated Gamble+1","Quick Slash","Underhanded Strike"],"picked":"SKIP","floor":35.0},{"not_picked":["Distraction+1","Flechettes","Deadly Poison+1"],"picked":"SKIP","floor":36.0},{"not_picked":["PiercingWail+1","Bane"],"picked":"Blade Dance+1","floor":41},{"not_picked":["Acrobatics+1","Flying Knee","ReplayTheSpireMod:Speed Training+1"],"picked":"SKIP","floor":45},{"not_picked":["Flying Knee","ReplayTheSpireMod:Speed Training+1"],"picked":"Acrobatics+1","floor":45}],"player_experience":946834,"relics_obtained":[{"floor":9.0,"key":"Toxic Egg 2"},{"floor":26.0,"key":"Frozen Egg 2"},{"floor":27.0,"key":"Gremlin Food"},{"floor":38.0,"key":"Lizard Tail"},{"floor":41,"key":"Vampiric Spirits"},{"floor":43,"key":"CCEMRelics:CanOfSoda"}],"event_choices":[{"cards_removed":["Defend_G"],"damage_healed":0.0,"max_hp_gain":0.0,"max_hp_loss":0.0,"gold_gain":0.0,"event_name":"Bonfire Elementals","player_choice":"Offered Basic","floor":2.0,"gold_loss":0.0,"damage_taken":0.0},{"damage_healed":0.0,"max_hp_gain":0.0,"max_hp_loss":0.0,"gold_gain":0.0,"cards_transformed":["Defend_G"],"event_name":"Transmorgrifier","player_choice":"Transformed","floor":12.0,"gold_loss":0.0,"damage_taken":0.0,"cards_obtained":["Reflex"]},{"damage_healed":0.0,"max_hp_gain":0.0,"max_hp_loss":0.0,"gold_gain":0.0,"event_name":"The Woman in Blue","player_choice":"Bought 2 Potions","floor":20.0,"gold_loss":0.0,"damage_taken":0.0},{"damage_healed":0.0,"max_hp_gain":0.0,"max_hp_loss":0.0,"gold_gain":75.0,"event_name":"FaceTrader","player_choice":"Touch","floor":21.0,"gold_loss":0.0,"damage_taken":7.0},{"damage_healed":0.0,"max_hp_gain":0.0,"max_hp_loss":0.0,"gold_gain":0.0,"event_name":"Mysterious Sphere","player_choice":"Fight","floor":38.0,"gold_loss":0.0,"damage_taken":0.0}],"is_beta":false,"boss_relics":[{"not_picked":["Replay:Bronze Core","Runic Dome"],"picked":"HoveringKite"},{"not_picked":["CCEMRelics:TransientCore","Coffee Dripper","Snecko Eye"]}],"items_purged_floors":[46],"is_endless":false,"potions_floor_spawned":[1,3,13,14,16,31,33,35,38,45],"ascension_level":0}}