{"host":"anox4050deqdcqoh","time":1612075005,"event":{"mods":["BaseMod","Colored Map","Highlight Path","Minty Spire (QoL Compilation)","Quick Restart","Rare Cards Sparkle","everything is the same but u backflip on backflip"],"gold_per_floor":[112,112,112,125,140,140,90,90,90,145,164,76,101,117,117,215,215,227,227,245,245,245],"floor_reached":21,"language":"ENG","playtime":1053,"items_purged":[],"score":231,"play_id":"c9207806-a46f-4853-9abf-a1a066eddbfe","local_time":"20210131013645","is_ascension_mode":true,"campfire_choices":[{"data":"Berserk","floor":6.0,"key":"SMITH"},{"data":"Wild Strike","floor":8.0,"key":"SMITH"},{"floor":15.0,"key":"REST"}],"circlet_count":0,"master_deck":["Defend_R","Defend_R","Defend_R","Defend_R","Bash","Twin Strike","Wild Strike+1","Berserk+1","Pommel Strike","Flame Barrier","Blind","Uppercut","Burning Pact","Barricade","Uppercut","Bite","Bite","Bite","Bite","Bite"],"relics":["Burning Blood","Omamori","Centennial Puzzle","TungstenRod","Black Star"],"acts_visited":["Exordium","TheCity"],"potions_floor_usage":[21],"damage_taken":[{"damage":3.0,"enemies":"2 Louse","floor":1.0,"turns":3.0},{"damage":6.0,"enemies":"Cultist","floor":4.0,"turns":3.0},{"damage":9.0,"enemies":"Small Slimes","floor":5.0,"turns":4.0},{"damage":40.0,"enemies":"Lagavulin Event","floor":10.0,"turns":5.0},{"damage":6.0,"enemies":"Looter","floor":11.0,"turns":2.0},{"damage":42.0,"enemies":"3 Sentries","floor":13.0,"turns":10.0},{"damage":4.0,"enemies":"3 Louse","floor":14.0,"turns":4.0},{"damage":24.0,"enemies":"The Guardian","floor":16.0,"turns":8.0},{"damage":11,"enemies":"Shell Parasite","floor":18,"turns":6},{"damage":32,"enemies":"Chosen","floor":20,"turns":7},{"damage":49,"enemies":"Sentry and Sphere","floor":21,"turns":6}],"seed_played":"-3315450646576816114","potions_obtained":[{"floor":5.0,"key":"SpeedPotion"},{"floor":13.0,"key":"AttackPotion"},{"floor":14.0,"key":"FearPotion"},{"floor":16.0,"key":"Dexterity Potion"}],"is_trial":false,"path_per_floor":["M","$","?","M","M","R","?","R","T","?","M","$","E","M","R","B",null,"M","?","M","M"],"character_chosen":"IRONCLAD","items_purchased":["Blind"],"campfire_rested":1,"item_purchase_floors":[12],"current_hp_per_floor":[88,88,88,88,85,85,85,85,85,51,51,51,15,17,43,25,88,83,61,40,0,0],"gold":245,"neow_bonus":"TEN_PERCENT_HP_BONUS","is_daily":false,"chose_seed":false,"campfire_upgraded":2,"win_rate":0.0,"timestamp":1612075005,"path_taken":["M","$","?","M","?","R","?","R","T","?","M","$","E","M","R","BOSS","M","?","M","M"],"items_purchased_type":["Card"],"build_version":"2020-12-22","purchased_purges":0,"victory":false,"max_hp_per_floor":[88,88,88,88,88,88,88,88,88,88,88,88,88,88,88,88,88,88,61,61,61,61],"card_choices":[{"not_picked":["Pommel Strike","Flex"],"picked":"Twin Strike","floor":1.0},{"not_picked":["Armaments","Clothesline"],"picked":"Wild Strike","floor":4.0},{"not_picked":["Perfected Strike","Clothesline"],"picked":"Berserk","floor":5.0},{"not_picked":["True Grit","Combust"],"picked":"Pommel Strike","floor":10.0},{"not_picked":["Clash","Flex"],"picked":"Flame Barrier","floor":11.0},{"not_picked":["Pummel","Burning Pact"],"picked":"Uppercut","floor":13.0},{"not_picked":["Sever Soul","Hemokinesis"],"picked":"Burning Pact","floor":14.0},{"not_picked":["Corruption","Limit Break"],"picked":"Barricade","floor":16.0},{"not_picked":["Fire Breathing","Evolve"],"picked":"Uppercut","floor":18},{"not_picked":["Headbutt","Heavy Blade+1","Clash"],"picked":"SKIP","floor":20}],"player_experience":418078,"relics_obtained":[{"floor":9.0,"key":"Omamori"},{"floor":10.0,"key":"Centennial Puzzle"},{"floor":13.0,"key":"TungstenRod"}],"event_choices":[{"cards_removed":["Strike_R"],"damage_healed":0.0,"max_hp_gain":0.0,"max_hp_loss":0.0,"gold_gain":0.0,"event_name":"Purifier","player_choice":"Purged","floor":3.0,"gold_loss":0.0,"damage_taken":0.0},{"cards_removed":["Strike_R"],"damage_healed":0.0,"max_hp_gain":0.0,"max_hp_loss":0.0,"gold_gain":0.0,"event_name":"The Cleric","player_choice":"Card Removal","floor":7.0,"gold_loss":50.0,"damage_taken":0.0},{"damage_healed":0.0,"max_hp_gain":0.0,"max_hp_loss":0.0,"gold_gain":0.0,"event_name":"Dead Adventurer","player_choice":"Searched \u00272\u0027 times","floor":10.0,"gold_loss":0.0,"damage_taken":0.0},{"damage_healed":0,"gold_gain":0,"player_choice":"Became a vampire","damage_taken":0,"max_hp_gain":0,"max_hp_loss":27,"event_name":"Vampires","floor":19,"gold_loss":0,"cards_obtained":["Bite","Bite","Bite","Bite","Bite"]}],"is_beta":false,"boss_relics":[{"not_picked":["Tiny House","Philosopher\u0027s Stone"],"picked":"Black Star"}],"items_purged_floors":[],"is_endless":false,"potions_floor_spawned":[5,13,14,16],"killed_by":"Sentry and Sphere","ascension_level":3}}