{"host":"o6rpelx2jpc8yies","time":1612119191,"event":{"mods":["BaseMod","Downfall","Minty Spire (QoL Compilation)","StSLib"],"gold_per_floor":[99,119,129,140,11,42,68,88,88,103,103,429,439,439,457,457,457,457],"floor_reached":16,"language":"ENG","playtime":778,"items_purged":["bronze:Strike"],"score":167,"play_id":"035dbb95-82de-4bf4-9959-10e6c54cb355","local_time":"20210131115311","is_ascension_mode":true,"campfire_choices":[{"floor":1.0,"key":"RECALL"}],"circlet_count":0,"master_deck":["bronze:Strike","bronze:Strike","bronze:Defend+1","bronze:Defend","bronze:Defend","bronze:Defend","bronze:Replicate","bronze:Goto","bronze:WhirlingStrike","bronze:DelayedGuard","bronze:CutThrough","bronze:Deprecate+1","bronze:Philosophize","bronze:Optimize","bronze:FineTuning","bronze:Branch","bronze:Repulsor","bronze:Constructor"],"relics":["bronze:BronzeCore","Art of War","War Paint","downfall:BrokenWingStatue","Old Coin"],"acts_visited":["Exordium"],"potions_floor_usage":[],"damage_taken":[{"damage":10.0,"enemies":"Small Slimes","floor":2.0,"turns":3.0},{"damage":5.0,"enemies":"2 Louse","floor":3.0,"turns":2.0},{"damage":0.0,"enemies":"Cultist","floor":4.0,"turns":3.0},{"damage":0.0,"enemies":"downfall:FleeingMerchant","floor":5.0,"turns":4.0},{"damage":0.0,"enemies":"Lagavulin","floor":6.0,"turns":6.0},{"damage":3.0,"enemies":"Blue Slaver","floor":8.0,"turns":5.0},{"damage":14.0,"enemies":"Large Slime","floor":10.0,"turns":7.0},{"damage":24.0,"enemies":"Gremlin Nob","floor":12.0,"turns":4.0},{"damage":0.0,"enemies":"Exordium Wildlife","floor":13.0,"turns":3.0},{"damage":16.0,"enemies":"Exordium Thugs","floor":15.0,"turns":5.0},{"damage":27,"enemies":"IC_STATUS_ARCHETYPE","floor":16,"turns":4}],"seed_played":"-667143034181453981","potions_obtained":[{"floor":2.0,"key":"ColorlessPotion"},{"floor":4.0,"key":"Energy Potion"},{"floor":12.0,"key":"FearPotion"},{"floor":14.0,"key":"FairyPotion"},{"floor":15.0,"key":"bronze:CleanCodePotion"}],"is_trial":false,"path_per_floor":["R","M","M","M","$","E","T","M","?","M","?","E","M","?","M","B"],"character_chosen":"THE_AUTOMATON","items_purchased":["bronze:Philosophize"],"campfire_rested":0,"item_purchase_floors":[5],"current_hp_per_floor":[70,60,55,55,55,55,55,52,52,38,38,14,14,14,21,0,0,0],"gold":457,"neow_bonus":"REMOVE_CARD","is_daily":false,"chose_seed":false,"campfire_upgraded":0,"win_rate":0.0,"timestamp":1612119191,"path_taken":["R","M","M","M","$","E","T","M","?","M","?","E","M","?","M","BOSS"],"items_purchased_type":["Card"],"build_version":"2020-12-22","purchased_purges":1,"victory":false,"max_hp_per_floor":[70,70,70,70,70,70,70,70,70,70,70,70,70,70,70,70,70,70],"card_choices":[{"not_picked":["bronze:DigitalCarnage","bronze:Allocate"],"picked":"bronze:WhirlingStrike","floor":2.0},{"not_picked":["bronze:Fortify","bronze:WildBeam"],"picked":"bronze:DelayedGuard","floor":3.0},{"not_picked":["bronze:ItsAFeature","bronze:Overheat"],"picked":"bronze:CutThrough","floor":4.0},{"not_picked":["bronze:WhirlingStrike","bronze:BitShift"],"picked":"bronze:Deprecate","floor":5.0},{"not_picked":["bronze:CloningBeam","bronze:NullPointer"],"picked":"bronze:Optimize","floor":6.0},{"not_picked":["bronze:ForLoop","bronze:DarkDash"],"picked":"bronze:FineTuning","floor":8.0},{"not_picked":["bronze:DelayedGuard","bronze:ClassDefault","bronze:BitShift"],"picked":"SKIP","floor":10.0},{"not_picked":["bronze:WildBeam","bronze:Separator"],"picked":"bronze:Branch","floor":12.0},{"not_picked":["bronze:HyperBeam","bronze:Shield"],"picked":"bronze:Repulsor","floor":13.0},{"not_picked":["bronze:Overload","bronze:Repulsor"],"picked":"bronze:Constructor","floor":15.0}],"player_experience":1891736,"relics_obtained":[{"floor":6.0,"key":"Art of War"},{"floor":7.0,"key":"War Paint"},{"floor":12.0,"key":"Old Coin"}],"event_choices":[{"damage_healed":0.0,"max_hp_gain":0.0,"max_hp_loss":0.0,"gold_gain":0.0,"event_name":"Lab","player_choice":"Got Potions","floor":14.0,"gold_loss":0.0,"damage_taken":0.0}],"is_beta":false,"boss_relics":[],"items_purged_floors":[5],"is_endless":false,"potions_floor_spawned":[2,4,12,13,15],"killed_by":"IC_STATUS_ARCHETYPE","ascension_level":4}}