{"host":"o3b7ow6d1xe49css","time":1612099644,"event":{"mods":["Act Like it!","Aspiration","BaseMod","Bestiary","Better Altar","Better Match","Better Note","Better Sensory Stone","Better Skull","Better Third Choice","Colored Powertips","Conspire","Energized Spire","Force Act Four","GifTheSpireLib","Halation","Hermit","Hubris","Infinite Spire","Lobotomy","Minty Spire (QoL Compilation)","Quick Restart","Rare Cards Sparkle","Relic Filter Mod","Reliquary","Replay The Spire","Spicy Shops","Spikes Relics","Spire Arcade","StSLib","Stuff the Spire","The Blue Laboratory","Wandering Minibosses"],"gold_per_floor":[117,131,151,162,162,190,223,249,276,314,72,120,152,199,199,322,322,344,382,382,382,430,430,480,331,331,331,3,44,44,44,44,167,167,220,220,258,372,372,413,563,364,364,408,456,456,456,208,208,346,346,346,33,81,213],"floor_reached":56,"language":"ENG","playtime":2155,"items_purged":["Strike_R","Strike_R","Strike_R","Strike_R"],"score":2003,"play_id":"491e88b7-1381-4bdf-bf56-8b272d6e639f","local_time":"20210131042724","daily_mods":["Heirloom","Flight"],"is_ascension_mode":true,"campfire_choices":[{"data":"Pain","floor":15,"key":"SMITH"},{"data":"AbeCurse","floor":23,"key":"SMITH"},{"floor":27,"key":"RECALL"},{"data":"Brutality","floor":30,"key":"SMITH"},{"data":"infinitespire:Menacing","floor":32,"key":"SMITH"},{"data":"Whirlwind","floor":41,"key":"SMITH"},{"data":"Looming Evil","floor":47,"key":"SMITH"},{"floor":49,"key":"DIG"},{"data":"CurseOfTheBell","floor":52,"key":"SMITH"}],"circlet_count":0,"master_deck":["Defend_R","Defend_R","Defend_R","Defend_R+1","Bash+1","Scorched","Thunderclap+1","ReplayTheSpireMod:Stacked+1","OSAHOGD","Anger+1","OldLady","Offering","StuffTheSpire:Slingshot+1","UniverseFragment","Whirlwind+1","Mercenary","Twin Strike+1","Brutality+1","Power Through+1","infinitespire:Menacing+1","Offering","Cleave","wanderingMiniBosses:FinaleOfPromise","BlessedFruit","BlessedFruit"],"relics":["Burning Blood","Ring of Chaos","hubris:MedicalManual","CogitoBucket","MiniBlackHole","halation:AfternoonTea","Replay:Bandana","Whetstone","ReplayTheSpireMod:CursedCoin","halation:PrussianBluePaint","Rawhide","Tiny Chest","Theresia","PreservedInsect","Abe\u0027s Treasure","Sling","aspiration:SecretTechniqueScroll","SkinProphecy","halation:Trompette","Bag of Preparation","hubris:SlimyHat","aspiration:HummingbirdHeart","HornCleat","hubris:Backtick","halation:PromiseList","infinitespire:Eraser","AtMidnight","LuminousBracelet","DollysMirror","hubris:MobiusCoin","Replay:Bottled Flurry","LugNut","wanderingMiniBosses:Blackblade","Ring of Searing","ReplayTheSpireMod:Ring of Collecting","Ornamental Fan","SpikesRelics:DaevaFist","Calling Bell","reliquary:SharkskinSheath","halation:BottledLove","HeavenlyBonsai","Ring of Chaos","hubris:MysteriousPyramids","Anchor"],"acts_visited":["Exordium","TheCity","TheBeyond","Exordium","TheEnding"],"potions_floor_usage":[6,6,6,7,8,12,14,18,40,44,50,55,55],"damage_taken":[{"damage":6,"enemies":"Cultist","floor":1,"turns":3},{"damage":4,"enemies":"2 Louse","floor":2,"turns":4},{"damage":0,"enemies":"Small Slimes","floor":3,"turns":1},{"damage":9,"enemies":"Red Slaver","floor":4,"turns":3},{"damage":0,"enemies":"Gremlin Nob","floor":6,"turns":2},{"damage":16,"enemies":"3 Sentries","floor":7,"turns":5},{"damage":14,"enemies":"Gremlin Nob","floor":8,"turns":3},{"damage":16,"enemies":"Lagavulin","floor":10,"turns":6},{"damage":16,"enemies":"Gremlin Nob","floor":12,"turns":3},{"damage":19,"enemies":"Blue Slaver","floor":13,"turns":2},{"damage":1,"enemies":"Lagavulin","floor":14,"turns":3},{"damage":7,"enemies":"Hexaghost","floor":16,"turns":6},{"damage":13,"enemies":"2 Thieves","floor":18,"turns":2},{"damage":18,"enemies":"Spheric Guardian","floor":19,"turns":4},{"damage":14,"enemies":"Snake Plant","floor":22,"turns":6},{"damage":2,"enemies":"Nightmare","floor":24,"turns":3},{"damage":0,"enemies":"Book of Stabbing","floor":29,"turns":1},{"damage":15,"enemies":"hubris:MusketHawk","floor":33,"turns":5},{"damage":1,"enemies":"3 Darklings","floor":35,"turns":2},{"damage":10,"enemies":"3 Shapes","floor":37,"turns":5},{"damage":6,"enemies":"Nemesis","floor":40,"turns":1},{"damage":9,"enemies":"Nightmare","floor":44,"turns":2},{"damage":4,"enemies":"Maw","floor":45,"turns":3},{"damage":27,"enemies":"hubris:GrandSnecko","floor":50,"turns":6},{"damage":6,"enemies":"Shield and Spear","floor":54,"turns":1},{"damage":32,"enemies":"The Heart","floor":55,"turns":4}],"seed_played":"-6676942970161915432","potions_obtained":[{"floor":1,"key":"Strength Potion"},{"floor":2,"key":"Energy Potion"},{"floor":4,"key":"EntropicBrew"},{"floor":12,"key":"Weak Potion"},{"floor":14,"key":"blueLaboratory:PolymorphPotion"},{"floor":24,"key":"blueLaboratory:IronCompound"},{"floor":33,"key":"Cursed Concoction"},{"floor":35,"key":"blueLaboratory:HorrorPotion"},{"floor":45,"key":"blueLaboratory:BottledHope"}],"is_trial":true,"path_per_floor":["M","M","M","M","?","E","E","E","T","E","$","E","M","E","R","B",null,"M","M","AVR","?","M","R","NM","$","T","R","$","E","R","?","R","B",null,"M","T","M","?","AVR","E","R","$","T","NM","M","?","R","$","R","B",null,"R","$","E","B",null],"character_chosen":"IRONCLAD","items_purchased":["ReplayTheSpireMod:CursedCoin","halation:PrussianBluePaint","Rawhide","Bag of Preparation","aspiration:HummingbirdHeart","SteroidPotion","Cleave","Ornamental Fan","hubris:MysteriousPyramids","SteroidPotion"],"campfire_rested":0,"item_purchase_floors":[11,11,11,25,28,42,42,48,53,53],"current_hp_per_floor":[80,80,80,77,77,80,70,62,62,52,52,42,29,34,34,33,68,61,49,49,49,41,41,41,41,41,41,41,43,43,22,22,9,67,68,68,71,61,61,57,57,57,57,51,50,50,50,50,50,40,112,112,112,108,91],"gold":213,"neow_bonus":"","is_daily":false,"chose_seed":false,"campfire_upgraded":7,"win_rate":0.0,"timestamp":1612099644,"path_taken":["M","M","M","M","?","E","E","E","T","E","$","E","?","E","R","BOSS","M","M","AVR","?","M","R","NM","$","T","R","$","E","R","?","R","BOSS","M","?","M","?","AVR","E","R","$","T","NM","?","?","R","$","R","BOSS","R","$","E","BOSS"],"items_purchased_type":["Relic","Relic","Relic","Relic","Relic","Potion","Card","Relic","Relic","Potion"],"build_version":"2020-12-22","purchased_purges":4,"victory":true,"max_hp_per_floor":[80,80,80,80,80,80,80,80,80,80,80,80,80,80,80,80,80,80,80,80,80,80,80,82,82,82,82,82,84,84,84,84,86,86,88,88,107,107,107,109,109,109,109,111,113,113,113,113,113,117,117,117,117,119,122],"card_choices":[{"not_picked":["CrumblingArmor","Bloodbath","ShyLook"],"picked":"Singing Bowl","floor":1},{"not_picked":["Flex","Body Slam","Sever Soul"],"picked":"SKIP","floor":1},{"not_picked":["Murderer","Bloodbath"],"picked":"Scorched","floor":2},{"not_picked":["Clothesline","Armaments"],"picked":"Thunderclap","floor":2},{"not_picked":["CherryBlossoms","Bloodbath","Murderer"],"picked":"Singing Bowl","floor":3},{"not_picked":["Run Through","Absolvement"],"picked":"ReplayTheSpireMod:Stacked","floor":3},{"not_picked":["WallGazer","MHz"],"picked":"OSAHOGD","floor":4},{"not_picked":["ReplayTheSpireMod:Strike From Hell","Absolvement"],"picked":"Anger","floor":4},{"not_picked":["RedShoes","CrumblingArmor"],"picked":"OldLady","floor":6},{"not_picked":["Shrug It Off","Reckless Charge"],"picked":"Offering","floor":6},{"not_picked":["QueenOfHatred","PunishingBird","Wellcheers"],"picked":"Singing Bowl","floor":7},{"not_picked":["Clothesline","Headbutt"],"picked":"StuffTheSpire:Slingshot","floor":7},{"not_picked":["HeroicMonk","BigBadWolf","ShyLook"],"picked":"Singing Bowl","floor":8},{"not_picked":["FairyFestival","CherryBlossoms"],"picked":"UniverseFragment","floor":8},{"not_picked":["Offering","Clothesline"],"picked":"Whirlwind","floor":8},{"not_picked":["FairyFestival","Bloodbath","Freischutz"],"picked":"Singing Bowl","floor":10},{"not_picked":["Replay:Undeath\u0027s Touch","Clothesline","ReplayTheSpireMod:Strike From Hell"],"picked":"SKIP","floor":10},{"not_picked":["SpiderBud","RedShoes","ShyLook"],"picked":"Singing Bowl","floor":12},{"not_picked":["True Grit","Warcry","Hemokinesis"],"picked":"SKIP","floor":12},{"not_picked":["QueenOfHatred","DespairKnight"],"picked":"Mercenary","floor":13},{"not_picked":["hubris:SharpeningStone","Havoc","Flex"],"picked":"SKIP","floor":13},{"not_picked":["MHz","FairyFestival","Rudolta"],"picked":"Singing Bowl","floor":14},{"not_picked":["Searing Blow","hubris:ReadiedAction"],"picked":"Twin Strike","floor":14},{"not_picked":["Murderer","Bloodbath","SpiderBud"],"picked":"Singing Bowl","floor":16},{"not_picked":["Limit Break","StuffTheSpire:TitanForm"],"picked":"Brutality","floor":16},{"not_picked":["Murderer","WallGazer","MeatLantern"],"picked":"Singing Bowl","floor":18},{"not_picked":["Warcry","ReplayTheSpireMod:Limb From Limb"],"picked":"Power Through+1","floor":18},{"not_picked":["LittleHelper","BigBird","Woodsman"],"picked":"Singing Bowl","floor":19},{"not_picked":["Run Through","Headbutt","Sever Soul"],"picked":"SKIP","floor":19},{"not_picked":["WallGazer","LittleHelper","BigBird"],"picked":"Singing Bowl","floor":22},{"not_picked":["Heavy Blade+1","Reckless Charge","Wild Strike+1"],"picked":"SKIP","floor":22},{"not_picked":["Sentinel","Life Link+1","Abandon"],"picked":"SKIP","floor":24},{"not_picked":["Yin","NakedNest","FairyFestival"],"picked":"Singing Bowl","floor":29},{"not_picked":["Run Through+1","Armaments","Absolvement"],"picked":"SKIP","floor":29},{"not_picked":["infinitespire:NeuralNetwork","Replay:Fractal Strike"],"picked":"infinitespire:Menacing","floor":31},{"not_picked":["Variant","MHz","BigBird"],"picked":"Singing Bowl","floor":35},{"not_picked":["Thunderclap+1","Feel No Pain+1","conspire:ExplosiveBarrier"],"picked":"SKIP","floor":35},{"not_picked":["QueenOfHatred","SilentOrchestra","BlackSwan"],"picked":"Singing Bowl","floor":37},{"not_picked":["Cleave","Searing Blow","Absolvement+1"],"picked":"SKIP","floor":37},{"not_picked":["Impervious","Cleave+1","Thunderclap+1"],"picked":"SKIP","floor":40},{"not_picked":["Sword Boomerang+1","conspire:ExplosiveBarrier+1","StuffTheSpire:RockThrow+1"],"picked":"SKIP","floor":44},{"not_picked":[],"picked":"wanderingMiniBosses:FinaleOfPromise","floor":45},{"not_picked":["Shrug It Off","StuffTheSpire:Incineration+1","Combust"],"picked":"SKIP","floor":45},{"not_picked":["Invigoration","Heavy Blade","StuffTheSpire:RockThrow+1"],"picked":"SKIP","floor":54}],"player_experience":1230482,"relics_obtained":[{"floor":6,"key":"MiniBlackHole"},{"floor":7,"key":"halation:AfternoonTea"},{"floor":8,"key":"Replay:Bandana"},{"floor":10,"key":"Whetstone"},{"floor":12,"key":"Tiny Chest"},{"floor":14,"key":"PreservedInsect"},{"floor":24,"key":"halation:Trompette"},{"floor":26,"key":"hubris:SlimyHat"},{"floor":29,"key":"HornCleat"},{"floor":36,"key":"infinitespire:Eraser"},{"floor":37,"key":"AtMidnight"},{"floor":40,"key":"hubris:MobiusCoin"},{"floor":43,"key":"Replay:Bottled Flurry"},{"floor":44,"key":"LugNut"},{"floor":45,"key":"wanderingMiniBosses:Blackblade"},{"floor":46,"key":"Ring of Searing"},{"floor":46,"key":"ReplayTheSpireMod:Ring of Collecting"},{"floor":49,"key":"SpikesRelics:DaevaFist"},{"floor":51,"key":"reliquary:SharkskinSheath"},{"floor":51,"key":"halation:BottledLove"},{"floor":51,"key":"HeavenlyBonsai"},{"floor":54,"key":"Anchor"}],"event_choices":[{"damage_healed":0,"gold_gain":0,"player_choice":"Upgraded","damage_taken":0,"max_hp_gain":0,"max_hp_loss":0,"event_name":"Upgrade Shrine","floor":5,"gold_loss":0,"cards_upgraded":["Bash"]},{"cards_removed":["Strike_R"],"damage_healed":0,"gold_gain":0,"player_choice":"Give","damage_taken":0,"max_hp_gain":0,"max_hp_loss":0,"event_name":"betterNote:BetterNote","floor":21,"gold_loss":0,"cards_obtained":["Strike_P"]},{"damage_healed":0,"gold_gain":114,"player_choice":"GO ","damage_taken":11,"relics_obtained":[],"max_hp_gain":0,"max_hp_loss":0,"event_name":"betterSkull:BetterSkull","floor":38,"gold_loss":0,"cards_upgraded":[]}],"is_beta":false,"boss_relics":[{"not_picked":["infinitespire:Cupcake","Philosopher\u0027s Stone"],"picked":"Abe\u0027s Treasure"},{"not_picked":["reliquary:Craggleroot","aspiration:SilentSkillbook"],"picked":"hubris:Backtick"},{"not_picked":["Ring of Chaos","Honey Jar"],"picked":"Calling Bell"}],"items_purged_floors":[20,28,39,42],"is_endless":true,"potions_floor_spawned":[1,2,4,12,14,24,33,35,37,45,55],"ascension_level":5}}