{"host":"rn4c402gwd40h2z6","time":1612076517,"event":{"mods":["AchievementEnabler","BaseMod","Card Forge","Data Control","Minty Spire (QoL Compilation)","StSLib"],"gold_per_floor":[199,199,199,199,199,199,274,274,301,301,301,301,301,301,301,301,301,301,301,301,301,301,301,301,301,301,301,301,301,301,301,301,301,301,301,301,301,301,326,326,326,326,326,326,326,326,326,326,326,326,326,326,326,326,326,326],"floor_reached":57,"language":"ZHS","playtime":592,"items_purged":[],"score":3726,"play_id":"b66cd0aa-0b52-434b-862f-5a975b49371e","local_time":"20210131150157","is_ascension_mode":true,"campfire_choices":[{"floor":6,"key":"RECALL"},{"floor":12,"key":"REST"},{"floor":15,"key":"REST"},{"floor":24,"key":"REST"},{"floor":27,"key":"REST"},{"floor":32,"key":"REST"},{"floor":41,"key":"REST"},{"floor":45,"key":"REST"},{"floor":49,"key":"REST"},{"floor":53,"key":"REST"}],"circlet_count":0,"master_deck":["AscendersBane","Strike_P","Strike_P","Strike_P","Strike_P","Defend_P","Defend_P","Defend_P","Defend_P","Eruption","Vigilance"],"relics":["PureWater","Hammer of Thor","Seething Fire","Anvil of the Gods","WingedGreaves"],"acts_visited":["Exordium","TheCity","TheBeyond","TheEnding"],"potions_floor_usage":[],"damage_taken":[{"damage":0,"enemies":"Small Slimes","floor":1,"turns":1},{"damage":0,"enemies":"Jaw Worm","floor":2,"turns":1},{"damage":0,"enemies":"Cultist","floor":3,"turns":1},{"damage":0,"enemies":"3 Louse","floor":4,"turns":1},{"damage":0,"enemies":"Red Slaver","floor":5,"turns":1},{"damage":0,"enemies":"Lagavulin","floor":8,"turns":1},{"damage":0,"enemies":"Blue Slaver","floor":10,"turns":1},{"damage":0,"enemies":"Large Slime","floor":11,"turns":1},{"damage":0,"enemies":"Gremlin Gang","floor":13,"turns":1},{"damage":0,"enemies":"The Guardian","floor":16,"turns":1},{"damage":0,"enemies":"Spheric Guardian","floor":18,"turns":1},{"damage":0,"enemies":"Chosen","floor":20,"turns":1},{"damage":0,"enemies":"Centurion and Healer","floor":22,"turns":1},{"damage":0,"enemies":"Slavers","floor":23,"turns":1},{"damage":0,"enemies":"Gremlin Leader","floor":25,"turns":1},{"damage":0,"enemies":"Snake Plant","floor":29,"turns":1},{"damage":0,"enemies":"Snecko","floor":30,"turns":1},{"damage":0,"enemies":"Chosen and Byrds","floor":31,"turns":1},{"damage":0,"enemies":"Collector","floor":33,"turns":1},{"damage":0,"enemies":"3 Shapes","floor":35,"turns":1},{"damage":0,"enemies":"3 Darklings","floor":36,"turns":1},{"damage":0,"enemies":"4 Shapes","floor":38,"turns":1},{"damage":0,"enemies":"Mind Bloom Boss Battle","floor":39,"turns":1},{"damage":0,"enemies":"Giant Head","floor":40,"turns":1},{"damage":0,"enemies":"Nemesis","floor":42,"turns":1},{"damage":0,"enemies":"Giant Head","floor":44,"turns":1},{"damage":0,"enemies":"Maw","floor":46,"turns":1},{"damage":0,"enemies":"Jaw Worm Horde","floor":48,"turns":1},{"damage":0,"enemies":"Time Eater","floor":50,"turns":1},{"damage":0,"enemies":"Donu and Deca","floor":51,"turns":1},{"damage":0,"enemies":"Shield and Spear","floor":55,"turns":1},{"damage":114,"enemies":"The Heart","floor":56,"turns":4}],"seed_played":"4116171321783289152","potions_obtained":[],"is_trial":false,"path_per_floor":["M","M","M","M","M","R","?","E","T","M","M","R","M","$","R","B",null,"M","$","M","?","M","E","R","E","T","R","$","M","M","M","R","B",null,"M","M","$","M","?","E","R","E","T","E","R","M","?","M","R","B","B",null,"R","$","E","B",null],"character_chosen":"WATCHER","items_purchased":[],"campfire_rested":9,"item_purchase_floors":[],"current_hp_per_floor":[9999,9999,9999,9999,9999,9999,9988,9988,9988,9988,9988,9999,9999,9999,9999,9999,9999,9999,9999,9999,6504,6504,6504,9505,9505,9505,10004,10004,10004,10004,10004,10004,10004,10004,10004,10004,10004,10004,10004,10004,10004,10004,10004,10004,10004,10004,10004,10004,10004,10004,10004,10004,10004,10004,10004,9890],"gold":326,"neow_bonus":"HUNDRED_GOLD","is_daily":false,"chose_seed":false,"campfire_upgraded":0,"win_rate":0.0,"timestamp":1612076517,"path_taken":["M","M","M","M","M","R","?","E","T","M","M","R","M","$","R","BOSS","M","$","M","?","M","E","R","E","T","R","$","M","M","M","R","BOSS","M","M","$","M","?","E","R","E","T","E","R","M","?","M","R","BOSS","BOSS","R","$","E","BOSS"],"items_purchased_type":[],"build_version":"2020-12-22","purchased_purges":0,"victory":true,"max_hp_per_floor":[9999,9999,9999,9999,9999,9999,9999,9999,9999,9999,9999,9999,9999,9999,9999,9999,9999,9999,9999,9999,10004,10004,10004,10004,10004,10004,10004,10004,10004,10004,10004,10004,10004,10004,10004,10004,10004,10004,10004,10004,10004,10004,10004,10004,10004,10004,10004,10004,10004,10004,10004,10004,10004,10004,10004,10004],"card_choices":[{"not_picked":["ReachHeaven","Protect","Swivel"],"picked":"SKIP","floor":1},{"not_picked":["Wallop","EmptyFist","Swivel"],"picked":"SKIP","floor":2},{"not_picked":["DeceiveReality","CutThroughFate","Study"],"picked":"SKIP","floor":3},{"not_picked":["DeceiveReality","FlurryOfBlows","CutThroughFate"],"picked":"SKIP","floor":4},{"not_picked":["ClearTheMind","WindmillStrike","Halt"],"picked":"SKIP","floor":5},{"not_picked":["Devotion","Conclude","BowlingBash"],"picked":"SKIP","floor":8},{"not_picked":["Evaluate","Prostrate","CrushJoints"],"picked":"SKIP","floor":10},{"not_picked":["SashWhip","FlyingSleeves","ClearTheMind"],"picked":"SKIP","floor":11},{"not_picked":["TalkToTheHand","Indignation","WheelKick"],"picked":"SKIP","floor":13},{"not_picked":["FollowUp","CrushJoints","FlyingSleeves"],"picked":"SKIP","floor":18},{"not_picked":["Pray","FlyingSleeves","WindmillStrike"],"picked":"SKIP","floor":20},{"not_picked":["SashWhip","JustLucky","FlyingSleeves"],"picked":"SKIP","floor":22},{"not_picked":["Nirvana","Sanctity","Consecrate"],"picked":"SKIP","floor":23},{"not_picked":["Judgement","Crescendo+1","JustLucky"],"picked":"SKIP","floor":25},{"not_picked":["CutThroughFate","Vengeance","SpiritShield"],"picked":"SKIP","floor":29},{"not_picked":["CutThroughFate","Evaluate","Conclude"],"picked":"SKIP","floor":30},{"not_picked":["Tantrum","Nirvana","EmptyFist"],"picked":"SKIP","floor":31},{"not_picked":["Nirvana+1","TalkToTheHand","Perseverance"],"picked":"SKIP","floor":35},{"not_picked":["MentalFortress+1","ForeignInfluence+1","EmptyFist"],"picked":"SKIP","floor":36},{"not_picked":["Evaluate","EmptyBody+1","Fasting2"],"picked":"SKIP","floor":38},{"not_picked":["EmptyBody","WheelKick","Sanctity"],"picked":"SKIP","floor":40},{"not_picked":["Meditate","EmptyMind","Fasting2+1"],"picked":"SKIP","floor":42},{"not_picked":["SandsOfTime","Collect+1","Study+1"],"picked":"SKIP","floor":44},{"not_picked":["Consecrate","Halt+1","Nirvana"],"picked":"SKIP","floor":46},{"not_picked":["BattleHymn","Indignation+1","ThirdEye"],"picked":"SKIP","floor":48},{"not_picked":["Omniscience","ForeignInfluence+1","WheelKick"],"picked":"SKIP","floor":55}],"player_experience":58568,"relics_obtained":[{"floor":39,"key":"WingedGreaves"}],"event_choices":[{"damage_healed":0,"gold_gain":75,"player_choice":"Gather Gold","damage_taken":11,"max_hp_gain":0,"max_hp_loss":0,"event_name":"World of Goop","floor":7,"gold_loss":0},{"damage_healed":0,"gold_gain":0,"player_choice":"Shed Blood","damage_taken":3500,"max_hp_gain":5,"max_hp_loss":0,"event_name":"Forgotten Altar","floor":21,"gold_loss":0},{"damage_healed":0,"gold_gain":0,"player_choice":"Fight","damage_taken":0,"max_hp_gain":0,"max_hp_loss":0,"event_name":"MindBloom","floor":39,"gold_loss":0},{"damage_healed":0,"gold_gain":0,"player_choice":"Ignored","damage_taken":0,"max_hp_gain":0,"max_hp_loss":0,"event_name":"Mysterious Sphere","floor":47,"gold_loss":0}],"is_beta":false,"boss_relics":[{"not_picked":["Pandora\u0027s Box","Velvet Choker","SlaversCollar"]},{"not_picked":["Pandora\u0027s Box","Velvet Choker","SlaversCollar"]}],"items_purged_floors":[],"is_endless":false,"potions_floor_spawned":[1,2,10,11,13,25,30,31,33,35,39,44,46,48],"ascension_level":20}}