{"host":"g07ql0oly65lqxqj","time":1612060614,"event":{"mods":["Act Like it!","BaseMod","Conspire","Gensokyo","Koishi","Lobotomy","Marisa£®ÏF”Í°°ƒß¿Ì…≥£©","Minty Spire (QoL Compilation)","Reimu£®≤©¿ˆ¡È√Œ£©","Remilia£®¿Ÿ√◊¿Ú—«£©","StSLib","Synergy Search","The Blackbeard","The Hierophant"],"gold_per_floor":[13,13,26,26,46,46,58,88,88,97,117,132,132,147,147,249,249,318,318,196,259,327,327,407,407,434,434,434,534,534,629,629,609,609],"floor_reached":33,"language":"ZHS","playtime":1585,"items_purged":["hierophant:Strike_Hierophant"],"score":221,"play_id":"8fe5ce85-233a-4acf-9f13-c227fa44fcf1","local_time":"20210131103654","is_ascension_mode":false,"campfire_choices":[{"data":"hierophant:ChurchCoffers","floor":6,"key":"SMITH"},{"data":"hierophant:Punish","floor":13,"key":"SMITH"},{"data":"hierophant:HolyVerse","floor":15,"key":"SMITH"},{"data":"hierophant:Blessing","floor":23,"key":"SMITH"},{"data":"hierophant:BulkyChest","floor":25,"key":"SMITH"},{"data":"hierophant:Smite","floor":27,"key":"SMITH"},{"floor":32,"key":"REST"}],"circlet_count":0,"master_deck":["hierophant:Strike_Hierophant","hierophant:Strike_Hierophant","hierophant:Punish+1","hierophant:Defend_Hierophant","hierophant:Defend_Hierophant","hierophant:Defend_Hierophant","hierophant:Defend_Hierophant","hierophant:ChurchCoffers+1","hierophant:Smite+1","hierophant:Blessing+1","hierophant:Purify","hierophant:OrnateBuckler","hierophant:HolyVerse+1","hierophant:Zeal","hierophant:BulkyChest+1","hierophant:HolyVerse+1","hierophant:Smite"],"relics":["hierophant:PropheticMaskRelic","CrazyTorch:ReiMu","Incense Burner","conspire:SpecialSausage","Lantern","Nunchaku","Blood Vial","Vajra"],"acts_visited":["Exordium","TheCity"],"potions_floor_usage":[16,16,29,33,33],"damage_taken":[{"damage":1,"enemies":"Jaw Worm","floor":1,"turns":8},{"damage":1,"enemies":"Cultist","floor":3,"turns":3},{"damage":0,"enemies":"2 Louse","floor":5,"turns":2},{"damage":5,"enemies":"Exordium Thugs","floor":7,"turns":4},{"damage":4,"enemies":"3 Sentries","floor":8,"turns":4},{"damage":1,"enemies":"conspire:2 RoseBushes","floor":10,"turns":5},{"damage":0,"enemies":"Gremlin Gang","floor":11,"turns":1},{"damage":0,"enemies":"Lots of Slimes","floor":12,"turns":3},{"damage":12,"enemies":"Large Slime","floor":14,"turns":5},{"damage":6,"enemies":"Slime Boss","floor":16,"turns":10},{"damage":0,"enemies":"3 Byrds","floor":18,"turns":2},{"damage":0,"enemies":"Spheric Guardian","floor":21,"turns":2},{"damage":36,"enemies":"Centurion and Healer","floor":22,"turns":6},{"damage":13,"enemies":"Slavers","floor":24,"turns":5},{"damage":12,"enemies":"Snake Plant","floor":29,"turns":4},{"damage":10,"enemies":"Chosen and Byrds","floor":31,"turns":4},{"damage":80,"enemies":"Champ","floor":33,"turns":17}],"seed_played":"4264894137434094351","potions_obtained":[{"floor":5,"key":"SpeedPotion"},{"floor":10,"key":"Swift Potion"},{"floor":11,"key":"BlessingOfTheForge"},{"floor":22,"key":"ColorlessPotion"},{"floor":24,"key":"Dexterity Potion"},{"floor":29,"key":"BlessingOfTheForge"}],"is_trial":false,"path_per_floor":["M","?","M","?","M","R","M","E","T","M","M","M","R","M","R","B",null,"M","?","$","M","M","R","E","R","T","R","T","M","?","M","R","B"],"character_chosen":"HIEROPHANT","items_purchased":["hierophant:HolyVerse"],"campfire_rested":1,"item_purchase_floors":[20],"current_hp_per_floor":[88,88,87,87,87,87,82,85,85,88,88,88,88,77,77,78,89,89,89,89,89,60,60,47,47,47,47,47,47,47,39,65,0,0],"gold":609,"neow_bonus":"TWENTY_PERCENT_HP_BONUS","is_daily":false,"chose_seed":false,"campfire_upgraded":6,"win_rate":0.0,"timestamp":1612060614,"path_taken":["M","?","?","?","M","R","M","E","T","M","M","M","R","M","R","BOSS","M","?","?","M","M","R","E","R","T","R","?","?","?","?","R","BOSS"],"items_purchased_type":["Card"],"build_version":"2020-12-22","purchased_purges":1,"victory":false,"max_hp_per_floor":[89,89,89,89,89,89,89,89,89,89,89,89,89,89,89,89,89,89,89,89,89,89,89,89,89,89,89,89,89,89,89,89,89,89],"card_choices":[{"not_picked":["hierophant:Doubloon","hierophant:Remorse"],"picked":"hierophant:Smite","floor":1},{"not_picked":["hierophant:Alms","hierophant:AuricBeam"],"picked":"hierophant:Blessing","floor":3},{"not_picked":["hierophant:SolarFlare","hierophant:CoinFling","hierophant:SealAway"],"picked":"SKIP","floor":5},{"not_picked":["hierophant:AuricBeam","hierophant:Doubloon"],"picked":"hierophant:OrnateBuckler","floor":7},{"not_picked":["hierophant:Upheaval","hierophant:Rebuild","hierophant:Doubloon"],"picked":"SKIP","floor":8},{"not_picked":["hierophant:DeathKnell","hierophant:OrnateBuckler"],"picked":"hierophant:HolyVerse","floor":10},{"not_picked":["hierophant:RecallFunds","hierophant:HammerAndAnvil","hierophant:Shelter"],"picked":"SKIP","floor":11},{"not_picked":["hierophant:DisplayOfPower","hierophant:MorningPrayer"],"picked":"hierophant:Zeal","floor":12},{"not_picked":["hierophant:Shelter","hierophant:Community","hierophant:FlamingChariot"],"picked":"SKIP","floor":14},{"not_picked":["hierophant:Invocation","hierophant:AuricForm"],"picked":"hierophant:BulkyChest","floor":16},{"not_picked":["hierophant:Zeal","hierophant:SealAway","hierophant:RustyCrate"],"picked":"SKIP","floor":18},{"not_picked":["hierophant:Exaltation","hierophant:DisplayOfPower","hierophant:FlamingChariot"],"picked":"SKIP","floor":21},{"not_picked":["hierophant:OrnateBuckler","hierophant:Generosity","hierophant:Chorus"],"picked":"SKIP","floor":22},{"not_picked":["hierophant:Generosity","hierophant:Dazzle","hierophant:FlamingChariot"],"picked":"SKIP","floor":24},{"not_picked":["hierophant:FlamingChariot","hierophant:Doubloon+1","hierophant:Encroach"],"picked":"SKIP","floor":29},{"not_picked":["hierophant:Remorse+1","hierophant:FlamingChariot"],"picked":"hierophant:Smite","floor":31}],"player_experience":420665,"relics_obtained":[{"floor":2,"key":"CrazyTorch:ReiMu"},{"floor":8,"key":"Incense Burner"},{"floor":24,"key":"Nunchaku"},{"floor":26,"key":"Blood Vial"},{"floor":28,"key":"Vajra"}],"event_choices":[{"damage_healed":0,"gold_gain":0,"player_choice":"Relic","damage_taken":0,"max_hp_gain":0,"max_hp_loss":0,"event_name":"Wheel of Change","floor":2,"gold_loss":0},{"damage_healed":0,"gold_gain":0,"cards_transformed":["hierophant:Strike_Hierophant"],"player_choice":"Transformed","damage_taken":0,"max_hp_gain":0,"max_hp_loss":0,"event_name":"Transmorgrifier","floor":4,"gold_loss":0,"cards_obtained":["hierophant:Purify"]},{"damage_healed":0,"gold_gain":0,"player_choice":"Gave Potion","damage_taken":0,"relics_obtained":["Lantern"],"max_hp_gain":0,"max_hp_loss":0,"event_name":"WeMeetAgain","floor":19,"gold_loss":0},{"damage_healed":0,"gold_gain":0,"player_choice":"Upgraded","damage_taken":0,"max_hp_gain":0,"max_hp_loss":0,"event_name":"Upgrade Shrine","floor":30,"gold_loss":0,"cards_upgraded":["hierophant:HolyVerse"]}],"is_beta":false,"boss_relics":[{"not_picked":["Sozu","Busted Crown"],"picked":"conspire:SpecialSausage"}],"items_purged_floors":[20],"is_endless":false,"potions_floor_spawned":[5,10,11,12,14,22,24,29],"killed_by":"Champ","ascension_level":0}}