{"host":"syozzdlzcqop4jia","time":1612062790,"event":{"mods":["BaseMod","Colored Map","Colored Powertips","Minty Spire (QoL Compilation)","Quick Restart"],"gold_per_floor":[111,130,17,17,17,17,17,48,48,48,48,63,63,79,79,181,181,196,72,99,99,99,99,110,110,110],"floor_reached":25,"language":"ENG","playtime":1074,"items_purged":["Pain","Strike_R"],"score":227,"play_id":"ded5762d-cb17-47fb-83bd-5d8b7bd460fc","local_time":"20210131041310","is_ascension_mode":true,"campfire_choices":[{"data":"Blood for Blood","floor":6,"key":"SMITH"},{"floor":11,"key":"REST"},{"floor":13,"key":"REST"},{"data":"Combust","floor":15,"key":"SMITH"},{"floor":23,"key":"REST"}],"circlet_count":0,"master_deck":["Strike_R","Strike_R","Strike_R","Strike_R","Defend_R","Defend_R","Defend_R","Defend_R","Bash","Blood for Blood+1","Ghostly Armor","Pummel","Shrug It Off","Ghostly Armor","Combust+1","Berserk","Pommel Strike","Cleave","Flex","Perfected Strike","Parasite","Seeing Red"],"relics":["Burning Blood","StoneCalendar","White Beast Statue","Shuriken","Matryoshka","Smiling Mask","Mercury Hourglass","Cursed Key","Red Mask","Lantern","Nunchaku"],"acts_visited":["Exordium","TheCity"],"potions_floor_usage":[20,24,25],"damage_taken":[{"damage":9,"enemies":"2 Louse","floor":1,"turns":4},{"damage":10,"enemies":"Small Slimes","floor":2,"turns":3},{"damage":49,"enemies":"Lagavulin","floor":8,"turns":7},{"damage":7,"enemies":"Jaw Worm","floor":12,"turns":3},{"damage":3,"enemies":"Blue Slaver","floor":14,"turns":5},{"damage":63,"enemies":"Hexaghost","floor":16,"turns":8},{"damage":17,"enemies":"Spheric Guardian","floor":18,"turns":4},{"damage":27,"enemies":"Masked Bandits","floor":20,"turns":4},{"damage":19,"enemies":"2 Thieves","floor":24,"turns":5},{"damage":63,"enemies":"Book of Stabbing","floor":25,"turns":6}],"seed_played":"8905108909161091055","potions_obtained":[{"floor":8,"key":"FearPotion"},{"floor":12,"key":"DuplicationPotion"},{"floor":14,"key":"Swift Potion"},{"floor":16,"key":"HeartOfIron"},{"floor":20,"key":"Regen Potion"},{"floor":24,"key":"FearPotion"}],"is_trial":false,"path_per_floor":["M","M","$","?","?","R","$","E","T","T","R","M","R","M","R","B",null,"M","$","?","?","T","R","M","E"],"character_chosen":"IRONCLAD","items_purchased":["Pummel","Cleave","Flex"],"campfire_rested":3,"item_purchase_floors":[3,19,19],"current_hp_per_floor":[77,73,73,70,75,75,75,32,32,32,57,56,81,84,84,27,85,74,74,53,37,37,64,63,0,0],"gold":110,"neow_bonus":"ONE_RARE_RELIC","is_daily":false,"chose_seed":false,"campfire_upgraded":2,"win_rate":0.0,"timestamp":1612062790,"path_taken":["M","M","$","?","?","R","?","E","T","?","R","M","R","M","R","BOSS","M","$","?","?","?","R","M","E"],"items_purchased_type":["Card","Card","Card"],"build_version":"2020-12-22","purchased_purges":2,"victory":false,"max_hp_per_floor":[80,80,80,80,85,85,85,85,85,85,85,85,85,85,85,85,85,85,85,85,90,90,90,90,90,90],"card_choices":[{"not_picked":["Warcry","Sword Boomerang"],"picked":"Blood for Blood","floor":1},{"not_picked":["Intimidate","Twin Strike"],"picked":"Ghostly Armor","floor":2},{"not_picked":["Armaments","Pommel Strike"],"picked":"Shrug It Off","floor":8},{"not_picked":["Infernal Blade","Disarm"],"picked":"Ghostly Armor","floor":12},{"not_picked":["Pommel Strike","True Grit"],"picked":"Combust","floor":14},{"not_picked":["Corruption","Fiend Fire"],"picked":"Berserk","floor":16},{"not_picked":["Power Through+1","Feel No Pain"],"picked":"Pommel Strike","floor":18},{"not_picked":["Burning Pact","Reckless Charge"],"picked":"Perfected Strike","floor":20},{"not_picked":["Sword Boomerang","Blood for Blood"],"picked":"Seeing Red","floor":24}],"player_experience":455929,"relics_obtained":[{"floor":8,"key":"Shuriken"},{"floor":9,"key":"Matryoshka"},{"floor":10,"key":"Smiling Mask"},{"floor":10,"key":"Mercury Hourglass"},{"floor":20,"key":"Red Mask"},{"floor":22,"key":"Lantern"},{"floor":22,"key":"Nunchaku"}],"event_choices":[{"damage_healed":0,"gold_gain":0,"player_choice":"Success","damage_taken":3,"relics_obtained":["White Beast Statue"],"max_hp_gain":0,"max_hp_loss":0,"event_name":"Scrap Ooze","floor":4,"gold_loss":0},{"damage_healed":0,"gold_gain":0,"player_choice":"Donut","damage_taken":0,"max_hp_gain":5,"max_hp_loss":0,"event_name":"Big Fish","floor":5,"gold_loss":0},{"damage_healed":0,"gold_gain":0,"player_choice":"Fought Bandits","damage_taken":0,"max_hp_gain":0,"max_hp_loss":0,"event_name":"Masked Bandits","floor":20,"gold_loss":0},{"damage_healed":0,"gold_gain":0,"player_choice":"Shed Blood","damage_taken":21,"max_hp_gain":5,"max_hp_loss":0,"event_name":"Forgotten Altar","floor":21,"gold_loss":0}],"is_beta":false,"boss_relics":[{"not_picked":["Philosopher\u0027s Stone","Black Star"],"picked":"Cursed Key"}],"items_purged_floors":[3,19],"is_endless":false,"potions_floor_spawned":[8,12,14,16,18,20,24],"killed_by":"Book of Stabbing","ascension_level":3}}