{"host":"1qqxmg542u37e44m","time":1612080104,"event":{"mods":["BaseMod","Card Forge","Colored Map","Minty Spire (QoL Compilation)","Quick Restart","Relic Sorter","Shop Mod","StSLib","SuperFastMode"],"gold_per_floor":[112,112,125,138,138,165,165,200,227,227,77,152,186,199,199,304,304,318,318,331,331,331,363,363,398,425,443,151,185,203,214,214,309,309,320,330,330,182,201,233,243,243,243,260,111,129,144,176,176,176],"floor_reached":51,"language":"ENG","playtime":907,"items_purged":[],"score":1456,"play_id":"5cec4894-2eb4-48c0-9a20-9780843c7f0b","local_time":"20210131090144","is_ascension_mode":true,"campfire_choices":[{"floor":7,"key":"RECALL"},{"floor":10,"key":"REST"},{"floor":15,"key":"REST"},{"floor":24,"key":"REST"},{"floor":32,"key":"REST"},{"floor":42,"key":"REST"},{"floor":49,"key":"REST"}],"circlet_count":0,"master_deck":["Flash of Steel+1","Flash of Steel+1","Flash of Steel+1","Flash of Steel+1","RitualDagger+1"],"relics":["Ring of the Snake","Anvil of the Gods","Hammer of Thor","Seething Fire","Juzu Bracelet","Dream Catcher","MealTicket","Bronze Scales","Omamori","Black Star","Whetstone","Boot","Regal Pillow","Bag of Preparation","Art of War","Lee\u0027s Waffle","Anchor","Red Mask","Fusion Hammer","Snake Skull","Strawberry","StoneCalendar","Ornamental Fan","TwistedFunnel","Nunchaku","Centennial Puzzle"],"acts_visited":["Exordium","TheCity","TheBeyond"],"potions_floor_usage":[16],"damage_taken":[{"damage":0,"enemies":"2 Louse","floor":1,"turns":1},{"damage":0,"enemies":"Small Slimes","floor":3,"turns":1},{"damage":0,"enemies":"Jaw Worm","floor":4,"turns":1},{"damage":0,"enemies":"3 Sentries","floor":6,"turns":1},{"damage":0,"enemies":"Lagavulin","floor":8,"turns":1},{"damage":0,"enemies":"3 Sentries","floor":13,"turns":1},{"damage":0,"enemies":"Blue Slaver","floor":14,"turns":1},{"damage":0,"enemies":"Hexaghost","floor":16,"turns":1},{"damage":0,"enemies":"3 Byrds","floor":18,"turns":1},{"damage":0,"enemies":"Chosen","floor":20,"turns":1},{"damage":0,"enemies":"Gremlin Leader","floor":23,"turns":1},{"damage":0,"enemies":"Book of Stabbing","floor":25,"turns":1},{"damage":0,"enemies":"Snake Plant","floor":27,"turns":1},{"damage":0,"enemies":"Masked Bandits","floor":29,"turns":1},{"damage":0,"enemies":"Sentry and Sphere","floor":30,"turns":1},{"damage":0,"enemies":"Centurion and Healer","floor":31,"turns":1},{"damage":0,"enemies":"Champ","floor":33,"turns":1},{"damage":26,"enemies":"3 Shapes","floor":35,"turns":1},{"damage":0,"enemies":"3 Darklings","floor":36,"turns":1},{"damage":0,"enemies":"Writhing Mass","floor":39,"turns":1},{"damage":0,"enemies":"Giant Head","floor":40,"turns":1},{"damage":22,"enemies":"Sphere and 2 Shapes","floor":41,"turns":1},{"damage":0,"enemies":"3 Darklings","floor":44,"turns":1},{"damage":0,"enemies":"Maw","floor":46,"turns":1},{"damage":0,"enemies":"Spire Growth","floor":47,"turns":1},{"damage":0,"enemies":"Nemesis","floor":48,"turns":1},{"damage":0,"enemies":"Donu and Deca","floor":50,"turns":1}],"seed_played":"8018879919154825696","potions_obtained":[{"floor":3,"key":"LiquidMemories"},{"floor":13,"key":"Explosive Potion"},{"floor":14,"key":"SneckoOil"},{"floor":20,"key":"FearPotion"},{"floor":25,"key":"Weak Potion"},{"floor":27,"key":"PowerPotion"},{"floor":33,"key":"Swift Potion"},{"floor":35,"key":"GhostInAJar"},{"floor":36,"key":"Strength Potion"},{"floor":46,"key":"ColorlessPotion"}],"is_trial":false,"path_per_floor":["M","?","M","M","$","E","R","E","T","R","$","?","E","M","R","B",null,"M","?","M","?","?","E","R","E","T","M","$","?","M","M","R","B",null,"M","M","?","$","M","E","M","R","T","M","$","M","M","E","R","B",null],"character_chosen":"THE_SILENT","items_purchased":["Bronze Scales","Lee\u0027s Waffle","Anchor","Snake Skull","TwistedFunnel"],"campfire_rested":6,"item_purchase_floors":[11,28,28,38,45],"current_hp_per_floor":[70,70,70,70,70,70,70,70,70,70,70,59,59,59,70,70,70,70,57,57,51,75,75,75,75,75,75,82,82,82,82,82,82,82,56,56,56,71,71,78,56,89,89,89,89,89,89,89,89,89],"gold":176,"neow_bonus":"RANDOM_COMMON_RELIC","is_daily":false,"chose_seed":false,"campfire_upgraded":0,"win_rate":0.0,"timestamp":1612080104,"path_taken":["M","?","M","M","$","E","R","E","T","R","$","?","E","M","R","BOSS","M","?","M","?","?","E","R","E","T","M","$","?","M","M","R","BOSS","M","M","?","$","M","E","M","R","T","M","$","M","M","E","R","BOSS"],"items_purchased_type":["Relic","Relic","Relic","Relic","Relic"],"build_version":"2020-12-22","purchased_purges":0,"victory":true,"max_hp_per_floor":[70,70,70,70,70,70,70,70,70,70,70,70,70,70,70,70,70,70,75,75,75,75,75,75,75,75,75,82,82,82,82,82,82,82,82,82,82,82,82,89,89,89,89,89,89,89,89,89,89,89],"card_choices":[{"not_picked":["Underhanded Strike","Blade Dance","Blur"],"picked":"SKIP","floor":1},{"not_picked":["Flechettes","Dodge and Roll","Backflip"],"picked":"SKIP","floor":3},{"not_picked":["Outmaneuver","Slice","Flying Knee"],"picked":"SKIP","floor":4},{"not_picked":["After Image","Backflip","Footwork"],"picked":"SKIP","floor":6},{"not_picked":["Distraction","Deflect","Acrobatics"],"picked":"SKIP","floor":8},{"not_picked":["Flying Knee","Caltrops","Distraction"],"picked":"SKIP","floor":13},{"not_picked":["Backstab","Outmaneuver","Terror"],"picked":"SKIP","floor":14},{"not_picked":["Dagger Throw+1","Underhanded Strike","Blade Dance"],"picked":"SKIP","floor":18},{"not_picked":["Caltrops","Blade Dance","Dagger Spray+1"],"picked":"SKIP","floor":20},{"not_picked":["Poisoned Stab","Skewer","Riddle With Holes"],"picked":"SKIP","floor":23},{"not_picked":["Poisoned Stab","Skewer","Riddle With Holes"],"picked":"SKIP","floor":23},{"not_picked":["Dagger Spray","Eviscerate","Backflip"],"picked":"SKIP","floor":25},{"not_picked":["Flechettes+1","Accuracy","Underhanded Strike"],"picked":"SKIP","floor":27},{"not_picked":["Dagger Spray","Blur","Bane"],"picked":"SKIP","floor":30},{"not_picked":["Cloak And Dagger","Terror+1","Blade Dance"],"picked":"SKIP","floor":31},{"not_picked":["Prepared+1","Escape Plan","Underhanded Strike+1"],"picked":"SKIP","floor":35},{"not_picked":["Calculated Gamble+1","Escape Plan+1","Catalyst"],"picked":"SKIP","floor":36},{"not_picked":["Cloak And Dagger","Blade Dance+1","Backflip"],"picked":"SKIP","floor":39},{"not_picked":["Riddle With Holes+1","Bane","Phantasmal Killer"],"picked":"SKIP","floor":40},{"not_picked":["Slice","Backflip","Eviscerate"],"picked":"SKIP","floor":41},{"not_picked":["Acrobatics","Bullet Time","PiercingWail"],"picked":"SKIP","floor":44},{"not_picked":["Underhanded Strike","Poisoned Stab+1","Dodge and Roll"],"picked":"SKIP","floor":46},{"not_picked":["Footwork","Deadly Poison","Backflip+1"],"picked":"SKIP","floor":47},{"not_picked":["Flying Knee+1","Deadly Poison","Poisoned Stab"],"picked":"SKIP","floor":48}],"player_experience":203591,"relics_obtained":[{"floor":6,"key":"Dream Catcher"},{"floor":8,"key":"MealTicket"},{"floor":13,"key":"Omamori"},{"floor":23,"key":"Whetstone"},{"floor":23,"key":"Boot"},{"floor":25,"key":"Regal Pillow"},{"floor":25,"key":"Bag of Preparation"},{"floor":26,"key":"Art of War"},{"floor":29,"key":"Red Mask"},{"floor":40,"key":"Strawberry"},{"floor":40,"key":"StoneCalendar"},{"floor":43,"key":"Ornamental Fan"},{"floor":48,"key":"Nunchaku"},{"floor":48,"key":"Centennial Puzzle"}],"event_choices":[{"damage_healed":0,"gold_gain":0,"player_choice":"Ignored","damage_taken":0,"max_hp_gain":0,"max_hp_loss":0,"event_name":"Shining Light","floor":2,"gold_loss":0},{"damage_healed":0,"gold_gain":75,"player_choice":"Gather Gold","damage_taken":11,"max_hp_gain":0,"max_hp_loss":0,"event_name":"World of Goop","floor":12,"gold_loss":0},{"damage_healed":0,"gold_gain":0,"player_choice":"Shed Blood","damage_taken":18,"max_hp_gain":5,"max_hp_loss":0,"event_name":"Forgotten Altar","floor":19,"gold_loss":0},{"damage_healed":0,"gold_gain":0,"player_choice":"Joined the Cult","damage_taken":6,"max_hp_gain":0,"max_hp_loss":0,"event_name":"Nest","floor":21,"gold_loss":0,"cards_obtained":["RitualDagger"]},{"damage_healed":25,"gold_gain":0,"player_choice":"Heal","damage_taken":0,"max_hp_gain":0,"max_hp_loss":0,"event_name":"The Library","floor":22,"gold_loss":0},{"damage_healed":0,"gold_gain":0,"player_choice":"Fought Bandits","damage_taken":0,"max_hp_gain":0,"max_hp_loss":0,"event_name":"Masked Bandits","floor":29,"gold_loss":0},{"damage_healed":0,"gold_gain":0,"player_choice":"Memory 1","damage_taken":0,"max_hp_gain":0,"max_hp_loss":0,"event_name":"SensoryStone","floor":37,"gold_loss":0}],"is_beta":false,"boss_relics":[{"not_picked":["Busted Crown","Runic Dome"],"picked":"Black Star"},{"not_picked":["Calling Bell","SacredBark"],"picked":"Fusion Hammer"}],"items_purged_floors":[],"is_endless":false,"potions_floor_spawned":[3,13,14,20,25,27,29,31,33,35,36,40,46],"ascension_level":2}}