{"host":"vgoo8hagqzs0eqkg","time":1612099456,"event":{"mods":["BaseMod","Downfall","Minty Spire (QoL Compilation)","Quick Restart","StSLib"],"gold_per_floor":[199,217,230,241,259,259,259,259,290,75,117,117,17,41,66,66,66,66],"floor_reached":16,"language":"ZHS","playtime":674,"items_purged":["hexamod:Defend"],"score":112,"play_id":"5bb46dad-d4dd-4b7c-a288-06ab7eda5c38","local_time":"20210131212416","is_ascension_mode":false,"campfire_choices":[{"floor":1,"key":"RECALL"},{"data":"hexamod:Float","floor":13,"key":"SMITH"}],"circlet_count":0,"master_deck":["hexamod:Strike","hexamod:Strike","hexamod:Strike","hexamod:Defend","hexamod:Defend","hexamod:Defend","hexamod:Sear","hexamod:Float+1","hexamod:EmpoweredFlame","hexamod:Firestarter","hexamod:SecondSeal","hexamod:Hexaguard","hexamod:FirstSeal","hexamod:EmpoweredFlame","hexamod:SixthSeal"],"relics":["hexamod:SpiritBrand","Meat on the Bone","Mercury Hourglass","Vajra","Boot","downfall:BrokenWingStatue","downfall:HeartBlessingRed"],"acts_visited":["Exordium"],"potions_floor_usage":[16],"damage_taken":[{"damage":0,"enemies":"Cultist","floor":2,"turns":3},{"damage":2,"enemies":"Small Slimes","floor":3,"turns":4},{"damage":0,"enemies":"2 Louse","floor":4,"turns":4},{"damage":7,"enemies":"Blue Slaver","floor":5,"turns":3},{"damage":12,"enemies":"3 Sentries","floor":9,"turns":6},{"damage":0,"enemies":"downfall:FleeingMerchant","floor":10,"turns":4},{"damage":11,"enemies":"Gremlin Nob","floor":11,"turns":4},{"damage":6,"enemies":"Large Slime","floor":14,"turns":4},{"damage":11,"enemies":"3 Louse","floor":15,"turns":3},{"damage":51,"enemies":"IC_STATUS_ARCHETYPE","floor":16,"turns":8}],"seed_played":"8312714646151261876","potions_obtained":[{"floor":2,"key":"SpeedPotion"},{"floor":9,"key":"Dexterity Potion"},{"floor":14,"key":"Fire Potion"},{"floor":15,"key":"SkillPotion"}],"is_trial":false,"path_per_floor":["R","M","M","M","M","?","T","?","E","$","E","?","R","M","M","B"],"character_chosen":"THE_SPIRIT","items_purchased":["hexamod:SecondSeal","hexamod:Hexaguard"],"campfire_rested":0,"item_purchase_floors":[10,10],"current_hp_per_floor":[70,70,68,68,61,58,58,58,46,46,47,47,47,48,44,0,0,0],"gold":66,"neow_bonus":"HUNDRED_GOLD","is_daily":false,"chose_seed":false,"campfire_upgraded":1,"win_rate":0.0,"timestamp":1612099456,"path_taken":["R","M","M","?","M","?","T","?","E","$","E","?","R","M","M","BOSS"],"items_purchased_type":["Card","Card"],"build_version":"2020-12-22","purchased_purges":1,"victory":false,"max_hp_per_floor":[70,70,70,70,70,70,70,70,70,70,70,70,70,70,70,70,70,70],"card_choices":[{"not_picked":["hexamod:HeatCrush","hexamod:BacktrackSmack"],"picked":"hexamod:EmpoweredFlame","floor":2},{"not_picked":["hexamod:BacktrackSmack","hexamod:BurningTouch","hexamod:GhostLash"],"picked":"SKIP","floor":3},{"not_picked":["hexamod:GhostLash","hexamod:NightmareGuise"],"picked":"hexamod:Firestarter","floor":4},{"not_picked":["hexamod:NightmareGuise","hexamod:ChargedBarrage","hexamod:FlamesFromBeyond"],"picked":"SKIP","floor":5},{"not_picked":["hexamod:AdvancingGuard","hexamod:NightmareStrike","hexamod:NightmareGuise"],"picked":"SKIP","floor":9},{"not_picked":["hexamod:EtherealExpedition","hexamod:NecessarySacrifice","hexamod:SpectersWail"],"picked":"SKIP","floor":10},{"not_picked":["hexamod:RadiantFlame","hexamod:HauntingEcho"],"picked":"hexamod:FirstSeal","floor":11},{"not_picked":["hexamod:SwordOfDarkness","hexamod:RetreatToShadows"],"picked":"hexamod:EmpoweredFlame","floor":14},{"not_picked":["hexamod:NecessarySacrifice","hexamod:ExtraCrispy"],"picked":"hexamod:SixthSeal","floor":15}],"player_experience":474053,"relics_obtained":[{"floor":7,"key":"Mercury Hourglass"},{"floor":9,"key":"Vajra"},{"floor":11,"key":"Boot"}],"event_choices":[{"damage_healed":0,"gold_gain":0,"player_choice":"Success","damage_taken":3,"relics_obtained":["Meat on the Bone"],"max_hp_gain":0,"max_hp_loss":0,"event_name":"Scrap Ooze","floor":6,"gold_loss":0}],"is_beta":false,"boss_relics":[],"items_purged_floors":[10],"is_endless":false,"potions_floor_spawned":[2,9,14,15],"killed_by":"IC_STATUS_ARCHETYPE","ascension_level":0}}