{"host":"yp2ga117svxnbcen","time":1612082157,"event":{"mods":["Act Like it!","Aspiration","BaseMod","BetterRewards","ChefMod","Colored Map","Conspire","Custom Start","Downfall","Elementarium","Gensokyo","GifTheSpireLib","Gold Saver","GungeonMod","Halation","Hallownest","Hermit","HornydragonMod","Hubris","Menagerie","Minty Spire (QoL Compilation)","Quick Restart","Remove Card Discount Mod","Replay The Spire","Shop Mod","Spicy Shops","StSLib","Stuff the Spire","The Blue Laboratory","The IronCluck","egg","slay the spire mod where everything is the same but ironclad has a cowboy hat","??????REMEMod"],"gold_per_floor":[99,114,3,3,29,29,29,29,29,29,43,62,62,88,98,203,203,3,249,462,662,874,874,874,874],"floor_reached":23,"language":"ENG","playtime":687,"items_purged":[],"score":266,"play_id":"578064aa-72d8-4782-9f85-a13cd9d49734","local_time":"20210131003557","is_ascension_mode":false,"campfire_choices":[{"data":"sneckomod:UnknownX","floor":1,"key":"SMITH"},{"floor":6,"key":"RECALL"},{"data":"champ:Duel","floor":8,"key":"SMITH"},{"data":"champ:DefensiveStyle","floor":13,"key":"SMITH"},{"data":"champ:GladiatorForm","floor":18,"key":"SMITH"}],"circlet_count":0,"master_deck":["champ:Strike","champ:Strike+1","champ:Strike","champ:Strike","champ:Defend","champ:Defend+1","champ:Defend","champ:Defend","champ:Execute","champ:Taunt","sneckomod:UnknownX+1","champ:FlashCut","champ:DefensiveStyle+1","champ:IronFortress+1","champ:Duel+1","StuffTheSpire:Perfection","champ:DefensiveShout","champ:GladiatorForm+1","champ:TornadoPunch","champ:Lariat","champ:HeavySlash","Spreading Infection","Delirium","Pain","Mistake"],"relics":["champ:ChampionCrown","REME_ComplimentaryCards","Incense Burner","Thread and Needle","REME_DemonsWealth","downfall:HeartBlessingRed","downfall:HeartBlessingBlue","WarpedTongs"],"acts_visited":["Exordium","TheCity"],"potions_floor_usage":[14,19,20,23],"damage_taken":[{"damage":19,"enemies":"Cultist","floor":2,"turns":4},{"damage":0,"enemies":"downfall:FleeingMerchant","floor":3,"turns":4},{"damage":6,"enemies":"conspire:RoseBush","floor":5,"turns":1},{"damage":10,"enemies":"Small Slimes","floor":11,"turns":2},{"damage":0,"enemies":"Blue Slaver","floor":12,"turns":3},{"damage":6,"enemies":"Replay:BlueRogue","floor":14,"turns":4},{"damage":0,"enemies":"3 Louse","floor":15,"turns":2},{"damage":0,"enemies":"SI_SHIV_ARCHETYPE","floor":16,"turns":9},{"damage":19,"enemies":"Spheric Guardian","floor":19,"turns":4},{"damage":30,"enemies":"3 Byrds","floor":20,"turns":5},{"damage":11,"enemies":"Snake Plant","floor":22,"turns":4},{"damage":67,"enemies":"REME_1_Revenger","floor":23,"turns":5}],"seed_played":"-1907509734580916616","potions_obtained":[{"floor":12,"key":"Fire Potion"},{"floor":16,"key":"REME_GoldPotion"},{"floor":19,"key":"champ:CounterPotion"},{"floor":20,"key":"blueLaboratory:AbyssPotion"}],"is_trial":false,"path_per_floor":["R","M","$","?","M","R","T","R","?","T","M","M","R","E","M","B",null,"R","M","M","?","M","E"],"character_chosen":"THE_CHAMP","items_purchased":["champ:IronFortress"],"campfire_rested":0,"item_purchase_floors":[3],"current_hp_per_floor":[90,81,81,81,75,75,75,75,75,75,75,75,75,69,69,69,90,100,91,66,66,55,0,0,0],"gold":874,"neow_bonus":"RANDOM_COMMON_RELIC","is_daily":false,"chose_seed":false,"campfire_upgraded":4,"win_rate":0.0,"timestamp":1612082157,"path_taken":["R","?","$","?","M","R","T","R","?","?","M","M","R","E","M","BOSS","R","M","M","?","?","E"],"items_purchased_type":["Card"],"build_version":"2020-12-22","purchased_purges":0,"victory":false,"max_hp_per_floor":[90,90,90,90,90,90,90,90,90,90,90,90,90,90,90,90,90,100,100,100,100,100,100,100,100],"card_choices":[{"not_picked":["champ:ShieldSlam","champ:BringItOn"],"picked":"champ:FlashCut","floor":2},{"not_picked":["champ:FlashCut","champ:Endure"],"picked":"champ:DefensiveStyle","floor":3},{"not_picked":["champ:PerfectedStrike","champ:StanceDance"],"picked":"champ:Duel","floor":5},{"not_picked":["StuffTheSpire:Harmony","StuffTheSpire:Ambrosia"],"picked":"StuffTheSpire:Perfection","floor":9},{"not_picked":["champ:StanceDance","champ:BringItOn"],"picked":"champ:DefensiveShout","floor":11},{"not_picked":["champ:FalseCounter","champ:PerfectedStrike"],"picked":"champ:GladiatorForm","floor":12},{"not_picked":["champ:PerfectedStrike","champ:Haymaker"],"picked":"champ:TornadoPunch","floor":14},{"not_picked":["champ:FlashCut","champ:Shatter"],"picked":"champ:Lariat","floor":15},{"not_picked":["champ:IgnorePain","champ:MurderStrike"],"picked":"champ:HeavySlash","floor":16},{"not_picked":["champ:RapidStrikes","champ:BerserkerStyle","champ:BerserkersShout"],"picked":"Spreading Infection","floor":19},{"not_picked":["champ:FocusedBerserking","champ:FanOfKnives","champ:BladeFlurry"],"picked":"Delirium","floor":20},{"not_picked":["champ:TornadoPunch","champ:Backstep","champ:EndlessRage"],"picked":"Mistake","floor":22}],"player_experience":1162632,"relics_obtained":[{"floor":7,"key":"Incense Burner"},{"floor":14,"key":"Thread and Needle"}],"event_choices":[{"damage_healed":0,"gold_gain":0,"player_choice":"Disagree","damage_taken":0,"max_hp_gain":0,"max_hp_loss":0,"event_name":"conspire:LoneGhost","floor":4,"gold_loss":0},{"damage_healed":0,"gold_gain":0,"player_choice":"Rummage","damage_taken":0,"relics_obtained":["WarpedTongs"],"max_hp_gain":0,"max_hp_loss":0,"event_name":"Accursed Blacksmith","floor":21,"gold_loss":0,"cards_obtained":["Pain"]}],"is_beta":false,"boss_relics":[{"not_picked":["hubris:CrackedHourglass","Philosopher\u0027s Stone"],"picked":"REME_DemonsWealth"}],"items_purged_floors":[],"is_endless":false,"potions_floor_spawned":[5,12,16,19,20],"killed_by":"REME_1_Revenger","ascension_level":0}}