{"host":"c9m2z2wmcavfgdp8","time":1612061180,"event":{"mods":["2.2 Compatiblity","Act Like it!","Aspiration","BaseMod","Better Third Choice","Conspire","Downfall","Ekko","Elementarium","Energized Spire","Friendly Minions","GifTheSpireLib","Hallownest","Hermit","Hubris","Infinite Spire","Jorbs\u0027s Wanderer Trilogy","Koishi","Luminous","Marisa????????","Menagerie","Minty Spire (QoL Compilation)","Pale of the Ancients","Permanent Neow","Potionbrewer","Prisma Mod","READ ME - Guardian Mod","Remilia??????","Replay The Spire","SCP261 Mod","Shop Mod","StSLib","The Animator","The Blackbeard","The Bug Knight","The Cursed","The Death Knight","The Disciple","The Exalted","The Hierophant","The Necromancer","The Servant 0.9.4","TheBandit","TheFirefly"],"gold_per_floor":[111,122,122,134,154,181,181,181,252,252,252,288,6,6,6,45,45,173,173,191,191,193,211,211,211,254,274,274,274,274,274],"floor_reached":30,"language":"ENG","playtime":2682,"items_purged":["Elementarium:StickyTar"],"score":314,"play_id":"759d5129-410a-4a2a-97e6-b365f918424b","local_time":"20210131034620","is_ascension_mode":false,"campfire_choices":[{"data":"Luminous:Lania_Blessing_Luminous","floor":10,"key":"SMITH"},{"floor":17,"key":"REST"},{"data":"infinitespire:UltimateForm","floor":25,"key":"SMITH"},{"floor":29,"key":"RECALL"}],"circlet_count":0,"master_deck":["Luminous:Light_Flash_Shower+1","Luminous:Light_Flash_Shower","Luminous:Dark_Abyssal_Drop","Luminous:Dark_Abyssal_Drop","Luminous:Defend_Luminous+1","Luminous:Defend_Luminous","Luminous:Defend_Luminous","Luminous:Switch_Luminous","Luminous:Fast_Spell_Luminous","Luminous:Light_Gather","Malaise","hubris:Counter","Atom Bomb","Luminous:Mana_Well_Luminous","Luminous:Lania_Blessing_Luminous+1","Luminous:Freud_Wisdom1_Luminous","Luminous:Flash_Blink_Luminous","Luminous:Accumulation_Luminous+1","Luminous:Lights_Protection_Luminous","Luminous:Ethereal_Form_Luminous","Luminous:Concentrate_Luminous","Luminous:Mirror_Force_Luminous","Luminous:Magic_Boost_Luminous","infinitespire:UltimateForm+1","Luminous:Balance_Death_Scythe","Elementarium:StickyTar"],"relics":["Luminous:MirrorRelic","hubris:FunFungus","Bag of Preparation","Golden Idol","Menagerie:MalignantTentacle","Bromod:ArcaneAegis","Replay:Accelerometer","ReplayTheSpireMod:Lightbulb","energizedSpire:NeverEndingSparkler","Blue Candle","ReplayTheSpireMod:CursedCoin","Regal Pillow","energizedSpire:MagnifyingGlass","infinitespire:Broken Mirror","Akabeko"],"acts_visited":["Exordium","Menagerie:Menagerie"],"potions_floor_usage":[4,12,26,27,30,30,30],"damage_taken":[{"damage":8,"enemies":"Menagerie:MonstrousExperiment","floor":1,"turns":6},{"damage":0,"enemies":"Menagerie:2_RABBITS","floor":2,"turns":5},{"damage":3,"enemies":"Menagerie:WhisperingWraith","floor":4,"turns":6},{"damage":1,"enemies":"Menagerie:MENAGERIE_WILDLIFE","floor":5,"turns":4},{"damage":31,"enemies":"Menagerie:Hydra","floor":6,"turns":4},{"damage":10,"enemies":"Menagerie:VoidReaper","floor":12,"turns":4},{"damage":7,"enemies":"Menagerie:MaskedSummoner","floor":16,"turns":6},{"damage":4,"enemies":"Menagerie:Chimera","floor":18,"turns":9},{"damage":8,"enemies":"Elementarium:MUD_AND_TAR_GOLEMS","floor":20,"turns":6},{"damage":0,"enemies":"Elementarium:2_ELEMENTALS","floor":23,"turns":5},{"damage":19,"enemies":"Nightmare","floor":26,"turns":12},{"damage":44,"enemies":"Elementarium:STONE_GOLEMS","floor":27,"turns":7},{"damage":73,"enemies":"Elementarium:VOID_CORRUPTION_AND_TAR_GOLEM","floor":30,"turns":14}],"seed_played":"-5844482180629321324","potions_obtained":[{"floor":2,"key":"potionbrewer:DiscountPotion"},{"floor":5,"key":"Flashbang"},{"floor":12,"key":"potionbrewer:BoundlessPotion"},{"floor":18,"key":"potionbrewer:AcidPotion"},{"floor":23,"key":"PowerPotion"},{"floor":26,"key":"SteroidPotion"},{"floor":27,"key":"DistilledChaos"}],"is_trial":false,"path_per_floor":["M","M","?","M","M","E","?","?","T","R","?","E","$","PTL","PTL","E","R","B",null,"M","?","$","M","AVR","R","NM","M","T","R","M"],"character_chosen":"LuminousClass","items_purchased":["Replay:Accelerometer","Luminous:Accumulation_Luminous+1","Luminous:Mirror_Force_Luminous","ReplayTheSpireMod:CursedCoin"],"campfire_rested":1,"item_purchase_floors":[13,13,22,22],"current_hp_per_floor":[63,64,64,64,64,38,21,21,21,21,26,17,17,17,17,30,51,69,73,73,68,68,73,73,73,70,44,44,44,0,0],"gold":274,"neow_bonus":"ONE_RARE_RELIC","is_daily":false,"chose_seed":false,"campfire_upgraded":2,"win_rate":0.0,"timestamp":1612061180,"path_taken":["M","M","?","M","?","E","?","?","T","R","?","E","?","PTL","PTL","E","R","BOSS","M","?","$","M","AVR","R","NM","M","T","R","M"],"items_purchased_type":["Relic","Card","Card","Relic"],"build_version":"2020-12-22","purchased_purges":1,"victory":false,"max_hp_per_floor":[68,68,68,68,68,68,68,68,68,68,73,73,73,73,73,73,73,73,73,73,73,73,73,73,73,73,73,73,73,73,73],"card_choices":[{"not_picked":["Luminous:Light_Spectral_Light","Luminous:Light_Sylvan_Lance"],"picked":"Luminous:Fast_Spell_Luminous","floor":1},{"not_picked":["Luminous:Dark_Raid","Luminous:Concentrate_Luminous"],"picked":"Luminous:Light_Gather","floor":2},{"not_picked":["Luminous:Dark_Dim_Erosion","Luminous:Light_Sylvan_Lance"],"picked":"Luminous:Mana_Well_Luminous","floor":4},{"not_picked":["Luminous:Chase_Spell_Luminous","Luminous:Magic_Accelerate_Luminous"],"picked":"Luminous:Lania_Blessing_Luminous","floor":5},{"not_picked":["Luminous:Light_Gather","Luminous:Dark_Raid"],"picked":"Luminous:Freud_Wisdom1_Luminous","floor":6},{"not_picked":["Luminous:Light_Wash_Luminous","Luminous:Light_Glare"],"picked":"Luminous:Flash_Blink_Luminous","floor":12},{"not_picked":["Luminous:Balance_Ender","Luminous:Light_Gather"],"picked":"Luminous:Lights_Protection_Luminous","floor":16},{"not_picked":["Luminous:Chaos_Field_Luminous","Luminous:Freud_Wisdom1_Luminous"],"picked":"Luminous:Ethereal_Form_Luminous","floor":18},{"not_picked":["Luminous:Accumulation_Luminous","Luminous:Dark_Raid+1"],"picked":"Luminous:Concentrate_Luminous","floor":20},{"not_picked":["Luminous:Dark_Dim_Erosion","Luminous:Accumulation_Luminous"],"picked":"Luminous:Magic_Boost_Luminous","floor":23},{"not_picked":["Luminous:Reverse_Spell_Luminous","Luminous:Light_Glare","Luminous:Light_Disperse+1"],"picked":"SKIP","floor":26},{"not_picked":["Luminous:Reverse_Spell_Luminous","Luminous:Light_Glare","Luminous:Light_Disperse+1"],"picked":"SKIP","floor":26},{"not_picked":["Luminous:Accumulation_Luminous","Luminous:Dark_Pressure_Void"],"picked":"Luminous:Balance_Death_Scythe","floor":27}],"player_experience":1647596,"relics_obtained":[{"floor":6,"key":"Bag of Preparation"},{"floor":12,"key":"Bromod:ArcaneAegis"},{"floor":16,"key":"ReplayTheSpireMod:Lightbulb"},{"floor":26,"key":"infinitespire:Broken Mirror"},{"floor":28,"key":"Akabeko"}],"event_choices":[{"damage_healed":0,"gold_gain":0,"player_choice":"Take Damage","damage_taken":17,"relics_obtained":["Golden Idol"],"max_hp_gain":0,"max_hp_loss":0,"event_name":"Golden Idol","floor":7,"gold_loss":0},{"damage_healed":0,"gold_gain":0,"player_choice":"Enter","damage_taken":0,"relics_obtained":["Menagerie:MalignantTentacle"],"max_hp_gain":0,"max_hp_loss":0,"event_name":"Menagerie:CorruptingLight","floor":8,"gold_loss":0,"cards_upgraded":["Luminous:Defend_Luminous","Luminous:Light_Flash_Shower"]},{"damage_healed":0,"gold_gain":0,"player_choice":"Shield","damage_taken":0,"max_hp_gain":5,"max_hp_loss":0,"event_name":"Menagerie:HarrowingRitual","floor":11,"gold_loss":0}],"is_beta":false,"boss_relics":[{"not_picked":["aspiration:MarisaSkillbook","Tiny House"],"picked":"energizedSpire:NeverEndingSparkler"}],"items_purged_floors":[24],"is_endless":false,"potions_floor_spawned":[2,5,12,18,23,26,27],"killed_by":"Elementarium:VOID_CORRUPTION_AND_TAR_GOLEM","ascension_level":0}}