{"host":"6xsbn6ynqlzwllfm","time":1612080577,"event":{"mods":["2.2 Compatiblity","BaseMod","Bestiary","Colored Map","Colored Powertips","Curses Come First","Highlight Path","Keyboard Shortcuts","Minty Spire (QoL Compilation)","Relic Stats","Slay the Relics Exporter","StSLib","SuperFastMode"],"gold_per_floor":[99,99,59,59,20,20,20,20,20,20,20,20,20,20,20,20,20,20,20,20,20,20,20,20,20],"floor_reached":24,"language":"ENG","playtime":524,"items_purged":[],"score":553,"play_id":"ed420bab-723e-4ef2-baca-84eafeb89325","local_time":"20210131030937","is_ascension_mode":true,"campfire_choices":[{"data":"Prostrate","floor":6.0,"key":"SMITH"},{"data":"WaveOfTheHand","floor":12.0,"key":"SMITH"},{"data":"Prostrate","floor":15.0,"key":"SMITH"},{"data":"Prostrate","floor":23.0,"key":"SMITH"}],"circlet_count":0,"master_deck":["AscendersBane","Eruption","Vigilance","Prostrate+1","Prostrate+1","Prostrate+1","ReachHeaven","Prostrate","WaveOfTheHand+1","Devotion","FlyingSleeves","Wish","Ragnarok","FlyingSleeves","Worship","CarveReality","InnerPeace","Devotion","SandsOfTime","EmptyFist","Fasting2"],"relics":["Ectoplasm","Singing Bowl","Akabeko","Strawberry","Bag of Marbles","Pandora\u0027s Box"],"acts_visited":["Exordium","TheCity"],"potions_floor_usage":[],"damage_taken":[{"damage":0.0,"enemies":"Cultist","floor":1.0,"turns":4.0},{"damage":1.0,"enemies":"Small Slimes","floor":2.0,"turns":5.0},{"damage":0.0,"enemies":"Jaw Worm","floor":4.0,"turns":3.0},{"damage":16.0,"enemies":"Gremlin Nob","floor":7.0,"turns":3.0},{"damage":20.0,"enemies":"3 Sentries","floor":10.0,"turns":4.0},{"damage":12.0,"enemies":"Gremlin Nob","floor":13.0,"turns":3.0},{"damage":1.0,"enemies":"3 Louse","floor":14.0,"turns":4.0},{"damage":0.0,"enemies":"Slime Boss","floor":16.0,"turns":9.0},{"damage":0.0,"enemies":"3 Byrds","floor":18.0,"turns":5.0},{"damage":21.0,"enemies":"Shell Parasite","floor":19.0,"turns":2.0},{"damage":6.0,"enemies":"3 Cultists","floor":22.0,"turns":3.0},{"damage":35,"enemies":"Slavers","floor":24,"turns":2}],"seed_played":"7893749876469524585","potions_obtained":[{"floor":3.0,"key":"Ambrosia"},{"floor":3.0,"key":"Swift Potion"},{"floor":4.0,"key":"Dexterity Potion"},{"floor":10.0,"key":"EssenceOfSteel"},{"floor":13.0,"key":"SkillPotion"},{"floor":16.0,"key":"Energy Potion"},{"floor":18.0,"key":"Ancient Potion"},{"floor":19.0,"key":"GamblersBrew"},{"floor":22.0,"key":"Ancient Potion"}],"is_trial":false,"path_per_floor":["M","M","?","M","$","R","E","?","T","E","$","R","E","M","R","B",null,"M","M","?","?","M","R","E"],"character_chosen":"WATCHER","items_purchased":["ReachHeaven"],"campfire_rested":0,"item_purchase_floors":[5],"current_hp_per_floor":[61,60,60,60,60,60,44,44,44,31,31,31,19,18,18,18,61,61,42,20,36,32,32,0,0],"gold":20,"neow_bonus":"BOSS_RELIC","is_daily":false,"chose_seed":false,"campfire_upgraded":4,"win_rate":0.0,"timestamp":1612080577,"path_taken":["M","M","?","?","?","R","E","?","T","E","$","R","E","M","R","BOSS","M","?","?","?","M","R","E"],"items_purchased_type":["Card"],"build_version":"2020-12-22","purchased_purges":0,"victory":false,"max_hp_per_floor":[68,68,68,68,68,68,68,68,68,75,75,75,75,75,75,75,75,75,77,82,82,84,84,84,84],"relic_stats":{"Singing Bowl":4,"counters":[12,47],"Pandora\u0027s Box":["Ragnarok","FlyingSleeves","Worship","CarveReality","InnerPeace","Devotion","SandsOfTime","EmptyFist"],"Ectoplasm":316,"obtain_stats":[{"Singing Bowl":7,"Strawberry":10,"Pandora\u0027s Box":17,"Ectoplasm":0,"Bag of Marbles":13,"PureWater":0,"Akabeko":9},{"Singing Bowl":4,"Strawberry":5,"Pandora\u0027s Box":8,"Ectoplasm":0,"Bag of Marbles":6,"PureWater":0,"Akabeko":4},{"Singing Bowl":15,"Strawberry":19,"Pandora\u0027s Box":35,"Ectoplasm":0,"Bag of Marbles":22,"PureWater":0,"Akabeko":15}]},"card_choices":[{"not_picked":["Halt","EmptyBody"],"picked":"Prostrate","floor":1.0},{"not_picked":["WindmillStrike","ThirdEye"],"picked":"Prostrate","floor":2.0},{"not_picked":["BowlingBash","EmptyFist"],"picked":"Prostrate","floor":4.0},{"not_picked":["Brilliance","ClearTheMind"],"picked":"Prostrate","floor":7.0},{"not_picked":["Study","FlurryOfBlows"],"picked":"WaveOfTheHand","floor":10.0},{"not_picked":["Protect","Evaluate"],"picked":"Devotion","floor":13.0},{"not_picked":["WaveOfTheHand","FollowUp"],"picked":"FlyingSleeves","floor":14.0},{"not_picked":["Establishment","Devotion"],"picked":"Wish","floor":16.0},{"not_picked":["PathToVictory","CutThroughFate"],"picked":"Fasting2","floor":18.0},{"not_picked":["FollowUp","JustLucky","Halt"],"picked":"Singing Bowl","floor":19.0},{"not_picked":["Meditate","Crescendo","Indignation"],"picked":"Singing Bowl","floor":22.0}],"player_experience":1332634,"relics_obtained":[{"floor":7.0,"key":"Singing Bowl"},{"floor":9.0,"key":"Akabeko"},{"floor":10.0,"key":"Strawberry"},{"floor":13.0,"key":"Bag of Marbles"}],"event_choices":[{"damage_healed":0.0,"max_hp_gain":0.0,"max_hp_loss":0.0,"gold_gain":0.0,"event_name":"The Woman in Blue","player_choice":"Bought 3 Potions","floor":3.0,"gold_loss":0.0,"damage_taken":0.0},{"damage_healed":0.0,"max_hp_gain":0.0,"max_hp_loss":0.0,"gold_gain":50.0,"event_name":"Golden Shrine","player_choice":"Pray","floor":8.0,"gold_loss":0.0,"damage_taken":0.0},{"damage_healed":0.0,"max_hp_gain":5.0,"max_hp_loss":0.0,"gold_gain":0.0,"event_name":"Forgotten Altar","player_choice":"Shed Blood","floor":20.0,"gold_loss":0.0,"damage_taken":27.0},{"damage_healed":16.0,"max_hp_gain":0.0,"max_hp_loss":0.0,"gold_gain":0.0,"event_name":"The Library","player_choice":"Heal","floor":21.0,"gold_loss":0.0,"damage_taken":0.0}],"is_beta":false,"boss_relics":[{"not_picked":["Runic Dome","Black Star"],"picked":"Pandora\u0027s Box"}],"items_purged_floors":[],"is_endless":false,"potions_floor_spawned":[4,10,13,16,18,19,22],"killed_by":"Slavers","ascension_level":20}}