{"host":"p0aue7rxhhd16ni6","time":1612072005,"event":{"mods":["BaseMod","Downfall","Minty Spire (QoL Compilation)","StSLib","The Bug Knight"],"gold_per_floor":[115,131,131,158,169,169,199,199,199,199,227,247,262,262,262,262,262],"floor_reached":16,"language":"ZHS","playtime":462,"items_purged":[],"score":110,"play_id":"8d29d3b4-4a30-4b79-b1f3-8452e8dab13b","local_time":"20210131134645","is_ascension_mode":false,"campfire_choices":[{"data":"HollowMod:MantisMark","floor":6,"key":"SMITH"},{"data":"HollowMod:SiblingsSouls","floor":8,"key":"SMITH"},{"data":"HollowMod:GreatSlash","floor":10,"key":"SMITH"},{"data":"HollowMod:BaldurShell","floor":15,"key":"SMITH"}],"circlet_count":0,"master_deck":["HollowMod:NailStrikeStart","HollowMod:NailStrikeStart","HollowMod:NailStrikeStart","HollowMod:NailStrikeStart","HollowMod:QuickDashStart","HollowMod:QuickDashStart","HollowMod:QuickDashStart","HollowMod:FocusHealStart","HollowMod:PogoStrike+1","HollowMod:MantisMark+1","HollowMod:HuntersJournal+1","HollowMod:SiblingsSouls+1","HollowMod:GreatSlash+1","HollowMod:CycloneSlash+1","HollowMod:MantisMark","HollowMod:BaldurShell+1"],"relics":["HollowMod:VesselMask","NeowsBlessing","Tiny Chest","Sundial","Bottled Flame","Molten Egg 2"],"acts_visited":["Exordium"],"potions_floor_usage":[11,16],"damage_taken":[{"damage":0,"enemies":"Small Slimes","floor":1,"turns":1},{"damage":0,"enemies":"Jaw Worm","floor":2,"turns":1},{"damage":0,"enemies":"Cultist","floor":5,"turns":1},{"damage":30,"enemies":"3 Sentries","floor":7,"turns":8},{"damage":12,"enemies":"Lagavulin","floor":11,"turns":5},{"damage":0,"enemies":"Looter","floor":12,"turns":2},{"damage":0,"enemies":"3 Louse","floor":13,"turns":1},{"damage":33,"enemies":"HollowMod:FalseKnight","floor":16,"turns":6}],"seed_played":"3760705818862693244","potions_obtained":[{"floor":1,"key":"BlessingOfTheForge"},{"floor":5,"key":"Ancient Potion"},{"floor":12,"key":"Fire Potion"}],"is_trial":false,"path_per_floor":["M","M","?","T","M","R","E","R","T","R","E","M","M","?","R","B"],"character_chosen":"THE_BUGKNIGHT","items_purchased":[],"campfire_rested":0,"item_purchase_floors":[],"current_hp_per_floor":[75,75,68,68,68,68,50,50,50,50,38,38,38,23,23,0,0],"gold":262,"neow_bonus":"THREE_ENEMY_KILL","is_daily":false,"chose_seed":false,"campfire_upgraded":4,"win_rate":0.0,"timestamp":1612072005,"path_taken":["M","M","?","?","?","R","E","R","T","R","E","M","M","?","R","BOSS"],"items_purchased_type":[],"build_version":"2020-12-22","purchased_purges":0,"victory":false,"max_hp_per_floor":[75,75,75,75,75,75,75,75,75,75,75,75,75,75,75,75,75],"card_choices":[{"not_picked":["HollowMod:InfectedCysts","HollowMod:CrystalDash"],"picked":"HollowMod:MantisMark","floor":1},{"not_picked":["HollowMod:ShadowDash","HollowMod:PerfectDash"],"picked":"HollowMod:HuntersJournal","floor":2},{"not_picked":["HollowMod:DreamGate","HollowMod:QuirrelsAssistance"],"picked":"HollowMod:SiblingsSouls","floor":5},{"not_picked":["HollowMod:RecoilStrike","HollowMod:DashSlash"],"picked":"HollowMod:GreatSlash","floor":7},{"not_picked":["HollowMod:SoulStrike+1","HollowMod:MonarchWings"],"picked":"HollowMod:CycloneSlash+1","floor":11},{"not_picked":["HollowMod:FallenFury+1","HollowMod:MawleksShell"],"picked":"HollowMod:MantisMark","floor":12},{"not_picked":["HollowMod:MothsMistake","HollowMod:SoulStrike+1"],"picked":"HollowMod:BaldurShell","floor":13}],"player_experience":475119,"relics_obtained":[{"floor":4,"key":"Tiny Chest"},{"floor":7,"key":"Sundial"},{"floor":9,"key":"Bottled Flame"},{"floor":11,"key":"Molten Egg 2"}],"event_choices":[{"cards_removed":["HollowMod:QuickDashStart"],"damage_healed":0,"gold_gain":0,"player_choice":"Card Removal","damage_taken":7,"max_hp_gain":0,"max_hp_loss":0,"event_name":"Golden Wing","floor":3,"gold_loss":0},{"damage_healed":0,"gold_gain":0,"player_choice":"Entered Light","damage_taken":15,"max_hp_gain":0,"max_hp_loss":0,"event_name":"Shining Light","floor":14,"gold_loss":0,"cards_upgraded":["HollowMod:PogoStrike","HollowMod:HuntersJournal"]}],"is_beta":false,"boss_relics":[],"items_purged_floors":[],"is_endless":false,"potions_floor_spawned":[1,5,12],"killed_by":"HollowMod:FalseKnight","ascension_level":0}}