{"host":"jumrmhf584hajrnz","time":1612093812,"event":{"mods":["BaseMod","Duelist Mod","GifTheSpireLib","Minty Spire (QoL Compilation)","Quick Restart","StSLib"],"gold_per_floor":[145,145,204,230,244,244,262,262,262,262,283,303,337,337,337,414,414,414,414],"floor_reached":18,"language":"ENG","playtime":747,"items_purged":[],"score":416,"play_id":"f55da9e0-052b-4f43-a77f-def7e874fa98","local_time":"20210131125012","is_ascension_mode":true,"campfire_choices":[{"floor":6,"key":"RECALL"},{"floor":8,"key":"REST"},{"data":"theDuelist:RainbowKuribohBasic","floor":10,"key":"SMITH"},{"floor":15,"key":"REST"}],"circlet_count":0,"master_deck":["AscendersBane","theDuelist:CastleWalls","theDuelist:CastleWalls","theDuelist:DunamesDarkWitch","theDuelist:Eva","theDuelist:Hayate","theDuelist:RainbowFlower","theDuelist:RainbowKuribohBasic+1","theDuelist:RainbowNeos","theDuelist:Sparks","theDuelist:Sparks","theDuelist:EvilswarmHeliotrope","theDuelist:FabledAshenveil","theDuelist:RainbowNeos","theDuelist:RainbowRuins+1","theDuelist:RainbowKuriboh","theDuelist:Lajinn","theDuelist:RainbowDarkDragon"],"relics":["theDuelist:MillenniumPuzzle","theDuelist:CardPoolRelic","theDuelist:CardPoolBasicRelic","theDuelist:BoosterPackPoolRelic","theDuelist:CardPoolAddRelic","theDuelist:CardPoolMinusRelic","theDuelist:CardPoolSaveRelic","theDuelist:CardPoolOptionsRelic","NeowsBlessing","theDuelist:BoosterPackSpellEgg","Art of War","Odd Mushroom","WingedGreaves","theDuelist:SummonAnchorRare","SlaversCollar"],"acts_visited":["Exordium","TheCity"],"potions_floor_usage":[],"damage_taken":[{"damage":0,"enemies":"Cultist","floor":1,"turns":1},{"damage":0,"enemies":"Small Slimes","floor":5,"turns":1},{"damage":0,"enemies":"Jaw Worm","floor":7,"turns":1},{"damage":0,"enemies":"The Mushroom Lair","floor":11,"turns":4},{"damage":0,"enemies":"Large Slime","floor":12,"turns":4},{"damage":4,"enemies":"Gremlin Nob","floor":13,"turns":4},{"damage":0,"enemies":"Slime Boss","floor":16,"turns":5},{"damage":24,"enemies":"3 Byrds","floor":18,"turns":3}],"seed_played":"7977999250649450075","potions_obtained":[{"floor":5,"key":"theDuelist:VoidBottle"},{"floor":7,"key":"theDuelist:SummonFuryPotion"}],"is_trial":false,"path_per_floor":["M","?","?","T","M","R","M","R","T","R","?","M","E","?","R","B",null,"M"],"character_chosen":"THE_DUELIST","items_purchased":[],"campfire_rested":2,"item_purchase_floors":[],"current_hp_per_floor":[63,37,37,37,37,37,37,58,58,58,58,58,54,46,67,67,69,45,45],"gold":414,"neow_bonus":"THREE_ENEMY_KILL","is_daily":false,"chose_seed":false,"campfire_upgraded":1,"win_rate":0.0,"timestamp":1612093812,"path_taken":["M","?","?","?","M","R","M","R","T","R","?","M","E","?","R","BOSS","M"],"items_purchased_type":[],"build_version":"2020-12-22","purchased_purges":0,"victory":false,"max_hp_per_floor":[70,70,70,70,70,70,70,70,70,70,70,70,70,70,70,70,70,70,70],"card_choices":[{"not_picked":["theDuelist:GiantTrapHole","theDuelist:BattleFootballer","theDuelist:PotGreed","theDuelist:AttackTheMoon"],"picked":"theDuelist:EvilswarmHeliotrope","floor":1},{"not_picked":["theDuelist:PatricianDarkness","theDuelist:KingYami","theDuelist:BlizzardWarrior","theDuelist:YamataDragon"],"picked":"theDuelist:FabledAshenveil","floor":5},{"not_picked":["theDuelist:HappyLover","theDuelist:MaleficRainbowDragon","theDuelist:IrisEarthMother","theDuelist:RainbowDarkDragon"],"picked":"theDuelist:RainbowNeos","floor":7},{"not_picked":["theDuelist:CosmicHorrorGangiel","theDuelist:SuperancientDinobeast","theDuelist:ArchfiendSoldier","theDuelist:CallMummy+1"],"picked":"theDuelist:RainbowRuins+1","floor":11},{"not_picked":["theDuelist:SpiritHarp","theDuelist:NeoMagic","theDuelist:RainbowNeos","theDuelist:RainbowDragon"],"picked":"theDuelist:RainbowKuriboh","floor":12},{"not_picked":["theDuelist:FiendMegacyber","theDuelist:Zombyra","theDuelist:VampireFraulein","theDuelist:FrillerRabca"],"picked":"theDuelist:Lajinn","floor":13},{"not_picked":["theDuelist:RainbowFlower","theDuelist:RainbowNeos","theDuelist:RainbowDragon","theDuelist:RainbowMagician"],"picked":"theDuelist:RainbowDarkDragon","floor":16}],"player_experience":1647428,"relics_obtained":[{"floor":4,"key":"Art of War"},{"floor":11,"key":"Odd Mushroom"},{"floor":13,"key":"WingedGreaves"}],"event_choices":[{"damage_healed":0,"gold_gain":0,"player_choice":"Success","damage_taken":26,"relics_obtained":["theDuelist:BoosterPackSpellEgg"],"max_hp_gain":0,"max_hp_loss":0,"event_name":"Scrap Ooze","floor":2,"gold_loss":0},{"damage_healed":0,"gold_gain":59,"player_choice":"Gained Gold","damage_taken":0,"max_hp_gain":0,"max_hp_loss":0,"event_name":"Golden Wing","floor":3,"gold_loss":0},{"damage_healed":0,"gold_gain":0,"player_choice":"Fought Mushrooms","damage_taken":0,"max_hp_gain":0,"max_hp_loss":0,"event_name":"Mushrooms","floor":11,"gold_loss":0},{"damage_healed":0,"gold_gain":0,"player_choice":"Dig - random Duelist relic","duelist":true,"damage_taken":0,"max_hp_gain":0,"max_hp_loss":0,"event_name":"Aknamkanon\u0027s Tomb","floor":14,"gold_loss":0}],"is_beta":false,"boss_relics":[{"not_picked":["HoveringKite","Inserter"],"picked":"SlaversCollar"}],"items_purged_floors":[],"is_endless":false,"potions_floor_spawned":[5,7,12],"killed_by":"3 Byrds","ascension_level":20}}