{"host":"kiehjq3lc4w5t4uc","time":1612114524,"event":{"mods":["AchievementEnabler","BaseMod","BetterRewards","Colored Map","Colored Powertips","DeckTracker","Good Game Mod","Minty Spire (QoL Compilation)","Quick Restart","Rare Cards Sparkle","Relic Stats","Shop Mod","StSLib","SuperFastMode"],"gold_per_floor":[113,123,136,211,224,224,242,242,322,352,51,326,345,1,1,100,100,115,135,135,154,170,170,196,38,64,97,97,112,212,246,246,351,351,361,361,361,381,49,82,82,100,100,125,125,30,63,78,78,78],"floor_reached":51,"language":"KOR","playtime":4393,"items_purged":["Defend_G","Strike_G"],"score":1414,"play_id":"0cd36a71-fb58-4a9e-b0d8-2d8678ae6897","local_time":"20210201023524","is_ascension_mode":true,"campfire_choices":[{"floor":6,"key":"DIG"},{"floor":8,"key":"DIG"},{"data":"Enlightenment","floor":15,"key":"SMITH"},{"data":"Choke","floor":23,"key":"SMITH"},{"floor":28,"key":"DIG"},{"floor":32,"key":"DIG"},{"floor":41,"key":"DIG"},{"data":"Secret Technique","floor":49,"key":"SMITH"}],"circlet_count":0,"master_deck":["Strike_G","Strike_G","Strike_G","Defend_G","Defend_G","Defend_G","Defend_G","Survivor","Neutralize","Secret Technique+1","Footwork+1","Acrobatics","Enlightenment+1","Infinite Blades+1","Dash","Backflip","Riddle With Holes","Calculated Gamble","Accuracy+1","Well Laid Plans+1","Die Die Die","Eviscerate","Choke+1","After Image+1","Blade Dance","Prepared+1","Tactician+1","Envenom+1","A Thousand Cuts+1","Reflex","Secret Weapon","Panacea","Prepared","Choke+1","Backflip+1","Tactician+1","Purity","Blur","Prepared"],"relics":["Ring of the Snake","REME:ComplimentaryCards","Shovel","Frozen Egg 2","MerchantsRug","FossilizedHelix","Omamori","Bottled Tornado","Pantograph","Lee\u0027s Waffle","Bag of Preparation","Mummified Hand","Sozu","Gremlin Horn","Snake Skull","Happy Flower","Bronze Scales","Lizard Tail","Ornamental Fan","Eternal Feather","Philosopher\u0027s Stone","Art of War","HandDrill","Kunai","Blue Candle","Nunchaku","Dream Catcher","Pen Nib","Smiling Mask"],"acts_visited":["Exordium","TheCity","TheBeyond"],"potions_floor_usage":[10,16],"damage_taken":[{"damage":1,"enemies":"Jaw Worm","floor":1,"turns":7},{"damage":7,"enemies":"2 Louse","floor":2,"turns":3},{"damage":0,"enemies":"Cultist","floor":3,"turns":4},{"damage":9,"enemies":"Red Slaver","floor":5,"turns":5},{"damage":12,"enemies":"Large Slime","floor":7,"turns":5},{"damage":15,"enemies":"Lagavulin","floor":10,"turns":11},{"damage":14,"enemies":"3 Louse","floor":13,"turns":3},{"damage":14,"enemies":"Slime Boss","floor":16,"turns":10},{"damage":0,"enemies":"3 Byrds","floor":18,"turns":4},{"damage":0,"enemies":"Chosen","floor":19,"turns":4},{"damage":0,"enemies":"Snake Plant","floor":21,"turns":4},{"damage":0,"enemies":"Snecko","floor":22,"turns":3},{"damage":12,"enemies":"Book of Stabbing","floor":24,"turns":4},{"damage":0,"enemies":"Gremlin Leader","floor":27,"turns":4},{"damage":0,"enemies":"3 Cultists","floor":29,"turns":4},{"damage":0,"enemies":"Colosseum Slavers","floor":30,"turns":2},{"damage":0,"enemies":"Colosseum Nobs","floor":30,"turns":3},{"damage":0,"enemies":"Slavers","floor":31,"turns":3},{"damage":0,"enemies":"Automaton","floor":33,"turns":6},{"damage":0,"enemies":"Orb Walker","floor":35,"turns":3},{"damage":0,"enemies":"3 Darklings","floor":38,"turns":3},{"damage":0,"enemies":"Reptomancer","floor":40,"turns":3},{"damage":0,"enemies":"Transient","floor":42,"turns":5},{"damage":3,"enemies":"Nemesis","floor":44,"turns":5},{"damage":0,"enemies":"Giant Head","floor":47,"turns":5},{"damage":0,"enemies":"Spire Growth","floor":48,"turns":4},{"damage":11,"enemies":"Donu and Deca","floor":50,"turns":5}],"seed_played":"-435845165823077862","potions_obtained":[{"floor":1,"key":"Strength Potion"},{"floor":7,"key":"Strength Potion"},{"floor":10,"key":"Energy Potion"},{"floor":13,"key":"SneckoOil"}],"is_trial":false,"path_per_floor":["M","M","M","?","M","R","M","R","T","E","$","?","M","$","R","B",null,"M","M","?","M","M","R","E","$","T","E","R","M","?","E","R","B",null,"M","?","?","M","$","E","R","M","T","E","?","$","E","M","R","B",null],"character_chosen":"THE_SILENT","items_purchased":["Frozen Egg 2","Footwork+1","Acrobatics","MerchantsRug","Enlightenment","Lee\u0027s Waffle","Bag of Preparation","Mummified Hand","After Image+1","Blade Dance","HandDrill","Kunai","Purity"],"campfire_rested":0,"item_purchase_floors":[0,0,0,0,0,11,11,14,25,25,39,39,46],"current_hp_per_floor":[69,62,62,51,42,42,30,30,30,15,77,77,63,63,63,63,77,77,77,77,77,77,77,65,65,65,65,65,65,65,65,77,77,77,77,67,67,67,67,67,77,77,77,74,74,74,74,74,77,66],"gold":78,"neow_bonus":"","is_daily":false,"chose_seed":false,"campfire_upgraded":3,"win_rate":0.0,"timestamp":1612114524,"path_taken":["M","M","M","?","M","R","M","R","T","E","$","?","?","?","R","BOSS","M","M","?","M","M","R","E","$","T","E","R","M","?","E","R","BOSS","M","?","?","?","$","E","R","M","T","E","?","$","E","M","R","BOSS"],"items_purchased_type":["Relic","Card","Card","Relic","Card","Relic","Relic","Relic","Card","Card","Relic","Relic","Card"],"build_version":"2020-12-22","purchased_purges":2,"victory":true,"max_hp_per_floor":[70,70,70,70,70,70,70,70,70,70,77,77,77,77,77,77,77,77,77,77,77,77,77,77,77,77,77,77,77,77,77,77,77,77,77,77,77,77,77,77,77,77,77,77,77,77,77,77,77,77],"relic_stats":{"Lee\u0027s Waffle":62,"Gremlin Horn":[20,20],"Happy Flower":[17],"counters":[106,527],"Blue Candle":[0],"Eternal Feather":49,"Snake Skull":[145],"Pen Nib":[5],"Bag of Preparation":[42],"Smiling Mask":0,"Sozu":17,"Lizard Tail":0,"Nunchaku":[8],"Dream Catcher":0,"Shovel":11,"Mummified Hand":[182],"Ornamental Fan":[304],"Pantograph":14,"Bronze Scales":[140],"Art of War":[0],"HandDrill":[4],"Kunai":[26],"obtain_stats":[{"TwistedFunnel":39,"Calipers":27,"Gremlin Horn":24,"Nilry\u0027s Codex":20,"Whetstone":8,"Bottled Tornado":9,"Sling":20,"Boot":47,"Blood Vial":0,"Sozu":17,"Lizard Tail":0,"Sundial":43,"MealTicket":9,"Prayer Wheel":27,"Philosopher\u0027s Stone":17,"Fusion Hammer":34,"HandDrill":39,"Kunai":30,"Toxic Egg 2":0,"Girya":23,"MerchantsRug":0,"Happy Flower":27,"Blue Candle":40,"Oddly Smooth Stone":26,"Eternal Feather":14,"Tingsha":0,"Pen Nib":39,"Letter Opener":29,"War Paint":19,"Paper Crane":0,"Du-Vu Doll":14,"Shuriken":4,"Bronze Scales":6,"Molten Egg 2":0,"Meat on the Bone":26,"Darkstone Periapt":9,"Singing Bowl":31,"Mango":44,"Snake Skull":26,"Bag of Preparation":11,"Cursed Key":34,"Smiling Mask":47,"ClockworkSouvenir":0,"Nunchaku":25,"Dream Catcher":43,"Shovel":0,"Mummified Hand":40,"Pantograph":10,"InkBottle":29,"Ring of the Snake":0,"Lee\u0027s Waffle":0,"Golden Idol":2,"PreservedInsect":41,"Omamori":8,"Frozen Egg 2":0,"Odd Mushroom":10,"White Beast Statue":43,"Anchor":28,"REME:ComplimentaryCards":0,"Ornamental Fan":24,"Coffee Dripper":17,"Art of War":37,"Membership Card":13,"FossilizedHelix":6,"TungstenRod":0},{"TwistedFunnel":47,"Calipers":40,"Gremlin Horn":92,"Nilry\u0027s Codex":63,"Whetstone":6,"Bottled Tornado":84,"Sling":11,"Boot":77,"Blood Vial":27,"Sozu":61,"Lizard Tail":27,"Sundial":49,"MealTicket":6,"Prayer Wheel":13,"Philosopher\u0027s Stone":35,"Fusion Hammer":69,"HandDrill":100,"Kunai":15,"Toxic Egg 2":0,"Girya":12,"MerchantsRug":79,"Happy Flower":93,"Blue Candle":101,"Oddly Smooth Stone":40,"Eternal Feather":9,"Tingsha":52,"Pen Nib":21,"Letter Opener":68,"War Paint":11,"Paper Crane":27,"Du-Vu Doll":60,"Shuriken":29,"Bronze Scales":31,"Molten Egg 2":0,"Meat on the Bone":13,"Darkstone Periapt":56,"Singing Bowl":68,"Mango":24,"Snake Skull":92,"Bag of Preparation":85,"Cursed Key":17,"Smiling Mask":104,"ClockworkSouvenir":27,"Nunchaku":13,"Dream Catcher":102,"Shovel":79,"Mummified Hand":22,"Pantograph":33,"InkBottle":42,"Ring of the Snake":0,"Lee\u0027s Waffle":27,"Golden Idol":1,"PreservedInsect":73,"Omamori":84,"Frozen Egg 2":0,"Odd Mushroom":7,"White Beast Statue":74,"Anchor":14,"REME:ComplimentaryCards":0,"Ornamental Fan":65,"Coffee Dripper":10,"Art of War":99,"Membership Card":8,"FossilizedHelix":4,"TungstenRod":52},{"TwistedFunnel":240,"Calipers":199,"Gremlin Horn":472,"Nilry\u0027s Codex":327,"Whetstone":22,"Bottled Tornado":429,"Sling":46,"Boot":389,"Blood Vial":128,"Sozu":316,"Lizard Tail":128,"Sundial":251,"MealTicket":22,"Prayer Wheel":58,"Philosopher\u0027s Stone":170,"Fusion Hammer":357,"HandDrill":500,"Kunai":67,"Toxic Egg 2":0,"Girya":52,"MerchantsRug":405,"Happy Flower":476,"Blue Candle":503,"Oddly Smooth Stone":199,"Eternal Feather":31,"Tingsha":266,"Pen Nib":98,"Letter Opener":349,"War Paint":46,"Paper Crane":128,"Du-Vu Doll":303,"Shuriken":132,"Bronze Scales":142,"Molten Egg 2":0,"Meat on the Bone":58,"Darkstone Periapt":282,"Singing Bowl":349,"Mango":113,"Snake Skull":472,"Bag of Preparation":440,"Cursed Key":79,"Smiling Mask":518,"ClockworkSouvenir":128,"Nunchaku":58,"Dream Catcher":508,"Shovel":405,"Mummified Hand":103,"Pantograph":155,"InkBottle":211,"Ring of the Snake":0,"Lee\u0027s Waffle":128,"Golden Idol":3,"PreservedInsect":376,"Omamori":429,"Frozen Egg 2":0,"Odd Mushroom":25,"White Beast Statue":378,"Anchor":63,"REME:ComplimentaryCards":0,"Ornamental Fan":336,"Coffee Dripper":43,"Art of War":497,"Membership Card":27,"FossilizedHelix":15,"TungstenRod":266}],"Ring of the Snake":[212]},"card_choices":[{"not_picked":["Deadly Poison","Quick Slash"],"picked":"Infinite Blades+1","floor":1},{"not_picked":["Infinite Blades+1","Slice"],"picked":"Dash","floor":2},{"not_picked":["Slice","Deadly Poison"],"picked":"Backflip","floor":3},{"not_picked":["Skewer","PiercingWail"],"picked":"Riddle With Holes","floor":5},{"not_picked":["Glass Knife","Outmaneuver"],"picked":"Calculated Gamble","floor":7},{"not_picked":["Dagger Spray","Flechettes"],"picked":"Accuracy+1","floor":10},{"not_picked":["Dagger Spray","Sucker Punch"],"picked":"Well Laid Plans+1","floor":13},{"not_picked":["Unload","A Thousand Cuts+1"],"picked":"Die Die Die","floor":16},{"not_picked":["Prepared","Terror"],"picked":"Eviscerate","floor":18},{"not_picked":["Expertise","Endless Agony+1","Bane+1"],"picked":"SKIP","floor":19},{"not_picked":["Flechettes+1","Flying Knee+1","Cloak And Dagger"],"picked":"SKIP","floor":21},{"not_picked":["PiercingWail","Deadly Poison","Backflip"],"picked":"SKIP","floor":22},{"not_picked":["Cloak And Dagger","Distraction+1","Slice"],"picked":"SKIP","floor":24},{"not_picked":["Cloak And Dagger","Blade Dance"],"picked":"Prepared+1","floor":27},{"not_picked":["Heel Hook","Slice"],"picked":"Tactician+1","floor":29},{"not_picked":["Prepared","Slice+1"],"picked":"Envenom+1","floor":30},{"not_picked":["Quick Slash+1","Outmaneuver","Eviscerate"],"picked":"SKIP","floor":31},{"not_picked":["Doppelganger","Phantasmal Killer"],"picked":"A Thousand Cuts+1","floor":33},{"not_picked":["Finisher+1","Masterful Stab+1"],"picked":"Reflex","floor":35},{"not_picked":["Forethought","Discovery"],"picked":"Secret Weapon","floor":36},{"not_picked":["Deep Breath","Swift Strike"],"picked":"Panacea","floor":36},{"not_picked":["Outmaneuver","Quick Slash+1"],"picked":"Prepared","floor":38},{"not_picked":["Eviscerate","Deadly Poison+1"],"picked":"Choke+1","floor":40},{"not_picked":["Endless Agony","Footwork+1"],"picked":"Backflip+1","floor":42},{"not_picked":["Choke","Prepared"],"picked":"Tactician+1","floor":44},{"not_picked":["Corpse Explosion","Dagger Spray"],"picked":"Blur","floor":47},{"not_picked":["Outmaneuver","Backflip"],"picked":"Prepared","floor":48}],"player_experience":119774,"relics_obtained":[{"floor":6,"key":"FossilizedHelix"},{"floor":8,"key":"Omamori"},{"floor":9,"key":"Bottled Tornado"},{"floor":10,"key":"Pantograph"},{"floor":24,"key":"Gremlin Horn"},{"floor":26,"key":"Snake Skull"},{"floor":27,"key":"Happy Flower"},{"floor":28,"key":"Bronze Scales"},{"floor":30,"key":"Lizard Tail"},{"floor":30,"key":"Ornamental Fan"},{"floor":31,"key":"Eternal Feather"},{"floor":32,"key":"Darkstone Periapt"},{"floor":40,"key":"Blue Candle"},{"floor":41,"key":"Nunchaku"},{"floor":43,"key":"Dream Catcher"},{"floor":44,"key":"Pen Nib"},{"floor":47,"key":"Smiling Mask"}],"event_choices":[{"damage_healed":0,"gold_gain":75,"player_choice":"Gather Gold","damage_taken":11,"max_hp_gain":0,"max_hp_loss":0,"event_name":"World of Goop","floor":4,"gold_loss":0},{"damage_healed":0,"gold_gain":275,"player_choice":"Desecrate","damage_taken":0,"max_hp_gain":0,"max_hp_loss":0,"event_name":"Golden Shrine","floor":12,"gold_loss":0,"cards_obtained":["Regret"]},{"damage_healed":0,"gold_gain":0,"player_choice":"Read","damage_taken":0,"max_hp_gain":0,"max_hp_loss":0,"event_name":"The Library","floor":20,"gold_loss":0,"cards_obtained":["Choke"]},{"damage_healed":0,"gold_gain":0,"player_choice":"Fight","damage_taken":0,"max_hp_gain":0,"max_hp_loss":0,"event_name":"Colosseum","floor":30,"gold_loss":0},{"damage_healed":0,"gold_gain":0,"player_choice":"Fought Nobs","damage_taken":0,"max_hp_gain":0,"max_hp_loss":0,"event_name":"Colosseum","floor":30,"gold_loss":0},{"damage_healed":0,"gold_gain":0,"player_choice":"Memory 3","damage_taken":10,"max_hp_gain":0,"max_hp_loss":0,"event_name":"SensoryStone","floor":36,"gold_loss":0},{"damage_healed":0,"gold_gain":0,"player_choice":"Gave Potion","damage_taken":0,"relics_obtained":["Art of War"],"max_hp_gain":0,"max_hp_loss":0,"event_name":"WeMeetAgain","floor":37,"gold_loss":0},{"cards_removed":["Strike_G"],"damage_healed":0,"gold_gain":0,"player_choice":"Removed Attack","damage_taken":0,"max_hp_gain":0,"max_hp_loss":0,"event_name":"Falling","floor":45,"gold_loss":0}],"is_beta":false,"boss_relics":[{"not_picked":["Velvet Choker","SlaversCollar"],"picked":"Sozu"},{"not_picked":["Snecko Eye","Fusion Hammer"],"picked":"Philosopher\u0027s Stone"}],"items_purged_floors":[0,14],"is_endless":false,"potions_floor_spawned":[1,7,10,13,18,19,21,30,33,44,47],"ascension_level":4}}