{"host":"jumrmhf584hajrnz","time":1612086637,"event":{"mods":["BaseMod","Duelist Mod","GifTheSpireLib","Minty Spire (QoL Compilation)","Quick Restart","StSLib"],"gold_per_floor":[140,140,160,45,60,94,94,122,147,147,58,75,40,40,40,117,117,133,133,133],"floor_reached":19,"language":"ENG","playtime":1405,"items_purged":["theDuelist:CurseArmaments"],"score":350,"play_id":"9f7834b2-9b51-47e2-8aa4-48589eb045f5","local_time":"20210131105037","is_ascension_mode":true,"campfire_choices":[{"floor":10,"key":"REST"},{"floor":15,"key":"RECALL"}],"circlet_count":0,"master_deck":["AscendersBane","theDuelist:CastleWalls","theDuelist:CastleWalls","theDuelist:DarkMagician","theDuelist:MysticalElf","theDuelist:MysticalElf","theDuelist:NeoMagic","theDuelist:NeoMagic","theDuelist:DarkPaladin","theDuelist:Sparks+1","theDuelist:ExodiaNecross","theDuelist:Sparks+1","theDuelist:InjectionFairy","theDuelist:MagicSparks+1","theDuelist:IrisEarthMother","theDuelist:ContractExodia+1","theDuelist:BlizzardPrincess","theDuelist:ObeliskTormentor","theDuelist:ContractExodia+1","theDuelist:GravekeeperCurse","theDuelist:GoblinSecret+1","theDuelist:ScrapFactory","theDuelist:SwordsRevealing","theDuelist:RainbowKuriboh"],"relics":["theDuelist:MillenniumPuzzle","theDuelist:CardPoolRelic","theDuelist:CardPoolBasicRelic","theDuelist:BoosterPackPoolRelic","theDuelist:CardPoolAddRelic","theDuelist:CardPoolMinusRelic","theDuelist:CardPoolSaveRelic","theDuelist:CardPoolOptionsRelic","Dream Catcher","Centennial Puzzle","Akabeko","theDuelist:MillenniumPrayerbook","Mark of Pain"],"acts_visited":["Exordium","TheCity"],"potions_floor_usage":[6,18],"damage_taken":[{"damage":15,"enemies":"Small Slimes","floor":1,"turns":5},{"damage":3,"enemies":"2 Louse","floor":3,"turns":3},{"damage":0,"enemies":"Jaw Worm","floor":5,"turns":3},{"damage":22,"enemies":"Lagavulin","floor":6,"turns":8},{"damage":6,"enemies":"3 Sentries","floor":8,"turns":6},{"damage":12,"enemies":"2 Fungi Beasts","floor":12,"turns":3},{"damage":61,"enemies":"Slime Boss","floor":16,"turns":17},{"damage":21,"enemies":"3 Byrds","floor":18,"turns":6},{"damage":52,"enemies":"Shell Parasite","floor":19,"turns":10}],"seed_played":"3255025804530683172","potions_obtained":[{"floor":3,"key":"SteroidPotion"},{"floor":5,"key":"theDuelist:BigTributeBottle"},{"floor":16,"key":"theDuelist:BigTributeBottle"}],"is_trial":false,"path_per_floor":["M","?","M","$","M","E","?","E","T","R","$","M","?","?","R","B",null,"M","M"],"character_chosen":"THE_DUELIST","items_purchased":["theDuelist:ContractExodia","theDuelist:GoblinSecret"],"campfire_rested":1,"item_purchase_floors":[4,11],"current_hp_per_floor":[48,48,45,45,49,35,35,33,33,54,54,46,63,63,63,14,56,43,0,0],"gold":133,"neow_bonus":"THREE_RARE_CARDS","is_daily":false,"chose_seed":false,"campfire_upgraded":0,"win_rate":0.0,"timestamp":1612086637,"path_taken":["M","?","M","$","M","E","?","E","T","R","?","M","?","?","R","BOSS","M","M"],"items_purchased_type":["Card","Card"],"build_version":"2020-12-22","purchased_purges":1,"victory":false,"max_hp_per_floor":[70,70,70,70,70,70,70,70,70,70,70,70,70,70,70,70,70,70,70,70],"card_choices":[{"not_picked":["theDuelist:SwordsRevealing","theDuelist:VoidVanishment"],"picked":"theDuelist:DarkPaladin","floor":0},{"not_picked":["theDuelist:ContractExodia","theDuelist:ExodiaRA","theDuelist:ExodiaLL","theDuelist:ExodiaLA"],"picked":"theDuelist:ExodiaNecross","floor":1},{"not_picked":["theDuelist:SpellShatteringArrow","theDuelist:NeoMagic","theDuelist:InjectionFairy","theDuelist:DarkMagician","theDuelist:MagicalBlast"],"picked":"SKIP","floor":3},{"not_picked":["theDuelist:SpellShatteringArrow","theDuelist:NeoMagic","theDuelist:DarkMagician","theDuelist:MagicalBlast"],"picked":"theDuelist:InjectionFairy","floor":3},{"not_picked":["theDuelist:GuardianAngel","theDuelist:DarkHorizon","theDuelist:Graverobber","theDuelist:VoidVanishment"],"picked":"theDuelist:IrisEarthMother","floor":5},{"not_picked":["theDuelist:SpellShatteringArrow","theDuelist:BlizzardWarrior","theDuelist:NeoMagic","theDuelist:DarkMagician"],"picked":"theDuelist:BlizzardPrincess","floor":6},{"not_picked":["theDuelist:BigFire","theDuelist:GiantSoldierSteel","theDuelist:YellowBelliedOni","theDuelist:TheCreator"],"picked":"theDuelist:ObeliskTormentor","floor":8},{"not_picked":["theDuelist:ApprenticeIllusionMagician","theDuelist:MythicalBeast"],"picked":"theDuelist:ContractExodia","floor":10},{"not_picked":["theDuelist:WingedKuriboh","theDuelist:WormBarses","theDuelist:DarklordSuperbia","theDuelist:PowerGiant"],"picked":"theDuelist:ScrapFactory","floor":12},{"not_picked":["theDuelist:ExodiaNecross","theDuelist:Wildfire","theDuelist:QueenDragunDjinn","theDuelist:SangaWater"],"picked":"theDuelist:SwordsRevealing","floor":16},{"not_picked":["theDuelist:RainbowDarkDragon","theDuelist:IrisEarthMother","theDuelist:RainbowMagician","theDuelist:RainbowOverdragon"],"picked":"theDuelist:RainbowKuriboh","floor":18}],"player_experience":1641488,"relics_obtained":[{"floor":6,"key":"Dream Catcher"},{"floor":8,"key":"Centennial Puzzle"},{"floor":9,"key":"Akabeko"}],"event_choices":[{"damage_healed":0,"gold_gain":0,"player_choice":"Leave","duelist":true,"damage_taken":0,"max_hp_gain":0,"max_hp_loss":0,"event_name":"Relic Duplicator","floor":2,"gold_loss":0},{"damage_healed":0,"gold_gain":0,"player_choice":"Leave","duelist":true,"damage_taken":0,"max_hp_gain":0,"max_hp_loss":0,"event_name":"Egyptian Village","floor":7,"gold_loss":0},{"damage_healed":17,"gold_gain":0,"player_choice":"Healed","damage_taken":0,"max_hp_gain":0,"max_hp_loss":0,"event_name":"The Cleric","floor":13,"gold_loss":35},{"damage_healed":0,"gold_gain":0,"player_choice":"Took item - Received: Millennium Prayerbook","duelist":true,"damage_taken":0,"max_hp_gain":0,"max_hp_loss":0,"event_name":"Millennium Items","floor":14,"gold_loss":0}],"is_beta":false,"boss_relics":[{"not_picked":["HoveringKite","Runic Pyramid"],"picked":"Mark of Pain"}],"items_purged_floors":[4],"is_endless":false,"potions_floor_spawned":[3,5,16],"killed_by":"Shell Parasite","ascension_level":20}}