{"host":"f1ywytio1xmbwkwz","time":1612076835,"event":{"mods":["BaseMod","Downfall","Minty Spire (QoL Compilation)","Relic Stats","StSLib"],"gold_per_floor":[99,113,131,131,131,131,131,158,158,174,174,207,207,220,234,330,330,230,243,278,27,27,27,27,27,127,127,11,27,42,42,56,153,153,153,173,192,204,204,232,267,279,16,26,43,43,43,43,54,54],"floor_reached":51,"language":"ENG","playtime":2939,"items_purged":["downfall:Malfunctioning","Writhe"],"score":712,"play_id":"f48b16fa-60ee-4970-9594-26af47f6a70f","local_time":"20210131000715","is_ascension_mode":false,"campfire_choices":[{"data":"Slimebound:CorrosiveSpit","floor":1,"key":"SMITH"},{"data":"Slimebound:Split","floor":6,"key":"SMITH"},{"floor":13,"key":"REST"},{"data":"Slimebound:MassRepurpose","floor":18,"key":"SMITH"},{"floor":25,"key":"DIG"},{"floor":35,"key":"DIG"},{"floor":42,"key":"DIG"},{"data":"Slimebound:Darklings","floor":47,"key":"SMITH"}],"circlet_count":0,"master_deck":["Slimebound:Tackle","Slimebound:Defend_Slimebound","Slimebound:Defend_Slimebound","Slimebound:Defend_Slimebound","Slimebound:Defend_Slimebound","Slimebound:Split+1","Slimebound:CorrosiveSpit+1","Slimebound:SplitBruiser+1","Slimebound:AcidTongue","Slimebound:SlimeTap","Slimebound:GoopSpray","Slimebound:Schlurp","Slimebound:RollThrough","Slimebound:GoopSpray","Slimebound:LeechingTouch","Slimebound:SplitMire","Slimebound:Prepare+1","Slimebound:Gluttony","Slimebound:LevelUp","Slimebound:Tackle+1","Slimebound:Tackle+1","Slimebound:Tackle+1","Injury","Slimebound:ItLooksTasty+1","Slimebound:RejuvenatingLick","Slimebound:FinishingTackle","Slimebound:SamplingLick+1","Slimebound:SplitBruiser","Slimebound:ProtectTheBoss","Slimebound:SelfFormingGoo+1","Slimebound:LivingWall+1","Slimebound:MegaLick+1","Pain","Slimebound:Nibble+1","Slimebound:LeechingTouch","Slimebound:SplitLeeching","Slimebound:Darklings+1","Slimebound:Schlurp+1"],"relics":["Slimebound:AbsorbEndCombat","Unceasing Top","Strawberry","Bag of Marbles","Matryoshka","Cursed Key","downfall:HeartBlessingGreen","Sling","Slimebound:AggressiveSlimeRelic","Bottled Tornado","Shovel","HornCleat","Du-Vu Doll","The Courier","Sozu","White Beast Statue","Red Mask","downfall:RedIOUUpgrade","MawBank","Juzu Bracelet","Ginger","Oddly Smooth Stone","Mummified Hand","Meat on the Bone"],"acts_visited":["Exordium","TheCity","TheBeyond"],"potions_floor_usage":[10,16,16,16,20,21,21,28,30,33,33,40],"damage_taken":[{"damage":5,"enemies":"Small Slimes","floor":2,"turns":3},{"damage":3,"enemies":"2 Louse","floor":3,"turns":2},{"damage":0,"enemies":"Cultist","floor":5,"turns":1},{"damage":27,"enemies":"Lagavulin","floor":8,"turns":7},{"damage":22,"enemies":"3 Louse","floor":10,"turns":3},{"damage":17,"enemies":"3 Sentries","floor":12,"turns":5},{"damage":8,"enemies":"Blue Slaver","floor":14,"turns":3},{"damage":0,"enemies":"Large Slime","floor":15,"turns":5},{"damage":21,"enemies":"SI_SHIV_ARCHETYPE","floor":16,"turns":7},{"damage":0,"enemies":"Chosen","floor":19,"turns":4},{"damage":22,"enemies":"Centurion and Healer","floor":20,"turns":4},{"damage":0,"enemies":"downfall:FleeingMerchant","floor":21,"turns":4},{"damage":41,"enemies":"DF_ARCHETYPE_STREAMLINE","floor":26,"turns":6},{"damage":0,"enemies":"downfall:FleeingMerchant","floor":28,"turns":4},{"damage":16,"enemies":"Cultist and Chosen","floor":29,"turns":3},{"damage":7,"enemies":"Shelled Parasite and Fungi","floor":30,"turns":3},{"damage":0,"enemies":"Snake Plant","floor":32,"turns":3},{"damage":27,"enemies":"IC_MUSHROOM_ARCHETYPE","floor":33,"turns":7},{"damage":13,"enemies":"3 Shapes","floor":36,"turns":3},{"damage":3,"enemies":"Orb Walker","floor":37,"turns":4},{"damage":11,"enemies":"Jaw Worm Horde","floor":38,"turns":5},{"damage":6,"enemies":"Nemesis","floor":40,"turns":5},{"damage":8,"enemies":"downfall:FleeingMerchant","floor":43,"turns":3},{"damage":14,"enemies":"Maw","floor":44,"turns":5},{"damage":10,"enemies":"4 Shapes","floor":45,"turns":4},{"damage":0,"enemies":"Jaw Worm Horde","floor":49,"turns":3},{"damage":13,"enemies":"DF_ARCHETYPE_ORBS","floor":50,"turns":6}],"seed_played":"8069360943413284004","potions_obtained":[{"floor":2,"key":"SteroidPotion"},{"floor":8,"key":"Ancient Potion"},{"floor":14,"key":"EntropicBrew"},{"floor":16,"key":"ColorlessPotion"},{"floor":26,"key":"AttackPotion"},{"floor":27,"key":"LiquidBronze"},{"floor":27,"key":"FearPotion"},{"floor":29,"key":"FairyPotion"},{"floor":30,"key":"LiquidBronze"},{"floor":33,"key":"LiquidMemories"}],"is_trial":false,"path_per_floor":["R","M","M","?","M","R","T","E","?","M","?","E","R","M","M","B",null,"R","M","M","$","T","?","T","R","?","?","$","M","M","?","M","B",null,"R","M","M","M","?","E","T","R","$","M","M","?","R","?","M","B",null],"character_chosen":"SLIMEBOUND","items_purchased":["Slimebound:LevelUp","Sling","Slimebound:FinishingTackle","Oddly Smooth Stone","Mummified Hand","Meat on the Bone"],"campfire_rested":1,"item_purchase_floors":[21,21,28,43,43,43],"current_hp_per_floor":[71,68,65,65,65,65,65,53,53,31,31,22,45,41,43,30,78,78,78,58,64,64,64,64,64,31,31,35,23,22,22,24,5,78,78,71,74,69,69,69,69,69,69,63,61,61,61,61,69,64],"gold":54,"neow_bonus":"TEN_PERCENT_HP_BONUS","is_daily":false,"chose_seed":false,"campfire_upgraded":4,"win_rate":0.0,"timestamp":1612076835,"path_taken":["R","M","M","?","M","R","T","E","?","M","?","E","R","M","M","BOSS","R","M","M","$","?","?","T","R","?","?","$","M","?","?","M","BOSS","R","M","M","M","?","E","T","R","$","M","M","?","R","?","M","BOSS"],"items_purchased_type":["Card","Relic","Card","Relic","Relic","Relic"],"build_version":"2020-12-22","purchased_purges":2,"victory":true,"max_hp_per_floor":[71,71,71,71,71,71,71,78,78,78,78,78,78,78,78,78,78,78,78,78,78,78,78,78,78,78,78,78,78,78,78,78,78,78,78,78,78,78,78,78,78,78,78,78,78,78,78,78,78,78],"relic_stats":{"Sozu":8,"Shovel":3,"counters":[27,104],"Mummified Hand":[13],"Juzu Bracelet":0,"Ginger":[6],"Cursed Key":3,"MawBank":36,"obtain_stats":[{"downfall:RedIOUUpgrade":39,"downfall:HeartBlessingGreen":18,"Juzu Bracelet":41,"Ginger":42,"Bottled Tornado":22,"Cursed Key":17,"Sling":21,"Sozu":34,"downfall:BrokenWingStatue":4,"Matryoshka":12,"Shovel":24,"HornCleat":25,"Mummified Hand":43,"Strawberry":8,"downfall:RedIOU":31,"Red Mask":39,"Slimebound:AggressiveSlimeRelic":22,"Oddly Smooth Stone":43,"The Courier":26,"MawBank":40,"White Beast Statue":35,"Du-Vu Doll":26,"Bronze Scales":24,"Slimebound:AbsorbEndCombat":0,"Bag of Marbles":11,"Unceasing Top":7,"Meat on the Bone":43},{"downfall:RedIOUUpgrade":21,"downfall:HeartBlessingGreen":9,"Juzu Bracelet":22,"Ginger":22,"Bottled Tornado":12,"Cursed Key":9,"Sling":12,"Sozu":18,"downfall:BrokenWingStatue":2,"Matryoshka":6,"Shovel":12,"HornCleat":12,"Mummified Hand":23,"Strawberry":4,"downfall:RedIOU":16,"Red Mask":21,"Slimebound:AggressiveSlimeRelic":12,"Oddly Smooth Stone":23,"The Courier":13,"MawBank":22,"White Beast Statue":18,"Du-Vu Doll":13,"Bronze Scales":12,"Slimebound:AbsorbEndCombat":0,"Bag of Marbles":5,"Unceasing Top":3,"Meat on the Bone":23},{"downfall:RedIOUUpgrade":80,"downfall:HeartBlessingGreen":33,"Juzu Bracelet":85,"Ginger":85,"Bottled Tornado":44,"Cursed Key":33,"Sling":44,"Sozu":69,"downfall:BrokenWingStatue":5,"Matryoshka":20,"Shovel":44,"HornCleat":44,"Mummified Hand":88,"Strawberry":12,"downfall:RedIOU":60,"Red Mask":80,"Slimebound:AggressiveSlimeRelic":44,"Oddly Smooth Stone":88,"The Courier":50,"MawBank":85,"White Beast Statue":69,"Du-Vu Doll":50,"Bronze Scales":44,"Slimebound:AbsorbEndCombat":0,"Bag of Marbles":15,"Unceasing Top":6,"Meat on the Bone":88}],"Unceasing Top":[21],"Meat on the Bone":0},"card_choices":[{"not_picked":["Slimebound:MegaLick","Slimebound:PressTheAttack"],"picked":"Slimebound:SplitBruiser","floor":2},{"not_picked":["Slimebound:ItLooksTasty","Slimebound:SplitMire"],"picked":"Slimebound:AcidTongue","floor":3},{"not_picked":["Slimebound:LeechingTouch","Slimebound:SlimeSpikes"],"picked":"Slimebound:SlimeTap","floor":5},{"not_picked":["Slimebound:SlimeTap","Slimebound:Replication"],"picked":"Slimebound:GoopSpray","floor":8},{"not_picked":["Slimebound:SlimeSlap","Slimebound:Replication"],"picked":"Slimebound:Schlurp","floor":10},{"not_picked":["Slimebound:LeechEnergy","Slimebound:Grow"],"picked":"Slimebound:RollThrough","floor":12},{"not_picked":["Slimebound:PressTheAttack","Slimebound:ItLooksTasty"],"picked":"Slimebound:GoopSpray","floor":14},{"not_picked":["Slimebound:DouseInSlime","Slimebound:GoopTackle"],"picked":"Slimebound:LeechingTouch","floor":15},{"not_picked":["Slimebound:Teamwork","Slimebound:RallyTheTroops"],"picked":"Slimebound:MassRepurpose","floor":16},{"not_picked":["Slimebound:ItLooksTasty","Slimebound:Dissolve"],"picked":"Slimebound:SplitMire","floor":19},{"not_picked":["Slimebound:GoopSpray","Slimebound:HauntingLick"],"picked":"Slimebound:Prepare+1","floor":20},{"not_picked":["Slimebound:MegaLick","Slimebound:LeadByExample"],"picked":"Slimebound:Gluttony","floor":21},{"not_picked":["Slimebound:Grow","Slimebound:GoopSpray"],"picked":"Slimebound:ItLooksTasty+1","floor":26},{"not_picked":["Slimebound:MinionMaster","Slimebound:ItLooksTasty+1"],"picked":"Slimebound:RejuvenatingLick","floor":28},{"not_picked":["Slimebound:SplitLeeching","Slimebound:SplitMire+1"],"picked":"Slimebound:SamplingLick+1","floor":29},{"not_picked":["Slimebound:SlimeTap","Slimebound:FlameTackle"],"picked":"Slimebound:SplitBruiser","floor":30},{"not_picked":["Slimebound:FlameTackle","Slimebound:HauntingLick"],"picked":"Slimebound:ProtectTheBoss","floor":32},{"not_picked":["Slimebound:SlimeSlap","Slimebound:Overexert"],"picked":"Slimebound:SelfFormingGoo","floor":33},{"not_picked":["Slimebound:Gluttony","Slimebound:LeadByExample"],"picked":"Slimebound:LivingWall+1","floor":36},{"not_picked":["Slimebound:ItLooksTasty+1","Slimebound:PressTheAttack"],"picked":"Slimebound:MegaLick+1","floor":37},{"not_picked":["Slimebound:Grow+1","Slimebound:SamplingLick+1"],"picked":"Slimebound:Nibble+1","floor":38},{"not_picked":["Slimebound:SamplingLick","Slimebound:LeechEnergy","Slimebound:ComboTackle"],"picked":"SKIP","floor":40},{"not_picked":["Slimebound:GoopTackle+1","Slimebound:DisruptingSlam"],"picked":"Slimebound:Nibble+1","floor":43},{"not_picked":["Slimebound:RollThrough+1","Slimebound:Nibble+1"],"picked":"Slimebound:LeechingTouch","floor":44},{"not_picked":["Slimebound:MinionMaster","Slimebound:LivingWall"],"picked":"Slimebound:SplitLeeching","floor":45},{"not_picked":["Slimebound:FlameTackle+1","Slimebound:GoopTackle"],"picked":"Slimebound:Schlurp+1","floor":49}],"player_experience":298505,"relics_obtained":[{"floor":7,"key":"Unceasing Top"},{"floor":8,"key":"Strawberry"},{"floor":11,"key":"Bag of Marbles"},{"floor":12,"key":"Matryoshka"},{"floor":22,"key":"Slimebound:AggressiveSlimeRelic"},{"floor":22,"key":"Bottled Tornado"},{"floor":24,"key":"Bronze Scales"},{"floor":24,"key":"Shovel"},{"floor":25,"key":"HornCleat"},{"floor":26,"key":"Du-Vu Doll"},{"floor":26,"key":"The Courier"},{"floor":35,"key":"White Beast Statue"},{"floor":40,"key":"MawBank"},{"floor":41,"key":"Juzu Bracelet"},{"floor":42,"key":"Ginger"}],"event_choices":[{"damage_healed":0,"gold_gain":0,"player_choice":"Relic","damage_taken":0,"max_hp_gain":0,"max_hp_loss":0,"event_name":"Wheel of Change","floor":11,"gold_loss":0},{"damage_healed":0,"gold_gain":0,"player_choice":"Got Potions","damage_taken":0,"max_hp_gain":0,"max_hp_loss":0,"event_name":"Lab","floor":27,"gold_loss":0}],"is_beta":false,"boss_relics":[{"not_picked":["Runic Dome","Pandora\u0027s Box"],"picked":"Cursed Key"},{"not_picked":["Philosopher\u0027s Stone","SlaversCollar"],"picked":"Sozu"}],"items_purged_floors":[28,43],"is_endless":false,"potions_floor_spawned":[2,8,14,16,26,29,30,32,33,36,37,38,40,43,44,45,49],"ascension_level":0}}