{"host":"8is2j71l4wmybkoi","time":1612072566,"event":{"mods":["AchievementEnabler","BaseMod","Colored Map","Minty Spire (QoL Compilation)","Rare Cards Sparkle","StSLib","SuperFastMode"],"gold_per_floor":[115,115,40,59,59,59,90,90,90,102,88,9,9,38,38,111,111,125,325,336,355,372,372,372,372],"floor_reached":24,"language":"KOR","playtime":671,"items_purged":[],"score":429,"play_id":"d4f7c128-6293-4b84-81bb-caf9acd3493d","local_time":"20210131145606","is_ascension_mode":true,"campfire_choices":[{"data":"Zap","floor":6.0,"key":"SMITH"},{"data":"Dualcast","floor":8.0,"key":"SMITH"},{"data":"Fusion","floor":13.0,"key":"SMITH"},{"data":"Sweeping Beam","floor":15,"key":"SMITH"},{"floor":23,"key":"REST"}],"circlet_count":0,"master_deck":["AscendersBane","Strike_B","Strike_B","Strike_B","Defend_B","Defend_B","Defend_B","Defend_B","Zap+1","Dualcast+1","Self Repair","Cold Snap","Undo","Fusion+1","Sweeping Beam+1","FTL","Ball Lightning","Rainbow","Rebound+1","Double Energy","Turbo","Gash"],"relics":["Cracked Core","NeowsBlessing","Kunai","Ginger","Mango","SlaversCollar"],"acts_visited":["Exordium","TheCity"],"potions_floor_usage":[16,22,24],"damage_taken":[{"damage":0.0,"enemies":"Small Slimes","floor":1.0,"turns":1.0},{"damage":0.0,"enemies":"2 Louse","floor":4.0,"turns":1.0},{"damage":0.0,"enemies":"Lagavulin","floor":7.0,"turns":1.0},{"damage":9.0,"enemies":"Jaw Worm","floor":10.0,"turns":4.0},{"damage":14.0,"enemies":"Exordium Thugs","floor":11.0,"turns":4.0},{"damage":10,"enemies":"3 Sentries","floor":14,"turns":8},{"damage":12,"enemies":"The Guardian","floor":16,"turns":9},{"damage":12,"enemies":"Spheric Guardian","floor":18,"turns":4},{"damage":24,"enemies":"2 Thieves","floor":20,"turns":5},{"damage":18,"enemies":"Centurion and Healer","floor":21,"turns":6},{"damage":31,"enemies":"Chosen and Byrds","floor":22,"turns":7},{"damage":59,"enemies":"Gremlin Leader","floor":24,"turns":7}],"seed_played":"3603184564380753459","potions_obtained":[{"floor":4.0,"key":"FocusPotion"},{"floor":5.0,"key":"CultistPotion"},{"floor":18,"key":"Strength Potion"},{"floor":20,"key":"Energy Potion"}],"is_trial":false,"path_per_floor":["M","?","?","M","?","R","E","R","T","M","M","$","R","E","R","B",null,"M","?","M","M","M","R","E"],"character_chosen":"DEFECT","items_purchased":["FTL"],"campfire_rested":1,"item_purchase_floors":[12],"current_hp_per_floor":[64,69,69,69,69,69,69,69,69,67,53,53,53,64,64,59,82,77,77,60,49,25,52,0,0],"gold":372,"neow_bonus":"THREE_ENEMY_KILL","is_daily":false,"chose_seed":false,"campfire_upgraded":4,"win_rate":0.0,"timestamp":1612072566,"path_taken":["M","?","?","M","?","R","E","R","T","M","?","$","R","E","R","BOSS","M","?","?","M","M","R","E"],"items_purchased_type":["Card"],"build_version":"2020-12-22","purchased_purges":0,"victory":false,"max_hp_per_floor":[71,76,76,76,76,76,76,76,76,76,76,76,76,90,90,90,90,90,90,90,90,90,90,90,90],"card_choices":[{"not_picked":["Cold Snap","Rebound"],"picked":"Self Repair","floor":1.0},{"not_picked":["Redo","Self Repair"],"picked":"Cold Snap","floor":4.0},{"not_picked":["Rebound","All For One"],"picked":"Undo","floor":7.0},{"not_picked":["Compile Driver","Scrape"],"picked":"Fusion","floor":10.0},{"not_picked":["Rebound","Go for the Eyes"],"picked":"Sweeping Beam","floor":11.0},{"not_picked":["Auto Shields","Rebound"],"picked":"Ball Lightning","floor":14},{"not_picked":["Buffer","Machine Learning"],"picked":"Rainbow","floor":16},{"not_picked":["Redo","Consume"],"picked":"Rebound+1","floor":18},{"not_picked":["Stack","Sweeping Beam"],"picked":"Double Energy","floor":20},{"not_picked":["Streamline","Leap"],"picked":"Turbo","floor":21},{"not_picked":["Coolheaded","Hologram"],"picked":"Gash","floor":22}],"player_experience":868006,"relics_obtained":[{"floor":7.0,"key":"Kunai"},{"floor":9.0,"key":"Ginger"},{"floor":14,"key":"Mango"}],"event_choices":[{"damage_healed":0.0,"max_hp_gain":5.0,"max_hp_loss":0.0,"gold_gain":0.0,"event_name":"Big Fish","player_choice":"Donut","floor":2.0,"gold_loss":0.0,"damage_taken":0.0},{"cards_removed":["Strike_B"],"damage_healed":0.0,"max_hp_gain":0.0,"max_hp_loss":0.0,"gold_gain":0.0,"event_name":"The Cleric","player_choice":"Card Removal","floor":3.0,"gold_loss":75.0,"damage_taken":0.0},{"damage_healed":0.0,"max_hp_gain":0.0,"max_hp_loss":0.0,"gold_gain":0.0,"event_name":"Lab","player_choice":"Got Potions","floor":5.0,"gold_loss":0.0,"damage_taken":0.0},{"damage_healed":0,"gold_gain":200,"player_choice":"Gold","damage_taken":0,"max_hp_gain":0,"max_hp_loss":0,"event_name":"Wheel of Change","floor":19,"gold_loss":0}],"is_beta":false,"boss_relics":[{"not_picked":["SacredBark","Velvet Choker"],"picked":"SlaversCollar"}],"items_purged_floors":[],"is_endless":false,"potions_floor_spawned":[4,10,18,20],"killed_by":"Gremlin Leader","ascension_level":15}}