{"host":"1pkwkj8mkn7raipg","time":1612082704,"event":{"mods":["BaseMod","LagranYue(¿≠∏Ò¿ °§‘¬)","Minty Spire (QoL Compilation)","Replay The Spire","StSLib","TestMod"],"gold_per_floor":[116,41,41,55,55,87,103,103,103,103,138,157,157,169,169,270,270,289,289,303,8,8,41,41,41,68,87,120,140,15,29,29,125,125,142,242,256,270,125,153,153,153,153,200,200,225,75,3,17,17,17,17],"floor_reached":53,"language":"ZHS","playtime":1877,"items_purged":["Strike_B","Strike_B","Defend_B","Defend_B"],"score":1269,"play_id":"448cb15e-0bfc-47f0-bfe0-8d4ba2fd21b0","local_time":"20210131164504","is_ascension_mode":true,"campfire_choices":[{"data":"Hologram","floor":8.0,"key":"SMITH"},{"data":"Redo","floor":10.0,"key":"SMITH"},{"data":"Dualcast","floor":13.0,"key":"SMITH"},{"data":"testmod-Recap","floor":24,"key":"SMITH"},{"data":"Self Repair","floor":32,"key":"SMITH"},{"floor":41,"key":"RECALL"},{"data":"Storm","floor":51,"key":"SMITH"}],"circlet_count":0,"master_deck":["Defend_B","Defend_B","Dualcast+1","Darkness+1","Redo+1","Hologram+1","Self Repair+1","Consume+1","Redo+1","Leap+1","Stack+1","Mirror Shield+1","All For One","Seek+1","Redo+1","testmod-Recap+1","Tempest+1","Amplify+1","Conserve Battery+1","Seek+1","BasicCrystalCard+1","Static Discharge+1","Coolheaded+1","Coolheaded+1","Go for the Eyes","Time Bomb+1","Storm+1","Gash"],"relics":["Cracked Core","testmod-TestBox","LagranYue:RandomDrawCardRelic","testmod-FatalChain","NeowsBlessing","Mummified Hand","Question Card","Toxic Egg 2","Letter Opener","Busted Crown","Cables","testmod-Nyarlathotep","Centennial Puzzle","DataDisk","Honey Jar","Raider\u0027s Mask","Replay:Mystery Machine","testmod-Alchemist","Replay:Bottled Snecko","Replay:WaspNest"],"acts_visited":["Exordium","TheCity","TheBeyond"],"potions_floor_usage":[46,52,52,52,52,52,52,52,52,52],"damage_taken":[{"damage":0.0,"enemies":"Small Slimes","floor":1.0,"turns":1.0},{"damage":0.0,"enemies":"Jaw Worm","floor":4.0,"turns":1.0},{"damage":0.0,"enemies":"3 Sentries","floor":6.0,"turns":1.0},{"damage":0.0,"enemies":"Cultist","floor":7.0,"turns":3.0},{"damage":16.0,"enemies":"Gremlin Nob","floor":11.0,"turns":3.0},{"damage":8.0,"enemies":"Blue Slaver","floor":12.0,"turns":3.0},{"damage":1.0,"enemies":"Looter","floor":14.0,"turns":2.0},{"damage":14,"enemies":"Hexaghost","floor":16,"turns":5},{"damage":10,"enemies":"Shell Parasite","floor":18,"turns":5},{"damage":17,"enemies":"2 Thieves","floor":20,"turns":2},{"damage":15,"enemies":"Book of Stabbing","floor":23,"turns":5},{"damage":0,"enemies":"Chosen and Byrds","floor":27,"turns":3},{"damage":0,"enemies":"Gremlin Leader","floor":28,"turns":3},{"damage":14,"enemies":"Centurion and Healer","floor":29,"turns":2},{"damage":0,"enemies":"Shelled Parasite and Fungi","floor":31,"turns":2},{"damage":0,"enemies":"Automaton","floor":33,"turns":8},{"damage":0,"enemies":"3 Darklings","floor":35,"turns":2},{"damage":0,"enemies":"3 Shapes","floor":37,"turns":1},{"damage":0,"enemies":"Sphere and 2 Shapes","floor":38,"turns":3},{"damage":0,"enemies":"Nemesis","floor":40,"turns":3},{"damage":0,"enemies":"2 Orb Walkers","floor":44,"turns":2},{"damage":0,"enemies":"R_Hoarder","floor":46,"turns":4},{"damage":0,"enemies":"Spire Growth","floor":49,"turns":3},{"damage":0,"enemies":"Awakened One","floor":52,"turns":4}],"seed_played":"2250868703596359748","potions_obtained":[{"floor":4.0,"key":"Ancient Potion"},{"floor":7.0,"key":"Venom Potion"},{"floor":11.0,"key":"Fruit Juice"},{"floor":14.0,"key":"EntropicBrew"},{"floor":31,"key":"AttackPotion"},{"floor":37,"key":"PotionOfCapacity"},{"floor":44,"key":"Ancient Potion"}],"is_trial":false,"path_per_floor":["M","$","?","M","?","E","M","R","T","R","E","M","R","M","R","B",null,"M","?","M","$","?","E","R","T","T","M","E","M","$","M","R","B",null,"M","?","M","M","$","E","R","PTL","PTL","?","T","E","$","$","M","?","R","B",null],"character_chosen":"DEFECT","items_purchased":["testmod-Recap","Raider\u0027s Mask","Storm"],"campfire_rested":0,"item_purchase_floors":[21,39,48],"current_hp_per_floor":[68,68,50,50,50,50,50,50,50,50,39,31,31,30,30,23,66,63,63,46,46,31,23,23,23,23,30,30,23,23,44,44,54,77,85,85,85,85,85,85,85,85,85,85,85,85,85,85,85,81,81,81],"gold":17,"neow_bonus":"THREE_ENEMY_KILL","is_daily":false,"chose_seed":false,"campfire_upgraded":6,"win_rate":0.0,"timestamp":1612082704,"path_taken":["M","$","?","M","?","E","?","R","T","R","E","M","R","M","R","BOSS","M","?","M","$","?","E","R","?","T","M","E","?","$","M","R","BOSS","M","?","M","M","?","E","R","PTL","PTL","?","T","E","?","$","M","?","R","BOSS"],"items_purchased_type":["Card","Relic","Card"],"build_version":"2020-12-22","purchased_purges":4,"victory":true,"max_hp_per_floor":[75,75,75,75,75,75,75,75,75,75,80,80,80,80,80,80,80,80,80,80,80,85,85,85,85,85,85,85,85,85,85,85,85,85,85,85,85,85,85,85,85,85,85,85,85,85,85,85,85,81,81,81],"card_choices":[{"not_picked":["Barrage","Hologram"],"picked":"Darkness","floor":1.0},{"not_picked":["ReplayTheSpireMod:GoodbyeWorld","ReplayTheSpireMod:Repulse"],"picked":"Redo","floor":4.0},{"not_picked":["Defragment","Force Field"],"picked":"Hologram","floor":6.0},{"not_picked":["BasicCrystalCard","Leap","Compile Driver"],"picked":"Self Repair","floor":7.0},{"not_picked":["ReplayTheSpireMod:System Scan+1","Rebound","Coolheaded+1"],"picked":"Consume+1","floor":11.0},{"not_picked":["Undo+1","Glacier+1","Rebound"],"picked":"Redo+1","floor":12.0},{"not_picked":["Chill+1","ReplayTheSpireMod:Repulse+1","ReplayTheSpireMod:GoodbyeWorld"],"picked":"Leap+1","floor":14.0},{"not_picked":["Creative AI","Meteor Strike","Core Surge"],"picked":"Mirror Shield+1","floor":16},{"not_picked":["Ball Lightning","Sunder"],"picked":"SKIP","floor":18},{"not_picked":["Beam Cell"],"picked":"Redo+1","floor":20},{"not_picked":["Panic Button+1"],"picked":"Tempest+1","floor":23},{"not_picked":["Chill+1","Turbo+1"],"picked":"SKIP","floor":27},{"not_picked":["Undo+1"],"picked":"Amplify+1","floor":28},{"not_picked":["Panic Button+1","Beam Cell"],"picked":"SKIP","floor":29},{"not_picked":["Beam Cell"],"picked":"Conserve Battery+1","floor":31},{"not_picked":["Biased Cognition"],"picked":"Seek+1","floor":33},{"not_picked":["Stack+1","ReplayTheSpireMod:Calculation Training+1"],"picked":"BasicCrystalCard+1","floor":35},{"not_picked":["Gash","Reinforced Body+1"],"picked":"Static Discharge+1","floor":37},{"not_picked":["Cold Snap","Conserve Battery+1"],"picked":"Coolheaded+1","floor":38},{"not_picked":["Multi-Cast+1","Tempest+1"],"picked":"Coolheaded+1","floor":40},{"not_picked":["Hello World","Rebound"],"picked":"Go for the Eyes","floor":44},{"not_picked":["Rebound","Self Repair+1"],"picked":"Time Bomb+1","floor":46},{"not_picked":["Barrage","Auto Shields+1"],"picked":"Gash","floor":49}],"player_experience":390961,"relics_obtained":[{"floor":6.0,"key":"Question Card"},{"floor":9.0,"key":"Toxic Egg 2"},{"floor":11.0,"key":"Letter Opener"},{"floor":23,"key":"Cables"},{"floor":25,"key":"testmod-Nyarlathotep"},{"floor":26,"key":"Centennial Puzzle"},{"floor":28,"key":"DataDisk"},{"floor":40,"key":"Replay:Mystery Machine"},{"floor":44,"key":"testmod-Alchemist"},{"floor":45,"key":"Replay:Bottled Snecko"},{"floor":46,"key":"Replay:WaspNest"}],"event_choices":[{"damage_healed":0.0,"max_hp_gain":0.0,"max_hp_loss":0.0,"gold_gain":0.0,"event_name":"Scrap Ooze","player_choice":"Success","floor":3.0,"gold_loss":0.0,"damage_taken":18.0,"relics_obtained":["Mummified Hand"]},{"damage_healed":0.0,"max_hp_gain":0.0,"max_hp_loss":0.0,"gold_gain":0.0,"event_name":"Upgrade Shrine","player_choice":"Upgraded","floor":5.0,"gold_loss":0.0,"damage_taken":0.0,"cards_upgraded":["Darkness"]},{"damage_healed":0,"gold_gain":0,"cards_transformed":["Strike_B","Zap"],"player_choice":"Became Test Subject","damage_taken":0,"max_hp_gain":0,"max_hp_loss":0,"event_name":"Drug Dealer","floor":19,"gold_loss":0,"cards_obtained":["All For One","Seek"]},{"damage_healed":0,"gold_gain":0,"player_choice":"Shed Blood","damage_taken":20,"max_hp_gain":5,"max_hp_loss":0,"event_name":"Forgotten Altar","floor":22,"gold_loss":0},{"damage_healed":0,"gold_gain":100,"player_choice":"Pray","damage_taken":0,"max_hp_gain":0,"max_hp_loss":0,"event_name":"Golden Shrine","floor":36,"gold_loss":0},{"damage_healed":0,"gold_gain":0,"player_choice":"Fight","damage_taken":0,"max_hp_gain":0,"max_hp_loss":0,"event_name":"Mysterious Sphere","floor":44,"gold_loss":0},{"damage_healed":0,"gold_gain":0,"player_choice":"Max HP","damage_taken":0,"max_hp_gain":0,"max_hp_loss":4,"event_name":"Winding Halls","floor":50,"gold_loss":0}],"is_beta":false,"boss_relics":[{"not_picked":["testmod-SaigiyounoYou","Nuclear Battery"],"picked":"Busted Crown"},{"not_picked":["testmod-KeyOfTheVoid","Astrolabe"],"picked":"Honey Jar"}],"items_purged_floors":[2,21,30,47],"is_endless":false,"potions_floor_spawned":[4,7,11,14,20,23,29,31,33,37,44],"ascension_level":6}}