{"host":"Nico","time":1612053401,"event":{"mods":["2.2 Compatiblity","AchievementEnabler","Aspiration","BaseMod","Beaked The Cultist","Better Altar","Better Note","Better Skull","Conspire","Custom Start","DeckTracker","Displayed Cursed Tome","Energized Spire","Halation","Highlight Path","Hubris","Infinite Spire","Minty Spire (QoL Compilation)","Permanent Neow","Poor People Problems","Relic Filter Mod","Relic Sorter","Replay The Spire","Shop Mod","StSLib","Synergy Search","The Cursed","TheVacant","Trackpad","Transform Curses","Unknown Chances"],"gold_per_floor":[109,209,221,232,232,232,407,407,477,495,530,530,556,27,27,125,125,135,135,135,145,145,145,145],"floor_reached":23,"language":"ENG","playtime":1322,"items_purged":[],"score":222,"play_id":"53196191-aa84-4e1f-a98f-33eed8d81c2f","local_time":"20210131003641","is_ascension_mode":false,"campfire_choices":[{"data":"Armaments","floor":6,"key":"SMITH"},{"data":"conspire:Charge","floor":12,"key":"SMITH"},{"data":"infinitespire:OneForAll","floor":15,"key":"SMITH"}],"circlet_count":0,"master_deck":["Strike_R","Strike_R","Strike_R","Strike_R","Strike_R","Defend_R","Defend_R","Defend_R","Defend_R","Bash","conspire:Charge+1","Armaments+1","Armaments+1","Metallicize","infinitespire:OneForAll+1","Limit Break","hubris:SharpeningStone","Limit Break","Flex"],"relics":["Burning Blood","aspiration:Nostalgia","Ring of the Snake","hubris:BottledRain","Bottled Lightning","halation:QuantumPhysicsTextbook","MerchantsRug","Snack Pack","Boot","conspire:SlowCooker","halation:LostSnail"],"acts_visited":["Exordium","TheCity"],"potions_floor_usage":[13,16,23,23],"damage_taken":[{"damage":0,"enemies":"Small Slimes","floor":1,"turns":3},{"damage":6,"enemies":"Cultist","floor":3,"turns":3},{"damage":0,"enemies":"2 Louse","floor":4,"turns":3},{"damage":0,"enemies":"Looter","floor":10,"turns":4},{"damage":6,"enemies":"3 Sentries","floor":11,"turns":10},{"damage":0,"enemies":"Lagavulin","floor":13,"turns":7},{"damage":11,"enemies":"The Guardian","floor":16,"turns":10},{"damage":16,"enemies":"conspire:FuzzyDice","floor":18,"turns":12},{"damage":45,"enemies":"Spheric Guardian","floor":21,"turns":8},{"damage":38,"enemies":"Book of Stabbing","floor":23,"turns":5}],"seed_played":"-2840143278445408014","potions_obtained":[{"floor":3,"key":"ElixirPotion"},{"floor":4,"key":"Weak Potion"},{"floor":13,"key":"Swift Potion"},{"floor":16,"key":"Adrenaline Potion"},{"floor":18,"key":"BlessingOfTheForge"}],"is_trial":false,"path_per_floor":["M","?","M","M","?","R","?","?","T","M","E","R","E","$","R","B",null,"M","?","?","M","AVR","E"],"character_chosen":"IRONCLAD","items_purchased":["MerchantsRug","Snack Pack","Boot"],"campfire_rested":0,"item_purchase_floors":[14,14,14],"current_hp_per_floor":[80,80,80,80,80,80,80,80,80,80,80,80,80,80,80,75,80,70,70,70,33,33,0,0],"gold":145,"neow_bonus":"NOSTALGIA","is_daily":false,"chose_seed":false,"campfire_upgraded":3,"win_rate":0.0,"timestamp":1612053401,"path_taken":["M","?","M","?","?","R","?","?","T","?","E","R","E","$","R","BOSS","M","?","?","M","AVR","E"],"items_purchased_type":["Relic","Relic","Relic"],"build_version":"2020-12-18","purchased_purges":0,"victory":false,"max_hp_per_floor":[80,80,80,80,80,80,80,80,80,80,80,80,80,80,80,80,80,80,80,80,80,80,80,80],"card_choices":[{"not_picked":["Intimidate","Blood for Blood"],"picked":"conspire:Charge","floor":1},{"not_picked":["Flex","Twin Strike"],"picked":"Armaments","floor":3},{"not_picked":["Clash","Wild Strike"],"picked":"Armaments","floor":4},{"not_picked":["Clothesline","Bloodletting","Uppercut"],"picked":"SKIP","floor":10},{"not_picked":["Burning Pact","Pommel Strike"],"picked":"Metallicize","floor":11},{"not_picked":["Evolve","Dropkick"],"picked":"infinitespire:OneForAll","floor":13},{"not_picked":["Offering","Impervious"],"picked":"Limit Break","floor":16},{"not_picked":["Body Slam","Sword Boomerang"],"picked":"hubris:SharpeningStone","floor":18},{"not_picked":["hubris:SharpeningStone+1","ReplayTheSpireMod:Strike From Hell"],"picked":"Flex","floor":21}],"player_experience":679988,"relics_obtained":[{"floor":9,"key":"hubris:BottledRain"},{"floor":11,"key":"Bottled Lightning"},{"floor":13,"key":"halation:QuantumPhysicsTextbook"}],"event_choices":[{"damage_healed":0,"gold_gain":100,"player_choice":"Pray","damage_taken":0,"max_hp_gain":0,"max_hp_loss":0,"event_name":"Golden Shrine","floor":2,"gold_loss":0},{"damage_healed":0,"gold_gain":0,"player_choice":"Grow","damage_taken":0,"max_hp_gain":0,"max_hp_loss":0,"event_name":"Living Wall","floor":5,"gold_loss":0,"cards_upgraded":["Armaments"]},{"damage_healed":0,"gold_gain":175,"player_choice":"AGREE","damage_taken":0,"max_hp_gain":0,"max_hp_loss":0,"event_name":"Liars Game","floor":7,"gold_loss":0,"cards_obtained":["Doubt"]},{"cards_removed":["Doubt"],"damage_healed":0,"gold_gain":0,"player_choice":"Removed Curses","damage_taken":0,"max_hp_gain":0,"max_hp_loss":0,"event_name":"Fountain of Cleansing","floor":8,"gold_loss":0},{"damage_healed":0,"gold_gain":0,"player_choice":"Bought 0 Potions","damage_taken":0,"max_hp_gain":0,"max_hp_loss":0,"event_name":"The Woman in Blue","floor":19,"gold_loss":0},{"cards_removed":["Limit Break"],"damage_healed":0,"gold_gain":0,"player_choice":"Take \u0026 Give","damage_taken":0,"max_hp_gain":0,"max_hp_loss":0,"event_name":"betterNote:BetterNote","floor":20,"gold_loss":0,"cards_obtained":["Limit Break"]}],"is_beta":true,"boss_relics":[{"not_picked":["Busted Crown","aspiration:WatcherSkillbook"],"picked":"conspire:SlowCooker"}],"items_purged_floors":[],"is_endless":false,"potions_floor_spawned":[3,4,13,16,18,21],"killed_by":"Book of Stabbing","ascension_level":0}}