{"host":"8ps3pfk2b2drr3ex","time":1612094474,"event":{"mods":["2.2 Compatiblity","AchievementEnabler","Act Like it!","BaseMod","Bestiary","Better Match","BetterRewards","Colored Map","Colored Powertips","Conspire","Downfall","Evolution","GifTheSpireLib","Gold Saver","Hallownest","Hubris","Minty Spire (QoL Compilation)","Permanent Neow","Relic Filter","Replay The Spire","Shop Mod","StSLib","Stuff the Spire"],"gold_per_floor":[140,157,157,157,171,171,171,23,23,35,54,154,183,203,221,323,323,223,233,244,244,56,56,129,33,33,59,74,109,9,9,37,140,140,140,157,142,159,179,79,132,132,132,151,93,106,106,126,144,144,144,144],"floor_reached":50,"language":"ENG","playtime":6488,"items_purged":["Decay"],"score":679,"play_id":"a8892877-35c7-462e-bfb2-00cef8963a01","local_time":"20210131070114","is_ascension_mode":true,"campfire_choices":[{"data":"Magnetism","floor":1.0,"key":"SMITH"},{"data":"sneckomod:UnknownClassGUARDIAN","floor":6.0,"key":"SMITH"},{"data":"sneckomod:UnknownRareAttack","floor":9.0,"key":"SMITH"},{"data":"sneckomod:UnknownRarePower","floor":18.0,"key":"SMITH"},{"floor":23.0,"key":"REST"},{"data":"Apotheosis","floor":26.0,"key":"SMITH"},{"floor":30.0,"key":"REST"},{"floor":35.0,"key":"RECALL"},{"floor":40.0,"key":"REST"},{"floor":43.0,"key":"REST"},{"floor":47.0,"key":"REST"}],"circlet_count":0,"master_deck":["sneckomod:IronFang+1","sneckomod:RainOfDice+1","conspire:GhostlyStrike+1","conspire:GhostlyDefend","conspire:GhostlyDefend","conspire:GhostlyDefend","sneckomod:TailWhip+1","sneckomod:SnekBite","sneckomod:Unknown","sneckomod:Unknown","Magnetism+1","sneckomod:Unknown2Cost+1","sneckomod:UnknownClassGUARDIAN+1","sneckomod:MasterEye+1","sneckomod:UnknownRarePower+1","sneckomod:PureSnecko","sneckomod:UnknownUncommonPower+1","bronze:SpaghettiCode","sneckomod:DiceBlock+1","Apotheosis+1","sneckomod:SlitherStrike+1","hexamod:SixthSeal","sneckomod:UnknownClassGREEN","Guardian:EvasiveProtocol+1","bronze:Philosophize+1","sneckomod:UnlimitedRolls+1","sneckomod:UnknownClassGREEN+1","Guardian:StasisStrike+1","bronze:CloningBeam+1","bronze:Iterate+1","sneckomod:UnknownVulnerable","sneckomod:Unknown0Cost+1","sneckomod:UnknownBoss","sneckomod:DiceBlock+1","sneckomod:Nope+1"],"relics":["sneckomod:SneckoSoul","EVO:Axolotl","Mummified Hand","Toy Ornithopter","StuffTheSpire:GrapeVine","ChewingGum","downfall:HeartBlessingGreen","hubris:DisguiseKit","Boot","downfall:HeartBlessingBlue","Snecko Heart","downfall:HeartBlessingRed","Blue Doll","MerchantsRug","hubris:SlimyHat","Oddly Smooth Stone"],"acts_visited":["Exordium","TheCity","TheBeyond"],"potions_floor_usage":[49,49,49],"damage_taken":[{"damage":0.0,"enemies":"conspire:RoseBush","floor":2.0,"turns":4.0},{"damage":9.0,"enemies":"2 Louse","floor":5.0,"turns":2.0},{"damage":9.0,"enemies":"downfall:FleeingMerchant","floor":8.0,"turns":4.0},{"damage":0.0,"enemies":"Cultist","floor":10.0,"turns":3.0},{"damage":11.0,"enemies":"2 Fungi Beasts","floor":11.0,"turns":4.0},{"damage":0.0,"enemies":"downfall:LadyInBlue","floor":12.0,"turns":5.0},{"damage":10.0,"enemies":"3 Sentries","floor":13.0,"turns":5.0},{"damage":7.0,"enemies":"Red Slaver","floor":14.0,"turns":3.0},{"damage":8.0,"enemies":"Exordium Thugs","floor":15.0,"turns":3.0},{"damage":18.0,"enemies":"DF_ARCHETYPE_STREAMLINE","floor":16.0,"turns":6.0},{"damage":0.0,"enemies":"Chosen","floor":19.0,"turns":4.0},{"damage":26.0,"enemies":"conspire:FuzzyDice","floor":20.0,"turns":4.0},{"damage":11.0,"enemies":"downfall:FleeingMerchant","floor":22.0,"turns":4.0},{"damage":10.0,"enemies":"downfall:FleeingMerchant","floor":25.0,"turns":4.0},{"damage":5.0,"enemies":"Book of Stabbing","floor":27.0,"turns":5.0},{"damage":8.0,"enemies":"conspire:HollyBat","floor":28.0,"turns":6.0},{"damage":12.0,"enemies":"Slavers","floor":29.0,"turns":6.0},{"damage":25.0,"enemies":"Cultist and Chosen","floor":32.0,"turns":7.0},{"damage":24.0,"enemies":"IC_MUSHROOM_ARCHETYPE","floor":33.0,"turns":8.0},{"damage":6.0,"enemies":"Orb Walker","floor":36.0,"turns":2.0},{"damage":0.0,"enemies":"downfall:FleeingMerchant","floor":37.0,"turns":4.0},{"damage":30.0,"enemies":"3 Shapes","floor":38.0,"turns":7.0},{"damage":16.0,"enemies":"Maw","floor":39.0,"turns":6.0},{"damage":27.0,"enemies":"Sphere and 2 Shapes","floor":44.0,"turns":5.0},{"damage":30.0,"enemies":"downfall:FleeingMerchant","floor":45.0,"turns":3.0},{"damage":33.0,"enemies":"4 Shapes","floor":46.0,"turns":4.0},{"damage":18.0,"enemies":"Spire Growth","floor":48.0,"turns":2.0},{"damage":0,"enemies":"Transient","floor":49,"turns":5},{"damage":42,"enemies":"WA_ARCHETYPE_DIVINITY","floor":50,"turns":11}],"seed_played":"8623559436095408085","potions_obtained":[{"floor":5.0,"key":"Block Potion"},{"floor":10.0,"key":"Regen Potion"},{"floor":11.0,"key":"LifebloodPotion"},{"floor":12.0,"key":"Adrenaline Potion"},{"floor":12.0,"key":"LiquidMemories"},{"floor":13.0,"key":"SteroidPotion"},{"floor":15.0,"key":"Ancient Potion"},{"floor":19.0,"key":"Dexterity Potion"},{"floor":27.0,"key":"LiquidMemories"},{"floor":28.0,"key":"Slimebound:ThreeZeroPotion"},{"floor":29.0,"key":"Regen Potion"},{"floor":32.0,"key":"sneckomod:DiceRollPotion"},{"floor":36.0,"key":"Weak Potion"},{"floor":39.0,"key":"Energy Potion"},{"floor":39.0,"key":"Energy Potion"},{"floor":44.0,"key":"Toxic Potion"},{"floor":48.0,"key":"SteroidPotion"},{"floor":49,"key":"BlessingOfTheForge"}],"is_trial":false,"path_per_floor":["R","M","?","?","M","R","T","$","R","M","M","?","E","M","M","B",null,"R","M","M","T","$","R","T","$","R","E","M","E","R","?","M","B",null,"R","M","$","M","M","R","T","?","R","M","$","M","R","M","M","B"],"character_chosen":"THE_SNECKO","items_purchased":["sneckomod:MasterEye+1","Apotheosis","sneckomod:SlitherStrike","MerchantsRug","hubris:SlimyHat","Oddly Smooth Stone"],"campfire_rested":5,"item_purchase_floors":[8,22,25,45,45,45],"current_hp_per_floor":[81,81,81,81,72,72,72,63,63,63,52,66,61,59,51,38,70,70,70,44,44,33,57,57,47,47,42,34,32,69,69,64,40,78,78,77,77,47,31,58,58,58,85,63,38,5,32,24,39,0,0,0],"gold":144,"neow_bonus":"RANDOM_COLORLESS_2","is_daily":false,"chose_seed":false,"campfire_upgraded":5,"win_rate":0.0,"timestamp":1612094474,"path_taken":["R","M","?","?","?","R","T","$","R","M","M","?","E","M","M","BOSS","R","M","M","?","$","R","T","?","R","E","?","E","R","?","M","BOSS","R","M","$","M","M","R","T","?","R","M","$","M","R","?","M","BOSS"],"items_purchased_type":["Card","Card","Card","Relic","Relic","Relic"],"build_version":"2020-12-22","purchased_purges":1,"victory":false,"max_hp_per_floor":[81,81,81,81,81,81,81,81,81,81,81,81,81,81,81,81,81,81,81,81,81,81,81,81,81,81,81,81,81,91,91,91,91,91,91,91,91,91,91,91,91,91,91,91,91,91,91,91,91,91,91,91],"card_choices":[{"not_picked":["StuffTheSpire:Recharge","Mayhem"],"picked":"Magnetism","floor":0.0},{"not_picked":["sneckomod:SoulDraw","sneckomod:PureSnecko"],"picked":"sneckomod:Unknown2Cost","floor":2.0},{"not_picked":["sneckomod:UnknownDraw","sneckomod:UnknownCommonSkill"],"picked":"sneckomod:UnknownClassGUARDIAN","floor":5.0},{"not_picked":["sneckomod:UnknownWeak","sneckomod:ImprovisedGuard"],"picked":"sneckomod:UnknownRareAttack","floor":8.0},{"not_picked":["sneckomod:UnknownClassHEXA_GHOST_PURPLE","sneckomod:UnknownCommonAttack","sneckomod:UnknownBlock"],"picked":"SKIP","floor":10.0},{"not_picked":["sneckomod:RainOfDice","sneckomod:ImprovisedGuard","sneckomod:SoulDraw"],"picked":"SKIP","floor":11.0},{"not_picked":["sneckomod:UnknownCommonAttack","sneckomod:Rotation"],"picked":"sneckomod:UnknownDexterity","floor":12.0},{"not_picked":["sneckomod:MixItUp","sneckomod:SnekBeam"],"picked":"sneckomod:Memorize","floor":13.0},{"not_picked":["sneckomod:Unknown1Cost","sneckomod:UnknownWeak","sneckomod:ImprovisedAttack"],"picked":"SKIP","floor":14.0},{"not_picked":["sneckomod:MixItUp","sneckomod:ImprovisedGuard","sneckomod:Unknown1Cost"],"picked":"SKIP","floor":15.0},{"not_picked":["sneckomod:UnknownRareSkill","sneckomod:Cheat"],"picked":"sneckomod:UnknownRarePower","floor":16.0},{"not_picked":["sneckomod:DiceBlock","sneckomod:TrashToTreasure"],"picked":"sneckomod:PureSnecko","floor":19.0},{"not_picked":["sneckomod:MasterEye","sneckomod:DiceCrush"],"picked":"sneckomod:UnknownUncommonPower","floor":20.0},{"not_picked":["sneckomod:Unknown1Cost+1","sneckomod:UnknownRareSkill","sneckomod:UnknownBlock"],"picked":"bronze:SpaghettiCode","floor":22.0},{"not_picked":["sneckomod:ImprovisedGuard","sneckomod:SerpentIdol","bronze:Branch"],"picked":"sneckomod:DiceBlock+1","floor":22.0},{"not_picked":["sneckomod:WideSting","sneckomod:UnknownDexterity","sneckomod:UnknownUncommonSkill+1","bronze:Overheat"],"picked":"SKIP","floor":25.0},{"not_picked":["hexamod:ThirdSeal","hexamod:FirstSeal"],"picked":"hexamod:SixthSeal","floor":27.0},{"not_picked":["sneckomod:UnknownClassGREEN","sneckomod:UnknownBlock+1","sneckomod:SoulDraw+1","bronze:FollowUp"],"picked":"SKIP","floor":27.0},{"not_picked":["sneckomod:UnknownCommonSkill","sneckomod:DiceBoulder","sneckomod:MasterEye"],"picked":"bronze:Hardcode","floor":28.0},{"not_picked":["sneckomod:SerpentIdol","sneckomod:UnknownBlock+1","sneckomod:Cheat"],"picked":"bronze:Philosophize","floor":29.0},{"not_picked":["sneckomod:QuickMove","sneckomod:PureSnecko+1","sneckomod:UnknownCommonAttack","bronze:WildBeam"],"picked":"SKIP","floor":32.0},{"not_picked":["sneckomod:Unknown3Cost","sneckomod:Restock","bronze:HyperBeam"],"picked":"sneckomod:UnlimitedRolls","floor":33.0},{"not_picked":["sneckomod:UnknownExhaust+1","sneckomod:DiceBlock+1","bronze:Turbo"],"picked":"sneckomod:UnknownClassGREEN+1","floor":36.0},{"not_picked":["sneckomod:UnknownBlock","sneckomod:UnknownExhaust","sneckomod:UnknownColorless+1"],"picked":"bronze:CloningBeam","floor":37.0},{"not_picked":["sneckomod:WideSting+1","sneckomod:RainOfDice+1","sneckomod:DiceCrush","bronze:DigitalCarnage"],"picked":"SKIP","floor":38.0},{"not_picked":["sneckomod:RainOfDice","sneckomod:DiceBlock","sneckomod:Unknown2Cost+1"],"picked":"bronze:Iterate","floor":39.0},{"not_picked":["sneckomod:DiceBlock+1","sneckomod:IronFang","bronze:BuggyMess"],"picked":"sneckomod:Unknown0Cost+1","floor":44.0},{"not_picked":["sneckomod:DefensiveFlair+1","sneckomod:UnknownCommonAttack+1","bronze:MaxOutput"],"picked":"sneckomod:UnknownBoss","floor":45.0},{"not_picked":["sneckomod:Memorize","sneckomod:UnknownUncommonAttack+1","sneckomod:Unknown1Cost","bronze:DelayedGuard"],"picked":"SKIP","floor":46.0},{"not_picked":["sneckomod:Memorize","sneckomod:UnknownUncommonAttack+1","sneckomod:Unknown1Cost","bronze:DelayedGuard"],"picked":"SKIP","floor":46.0},{"not_picked":["sneckomod:Memorize","sneckomod:UnknownUncommonAttack+1","sneckomod:Unknown1Cost","bronze:DelayedGuard"],"picked":"SKIP","floor":46.0},{"not_picked":["sneckomod:UnknownClassHEXA_GHOST_PURPLE","sneckomod:SlitherStrike","bronze:Iterate"],"picked":"sneckomod:DiceBlock","floor":48.0},{"not_picked":["sneckomod:Rotation","sneckomod:UnknownUncommonAttack","bronze:BuggyMess"],"picked":"sneckomod:Nope+1","floor":49}],"player_experience":926210,"relics_obtained":[{"floor":7.0,"key":"Mummified Hand"},{"floor":12.0,"key":"Toy Ornithopter"},{"floor":13.0,"key":"StuffTheSpire:GrapeVine"},{"floor":21.0,"key":"hubris:DisguiseKit"},{"floor":27.0,"key":"sneckomod:SneckoCommon"},{"floor":29.0,"key":"Boot"},{"floor":41.0,"key":"Blue Doll"}],"event_choices":[{"damage_healed":0.0,"max_hp_gain":0.0,"max_hp_loss":0.0,"gold_gain":0.0,"event_name":"conspire:LoneGhost","player_choice":"Agree","floor":3.0,"gold_loss":0.0,"damage_taken":0.0},{"damage_healed":0.0,"max_hp_gain":0.0,"max_hp_loss":0.0,"gold_gain":0.0,"event_name":"Vampires","player_choice":"Ignored","floor":31.0,"gold_loss":0.0,"damage_taken":0.0}],"is_beta":false,"boss_relics":[{"not_picked":["conspire:SeveredTorchhead","Runic Dome"],"picked":"ChewingGum"},{"not_picked":["StuffTheSpire:ModemDavis","SacredBark"],"picked":"Snecko Heart"}],"items_purged_floors":[8],"is_endless":false,"potions_floor_spawned":[5,10,11,12,13,15,19,27,28,29,32,36,39,44,48,49],"killed_by":"WA_ARCHETYPE_DIVINITY","ascension_level":6}}