{"host":"sian7qp8a9pc9xwd","time":1612117873,"event":{"mods":["BaseMod","Minty Spire (QoL Compilation)","StSLib","SuperFastMode"],"gold_per_floor":[119,119,119,136,311,311,342,342,369,395,415,415,428,445,445,445,445],"floor_reached":16,"language":"ENG","playtime":562,"items_purged":[],"score":209,"play_id":"5aafcfa0-17c7-44b9-b724-056e192961da","local_time":"20210131133113","is_ascension_mode":true,"campfire_choices":[{"data":"Shrug It Off","floor":6,"key":"SMITH"},{"data":"Body Slam","floor":8,"key":"SMITH"},{"data":"Uppercut","floor":12,"key":"SMITH"},{"data":"Disarm","floor":15,"key":"SMITH"}],"circlet_count":0,"master_deck":["AscendersBane","Strike_R","Strike_R","Strike_R","Strike_R","Strike_R+1","Defend_R","Defend_R","Defend_R","Defend_R","Bash","Shrug It Off+1","Shrug It Off+1","Doubt","Body Slam+1","Uppercut+1","Disarm+1","Seeing Red","Shrug It Off"],"relics":["Burning Blood","NeowsBlessing","Vajra","Nunchaku","Bronze Scales"],"acts_visited":["Exordium"],"potions_floor_usage":[10,13,16],"damage_taken":[{"damage":0,"enemies":"Small Slimes","floor":1,"turns":1},{"damage":0,"enemies":"2 Louse","floor":4,"turns":1},{"damage":0,"enemies":"Gremlin Nob","floor":7,"turns":1},{"damage":42,"enemies":"Lagavulin","floor":10,"turns":7},{"damage":3,"enemies":"Jaw Worm","floor":11,"turns":3},{"damage":13,"enemies":"2 Fungi Beasts","floor":13,"turns":3},{"damage":12,"enemies":"Exordium Thugs","floor":14,"turns":3},{"damage":32,"enemies":"Slime Boss","floor":16,"turns":7}],"seed_played":"-5761825054838905864","potions_obtained":[{"floor":1,"key":"ElixirPotion"},{"floor":7,"key":"ElixirPotion"},{"floor":13,"key":"SteroidPotion"},{"floor":14,"key":"LiquidBronze"}],"is_trial":false,"path_per_floor":["M","?","?","M","?","R","E","R","T","E","M","R","M","M","R","B"],"character_chosen":"IRONCLAD","items_purchased":[],"campfire_rested":0,"item_purchase_floors":[],"current_hp_per_floor":[78,83,66,72,72,72,78,78,78,42,45,45,38,32,32,0,0],"gold":445,"neow_bonus":"THREE_ENEMY_KILL","is_daily":false,"chose_seed":false,"campfire_upgraded":4,"win_rate":0.0,"timestamp":1612117873,"path_taken":["M","?","?","M","?","R","E","R","T","E","?","R","M","M","R","BOSS"],"items_purchased_type":[],"build_version":"2020-12-22","purchased_purges":0,"victory":false,"max_hp_per_floor":[80,85,85,85,85,85,85,85,85,85,85,85,85,85,85,85,85],"card_choices":[{"not_picked":["Power Through","Metallicize"],"picked":"Shrug It Off","floor":1},{"not_picked":["Flex","Headbutt"],"picked":"Shrug It Off","floor":4},{"not_picked":["True Grit","Dual Wield"],"picked":"Body Slam","floor":7},{"not_picked":["Dark Embrace","Rupture"],"picked":"Uppercut","floor":10},{"not_picked":["Carnage","Perfected Strike"],"picked":"Disarm","floor":11},{"not_picked":["Whirlwind","Metallicize"],"picked":"Seeing Red","floor":13},{"not_picked":["Iron Wave","Warcry"],"picked":"Shrug It Off","floor":14}],"player_experience":851660,"relics_obtained":[{"floor":7,"key":"Vajra"},{"floor":9,"key":"Nunchaku"},{"floor":10,"key":"Bronze Scales"}],"event_choices":[{"damage_healed":0,"gold_gain":0,"player_choice":"Donut","damage_taken":0,"max_hp_gain":5,"max_hp_loss":0,"event_name":"Big Fish","floor":2,"gold_loss":0},{"damage_healed":0,"gold_gain":0,"player_choice":"Entered Light","damage_taken":17,"max_hp_gain":0,"max_hp_loss":0,"event_name":"Shining Light","floor":3,"gold_loss":0,"cards_upgraded":["Strike_R","Shrug It Off"]},{"damage_healed":0,"gold_gain":175,"player_choice":"AGREE","damage_taken":0,"max_hp_gain":0,"max_hp_loss":0,"event_name":"Liars Game","floor":5,"gold_loss":0,"cards_obtained":["Doubt"]}],"is_beta":false,"boss_relics":[],"items_purged_floors":[],"is_endless":false,"potions_floor_spawned":[1,7,13,14],"killed_by":"Slime Boss","ascension_level":11}}