{"host":"aqym1xxr3lb31d9m","time":1612113769,"event":{"mods":["BaseMod","Block Reminder","Colored Map","Colored Powertips","DeckTracker","Highlight Path","Minty Spire (QoL Compilation)","Quick Restart","Random Character Button","StSLib","SuperFastMode","UnlockEverythingMod"],"gold_per_floor":[119,269,279,32,52,52,52,52,52,66,66,91,91,125,125,199,199,213,138,153,212,232,232,232,232,255,92,127,146,146,160,160,238,238,255,255,268,100,112,128,153,173,200,200,212,231,59,72,72,72,72,72,72,17,46,46],"floor_reached":57,"language":"JPN","playtime":5821,"items_purged":["Doubt"],"score":2716,"play_id":"56d674a6-f7b9-4e21-a2dd-7572eb9bd842","local_time":"20210201022249","is_ascension_mode":true,"campfire_choices":[{"data":"Zap","floor":6.0,"key":"SMITH"},{"data":"Dualcast","floor":8.0,"key":"SMITH"},{"data":"Go for the Eyes","floor":11.0,"key":"SMITH"},{"data":"Streamline","floor":13.0,"key":"SMITH"},{"data":"White Noise","floor":15.0,"key":"SMITH"},{"data":"Biased Cognition","floor":23.0,"key":"SMITH"},{"data":"Coolheaded","floor":25.0,"key":"SMITH"},{"data":"Machine Learning","floor":30.0,"key":"SMITH"},{"data":"Cold Snap","floor":32.0,"key":"SMITH"},{"data":"Biased Cognition","floor":44,"key":"SMITH"},{"floor":49,"key":"RECALL"},{"data":"Seek","floor":53,"key":"SMITH"}],"circlet_count":0,"master_deck":["AscendersBane","Zap+1","Dualcast+1","Go for the Eyes+1","Scrape","Coolheaded+1","Streamline+1","Gash","White Noise+1","Biased Cognition+1","Chill+1","Cold Snap+1","BootSequence","Sweeping Beam","Machine Learning+1","Capacitor+1","Seek+1","Multi-Cast","Echo Form","Biased Cognition+1","White Noise","Conserve Battery","Double Energy","All For One","Undo+1","Skim","Beam Cell+1","Cold Snap","Seek"],"relics":["Cracked Core","Incense Burner","Toolbox","Singing Bowl","Dream Catcher","Coffee Dripper","Oddly Smooth Stone","ClockworkSouvenir","White Beast Statue","Pandora\u0027s Box","Strange Spoon","Pen Nib","Bronze Scales","Turnip"],"acts_visited":["Exordium","TheCity","TheBeyond","TheEnding"],"potions_floor_usage":[40,48,55,56,56],"damage_taken":[{"damage":2.0,"enemies":"2 Louse","floor":1.0,"turns":3.0},{"damage":4.0,"enemies":"Jaw Worm","floor":3.0,"turns":4.0},{"damage":0.0,"enemies":"Cultist","floor":5.0,"turns":3.0},{"damage":2.0,"enemies":"Red Slaver","floor":10.0,"turns":3.0},{"damage":16.0,"enemies":"Gremlin Nob","floor":12.0,"turns":4.0},{"damage":1.0,"enemies":"Lots of Slimes","floor":14.0,"turns":4.0},{"damage":10.0,"enemies":"Slime Boss","floor":16.0,"turns":11.0},{"damage":8.0,"enemies":"3 Byrds","floor":18.0,"turns":5.0},{"damage":13.0,"enemies":"Shell Parasite","floor":20.0,"turns":3.0},{"damage":9.0,"enemies":"Centurion and Healer","floor":21.0,"turns":6.0},{"damage":8.0,"enemies":"Snake Plant","floor":22.0,"turns":3.0},{"damage":1.0,"enemies":"Book of Stabbing","floor":28.0,"turns":5.0},{"damage":0.0,"enemies":"3 Cultists","floor":29.0,"turns":5.0},{"damage":0.0,"enemies":"Centurion and Healer","floor":31.0,"turns":7.0},{"damage":1.0,"enemies":"Automaton","floor":33.0,"turns":9.0},{"damage":0.0,"enemies":"3 Darklings","floor":35.0,"turns":5.0},{"damage":0.0,"enemies":"3 Shapes","floor":37.0,"turns":5.0},{"damage":0,"enemies":"Maw","floor":39,"turns":9},{"damage":0,"enemies":"Spire Growth","floor":40,"turns":6},{"damage":0,"enemies":"Nemesis","floor":41,"turns":7},{"damage":4,"enemies":"Writhing Mass","floor":42,"turns":6},{"damage":0,"enemies":"Sphere and 2 Shapes","floor":45,"turns":6},{"damage":0,"enemies":"4 Shapes","floor":46,"turns":11},{"damage":3,"enemies":"Writhing Mass","floor":48,"turns":9},{"damage":0,"enemies":"Awakened One","floor":50,"turns":15},{"damage":29,"enemies":"Time Eater","floor":51,"turns":12},{"damage":0,"enemies":"Shield and Spear","floor":55,"turns":9},{"damage":57,"enemies":"The Heart","floor":56,"turns":10}],"seed_played":"8309544763118143546","potions_obtained":[{"floor":10.0,"key":"SkillPotion"},{"floor":12.0,"key":"BlessingOfTheForge"},{"floor":16.0,"key":"Weak Potion"},{"floor":21.0,"key":"Fire Potion"},{"floor":22.0,"key":"EssenceOfDarkness"},{"floor":29.0,"key":"Swift Potion"},{"floor":31.0,"key":"DistilledChaos"},{"floor":33.0,"key":"BlessingOfTheForge"},{"floor":35.0,"key":"Fire Potion"},{"floor":39,"key":"Explosive Potion"},{"floor":40,"key":"Dexterity Potion"},{"floor":41,"key":"PotionOfCapacity"},{"floor":45,"key":"ColorlessPotion"},{"floor":48,"key":"SteroidPotion"},{"floor":55,"key":"Block Potion"}],"is_trial":false,"path_per_floor":["M","?","M","$","M","R","$","R","T","M","R","E","R","M","R","B",null,"M","?","M","M","M","R","?","R","T","$","E","M","R","M","R","B",null,"M","?","M","$","M","M","E","M","T","R","M","M","$","M","R","B","B",null,"R","$","E","B",null],"character_chosen":"DEFECT","items_purchased":["Toolbox","ClockworkSouvenir","Strange Spoon","Bronze Scales","BlessingOfTheForge"],"campfire_rested":0,"item_purchase_floors":[4,27,38,47,54],"current_hp_per_floor":[62,62,58,58,58,58,58,58,58,56,56,40,40,39,39,29,55,47,47,34,25,17,17,17,17,17,17,16,18,18,18,18,17,54,54,54,56,56,56,56,58,56,56,56,56,56,56,55,55,55,26,62,62,62,64,7],"gold":46,"neow_bonus":"ONE_RARE_RELIC","is_daily":false,"chose_seed":false,"campfire_upgraded":11,"win_rate":0.0,"timestamp":1612113769,"path_taken":["M","?","M","$","M","R","$","R","T","M","R","E","R","M","R","BOSS","M","?","M","M","M","R","?","R","T","$","E","M","R","M","R","BOSS","M","?","?","$","M","M","E","M","T","R","?","M","?","M","R","BOSS","BOSS","R","$","E","BOSS"],"items_purchased_type":["Relic","Relic","Relic","Relic","Potion"],"build_version":"2020-12-22","purchased_purges":1,"victory":true,"max_hp_per_floor":[64,64,64,64,64,64,64,64,64,64,64,64,64,64,64,64,64,64,64,64,64,64,64,64,64,64,64,64,66,66,66,66,66,66,66,66,68,68,68,68,70,72,72,72,72,72,72,74,74,74,74,74,74,74,76,76],"card_choices":[{"not_picked":["Gash","Steam"],"picked":"Go for the Eyes","floor":1.0},{"not_picked":["Redo","Reprogram"],"picked":"Scrape","floor":3.0},{"not_picked":["Leap","Barrage"],"picked":"Coolheaded","floor":5.0},{"not_picked":["Hyperbeam","Rebound"],"picked":"Streamline","floor":10.0},{"not_picked":["Ball Lightning","Coolheaded"],"picked":"Gash","floor":12.0},{"not_picked":["Coolheaded","Leap"],"picked":"White Noise","floor":14.0},{"not_picked":["Reboot","Multi-Cast"],"picked":"Biased Cognition","floor":16.0},{"not_picked":["Ball Lightning","Auto Shields"],"picked":"Chill","floor":18.0},{"not_picked":["Ball Lightning","Genetic Algorithm"],"picked":"Cold Snap","floor":20.0},{"not_picked":["Streamline","Rebound"],"picked":"BootSequence","floor":21.0},{"not_picked":["Rip and Tear","Stack"],"picked":"Sweeping Beam","floor":22.0},{"not_picked":["Barrage","Cold Snap"],"picked":"Machine Learning","floor":28.0},{"not_picked":["Sweeping Beam","Ball Lightning","Gash+1"],"picked":"Singing Bowl","floor":29.0},{"not_picked":["Gash","Sweeping Beam"],"picked":"Capacitor+1","floor":31.0},{"not_picked":["Creative AI","Electrodynamics"],"picked":"Seek","floor":33.0},{"not_picked":["Streamline+1","Cold Snap"],"picked":"Undo+1","floor":35.0},{"not_picked":["Genetic Algorithm","Gash","Steam Power"],"picked":"Singing Bowl","floor":37.0},{"not_picked":["Rebound+1","Sweeping Beam"],"picked":"Skim","floor":39},{"not_picked":["Conserve Battery","Sweeping Beam"],"picked":"Beam Cell+1","floor":40},{"not_picked":["Leap","Go for the Eyes","Storm"],"picked":"Singing Bowl","floor":41},{"not_picked":["Darkness+1","Lockon","Coolheaded"],"picked":"Singing Bowl","floor":42},{"not_picked":["Barrage","Conserve Battery"],"picked":"Cold Snap","floor":45},{"not_picked":["Double Energy+1","Ball Lightning"],"picked":"Seek","floor":46},{"not_picked":["Redo+1","Ball Lightning","Gash+1"],"picked":"Singing Bowl","floor":48},{"not_picked":["Barrage","Capacitor","Chill"],"picked":"Singing Bowl","floor":55}],"player_experience":4140950,"relics_obtained":[{"floor":9.0,"key":"Singing Bowl"},{"floor":12.0,"key":"Dream Catcher"},{"floor":26.0,"key":"Oddly Smooth Stone"},{"floor":28.0,"key":"White Beast Statue"},{"floor":41,"key":"Pen Nib"},{"floor":55,"key":"Turnip"}],"event_choices":[{"damage_healed":0.0,"max_hp_gain":0.0,"max_hp_loss":0.0,"gold_gain":150.0,"event_name":"Liars Game","player_choice":"AGREE","floor":2.0,"gold_loss":0.0,"damage_taken":0.0,"cards_obtained":["Doubt"]},{"cards_removed":["Strike_B"],"damage_healed":0.0,"max_hp_gain":0.0,"max_hp_loss":0.0,"gold_gain":0.0,"event_name":"Beggar","player_choice":"Gave Gold","floor":19.0,"gold_loss":75.0,"damage_taken":0.0},{"damage_healed":0.0,"max_hp_gain":0.0,"max_hp_loss":0.0,"gold_gain":0.0,"event_name":"Upgrade Shrine","player_choice":"Upgraded","floor":24.0,"gold_loss":0.0,"damage_taken":0.0,"cards_upgraded":["Chill"]},{"damage_healed":0.0,"max_hp_gain":0.0,"max_hp_loss":0.0,"gold_gain":0.0,"event_name":"SecretPortal","player_choice":"Ignored","floor":36.0,"gold_loss":0.0,"damage_taken":0.0}],"is_beta":false,"boss_relics":[{"not_picked":["Snecko Eye","Busted Crown"],"picked":"Coffee Dripper"},{"not_picked":["Cursed Key","Fusion Hammer"],"picked":"Pandora\u0027s Box"}],"items_purged_floors":[4],"is_endless":false,"potions_floor_spawned":[10,12,16,21,22,29,31,33,35,37,39,40,41,42,45,46,48,55],"ascension_level":20}}