{"host":"lnrxyx1mebyhalma","time":1612130253,"event":{"mods":["2.2 Compatiblity","BaseMod","Block Reminder","Colored Powertips","Minty Spire (QoL Compilation)","Rare Cards Sparkle","Smile Girya","Weighted Paths"],"gold_per_floor":[114,133,147,147,159,184,184,203,203,203,14,42,42,59,59,163,163,180,105,105,116,136,463,463,475,530,530,543,555,574,427,427,526,526,545,558,558,558],"floor_reached":37,"language":"PTB","playtime":3245,"items_purged":["Strike_B"],"score":425,"play_id":"73bcc342-5f66-4c9f-be72-55d6da179eee","local_time":"20210131195733","is_ascension_mode":true,"campfire_choices":[{"data":"Leap","floor":10,"key":"SMITH"},{"floor":13,"key":"REST"},{"data":"Aggregate","floor":15,"key":"SMITH"},{"data":"Buffer","floor":24,"key":"SMITH"},{"data":"Genetic Algorithm","floor":27,"key":"SMITH"},{"floor":32,"key":"REST"}],"circlet_count":0,"master_deck":["Strike_B","Strike_B","Defend_B","Defend_B+1","Zap","Dualcast","Barrage","Fusion+1","Sweeping Beam","Leap+1","Reinforced Body","Aggregate+1","Sunder","Blizzard","Rip and Tear","FTL","Double Energy","Cold Snap","Buffer+1","Coolheaded","Aggregate+1","Reprogram+1","Coolheaded+1","Conserve Battery","Genetic Algorithm+1","Redo","Conserve Battery+1","Compile Driver","Core Surge","White Noise","BootSequence+1"],"relics":["Cracked Core","Bronze Scales","Eternal Feather","Oddly Smooth Stone","Nuclear Battery","Old Coin","Regal Pillow","Runic Dome"],"acts_visited":["Exordium","TheCity","TheBeyond"],"potions_floor_usage":[16,16,16,23,23,33,33,33,33,33,33,37],"damage_taken":[{"damage":0,"enemies":"Cultist","floor":1,"turns":3},{"damage":5,"enemies":"Small Slimes","floor":2,"turns":4},{"damage":7,"enemies":"2 Louse","floor":3,"turns":2},{"damage":0,"enemies":"Exordium Thugs","floor":5,"turns":4},{"damage":18,"enemies":"Lagavulin","floor":6,"turns":8},{"damage":0,"enemies":"3 Louse","floor":8,"turns":2},{"damage":10,"enemies":"3 Sentries","floor":12,"turns":5},{"damage":1,"enemies":"Large Slime","floor":14,"turns":5},{"damage":26,"enemies":"Hexaghost","floor":16,"turns":9},{"damage":10,"enemies":"3 Byrds","floor":18,"turns":4},{"damage":5,"enemies":"Chosen","floor":21,"turns":4},{"damage":11,"enemies":"Snake Plant","floor":22,"turns":4},{"damage":24,"enemies":"Book of Stabbing","floor":23,"turns":6},{"damage":0,"enemies":"Snecko","floor":25,"turns":5},{"damage":10,"enemies":"Chosen and Byrds","floor":28,"turns":7},{"damage":12,"enemies":"3 Cultists","floor":29,"turns":6},{"damage":3,"enemies":"Sentry and Sphere","floor":30,"turns":7},{"damage":58,"enemies":"Champ","floor":33,"turns":15},{"damage":8,"enemies":"3 Darklings","floor":35,"turns":6},{"damage":11,"enemies":"Orb Walker","floor":36,"turns":5},{"damage":49,"enemies":"Maw","floor":37,"turns":10}],"seed_played":"-5014686610413581907","potions_obtained":[{"floor":6,"key":"BlessingOfTheForge"},{"floor":8,"key":"DuplicationPotion"},{"floor":12,"key":"Weak Potion"},{"floor":18,"key":"DuplicationPotion"},{"floor":22,"key":"SpeedPotion"},{"floor":30,"key":"EntropicBrew"},{"floor":33,"key":"Block Potion"}],"is_trial":false,"path_per_floor":["M","M","M","?","M","E","?","M","T","R","$","E","R","M","R","B",null,"M","?","?","M","M","E","R","M","T","R","M","M","M","$","R","B",null,"M","M","M"],"character_chosen":"DEFECT","items_purchased":["Rip and Tear","FTL","Weak Potion","Dexterity Potion","Compile Driver"],"campfire_rested":2,"item_purchase_floors":[11,11,31,31,31],"current_hp_per_floor":[68,63,56,56,56,38,24,24,24,33,33,23,52,51,60,34,68,58,58,58,53,42,18,30,30,30,45,35,23,20,20,68,10,68,60,49,0,0],"gold":558,"neow_bonus":"TRANSFORM_TWO_CARDS","is_daily":false,"chose_seed":false,"campfire_upgraded":4,"win_rate":0.0,"timestamp":1612130253,"path_taken":["M","M","M","?","M","E","?","M","T","R","$","E","R","M","R","BOSS","M","?","?","M","M","E","R","M","T","R","M","M","M","$","R","BOSS","M","M","?"],"items_purchased_type":["Card","Card","Potion","Potion","Card"],"build_version":"2020-12-22","purchased_purges":1,"victory":false,"max_hp_per_floor":[68,68,68,68,68,68,68,68,68,68,68,68,68,68,68,68,68,68,68,68,68,68,68,68,68,68,68,68,68,68,68,68,68,68,68,68,68,68],"card_choices":[{"not_picked":["Conserve Battery","Go for the Eyes"],"picked":"Sweeping Beam","floor":1},{"not_picked":["Darkness","Stack"],"picked":"Leap","floor":2},{"not_picked":["Streamline","Barrage"],"picked":"Reinforced Body","floor":3},{"not_picked":["Redo","Double Energy"],"picked":"Aggregate","floor":5},{"not_picked":["Fission","Hologram"],"picked":"Sunder","floor":6},{"not_picked":["Recycle","Redo"],"picked":"Blizzard","floor":8},{"not_picked":["Tempest","Leap"],"picked":"Double Energy","floor":12},{"not_picked":["Ball Lightning","Capacitor"],"picked":"Cold Snap","floor":14},{"not_picked":["Amplify","Reboot"],"picked":"Buffer","floor":16},{"not_picked":["Beam Cell+1","Capacitor"],"picked":"Coolheaded","floor":18},{"not_picked":["Coolheaded","Auto Shields+1"],"picked":"Reprogram+1","floor":21},{"not_picked":["Fusion","Aggregate"],"picked":"Coolheaded+1","floor":22},{"not_picked":["Blizzard","Ball Lightning"],"picked":"Conserve Battery","floor":23},{"not_picked":["Doom and Gloom+1","Streamline"],"picked":"Genetic Algorithm","floor":25},{"not_picked":["Skim","Turbo"],"picked":"Redo","floor":28},{"not_picked":["Blizzard","Lockon+1","Buffer"],"picked":"SKIP","floor":29},{"not_picked":["Rebound","Steam Power"],"picked":"Conserve Battery+1","floor":30},{"not_picked":["Amplify","Hyperbeam"],"picked":"Core Surge","floor":33},{"not_picked":["Capacitor","Melter"],"picked":"White Noise","floor":35},{"not_picked":["Blizzard","Ball Lightning"],"picked":"BootSequence+1","floor":36}],"player_experience":92876,"relics_obtained":[{"floor":6,"key":"Bronze Scales"},{"floor":9,"key":"Eternal Feather"},{"floor":12,"key":"Oddly Smooth Stone"},{"floor":23,"key":"Old Coin"},{"floor":26,"key":"Regal Pillow"}],"event_choices":[{"damage_healed":0,"gold_gain":0,"player_choice":"Ignored","damage_taken":0,"max_hp_gain":0,"max_hp_loss":0,"event_name":"Liars Game","floor":4,"gold_loss":0},{"damage_healed":0,"gold_gain":0,"player_choice":"Entered Light","damage_taken":14,"max_hp_gain":0,"max_hp_loss":0,"event_name":"Shining Light","floor":7,"gold_loss":0,"cards_upgraded":["Defend_B","Fusion"]},{"cards_removed":["Defend_B"],"damage_healed":0,"gold_gain":0,"player_choice":"Gave Gold","damage_taken":0,"max_hp_gain":0,"max_hp_loss":0,"event_name":"Beggar","floor":19,"gold_loss":75},{"damage_healed":0,"gold_gain":0,"player_choice":"Copied","damage_taken":0,"max_hp_gain":0,"max_hp_loss":0,"event_name":"Duplicator","floor":20,"gold_loss":0,"cards_obtained":["Aggregate"]}],"is_beta":false,"boss_relics":[{"not_picked":["Velvet Choker","SacredBark"],"picked":"Nuclear Battery"},{"not_picked":["Sozu","Snecko Eye"],"picked":"Runic Dome"}],"items_purged_floors":[11],"is_endless":false,"potions_floor_spawned":[6,8,12,14,18,22,30,33],"killed_by":"Maw","ascension_level":1}}