{"host":"2mxajwyidsax8sss","time":1612100973,"event":{"mods":["100% Spire Juice","2.2 Compatiblity","Act Like it!","Arknights","Aspiration","Bartender","BaseMod","Better Match","Better Note","Better Sensory Stone","Better Vampires","BetterRewards","Block Reminder","CapriCore","Chen","Colored Powertips","Conspire","Decade(???)","Defuse TimeMaze Blight","Downfall","Energized Spire","Friendly Minions","Gensokyo","Googly Eyes","GungeonMod","Hermit","HololiveMod","Hubris","Jorbs\u0027s Wanderer Trilogy","Koishi","Marked Mod","Minty Spire (QoL Compilation)","Nova Terra(??·??)","Permanent Neow","Quick Restart","Random Character Button","Reimu??????","Relic Filter","Relic Stats","Reliquary","Remilia??????","Replay The Spire","SIMod","SOS???????","StSLib","The Animator","The Bug Knight","The Death Knight","The Immortal","The Kombatant","Wandering Minibosses"],"gold_per_floor":[117,7,26,37,49,49,49],"floor_reached":6,"language":"ENG","playtime":774,"items_purged":[],"score":38,"play_id":"0cb34c3d-e81b-454f-8f93-adfd8c6a4208","local_time":"20210131144933","is_ascension_mode":false,"campfire_choices":[],"circlet_count":0,"master_deck":["Koishi:BasicStrike","Koishi:BasicStrike","Koishi:BasicStrike","Koishi:BasicStrike","Koishi:BasicDefend","Koishi:BasicDefend","Koishi:BasicDefend","Koishi:BasicDefend","Koishi:Provoke","Koishi:HauntingSlash","Koishi:Heartbroken","Koishi:CatchAndRose","Koishi:LastRemote","Koishi:LastRemote","Koishi:UnconsciousUprising","Koishi:SubconsciousSweep","Koishi:UnconsciousUprising","Koishi:TremblingHands"],"relics":["Koishi:ImaginaryFriend"],"acts_visited":["Exordium"],"potions_floor_usage":[6],"damage_taken":[{"damage":8,"enemies":"Cultist","floor":1,"turns":5},{"damage":0,"enemies":"Small Slimes","floor":3,"turns":4},{"damage":2,"enemies":"conspire:RoseBush","floor":4,"turns":5},{"damage":33,"enemies":"Gremlin Gang","floor":5,"turns":7},{"damage":23,"enemies":"Lagavulin","floor":6,"turns":6}],"seed_played":"3354293177218173881","potions_obtained":[{"floor":3,"key":"Swift Potion"},{"floor":4,"key":"Reflective Coating"},{"floor":5,"key":"LiquidMemories"}],"is_trial":false,"path_per_floor":["M","$","M","M","M","E"],"character_chosen":"KOISHI","items_purchased":["Koishi:LastRemote","Koishi:UnconsciousUprising"],"campfire_rested":0,"item_purchase_floors":[2,2],"current_hp_per_floor":[54,54,55,53,23,0,0],"gold":49,"neow_bonus":"ONE_RANDOM_RARE_CARD","is_daily":false,"chose_seed":false,"campfire_upgraded":0,"win_rate":0.0,"timestamp":1612100973,"path_taken":["M","$","M","?","M","E"],"items_purchased_type":["Card","Card"],"build_version":"2020-12-22","purchased_purges":0,"victory":false,"max_hp_per_floor":[60,60,60,60,60,60,60],"relic_stats":{"counters":[5,25],"obtain_stats":[{"Koishi:ImaginaryFriend":0},{"Koishi:ImaginaryFriend":0},{"Koishi:ImaginaryFriend":0}]},"card_choices":[{"not_picked":["Koishi:StingingMind","Koishi:BloodcurdlingScream"],"picked":"Koishi:CatchAndRose","floor":1},{"not_picked":["Koishi:FleetingPhantom","Koishi:MindNumbingTerror"],"picked":"Koishi:SubconsciousSweep","floor":3},{"not_picked":["Koishi:ApparitionsStalkTheNight","Koishi:CatchAndRose"],"picked":"Koishi:UnconsciousUprising","floor":4},{"not_picked":["Koishi:ParalyzingFear","Koishi:DanmakuParanoia"],"picked":"Koishi:TremblingHands","floor":5}],"player_experience":187040,"relics_obtained":[],"event_choices":[],"is_beta":false,"boss_relics":[],"items_purged_floors":[],"is_endless":false,"potions_floor_spawned":[3,4,5],"killed_by":"Lagavulin","ascension_level":0}}