{"host":"5dhwd44u3dydylwe","time":1612060025,"event":{"mods":["AchievementEnabler","BaseMod","BetterRewards","Dota2Spire","Hubris","Minty Spire (QoL Compilation)","Shop Mod","StSLib","Wandering Minibosses"],"gold_per_floor":[114,134,134,63,75,75,107,125,153,153,153,166,198,214,137,212,212,309,309,324,338,338,27,27,27,43,74,89,115,115,115,141,141,141,141,154,154,257,257,272,272,272,23,38,66,66,66,66,66,66,66,86,86,86,99,99,99,99,99,49,75,75],"floor_reached":63,"language":"ENG","playtime":3508,"items_purged":["Strike_G","Defend_G","Strike_G","Strike_G"],"score":2031,"play_id":"41f1faac-088e-4e93-afc1-afe36e09092d","local_time":"20210131102705","is_ascension_mode":true,"campfire_choices":[{"data":"Accuracy","floor":6,"key":"SMITH"},{"data":"Glass Knife","floor":11,"key":"SMITH"},{"data":"Footwork","floor":17,"key":"SMITH"},{"floor":25,"key":"DIG"},{"floor":31,"key":"DIG"},{"floor":33,"key":"DIG"},{"floor":35,"key":"DIG"},{"floor":37,"key":"DIG"},{"floor":46,"key":"RECALL"},{"floor":51,"key":"DIG"},{"floor":54,"key":"DIG"},{"floor":56,"key":"DIG"},{"floor":59,"key":"DIG"}],"circlet_count":0,"master_deck":["LessonLearned+1","Strike_G+1","Strike_G+1","Defend_G+1","Defend_G+1","Defend_G+1","Survivor+1","Neutralize+1","Cloak And Dagger+1","Blade Dance+1","Backflip+1","Dagger Spray+1","Cloak And Dagger+1","Glass Knife+1","Cloak And Dagger+1","Riddle With Holes+1","Envenom+1","Crippling Poison+1","Malaise+1","Burst+1","Blade Dance+1"],"relics":["Ring of the Snake","Letter Opener","Vajra","hubris:SlimyHat","HornCleat","Snake Skull","Whetstone","hubris:Metronome","Dota2Spire:PhaseBoots","Dota2Spire:OrchidMalevolence","hubris:TinFlute","hubris:Backtick","Dota2Spire:AssaultCuirass","wanderingMiniBosses:Blackblade","Bird Faced Urn","Shovel","Nloth\u0027s Gift","Dota2Spire:BladeMail","Dota2Spire:LinkenSphere","Bottled Tornado","Juzu Bracelet","Dota2Spire:AghanimScepter","Gremlin Horn","Eternal Feather","hubris:Teleporter","Fusion Hammer","War Paint","Dota2Spire:BattleFury","hubris:DuctTape","hubris:CuriousFeather","Kunai","hubris:Towel","Ornamental Fan","Dota2Spire:Satanic","hubris:DeckOfHolding","Bottled Lightning","InkBottle"],"acts_visited":[],"potions_floor_usage":[62,62],"damage_taken":[{"damage":0,"enemies":"Cultist","floor":1,"turns":4},{"damage":0,"enemies":"2 Louse","floor":2,"turns":5},{"damage":0,"enemies":"Jaw Worm","floor":5,"turns":3},{"damage":1,"enemies":"Gremlin Nob","floor":7,"turns":4},{"damage":0,"enemies":"Large Slime","floor":8,"turns":5},{"damage":0,"enemies":"3 Sentries","floor":9,"turns":3},{"damage":9,"enemies":"Exordium Thugs","floor":12,"turns":8},{"damage":0,"enemies":"Gremlin Nob","floor":13,"turns":4},{"damage":2,"enemies":"Blue Slaver","floor":14,"turns":6},{"damage":7,"enemies":"The Guardian","floor":18,"turns":7},{"damage":11,"enemies":"2 Thieves","floor":20,"turns":3},{"damage":0,"enemies":"Spheric Guardian","floor":21,"turns":9},{"damage":0,"enemies":"Centurion and Healer","floor":26,"turns":5},{"damage":12,"enemies":"Slavers","floor":27,"turns":6},{"damage":0,"enemies":"Snecko","floor":28,"turns":7},{"damage":1,"enemies":"Gremlin Leader","floor":32,"turns":4},{"damage":0,"enemies":"Chosen and Byrds","floor":36,"turns":2},{"damage":14,"enemies":"hubris:MusketHawk","floor":38,"turns":5},{"damage":0,"enemies":"3 Darklings","floor":40,"turns":3},{"damage":0,"enemies":"3 Shapes","floor":44,"turns":2},{"damage":0,"enemies":"Giant Head","floor":45,"turns":2},{"damage":0,"enemies":"Jaw Worm Horde","floor":52,"turns":2},{"damage":0,"enemies":"Maw","floor":55,"turns":2},{"damage":1,"enemies":"hubris:GrandSnecko","floor":57,"turns":4},{"damage":0,"enemies":"Shield and Spear","floor":61,"turns":1},{"damage":1,"enemies":"The Heart","floor":62,"turns":5}],"seed_played":"-2956905817853536965","potions_obtained":[{"floor":5,"key":"DistilledChaos"},{"floor":7,"key":"SmokeBomb"},{"floor":14,"key":"Weak Potion"},{"floor":34,"key":"GhostInAJar"},{"floor":52,"key":"CunningPotion"}],"is_trial":false,"path_per_floor":["M","M","?","$","M","R","E","M","E","T","R","M","E","M","$","?","R","B",null,"M","M","?","$","?","R","M","E","M","T","T","R","E","R","?","R","M","R","B",null,"M","T","?","$","M","E","R","?","?","T","?","R","M","?","R","M","R","B",null,"R","$","E","B",null],"character_chosen":"THE_SILENT","items_purchased":["Cloak And Dagger","Letter Opener","Blade Dance","Vajra","Lee\u0027s Waffle","Backflip","hubris:SlimyHat","HornCleat","Snake Skull","Whetstone","Accuracy","BlessingOfTheForge","Glass Knife","Footwork","Shovel","hubris:DuctTape","Block Potion"],"campfire_rested":0,"item_purchase_floors":[0,0,0,0,0,0,0,0,0,0,0,0,4,15,23,43,60],"current_hp_per_floor":[77,77,77,77,77,77,76,76,76,76,76,67,67,65,65,54,54,47,70,59,59,59,59,59,59,63,57,61,61,61,61,64,64,64,64,68,77,66,74,77,77,77,77,77,77,77,77,77,77,77,77,77,77,77,77,77,76,77,77,77,77,76],"gold":75,"neow_bonus":"","is_daily":false,"chose_seed":false,"campfire_upgraded":3,"win_rate":0.0,"timestamp":1612060025,"path_taken":["M","M","?","?","?","R","E","M","E","T","R","M","E","M","$","?","R","BOSS","M","M","?","$","?","R","M","E","?","T","T","R","E","R","?","R","M","R","BOSS","M","?","?","?","M","E","R","?","?","T","?","R","M","?","R","M","R","BOSS","R","$","E","BOSS"],"items_purchased_type":["Card","Relic","Card","Relic","Relic","Card","Relic","Relic","Relic","Relic","Card","Potion","Card","Card","Relic","Relic","Potion"],"build_version":"2020-12-22","purchased_purges":4,"victory":true,"max_hp_per_floor":[77,77,77,77,77,77,77,77,77,77,77,77,77,77,77,77,77,77,77,77,77,77,77,77,77,77,77,77,77,77,77,77,77,77,77,77,77,77,77,77,77,77,77,77,77,77,77,77,77,77,77,77,77,77,77,77,77,77,77,77,77,77],"card_choices":[{"not_picked":["Underhanded Strike","Flying Knee"],"picked":"Dagger Spray","floor":1},{"not_picked":["Dagger Spray","Setup"],"picked":"Cloak And Dagger","floor":2},{"not_picked":["Underhanded Strike","Blade Dance","Outmaneuver"],"picked":"SKIP","floor":5},{"not_picked":["Well Laid Plans","A Thousand Cuts","Bane"],"picked":"SKIP","floor":7},{"not_picked":["Well Laid Plans","Dagger Throw","Prepared"],"picked":"SKIP","floor":8},{"not_picked":["Dagger Spray","Reflex","Venomology"],"picked":"SKIP","floor":9},{"not_picked":["Bane","Choke"],"picked":"Cloak And Dagger","floor":12},{"not_picked":["Outmaneuver","Predator"],"picked":"Riddle With Holes","floor":13},{"not_picked":["Poisoned Stab","Deadly Poison","Cloak And Dagger"],"picked":"SKIP","floor":14},{"not_picked":["Night Terror","Bullet Time"],"picked":"Envenom","floor":18},{"not_picked":["Eviscerate","Deadly Poison"],"picked":"Crippling Poison","floor":20},{"not_picked":["wanderingMiniBosses:FinaleOfPromise"],"picked":"SKIP","floor":20},{"not_picked":["Flying Knee","Underhanded Strike+1","Heel Hook"],"picked":"SKIP","floor":21},{"not_picked":["Skewer","Bane"],"picked":"Malaise","floor":26},{"not_picked":["Well Laid Plans","Skewer","Deadly Poison"],"picked":"SKIP","floor":28},{"not_picked":["Dagger Spray","Caltrops","Die Die Die"],"picked":"SKIP","floor":32},{"not_picked":["Outmaneuver+1","Dagger Throw","Escape Plan"],"picked":"SKIP","floor":36},{"not_picked":["Glass Knife","Unload"],"picked":"Burst","floor":38},{"not_picked":["Accuracy+1","Tactician+1","Deadly Poison"],"picked":"SKIP","floor":40},{"not_picked":["Endless Agony+1","Flying Knee+1"],"picked":"Blade Dance+1","floor":44},{"not_picked":["Tools of the Trade","Distraction","Dagger Throw"],"picked":"SKIP","floor":45},{"not_picked":["hubris:Counter+1","PiercingWail","Reflex+1"],"picked":"SKIP","floor":52},{"not_picked":["Slice","Poisoned Stab+1","Prepared"],"picked":"SKIP","floor":55},{"not_picked":["Slice+1","Riddle With Holes+1","Tools of the Trade"],"picked":"SKIP","floor":61}],"player_experience":134077,"relics_obtained":[{"floor":7,"key":"hubris:Metronome"},{"floor":9,"key":"Dota2Spire:PhaseBoots"},{"floor":10,"key":"Dota2Spire:OrchidMalevolence"},{"floor":13,"key":"hubris:TinFlute"},{"floor":20,"key":"wanderingMiniBosses:Blackblade"},{"floor":25,"key":"Dota2Spire:BladeMail"},{"floor":27,"key":"Dota2Spire:LinkenSphere"},{"floor":30,"key":"Bottled Tornado"},{"floor":31,"key":"Juzu Bracelet"},{"floor":32,"key":"Dota2Spire:AghanimScepter"},{"floor":33,"key":"Gremlin Horn"},{"floor":35,"key":"Eternal Feather"},{"floor":37,"key":"hubris:Teleporter"},{"floor":41,"key":"War Paint"},{"floor":45,"key":"hubris:CuriousFeather"},{"floor":49,"key":"Kunai"},{"floor":51,"key":"Ornamental Fan"},{"floor":54,"key":"Dota2Spire:Satanic"},{"floor":56,"key":"hubris:DeckOfHolding"},{"floor":59,"key":"Bottled Lightning"},{"floor":61,"key":"InkBottle"}],"event_choices":[{"cards_removed":["Defend_G"],"damage_healed":0,"gold_gain":0,"player_choice":"Card Removal","damage_taken":0,"max_hp_gain":0,"max_hp_loss":0,"event_name":"Wheel of Change","floor":3,"gold_loss":0},{"damage_healed":0,"gold_gain":75,"player_choice":"Gather Gold","damage_taken":11,"max_hp_gain":0,"max_hp_loss":0,"event_name":"World of Goop","floor":16,"gold_loss":0},{"damage_healed":0,"gold_gain":0,"player_choice":"Opened","damage_taken":0,"relics_obtained":["Bird Faced Urn"],"max_hp_gain":0,"max_hp_loss":0,"event_name":"The Mausoleum","floor":22,"gold_loss":0},{"damage_healed":0,"gold_gain":0,"player_choice":"Traded Relic","damage_taken":0,"relics_obtained":["Nloth\u0027s Gift"],"max_hp_gain":0,"max_hp_loss":0,"event_name":"N\u0027loth","floor":24,"relics_lost":["Lee\u0027s Waffle"],"gold_loss":0},{"damage_healed":0,"gold_gain":0,"player_choice":"Got Potions","damage_taken":0,"max_hp_gain":0,"max_hp_loss":0,"event_name":"Lab","floor":34,"gold_loss":0},{"damage_healed":0,"gold_gain":0,"player_choice":"Gave Potion","damage_taken":0,"relics_obtained":["Dota2Spire:BattleFury"],"max_hp_gain":0,"max_hp_loss":0,"event_name":"WeMeetAgain","floor":42,"gold_loss":0},{"damage_healed":0,"gold_gain":0,"player_choice":"0 cards matched","damage_taken":0,"max_hp_gain":0,"max_hp_loss":0,"event_name":"Match and Keep!","floor":48,"gold_loss":0,"cards_obtained":[]},{"damage_healed":0,"gold_gain":0,"player_choice":"Memory 1","damage_taken":0,"max_hp_gain":0,"max_hp_loss":0,"event_name":"SensoryStone","floor":53,"gold_loss":0}],"is_beta":false,"boss_relics":[{"not_picked":["Pandora\u0027s Box","hubris:ScarierMask"],"picked":"hubris:Backtick"},{"not_picked":["hubris:RunicObelisk","Sozu"],"picked":"Fusion Hammer"}],"items_purged_floors":[0,0,0,0],"is_endless":false,"potions_floor_spawned":[5,7,9,14,18,20,26,27,52,61],"ascension_level":5}}