{"host":"39i3emxub3h8uyq3","time":1612130686,"event":{"mods":["AchievementEnabler","BaseMod","Clockwork Mod","Colored Map","Colored Powertips","DeckTracker","Downfall","Glutton Mod","Gold Saver","Hubris","Minty Spire (QoL Compilation)","Permanent Neow","Quick Restart","Rare Cards Sparkle","Replay The Spire","StSLib","The Bug Knight","The Jungle","The Necromancer","TheHeartMod","Wandering Minibosses"],"gold_per_floor":[759,759,291,305,305,632,133,133,215,215,215,215,235,235,21,33,33,131,131,141,160,0,0,0,0],"floor_reached":24,"language":"ENG","playtime":2563,"items_purged":[],"score":242,"play_id":"f47e6ba2-d9a2-40b3-a937-f9c9304b8998","local_time":"20210131170446","is_ascension_mode":false,"campfire_choices":[{"floor":10,"key":"REST"},{"floor":14,"key":"REST"},{"floor":17,"key":"REST"}],"circlet_count":0,"master_deck":["Strike_G","Strike_G","Strike_G","Strike_G","Strike_G","Defend_G","Defend_G","Defend_G","Defend_G","Defend_G","Survivor","Neutralize","Dagger Spray","Noxious Fumes","Endless Agony+1","Dash","Noxious Fumes","Pot Of Greed","Pot Of Greed","Slice","Bouncing Flask","Caltrops+1","Die Die Die","Skewer","Slice","Infinite Blades","Pot Of Greed","Deadly Poison","Dodge and Roll","Poisoned Stab","Accuracy+1","Deadly Poison","Bane","Replay:Poison Smokescreen","Die Die Die","Slice+1","Infinite Blades+1","Finisher+1","Dagger Spray","Pot Of Greed"],"relics":["Honey Jar","Blue Doll","Replay:Wax Seal","DollysMirror","Grinning Jar","hubris:Towel","Old Coin","Prayer Wheel","Orrery","Pear","hubris:EmptyBottle","hubris:HollowSoul"],"acts_visited":["Exordium","TheCity"],"potions_floor_usage":[21,21],"damage_taken":[{"damage":0,"enemies":"Jaw Worm","floor":1,"turns":3},{"damage":10,"enemies":"Small Slimes","floor":4,"turns":3},{"damage":21,"enemies":"Lagavulin","floor":6,"turns":7},{"damage":7,"enemies":"2 Louse","floor":13,"turns":3},{"damage":0,"enemies":"Lots of Slimes","floor":16,"turns":1},{"damage":39,"enemies":"Fading Forest","floor":18,"turns":11},{"damage":3,"enemies":"Chosen","floor":20,"turns":5},{"damage":20,"enemies":"2 Thieves","floor":21,"turns":3},{"damage":16,"enemies":"Shelled Parasite and Fungi","floor":24,"turns":2}],"seed_played":"6938247733002941476","potions_obtained":[{"floor":16,"key":"AttackPotion"},{"floor":18,"key":"Swift Potion"},{"floor":21,"key":"Languid Potion"}],"is_trial":false,"path_per_floor":["M","?","$","M","?","E","$","?","T","R","PTL","PTL","M","R","$","M","R","B",null,"M","M","?","?","M"],"character_chosen":"THE_SILENT","items_purchased":["Noxious Fumes","Endless Agony+1","Dash","Replay:Wax Seal","DollysMirror","Grinning Jar","Caltrops+1","Prayer Wheel","Orrery","Accuracy+1","hubris:EmptyBottle","Deadly Poison"],"campfire_rested":3,"item_purchase_floors":[3,3,3,3,3,3,7,7,7,15,15,15],"current_hp_per_floor":[70,58,58,48,48,27,27,27,37,61,61,61,54,78,78,78,80,51,80,77,57,57,49,0,0],"gold":0,"neow_bonus":"BOSS_RELIC","is_daily":false,"chose_seed":false,"campfire_upgraded":0,"win_rate":0.0,"timestamp":1612130686,"path_taken":["M","?","$","M","?","E","$","?","T","R","PTL","PTL","M","R","$","?","R","BOSS","M","M","?","?","M"],"items_purchased_type":["Card","Card","Card","Relic","Relic","Relic","Card","Relic","Relic","Card","Relic","Card"],"build_version":"2020-12-22","purchased_purges":0,"victory":false,"max_hp_per_floor":[70,70,70,70,70,70,70,70,80,80,80,80,80,80,80,80,80,80,80,80,80,80,80,80,80],"card_choices":[{"not_picked":["ReplayTheSpireMod:Exploit Weakness","Choke","Endless Agony"],"picked":"Dagger Spray","floor":1},{"not_picked":["Flechettes","Footwork","Acrobatics"],"picked":"Slice","floor":4},{"not_picked":["ReplayTheSpireMod:Tripwire","Escape Plan","Deflect"],"picked":"Bouncing Flask","floor":6},{"not_picked":["Acrobatics","Poisoned Stab","Cloak And Dagger"],"picked":"Die Die Die","floor":7},{"not_picked":["hubris:SlightOfHand","Finisher","Escape Plan"],"picked":"Skewer","floor":7},{"not_picked":["Cloak And Dagger","Masterful Stab","Backstab"],"picked":"Slice","floor":7},{"not_picked":["hubris:SlightOfHand","Wraith Form v2","Outmaneuver"],"picked":"Infinite Blades","floor":7},{"not_picked":["Hidden Blade","Backflip","Expertise"],"picked":"Deadly Poison","floor":7},{"not_picked":["Tactician","Choke","Underhanded Strike"],"picked":"Dodge and Roll","floor":13},{"not_picked":["Expertise","Night Terror","hubris:SlightOfHand"],"picked":"Poisoned Stab","floor":13},{"not_picked":["ReplayTheSpireMod:Scrap Shanks","PiercingWail","hubris:SlightOfHand"],"picked":"Bane","floor":16},{"not_picked":["Quick Slash","ReplayTheSpireMod:Speed Training","Finisher"],"picked":"Replay:Poison Smokescreen","floor":16},{"not_picked":["After Image","Night Terror","Replay:Bag of Tricks"],"picked":"Die Die Die","floor":18},{"not_picked":["Prepared+1","PiercingWail","Leg Sweep"],"picked":"Slice+1","floor":20},{"not_picked":["Skewer+1","Acrobatics","Underhanded Strike+1"],"picked":"Infinite Blades+1","floor":20},{"not_picked":["Choke","Skewer","ReplayTheSpireMod:The Works+1"],"picked":"Finisher+1","floor":21},{"not_picked":["Endless Agony","Backflip","Sucker Punch+1"],"picked":"Dagger Spray","floor":21}],"player_experience":83536,"relics_obtained":[{"floor":6,"key":"Old Coin"},{"floor":9,"key":"Pear"}],"event_choices":[{"damage_healed":0,"gold_gain":0,"player_choice":"Success","damage_taken":12,"relics_obtained":["Blue Doll"],"max_hp_gain":0,"max_hp_loss":0,"event_name":"Scrap Ooze","floor":2,"gold_loss":0},{"damage_healed":0,"gold_gain":0,"player_choice":"Ignored","damage_taken":0,"max_hp_gain":0,"max_hp_loss":0,"event_name":"Purifier","floor":8,"gold_loss":0},{"damage_healed":0,"gold_gain":0,"player_choice":"Paid Fearfully","damage_taken":0,"max_hp_gain":0,"max_hp_loss":0,"event_name":"Masked Bandits","floor":22,"gold_loss":160},{"damage_healed":0,"gold_gain":0,"player_choice":"Damaged","damage_taken":8,"max_hp_gain":0,"max_hp_loss":0,"event_name":"Wheel of Change","floor":23,"gold_loss":0}],"is_beta":false,"boss_relics":[{"not_picked":["Runic Dome","Fusion Hammer"],"picked":"hubris:HollowSoul"}],"items_purged_floors":[],"is_endless":false,"potions_floor_spawned":[16,18,21],"killed_by":"Shelled Parasite and Fungi","ascension_level":0}}