{"host":"neeznpvpgo0qgfkd","time":1612085900,"event":{"mods":["AchievementEnabler","BaseMod","BetterRewards","Colored Map","Colored Powertips","Exacting","Minty Spire (QoL Compilation)","Permanent Neow","Quick Restart","Shop Mod"],"gold_per_floor":[118,118,130,205,279,328,328,328,351,351,382,46,71,106,106,181,181,191,191,191,268,287,287,315,334,360,360,395,437,457,483,495,580,592,624,670,695,1007,1019,1019],"floor_reached":39,"language":"ENG","playtime":1815,"items_purged":[],"score":1259,"play_id":"2696582e-fee5-4a55-b7b1-8304dacf1774","local_time":"20210131043820","is_ascension_mode":true,"campfire_choices":[{"floor":7,"key":"REST"},{"data":"1","floor":10,"key":"LIFT"},{"floor":15,"key":"REST"},{"floor":23,"key":"REST"},{"floor":27,"key":"REST"},{"floor":32,"key":"REST"}],"circlet_count":0,"master_deck":["AscendersBane","Defend_G","Defend_G","Defend_G","Defend_G","Survivor","Neutralize","Accuracy","Panache","Escape Plan","Flash of Steel","Leg Sweep","Malaise","Flying Knee","Slice","Outmaneuver","Noxious Fumes","Envenom","Corpse Explosion","Bane","Bite","Bite","Bite","Bite","Bite","Necronomicurse","Blade Dance+1","Riddle With Holes","Noxious Fumes","Dagger Spray","Dagger Spray","Outmaneuver+1","Terror+1","A Thousand Cuts","CurseOfTheBell","Blade Dance+1","Catalyst+1"],"relics":["Ring of the Snake","Ancient Tea Set","Regal Pillow","Girya","Shuriken","Snake Skull","Bottled Tornado","MerchantsRug","OrangePellets","Calipers","SlaversCollar","Necronomicon","Toxic Egg 2","MealTicket","Bronze Scales","Art of War","MawBank","Calling Bell","Tiny Chest","InkBottle","TungstenRod"],"acts_visited":["Exordium","TheCity","TheBeyond"],"potions_floor_usage":[6,11,13,16,25,28,35,37],"damage_taken":[{"damage":16,"enemies":"Small Slimes","floor":1,"turns":4},{"damage":0,"enemies":"Cultist","floor":3,"turns":4},{"damage":25,"enemies":"3 Sentries","floor":6,"turns":9},{"damage":9,"enemies":"Gremlin Nob","floor":11,"turns":4},{"damage":20,"enemies":"3 Sentries","floor":13,"turns":7},{"damage":2,"enemies":"2 Louse","floor":14,"turns":2},{"damage":9,"enemies":"The Guardian","floor":16,"turns":8},{"damage":36,"enemies":"Chosen","floor":18,"turns":6},{"damage":6,"enemies":"3 Byrds","floor":22,"turns":4},{"damage":39,"enemies":"Book of Stabbing","floor":24,"turns":5},{"damage":10,"enemies":"Snecko","floor":25,"turns":4},{"damage":14,"enemies":"Slavers","floor":28,"turns":2},{"damage":12,"enemies":"3 Cultists","floor":29,"turns":3},{"damage":27,"enemies":"Shelled Parasite and Fungi","floor":30,"turns":2},{"damage":6,"enemies":"Gremlin Leader","floor":31,"turns":4},{"damage":39,"enemies":"Collector","floor":33,"turns":6},{"damage":17,"enemies":"3 Darklings","floor":35,"turns":3},{"damage":8,"enemies":"3 Shapes","floor":36,"turns":5},{"damage":32,"enemies":"Maw","floor":37,"turns":5},{"damage":36,"enemies":"Writhing Mass","floor":39,"turns":3}],"seed_played":"3923110122656279148","potions_obtained":[{"floor":1,"key":"Block Potion"},{"floor":6,"key":"Poison Potion"},{"floor":6,"key":"DuplicationPotion"},{"floor":11,"key":"Block Potion"},{"floor":24,"key":"PowerPotion"},{"floor":25,"key":"Swift Potion"},{"floor":29,"key":"FairyPotion"},{"floor":33,"key":"Dexterity Potion"},{"floor":36,"key":"EssenceOfSteel"}],"is_trial":false,"path_per_floor":["M","?","M","?","T","E","R","T","T","R","E","$","E","M","R","B",null,"M","?","?","T","M","R","E","M","T","R","E","M","M","E","R","B",null,"M","M","M","?","M"],"character_chosen":"THE_SILENT","items_purchased":["Ancient Tea Set","Accuracy","Lee\u0027s Waffle","Regal Pillow","Panache","Escape Plan","Strawberry","Flash of Steel","MerchantsRug","OrangePellets","Noxious Fumes"],"campfire_rested":5,"item_purchase_floors":[0,0,0,0,0,0,0,0,12,12,12],"current_hp_per_floor":[64,64,64,53,53,28,67,67,67,67,58,58,38,36,75,66,77,41,41,20,20,24,55,23,19,19,50,40,32,7,7,38,9,44,27,21,18,18,0,0],"gold":1019,"neow_bonus":"","is_daily":false,"chose_seed":false,"campfire_upgraded":0,"win_rate":0.0,"timestamp":1612085900,"path_taken":["M","?","?","?","?","E","R","?","T","R","E","$","E","M","R","BOSS","M","?","?","?","M","R","E","M","T","R","E","M","M","E","R","BOSS","M","?","M","?","M"],"items_purchased_type":["Relic","Card","Relic","Relic","Card","Card","Relic","Card","Relic","Relic","Card"],"build_version":"2020-12-22","purchased_purges":0,"victory":false,"max_hp_per_floor":[80,80,80,80,80,80,80,80,80,80,80,80,80,80,80,80,80,80,56,56,56,56,56,56,56,56,56,56,56,56,56,56,56,56,56,56,56,56,56,56],"card_choices":[{"not_picked":["Underhanded Strike","Deadly Poison"],"picked":"Leg Sweep","floor":1},{"not_picked":["Backflip","Underhanded Strike"],"picked":"Flying Knee","floor":3},{"not_picked":["Outmaneuver","Finisher"],"picked":"Slice","floor":6},{"not_picked":["Blur","Prepared"],"picked":"Outmaneuver","floor":11},{"not_picked":["Quick Slash","Bane","Flechettes"],"picked":"SKIP","floor":13},{"not_picked":["Prepared","Flechettes"],"picked":"Envenom","floor":14},{"not_picked":["Malaise","Venomology"],"picked":"Corpse Explosion","floor":16},{"not_picked":["Heel Hook","Catalyst"],"picked":"Bane","floor":18},{"not_picked":["Bane","Slice"],"picked":"Blade Dance+1","floor":22},{"not_picked":["Footwork","Prepared+1"],"picked":"Riddle With Holes","floor":24},{"not_picked":["Concentrate+1","PiercingWail+1"],"picked":"Noxious Fumes","floor":25},{"not_picked":["Underhanded Strike","Bane"],"picked":"Dagger Spray","floor":28},{"not_picked":["Distraction+1","Corpse Explosion+1"],"picked":"Dagger Spray","floor":29},{"not_picked":["Flying Knee","Deadly Poison+1"],"picked":"Outmaneuver+1","floor":30},{"not_picked":["Dagger Throw","Blur+1"],"picked":"Terror+1","floor":31},{"not_picked":["Bullet Time+1","Wraith Form v2"],"picked":"A Thousand Cuts","floor":33},{"not_picked":["Heel Hook+1","Accuracy"],"picked":"Blade Dance+1","floor":35},{"not_picked":["Bane+1","PiercingWail+1","Distraction+1"],"picked":"SKIP","floor":36},{"not_picked":["Wraith Form v2","All Out Attack"],"picked":"Catalyst+1","floor":37}],"player_experience":1947245,"relics_obtained":[{"floor":5,"key":"Shuriken"},{"floor":6,"key":"Snake Skull"},{"floor":8,"key":"Bottled Tornado"},{"floor":11,"key":"Dream Catcher"},{"floor":13,"key":"Calipers"},{"floor":20,"key":"Necronomicon"},{"floor":21,"key":"Toxic Egg 2"},{"floor":24,"key":"MealTicket"},{"floor":26,"key":"Bronze Scales"},{"floor":28,"key":"Art of War"},{"floor":31,"key":"MawBank"},{"floor":34,"key":"Tiny Chest"},{"floor":34,"key":"InkBottle"},{"floor":34,"key":"TungstenRod"}],"event_choices":[{"damage_healed":0,"gold_gain":0,"cards_transformed":["Defend_G"],"player_choice":"Transformed","damage_taken":0,"max_hp_gain":0,"max_hp_loss":0,"event_name":"Transmorgrifier","floor":2,"gold_loss":0,"cards_obtained":["Malaise"]},{"damage_healed":0,"gold_gain":75,"player_choice":"Gather Gold","damage_taken":11,"max_hp_gain":0,"max_hp_loss":0,"event_name":"World of Goop","floor":4,"gold_loss":0},{"damage_healed":0,"gold_gain":0,"player_choice":"Became a vampire","damage_taken":0,"max_hp_gain":0,"max_hp_loss":24,"event_name":"Vampires","floor":19,"gold_loss":0,"cards_obtained":["Bite","Bite","Bite","Bite","Bite"]},{"damage_healed":0,"gold_gain":0,"player_choice":"Obtained Book","damage_taken":21,"max_hp_gain":0,"max_hp_loss":0,"event_name":"Cursed Tome","floor":20,"gold_loss":0},{"damage_healed":0,"gold_gain":300,"player_choice":"Gold","damage_taken":0,"max_hp_gain":0,"max_hp_loss":0,"event_name":"Wheel of Change","floor":38,"gold_loss":0}],"is_beta":false,"boss_relics":[{"not_picked":["Pandora\u0027s Box","Sozu"],"picked":"SlaversCollar"},{"not_picked":["Runic Dome","Fusion Hammer"],"picked":"Calling Bell"}],"items_purged_floors":[],"is_endless":false,"potions_floor_spawned":[1,6,11,24,25,29,33,36],"killed_by":"Writhing Mass","ascension_level":19}}