{"host":"cr7q8pgzl2n5laz9","time":1612106779,"event":{"mods":["BaseMod","Minty Spire (QoL Compilation)","Quick Restart","Replay The Spire","Shop Mod","StSLib"],"gold_per_floor":[118,118,3,3,3,31,42,62,89,89,108,139,155,183,183,259,259,278,294,310,310,225,125,139,139,139,139,139,139],"floor_reached":28,"language":"ZHS","playtime":766,"items_purged":["Defend_G","Strike_G"],"score":518,"play_id":"dd13c909-62e3-4eef-8d73-1cd9d2a52576","local_time":"20210131232619","is_ascension_mode":true,"campfire_choices":[{"data":"Concentrate","floor":15.0,"key":"SMITH"},{"data":"Calculated Gamble","floor":25.0,"key":"SMITH"},{"data":"Burst","floor":27.0,"key":"SMITH"}],"circlet_count":0,"master_deck":["AscendersBane","Strike_G","Strike_G","Strike_G","Defend_G","Defend_G","Defend_G","Defend_G","Skewer+1","Predator+1","Leap","Beam Cell","Burst+1","PiercingWail","Acrobatics+1","Flechettes","Concentrate+1","Infinite Blades","Atom Bomb","Calculated Gamble+1","Well Laid Plans+1","Reflex+1"],"relics":["Ring of the Snake","NeowsBlessing","Juzu Bracelet","Bag of Marbles","Mango","Anchor","Sozu","MutagenicStrength","Replay:Mystery Machine"],"acts_visited":["Exordium","TheCity"],"potions_floor_usage":[],"damage_taken":[{"damage":0.0,"enemies":"Jaw Worm","floor":1.0,"turns":1.0},{"damage":0.0,"enemies":"3 Sentries","floor":6.0,"turns":1.0},{"damage":0.0,"enemies":"2 Louse","floor":7.0,"turns":1.0},{"damage":0.0,"enemies":"Small Slimes","floor":8.0,"turns":2.0},{"damage":3.0,"enemies":"Looter","floor":11.0,"turns":3.0},{"damage":2.0,"enemies":"Lagavulin","floor":12.0,"turns":3.0},{"damage":4.0,"enemies":"2 Fungi Beasts","floor":13.0,"turns":2.0},{"damage":0.0,"enemies":"Gremlin Nob","floor":14.0,"turns":2.0},{"damage":14.0,"enemies":"Hexaghost","floor":16.0,"turns":9.0},{"damage":0.0,"enemies":"Chosen","floor":18.0,"turns":1.0},{"damage":1.0,"enemies":"2 Thieves","floor":19.0,"turns":3.0},{"damage":9.0,"enemies":"Cultist and Chosen","floor":20.0,"turns":5.0},{"damage":7.0,"enemies":"Centurion and Healer","floor":24.0,"turns":3.0},{"damage":0,"enemies":"Gremlin Leader","floor":28,"turns":1}],"seed_played":"-7718968505588223163","potions_obtained":[{"floor":6.0,"key":"Energy Potion"},{"floor":11.0,"key":"Explosive Potion"},{"floor":14.0,"key":"Block Potion"}],"is_trial":false,"path_per_floor":["M","?","$","?","?","E","M","M","T","?","M","E","M","E","R","B",null,"M","M","M","?","?","$","M","R","T","R","E"],"character_chosen":"THE_SILENT","items_purchased":["Predator"],"campfire_rested":0,"item_purchase_floors":[3],"current_hp_per_floor":[59,59,59,59,59,59,59,59,59,39,36,48,44,44,44,30,68,68,67,58,58,58,58,51,51,51,51,51,51],"gold":139,"neow_bonus":"THREE_ENEMY_KILL","is_daily":false,"chose_seed":false,"campfire_upgraded":3,"win_rate":0.0,"timestamp":1612106779,"path_taken":["M","?","$","?","?","E","M","M","T","?","M","E","M","E","R","BOSS","M","M","M","?","?","$","M","R","T","R","E"],"items_purchased_type":["Card"],"build_version":"2020-12-22","purchased_purges":2,"victory":false,"max_hp_per_floor":[66,66,66,66,66,66,66,66,66,66,66,80,80,80,80,80,80,80,80,80,80,80,80,80,80,80,80,80,80],"card_choices":[{"not_picked":["Slice","Finisher"],"picked":"Skewer","floor":1.0},{"not_picked":["Predator","Dodge and Roll"],"picked":"Burst","floor":6.0},{"not_picked":["Choke","Dodge and Roll"],"picked":"PiercingWail","floor":7.0},{"not_picked":["Dodge and Roll","Deadly Poison"],"picked":"Acrobatics","floor":8.0},{"not_picked":["Prepared","Backflip"],"picked":"Flechettes","floor":11.0},{"not_picked":["Storm of Steel","Underhanded Strike"],"picked":"Concentrate","floor":12.0},{"not_picked":["Riddle With Holes","Bouncing Flask","Bane"],"picked":"SKIP","floor":13.0},{"not_picked":["Riddle With Holes","Crippling Poison"],"picked":"Infinite Blades","floor":14.0},{"not_picked":["Burst","After Image"],"picked":"Atom Bomb","floor":16.0},{"not_picked":["Dagger Spray","Poisoned Stab"],"picked":"Calculated Gamble","floor":18.0},{"not_picked":["Bane","Acrobatics","Predator"],"picked":"SKIP","floor":19.0},{"not_picked":["Dagger Throw+1","Outmaneuver"],"picked":"Well Laid Plans+1","floor":20.0},{"not_picked":["Deflect+1","Backflip"],"picked":"Reflex+1","floor":24.0}],"player_experience":1175583,"relics_obtained":[{"floor":6.0,"key":"Juzu Bracelet"},{"floor":9.0,"key":"Bag of Marbles"},{"floor":12.0,"key":"Mango"},{"floor":14.0,"key":"Anchor"}],"event_choices":[{"damage_healed":0.0,"max_hp_gain":0.0,"max_hp_loss":0.0,"gold_gain":0.0,"event_name":"Living Wall","player_choice":"Grow","floor":2.0,"gold_loss":0.0,"damage_taken":0.0,"cards_upgraded":["Skewer"]},{"damage_healed":0.0,"max_hp_gain":0.0,"max_hp_loss":0.0,"gold_gain":0.0,"event_name":"Shining Light","player_choice":"Entered Light","floor":10.0,"gold_loss":0.0,"damage_taken":20.0,"cards_upgraded":["Acrobatics","Predator"]},{"damage_healed":0.0,"max_hp_gain":0.0,"max_hp_loss":0.0,"gold_gain":0.0,"event_name":"Drug Dealer","player_choice":"Inject Mutagens","floor":21.0,"gold_loss":0.0,"damage_taken":0.0,"relics_obtained":["MutagenicStrength"]},{"damage_healed":0.0,"max_hp_gain":0.0,"max_hp_loss":0.0,"gold_gain":0.0,"event_name":"Addict","player_choice":"Obtained Relic","floor":22.0,"gold_loss":85.0,"damage_taken":0.0,"relics_obtained":["Replay:Mystery Machine"]}],"is_beta":false,"boss_relics":[{"not_picked":["Replay:Ancient Bell","Replay:Bronze Core"],"picked":"Sozu"}],"items_purged_floors":[3,23],"is_endless":false,"potions_floor_spawned":[6,11,14,24],"killed_by":"Gremlin Leader","ascension_level":16}}