{"host":"0lnbgkridwifzojt","time":1612059503,"event":{"mods":["BaseMod","Minty Spire (QoL Compilation)","StSLib","The Bug Knight"],"gold_per_floor":[116,116,135,154,164,164,199,199,226,242,252,272,289,299,299,396,396,408,419,119,44,44,44,73,73,99,119,43,54,69,69,69,167,167,179,0,0,0,0,0,12,12,38,38,51,70,70,70],"floor_reached":47,"language":"ENG","playtime":4160,"items_purged":["HollowMod:NailStrikeStart"],"score":451,"play_id":"015dd8d2-d71c-40d0-b994-572b3060448d","local_time":"20210130181823","is_ascension_mode":false,"campfire_choices":[{"data":"HollowMod:GrimmsGift","floor":6,"key":"SMITH"},{"data":"HollowMod:LifebloodCocoon","floor":8,"key":"SMITH"},{"data":"HollowMod:MantisMark","floor":15,"key":"SMITH"},{"data":"HollowMod:ChannelNail","floor":23,"key":"SMITH"},{"floor":32,"key":"REST"},{"data":"HollowMod:GreatSlash","floor":40,"key":"SMITH"},{"data":"Madness","floor":42,"key":"SMITH"},{"floor":44,"key":"RECALL"}],"circlet_count":0,"master_deck":["HollowMod:NailStrikeStart+1","HollowMod:QuickDashStart","HollowMod:FocusHealStart","HollowMod:PogoStrike","HollowMod:MantisMark+1","HollowMod:CrystalDash","HollowMod:SoulStrike","HollowMod:GrimmsGift+1","HollowMod:LifebloodCocoon+1","HollowMod:FastStrike+1","HollowMod:Weaversong","HollowMod:ChannelNail+1","HollowMod:VengefulSpirit","HollowMod:FastStrike","HollowMod:Weaversong","HollowMod:CycloneSlash","HollowMod:DreamGate","HollowMod:NewLastStag","J.A.X.","HollowMod:GreatSlash+1","HollowMod:GoodIntentions+1","HollowMod:InfectedCysts+1","HollowMod:DoubleDash+1","HollowMod:CornifersMapStart+1","HollowMod:CloakDash","Madness+1","Madness","HollowMod:VengefulSpirit+1","HollowMod:FallenFury+1","HollowMod:RecoilStrike"],"relics":["HollowMod:VesselMask","Ancient Tea Set","Whetstone","Sozu","Regal Pillow","Pen Nib","Astrolabe","Red Mask"],"acts_visited":["Exordium","TheCity","TheBeyond"],"potions_floor_usage":[7,11,16,16,24],"damage_taken":[{"damage":0,"enemies":"Small Slimes","floor":1,"turns":2},{"damage":1,"enemies":"Cultist","floor":3,"turns":3},{"damage":0,"enemies":"2 Louse","floor":4,"turns":3},{"damage":10,"enemies":"Looter","floor":5,"turns":3},{"damage":14,"enemies":"Lagavulin","floor":7,"turns":6},{"damage":0,"enemies":"Large Slime","floor":10,"turns":4},{"damage":0,"enemies":"2 Fungi Beasts","floor":11,"turns":2},{"damage":2,"enemies":"Blue Slaver","floor":12,"turns":3},{"damage":2,"enemies":"Looter","floor":13,"turns":3},{"damage":6,"enemies":"2 Fungi Beasts","floor":14,"turns":3},{"damage":43,"enemies":"Hexaghost","floor":16,"turns":6},{"damage":14,"enemies":"2 Thieves","floor":18,"turns":4},{"damage":13,"enemies":"Shell Parasite","floor":19,"turns":4},{"damage":14,"enemies":"HollowMod:Nosk","floor":24,"turns":4},{"damage":19,"enemies":"Chosen and Byrds","floor":27,"turns":7},{"damage":2,"enemies":"Centurion and Healer","floor":29,"turns":3},{"damage":17,"enemies":"3 Cultists","floor":30,"turns":4},{"damage":35,"enemies":"Champ","floor":33,"turns":8},{"damage":6,"enemies":"3 Shapes","floor":35,"turns":3},{"damage":13,"enemies":"3 Darklings","floor":41,"turns":3},{"damage":14,"enemies":"Sphere and 2 Shapes","floor":45,"turns":3},{"damage":26,"enemies":"Maw","floor":46,"turns":5},{"damage":28,"enemies":"Writhing Mass","floor":47,"turns":2}],"seed_played":"8662304191182025836","potions_obtained":[{"floor":1,"key":"CultistPotion"},{"floor":4,"key":"PowerPotion"},{"floor":7,"key":"Fire Potion"},{"floor":11,"key":"SkillPotion"},{"floor":13,"key":"BlessingOfTheForge"},{"floor":14,"key":"PowerPotion"}],"is_trial":false,"path_per_floor":["M","?","M","M","M","R","E","R","T","M","M","M","M","M","R","B",null,"M","M","?","$","?","R","E","?","T","M","$","M","M","?","R","B",null,"M","?","?","?","$","R","M","R","T","R","M","M","M"],"character_chosen":"THE_BUGKNIGHT","items_purchased":["HollowMod:GreatSlash"],"campfire_rested":1,"item_purchase_floors":[28],"current_hp_per_floor":[82,82,81,82,72,72,64,64,64,70,70,74,78,72,72,39,82,74,61,61,61,61,61,47,47,47,34,34,32,21,21,60,31,82,76,76,66,66,66,66,53,53,53,53,39,19,0,0],"gold":70,"neow_bonus":"TEN_PERCENT_HP_BONUS","is_daily":false,"chose_seed":false,"campfire_upgraded":6,"win_rate":0.0,"timestamp":1612059503,"path_taken":["M","?","M","M","?","R","E","R","T","M","M","M","?","M","R","BOSS","M","M","?","$","?","R","E","?","T","M","$","M","M","?","R","BOSS","M","?","?","?","?","R","M","R","T","R","M","M","M"],"items_purchased_type":["Card"],"build_version":"2020-12-22","purchased_purges":1,"victory":false,"max_hp_per_floor":[82,82,82,82,82,82,82,82,82,82,82,82,82,82,82,82,82,82,82,82,82,82,82,82,82,82,82,82,82,82,82,82,82,82,82,82,82,82,82,82,82,82,82,82,82,82,82,82],"card_choices":[{"not_picked":["HollowMod:SharpenedShadows","HollowMod:BaldurShell"],"picked":"HollowMod:MantisMark","floor":1},{"not_picked":["HollowMod:DescendingDark","HollowMod:ChannelNail"],"picked":"HollowMod:SoulStrike","floor":3},{"not_picked":["HollowMod:MonarchWings","HollowMod:NewJinnsSoul"],"picked":"HollowMod:GrimmsGift","floor":4},{"not_picked":["HollowMod:DungDefenderAura","HollowMod:HeavyBlow"],"picked":"HollowMod:LifebloodCocoon","floor":5},{"not_picked":["HollowMod:LifebloodCocoon","HollowMod:DashSlash"],"picked":"HollowMod:FastStrike","floor":7},{"not_picked":["HollowMod:WraithStrike","HollowMod:InfectedAttack"],"picked":"HollowMod:Weaversong","floor":10},{"not_picked":["HollowMod:SoulStrike","HollowMod:ShadowDash"],"picked":"HollowMod:ChannelNail","floor":11},{"not_picked":["HollowMod:LifebloodCore","HollowMod:PureNailStrike","HollowMod:NewJinnsSoul"],"picked":"SKIP","floor":12},{"not_picked":["HollowMod:HeavyBlow","HollowMod:PureNailStrike"],"picked":"HollowMod:VengefulSpirit","floor":13},{"not_picked":["HollowMod:VengefulSpirit","HollowMod:MantisMark"],"picked":"HollowMod:FastStrike","floor":14},{"not_picked":["HollowMod:AwokenDreamNail","HollowMod:theNailsmith"],"picked":"HollowMod:Weaversong","floor":16},{"not_picked":["HollowMod:MonarchWings","HollowMod:ShadowDash"],"picked":"HollowMod:CycloneSlash","floor":18},{"not_picked":["HollowMod:FallenFury","HollowMod:SoulVessel"],"picked":"HollowMod:DreamGate","floor":19},{"not_picked":["HollowMod:SharpenedShadows","HollowMod:LifebloodCore","HollowMod:DescendingDark"],"picked":"SKIP","floor":24},{"not_picked":["HollowMod:InfectedAttack+1","HollowMod:HowlingWraiths","HollowMod:NewJinnsSoul"],"picked":"SKIP","floor":27},{"not_picked":["HollowMod:SoulMaster","HollowMod:NewJinnsSoul"],"picked":"HollowMod:GoodIntentions+1","floor":29},{"not_picked":["HollowMod:AbyssShriek","HollowMod:ShadowDash","HollowMod:SiblingsSouls+1"],"picked":"SKIP","floor":30},{"not_picked":["HollowMod:CornifersMapStart+1","HollowMod:Grubsong"],"picked":"HollowMod:CloakDash","floor":35},{"not_picked":["HollowMod:MawleksShell+1","HollowMod:HeavyBlow"],"picked":"HollowMod:VengefulSpirit+1","floor":41},{"not_picked":["HollowMod:SiblingsSouls+1","HollowMod:InfectedCysts"],"picked":"HollowMod:FallenFury+1","floor":45},{"not_picked":["HollowMod:DesolateDive","HollowMod:CornifersMapStart"],"picked":"HollowMod:RecoilStrike","floor":46}],"player_experience":324258,"relics_obtained":[{"floor":7,"key":"Ancient Tea Set"},{"floor":9,"key":"Whetstone"},{"floor":24,"key":"Regal Pillow"},{"floor":26,"key":"Pen Nib"}],"event_choices":[{"damage_healed":0,"gold_gain":0,"cards_transformed":["HollowMod:NailStrikeStart"],"player_choice":"Transformed","damage_taken":0,"max_hp_gain":0,"max_hp_loss":0,"event_name":"Transmorgrifier","floor":2,"gold_loss":0,"cards_obtained":["HollowMod:CrystalDash"]},{"damage_healed":0,"gold_gain":0,"player_choice":"Obtain J.A.X.","damage_taken":0,"max_hp_gain":0,"max_hp_loss":0,"event_name":"Drug Dealer","floor":22,"gold_loss":0,"cards_obtained":["J.A.X."]},{"cards_removed":["HollowMod:QuickDashStart"],"damage_healed":0,"gold_gain":0,"player_choice":"Elegance","damage_taken":0,"max_hp_gain":0,"max_hp_loss":0,"event_name":"Back to Basics","floor":31,"gold_loss":0},{"damage_healed":0,"gold_gain":0,"player_choice":"Paid","damage_taken":0,"relics_obtained":["Red Mask"],"max_hp_gain":0,"max_hp_loss":0,"event_name":"Tomb of Lord Red Mask","floor":36,"gold_loss":179},{"damage_healed":0,"gold_gain":0,"player_choice":"Embrace Madness","damage_taken":10,"max_hp_gain":0,"max_hp_loss":0,"event_name":"Winding Halls","floor":37,"gold_loss":0,"cards_obtained":["Madness","Madness"]}],"is_beta":false,"boss_relics":[{"not_picked":["Velvet Choker","Black Star"],"picked":"Sozu"},{"not_picked":["Runic Pyramid","Coffee Dripper"],"picked":"Astrolabe"}],"items_purged_floors":[21],"is_endless":false,"potions_floor_spawned":[1,4,7,11,13,14,19,29,30,46],"killed_by":"Writhing Mass","ascension_level":0}}