{"host":"v08pf7n8rny0u2jk","time":1612089482,"event":{"mods":["Act Like it!","BaseMod","BetterRewards","Colored Map","Colored Powertips","Custom Start","Googly Eyes","Marisa（F雨　魔理沙）","Minty Spire (QoL Compilation)","Replay The Spire","Shop Mod","StSLib","SuperFastMode","[IsaacMod]以撒尖塔","[YSDMod]压实度","slay the spire mod where everything is the same but ironclad has a cowboy hat","篝火指南"],"gold_per_floor":[110,285,285,304,322,322,88,88,88,117,192,224,224,224,224,224,224],"floor_reached":16,"language":"ZHS","playtime":1140,"items_purged":["Delirium"],"score":90,"play_id":"7f5e88f1-bcfd-4b3f-9d59-e9fe42ea6c66","local_time":"20210131183802","is_ascension_mode":false,"campfire_choices":[{"floor":6.0,"key":"REST"},{"floor":15,"key":"DIG"}],"circlet_count":0,"master_deck":["Strike_MRS","Strike_MRS","Strike_MRS","Strike_MRS","Defend_MRS","Defend_MRS","Defend_MRS","Defend_MRS","MasterSpark","UpSweep","SuperNova","EventHorizon","FinalSpark","DarkMatter","WitchOfGreed","NonDirectionalLaser+1","AsteroidBelt"],"relics":["MiniHakkero","HushsDoor","YSD","PillsDrop","ReplayTheSpireMod:Ring of Exchange","ReplayTheSpireMod:Ring of Collecting","MerchantsRug","Ring of Hypnosis","Molten Egg 2","Pet Ghost","Singing Bowl","D4"],"acts_visited":["Exordium"],"potions_floor_usage":[16,16],"damage_taken":[{"damage":5.0,"enemies":"Small Slimes","floor":1.0,"turns":3.0},{"damage":17.0,"enemies":"Jaw Worm","floor":4.0,"turns":6.0},{"damage":0.0,"enemies":"2 Louse","floor":5.0,"turns":3.0},{"damage":12.0,"enemies":"Exordium Wildlife","floor":10.0,"turns":6.0},{"damage":21.0,"enemies":"Large Slime","floor":12.0,"turns":7.0},{"damage":32,"enemies":"Fading Forest","floor":16,"turns":11}],"seed_played":"3191050867599350190","potions_obtained":[{"floor":1.0,"key":"BottledSpark"},{"floor":12.0,"key":"Reflective Coating"},{"floor":12.0,"key":"LifebloodPotion"}],"is_trial":false,"path_per_floor":["M","?","?","M","M","R","$","?","T","M","?","M","?","T","R_BF","B"],"character_chosen":"MARISA","items_purchased":["MerchantsRug","WitchOfGreed"],"campfire_rested":1,"item_purchase_floors":[7,7],"current_hp_per_floor":[70,70,70,53,53,75,75,75,75,63,52,31,16,16,16,0,0],"gold":224,"neow_bonus":"ONE_RANDOM_RARE_CARD","is_daily":false,"chose_seed":false,"campfire_upgraded":0,"win_rate":0.0,"timestamp":1612089482,"path_taken":["M","?","?","M","M","R","?","?","T","?","?","M","?","?","R_BF","BOSS"],"items_purchased_type":["Relic","Card"],"build_version":"2020-12-22","purchased_purges":1,"victory":false,"max_hp_per_floor":[75,75,75,75,75,75,75,75,75,75,75,75,75,75,75,75,75],"card_choices":[{"not_picked":["IllusionStar","MysteriousBeam"],"picked":"EventHorizon","floor":1.0},{"not_picked":["EnergyRecoil","LuminesStrike"],"picked":"FinalSpark","floor":4.0},{"not_picked":["GrandCross","BlazeAway"],"picked":"DarkMatter","floor":5.0},{"not_picked":["SporeBomb","PropBag"],"picked":"NonDirectionalLaser+1","floor":10.0},{"not_picked":["Singularity","EnergyRecoil"],"picked":"AsteroidBelt","floor":12.0}],"player_experience":207562,"relics_obtained":[{"floor":3.0,"key":"ReplayTheSpireMod:Ring of Exchange"},{"floor":3.0,"key":"ReplayTheSpireMod:Ring of Collecting"},{"floor":9.0,"key":"Ring of Hypnosis"},{"floor":9.0,"key":"Molten Egg 2"},{"floor":14.0,"key":"Singing Bowl"},{"floor":15,"key":"D4"}],"event_choices":[{"damage_healed":0.0,"max_hp_gain":0.0,"max_hp_loss":0.0,"gold_gain":175.0,"event_name":"Liars Game","player_choice":"AGREE","floor":2.0,"gold_loss":0.0,"damage_taken":0.0,"cards_obtained":["Doubt"]},{"cards_removed":["Doubt"],"damage_healed":0.0,"max_hp_gain":0.0,"max_hp_loss":0.0,"gold_gain":0.0,"event_name":"Fountain of Cleansing","player_choice":"Removed Curses","floor":8.0,"gold_loss":0.0,"damage_taken":0.0},{"damage_healed":0.0,"max_hp_gain":0.0,"max_hp_loss":0.0,"gold_gain":75.0,"event_name":"World of Goop","player_choice":"Gather Gold","floor":11.0,"gold_loss":0.0,"damage_taken":11.0}],"is_beta":false,"boss_relics":[],"items_purged_floors":[7],"is_endless":false,"potions_floor_spawned":[1,12],"killed_by":"Fading Forest","ascension_level":0}}