{"host":"x205naxbihvu3p76","time":1612079787,"event":{"mods":["AchievementEnabler","BaseMod","Minty Spire (QoL Compilation)","StSLib","SuperFastMode"],"gold_per_floor":[113,113,124,124,49,49,90,90,163,201,226,251,251,78,78,169,169,182,182,201,224,224,224,224,224],"floor_reached":24,"language":"KOR","playtime":369,"items_purged":["Strike_B"],"score":458,"play_id":"9539dc31-1736-43ca-8824-85cb97118b58","local_time":"20210131165627","is_ascension_mode":true,"campfire_choices":[{"data":"Loop","floor":6.0,"key":"SMITH"},{"data":"Zap","floor":8.0,"key":"SMITH"},{"data":"Tempest","floor":13.0,"key":"SMITH"},{"data":"Double Energy","floor":15.0,"key":"SMITH"},{"floor":23.0,"key":"REST"}],"circlet_count":0,"master_deck":["AscendersBane","Strike_B","Strike_B","Defend_B","Defend_B","Defend_B","Defend_B","Zap+1","Dualcast","Ball Lightning","Loop+1","Biased Cognition","Tempest+1","Double Energy+1","Cold Snap","Core Surge","Coolheaded"],"relics":["Cracked Core","NeowsBlessing","Golden Idol","Ice Cream","Pear","ClockworkSouvenir","Inserter"],"acts_visited":["Exordium","TheCity"],"potions_floor_usage":[24],"damage_taken":[{"damage":0.0,"enemies":"Jaw Worm","floor":1.0,"turns":1.0},{"damage":0.0,"enemies":"2 Louse","floor":3.0,"turns":1.0},{"damage":0.0,"enemies":"3 Sentries","floor":7.0,"turns":1.0},{"damage":17.0,"enemies":"Lagavulin","floor":10.0,"turns":4.0},{"damage":0.0,"enemies":"Cultist","floor":11.0,"turns":2.0},{"damage":10.0,"enemies":"3 Louse","floor":12.0,"turns":3.0},{"damage":19.0,"enemies":"Hexaghost","floor":16.0,"turns":6.0},{"damage":17.0,"enemies":"Shell Parasite","floor":18.0,"turns":3.0},{"damage":25.0,"enemies":"2 Thieves","floor":20.0,"turns":4.0},{"damage":1.0,"enemies":"Snecko","floor":21.0,"turns":4.0},{"damage":53,"enemies":"Gremlin Leader","floor":24,"turns":4}],"seed_played":"4340219817561444447","potions_obtained":[{"floor":7.0,"key":"DuplicationPotion"},{"floor":11.0,"key":"Dexterity Potion"},{"floor":20.0,"key":"DuplicationPotion"}],"is_trial":false,"path_per_floor":["M","?","M","?","$","R","E","R","T","E","M","M","R","$","R","B",null,"M","?","M","M","?","R","E"],"character_chosen":"DEFECT","items_purchased":["ClockworkSouvenir"],"campfire_rested":1,"item_purchase_floors":[14],"current_hp_per_floor":[64,64,64,64,64,64,64,64,64,57,57,47,47,47,47,28,63,46,46,21,20,20,42,0,0],"gold":224,"neow_bonus":"THREE_ENEMY_KILL","is_daily":false,"chose_seed":false,"campfire_upgraded":4,"win_rate":0.0,"timestamp":1612079787,"path_taken":["M","?","M","?","$","R","E","R","T","E","M","M","R","$","R","BOSS","M","?","M","M","?","R","E"],"items_purchased_type":["Relic"],"build_version":"2020-12-22","purchased_purges":1,"victory":false,"max_hp_per_floor":[71,71,71,64,64,64,64,64,64,74,74,74,74,74,74,74,74,74,74,74,74,74,74,74,74],"card_choices":[{"not_picked":["Turbo","Auto Shields"],"picked":"Ball Lightning","floor":1.0},{"not_picked":["Steam","Coolheaded","Stack"],"picked":"SKIP","floor":3.0},{"not_picked":["Conserve Battery","Rebound"],"picked":"Biased Cognition","floor":7.0},{"not_picked":["Self Repair","Sunder"],"picked":"Tempest","floor":10.0},{"not_picked":["Compile Driver","Heatsinks"],"picked":"Double Energy","floor":11.0},{"not_picked":["Rebound","Sweeping Beam"],"picked":"Cold Snap","floor":12.0},{"not_picked":["Buffer","Fission"],"picked":"Core Surge","floor":16.0},{"not_picked":["Coolheaded","Scrape","Static Discharge+1"],"picked":"SKIP","floor":18.0},{"not_picked":["Scrape","Static Discharge+1"],"picked":"Coolheaded","floor":18.0},{"not_picked":["Hologram","Tempest","Stack"],"picked":"SKIP","floor":20.0},{"not_picked":["Gash","Hologram","Stack"],"picked":"SKIP","floor":21.0}],"player_experience":1009832,"relics_obtained":[{"floor":7.0,"key":"Ice Cream"},{"floor":10.0,"key":"Pear"}],"event_choices":[{"damage_healed":0.0,"max_hp_gain":0.0,"max_hp_loss":0.0,"gold_gain":0.0,"cards_transformed":["Strike_B"],"event_name":"Living Wall","player_choice":"Change","floor":2.0,"gold_loss":0.0,"damage_taken":0.0,"cards_obtained":["Loop"]},{"damage_healed":0.0,"max_hp_gain":0.0,"max_hp_loss":7.0,"gold_gain":0.0,"event_name":"Golden Idol","player_choice":"Lose Max HP","floor":4.0,"gold_loss":0.0,"damage_taken":0.0,"relics_obtained":["Golden Idol"]},{"damage_healed":0.0,"max_hp_gain":0.0,"max_hp_loss":0.0,"gold_gain":0.0,"event_name":"The Mausoleum","player_choice":"Ignored","floor":19.0,"gold_loss":0.0,"damage_taken":0.0},{"damage_healed":0.0,"max_hp_gain":0.0,"max_hp_loss":0.0,"gold_gain":0.0,"event_name":"Ghosts","player_choice":"Ignored","floor":22.0,"gold_loss":0.0,"damage_taken":0.0}],"is_beta":false,"boss_relics":[{"not_picked":["Velvet Choker","Black Star"],"picked":"Inserter"}],"items_purged_floors":[5],"is_endless":false,"potions_floor_spawned":[7,11,20,21],"killed_by":"Gremlin Leader","ascension_level":20}}