{"host":"laht7omblfcukqgz","time":1612078104,"event":{"mods":["Act Like it!","Astrologer","BaseMod","Beaked The Cultist","Colored Map","Colored Powertips","Gensokyo","GifTheSpireLib","HololiveMod","KinomotoSakuraMod(ñÿîVñ{?)","MarisaÅiñ∂âJÅ@ñÇóùçπÅj","Minty Spire (QoL Compilation)","Prisma Mod","StSLib","The Cursed"],"gold_per_floor":[113,67,42,42,58,58,78,91,91,91,91,103,51,79,79,177,177,196,196,121,36,36,36,69,85,154,166,166,166,166,179,179,274,274,288,303,225,225,122,122,22,22,22,32,45,57,57,72,72,72],"floor_reached":51,"language":"JPN","playtime":6858,"items_purged":["ClowCardTheSword","SpellCardSeal"],"score":690,"play_id":"5810d6af-aaa3-493b-9b2d-3792f5f535e1","local_time":"20210131162824","is_ascension_mode":false,"campfire_choices":[{"floor":6,"key":"REST"},{"data":"ClowCardTheArrow","floor":11,"key":"SMITH"},{"data":"ClowCardTheRain","floor":15,"key":"SMITH"},{"floor":23,"key":"REST"},{"floor":28,"key":"REST"},{"floor":30,"key":"REST"},{"data":"ClowCardTheLibra","floor":32,"key":"SMITH"},{"data":"ClowCardTheFloat","floor":40,"key":"SMITH"},{"data":"ClowCardTheFight","floor":42,"key":"SMITH"},{"floor":49,"key":"REST"}],"circlet_count":0,"master_deck":["SakuraCardTheFight+","SakuraCardTheArrow+","ClowCardTheSword","ClowCardTheShield","ClowCardTheShield","ClowCardTheShield","SpellCardRelease","ClowCardTheErase","ClowCardTheArrow+1","ClowCardTheSong","ClowCardTheRain+1","ClowCardTheTwin","ClowCardTheVoice","ClowCardTheDark","ClowCardTheSand","ClowCardTheLibra+1","ClowCardTheJump+1","ClowCardTheFly","ClowCardTheMaze+1","ClowCardTheWood+1","ClowCardTheVoice","ClowCardTheWave","Panache","ClowCardTheFloat+1","ClowCardTheBubbles","ClowCardTheFlower+1","ClowCardTheWindy","ClowCardTheMist"],"relics":["KSMOD_SealedBook","KSMOD_SealedWand","Bottled Lightning","Bottled Tornado","SlaversCollar","Anchor","KSMOD_TaoistSuit","Pear","Runic Pyramid","Bottled Flame"],"acts_visited":["Exordium","TheCity","TheBeyond"],"potions_floor_usage":[25,50,50,50,50,50],"damage_taken":[{"damage":5,"enemies":"Jaw Worm","floor":1,"turns":3},{"damage":6,"enemies":"2 Louse","floor":5,"turns":2},{"damage":0,"enemies":"Cultist","floor":7,"turns":2},{"damage":0,"enemies":"Large Slime","floor":8,"turns":3},{"damage":1,"enemies":"3 Louse","floor":12,"turns":3},{"damage":0,"enemies":"Gremlin Nob","floor":14,"turns":2},{"damage":1,"enemies":"Slime Boss","floor":16,"turns":9},{"damage":20,"enemies":"Shell Parasite","floor":18,"turns":4},{"damage":47,"enemies":"Gremlin Leader","floor":24,"turns":6},{"damage":4,"enemies":"2 Thieves","floor":25,"turns":3},{"damage":0,"enemies":"Snecko","floor":27,"turns":3},{"damage":0,"enemies":"Snake Plant","floor":31,"turns":1},{"damage":48,"enemies":"Collector","floor":33,"turns":10},{"damage":0,"enemies":"Orb Walker","floor":35,"turns":2},{"damage":0,"enemies":"3 Darklings","floor":36,"turns":2},{"damage":14,"enemies":"Jaw Worm Horde","floor":44,"turns":2},{"damage":10,"enemies":"4 Shapes","floor":45,"turns":3},{"damage":2,"enemies":"Sphere and 2 Shapes","floor":46,"turns":2},{"damage":0,"enemies":"Jaw Worm Horde","floor":48,"turns":2},{"damage":1,"enemies":"Donu and Deca","floor":50,"turns":3}],"seed_played":"1182115493698019831","potions_obtained":[{"floor":7,"key":"Energy Potion"},{"floor":8,"key":"LiquidMemories"},{"floor":14,"key":"EntropicBrew"},{"floor":24,"key":"Block Potion"},{"floor":35,"key":"Dexterity Potion"}],"is_trial":false,"path_per_floor":["M","?","$","?","M","R","M","M","T","?","R","M","$","E","R","B",null,"M","?","$","?","?","R","E","M","T","M","R","?","R","M","R","B",null,"M","M","$","?","$","R","$","R","T","M","M","M","?","M","R","B",null],"character_chosen":"KINOMOTOSAKURA","items_purchased":["ClowCardTheArrow","ClowCardTheArrow","ClowCardTheWave","ClowCardTheFloat","ClowCardTheBubbles"],"campfire_rested":5,"item_purchase_floors":[3,13,37,39,39],"current_hp_per_floor":[65,65,65,65,59,70,70,70,70,70,70,69,69,69,69,68,70,50,70,70,70,57,75,28,24,34,34,59,59,84,84,84,36,85,85,85,85,85,85,85,85,85,85,71,61,59,59,59,84,83],"gold":72,"neow_bonus":"REMOVE_CARD","is_daily":false,"chose_seed":false,"campfire_upgraded":5,"win_rate":0.0,"timestamp":1612078104,"path_taken":["M","?","$","?","M","R","M","?","T","?","R","M","?","E","R","BOSS","M","?","$","?","?","R","E","?","T","?","R","?","R","M","R","BOSS","M","M","$","?","$","R","?","R","T","M","M","?","?","?","R","BOSS"],"items_purchased_type":["Card","Card","Card","Card","Card"],"build_version":"2020-12-22","purchased_purges":2,"victory":true,"max_hp_per_floor":[70,70,70,70,70,70,70,70,70,70,70,70,70,70,70,70,70,70,70,70,70,75,75,75,75,85,85,85,85,85,85,85,85,85,85,85,85,85,85,85,85,85,85,85,85,85,85,85,85,85],"card_choices":[{"not_picked":["ClowCardTheCloud","ClowCardTheSilent"],"picked":"ClowCardTheErase","floor":1},{"not_picked":["ClowCardTheFirey","ClowCardTheStorm"],"picked":"ClowCardTheSong","floor":5},{"not_picked":["ClowCardTheMove","ClowCardTheJump"],"picked":"ClowCardTheRain","floor":7},{"not_picked":["ClowCardTheMirror","ClowCardTheGlow"],"picked":"ClowCardTheTwin","floor":8},{"not_picked":["ClowCardTheShot","ClowCardTheDream","ClowCardTheJump"],"picked":"SKIP","floor":12},{"not_picked":["ClowCardTheEarthy","ClowCardTheLittle"],"picked":"ClowCardTheVoice","floor":14},{"not_picked":["ClowCardTheTwin","ClowCardTheLight"],"picked":"ClowCardTheDark","floor":16},{"not_picked":["ClowCardTheWindy","ClowCardTheLock+1"],"picked":"ClowCardTheSand","floor":18},{"not_picked":["ClowCardTheCloud","ClowCardTheReturn"],"picked":"ClowCardTheLibra","floor":24},{"not_picked":["ClowCardTheMaze","ClowCardTheRain"],"picked":"ClowCardTheJump+1","floor":25},{"not_picked":["ClowCardTheErase+1","ClowCardTheWood"],"picked":"ClowCardTheFly","floor":27},{"not_picked":["ClowCardTheSand","ClowCardTheArrow+1"],"picked":"ClowCardTheMaze+1","floor":31},{"not_picked":["ClowCardTheReturn","ClowCardTheThrough"],"picked":"ClowCardTheFight","floor":33},{"not_picked":["ClowCardTheSilent","ClowCardTheLock"],"picked":"ClowCardTheWood+1","floor":35},{"not_picked":["ClowCardTheEarthy+1","ClowCardTheSilent"],"picked":"ClowCardTheVoice","floor":36},{"not_picked":["Forethought","Sadistic Nature"],"picked":"Panache","floor":38},{"not_picked":["ClowCardTheShot","ClowCardTheLock+1"],"picked":"ClowCardTheFlower","floor":44},{"not_picked":["ClowCardTheWave","ClowCardTheShadow","ClowCardTheStorm+1"],"picked":"SKIP","floor":45},{"not_picked":["ClowCardTheMist+1","ClowCardTheShadow+1"],"picked":"ClowCardTheWindy","floor":46},{"not_picked":["ClowCardTheLock+1","ClowCardTheErase"],"picked":"ClowCardTheMist","floor":48}],"player_experience":107313,"relics_obtained":[{"floor":9,"key":"Bottled Lightning"},{"floor":14,"key":"Bottled Tornado"},{"floor":24,"key":"KSMOD_TaoistSuit"},{"floor":26,"key":"Pear"},{"floor":43,"key":"Bottled Flame"}],"event_choices":[{"damage_healed":0,"gold_gain":0,"player_choice":"Left Gold","damage_taken":0,"max_hp_gain":0,"max_hp_loss":0,"event_name":"World of Goop","floor":2,"gold_loss":46},{"cards_removed":["ClowCardTheSword"],"damage_healed":0,"gold_gain":0,"player_choice":"Forget","damage_taken":0,"max_hp_gain":0,"max_hp_loss":0,"event_name":"Living Wall","floor":4,"gold_loss":0},{"cards_removed":["ClowCardTheSword"],"damage_healed":0,"gold_gain":0,"player_choice":"Offered Basic","damage_taken":0,"max_hp_gain":0,"max_hp_loss":0,"event_name":"Bonfire Elementals","floor":10,"gold_loss":0},{"damage_healed":23,"gold_gain":0,"player_choice":"Heal","damage_taken":0,"max_hp_gain":0,"max_hp_loss":0,"event_name":"The Library","floor":19,"gold_loss":0},{"damage_healed":0,"gold_gain":0,"player_choice":"Obtained Relic","damage_taken":0,"relics_obtained":["Anchor"],"max_hp_gain":0,"max_hp_loss":0,"event_name":"Addict","floor":21,"gold_loss":85},{"damage_healed":0,"gold_gain":0,"player_choice":"Shed Blood","damage_taken":18,"max_hp_gain":5,"max_hp_loss":0,"event_name":"Forgotten Altar","floor":22,"gold_loss":0},{"damage_healed":0,"gold_gain":0,"player_choice":"Ignored","damage_taken":0,"max_hp_gain":0,"max_hp_loss":0,"event_name":"Ghosts","floor":29,"gold_loss":0},{"damage_healed":0,"gold_gain":0,"player_choice":"Memory 1","damage_taken":0,"max_hp_gain":0,"max_hp_loss":0,"event_name":"SensoryStone","floor":38,"gold_loss":0},{"damage_healed":0,"gold_gain":0,"player_choice":"Upgraded","damage_taken":0,"max_hp_gain":0,"max_hp_loss":0,"event_name":"Upgrade Shrine","floor":47,"gold_loss":0,"cards_upgraded":["ClowCardTheFlower"]}],"is_beta":false,"boss_relics":[{"not_picked":["Coffee Dripper","Ectoplasm"],"picked":"SlaversCollar"},{"not_picked":["Fusion Hammer","Hololive_Finger"],"picked":"Runic Pyramid"}],"items_purged_floors":[20,41],"is_endless":false,"potions_floor_spawned":[7,8,14,16,24,35,36,46,48],"ascension_level":0}}