{"host":"3uci9gpt6cwo3y1o","time":1612070398,"event":{"mods":["Aspiration","BaseMod","Energized Spire","Minty Spire (QoL Compilation)","MostiFishMod","Reliquary","StSLib","TestMod"],"gold_per_floor":[118,43,43,118,129,156,81,81,81,98,130,146,164,192,192,266,266,282,282,282,299,299,367,397,409,433,468,587,613,613,631,631,709,709,724,1174,1185,1235,871,898,911,941,941,971,971,1021,1021,1055,1055,1055,1055,1055,1055,307,332,332],"floor_reached":57,"language":"ZHS","playtime":3141,"items_purged":["Strike_G","Defend_G","Defend_G"],"score":3767,"play_id":"cb29be8a-da11-447c-a958-1592b61ac586","local_time":"20210131131958","is_ascension_mode":true,"campfire_choices":[{"floor":8.0,"key":"RECALL"},{"data":"Adrenaline","floor":15.0,"key":"SMITH"},{"floor":30.0,"key":"REST"},{"floor":32.0,"key":"REST"},{"data":"MostiFishMod:Listen","floor":45.0,"key":"SMITH"},{"data":"Malaise","floor":47.0,"key":"SMITH"},{"data":"Well Laid Plans","floor":49,"key":"SMITH"},{"floor":53,"key":"REST"}],"circlet_count":0,"master_deck":["AscendersBane","Defend_G","Defend_G","Survivor","Neutralize+1","Adrenaline+1","Storm of Steel+1","Adrenaline","Malaise+1","Noxious Fumes","Adrenaline","Escape Plan","Well Laid Plans+1","Cloak And Dagger+1","Infinite Blades","Blur+1","Heel Hook+1","Backstab+1","Adrenaline","Terror+1","Acrobatics+1","Prepared+1","PiercingWail+1","MostiFishMod:Listen+1","Blade Dance+1","testmod-FightingIntention","Heel Hook","Prepared+1"],"relics":["Ring of the Snake","DaveBox","Civilization","testmod-RealStoneCalender","aspiration:Nostalgia","Cracked Core","SynthV:TestCard","Dream Catcher","Kunai","reliquary:WeakTea","reliquary:Buckler","HoveringKite","SsserpentHead","aspiration:SeaSaltIceCream","Odd Mushroom","aspiration:FrozenJewel","White Beast Statue","reliquary:SharkskinSheath","testmod-EnergyCheck","InkBottle","Strawberry","Paper Crane","reliquary:OuijaBoard","testmod-BouquetWithThorns","testmod-IndustrialRevolution","Anchor","HandDrill","testmod-RainbowHikingShoes"],"acts_visited":["Exordium","TheCity","TheBeyond","TheEnding"],"potions_floor_usage":[56,56,56],"damage_taken":[{"damage":0.0,"enemies":"2 Louse","floor":1.0,"turns":3.0},{"damage":0.0,"enemies":"Jaw Worm","floor":5.0,"turns":2.0},{"damage":5.0,"enemies":"Lagavulin","floor":6.0,"turns":5.0},{"damage":0.0,"enemies":"Small Slimes","floor":10.0,"turns":2.0},{"damage":0.0,"enemies":"3 Sentries","floor":11.0,"turns":4.0},{"damage":0.0,"enemies":"Red Slaver","floor":12.0,"turns":2.0},{"damage":0.0,"enemies":"Exordium Wildlife","floor":13.0,"turns":3.0},{"damage":0.0,"enemies":"Gremlin Nob","floor":14.0,"turns":2.0},{"damage":0.0,"enemies":"Hexaghost","floor":16.0,"turns":6.0},{"damage":0.0,"enemies":"Shell Parasite","floor":18.0,"turns":3.0},{"damage":0.0,"enemies":"2 Thieves","floor":21.0,"turns":2.0},{"damage":0.0,"enemies":"Snake Plant","floor":23.0,"turns":4.0},{"damage":0.0,"enemies":"Book of Stabbing","floor":24.0,"turns":5.0},{"damage":0.0,"enemies":"Centurion and Healer","floor":25.0,"turns":4.0},{"damage":15.0,"enemies":"Slavers","floor":27.0,"turns":4.0},{"damage":2.0,"enemies":"Book of Stabbing","floor":29.0,"turns":4.0},{"damage":0.0,"enemies":"Chosen and Byrds","floor":31.0,"turns":3.0},{"damage":0.0,"enemies":"Champ","floor":33.0,"turns":9.0},{"damage":0.0,"enemies":"Orb Walker","floor":35.0,"turns":3.0},{"damage":0.0,"enemies":"3 Darklings","floor":37.0,"turns":4.0},{"damage":0.0,"enemies":"Giant Head","floor":40.0,"turns":2.0},{"damage":0.0,"enemies":"4 Shapes","floor":41.0,"turns":3.0},{"damage":0.0,"enemies":"Nemesis","floor":42.0,"turns":5.0},{"damage":0.0,"enemies":"Reptomancer","floor":44.0,"turns":2.0},{"damage":0.0,"enemies":"Nemesis","floor":48.0,"turns":3.0},{"damage":0,"enemies":"Donu and Deca","floor":50,"turns":5},{"damage":0,"enemies":"Awakened One","floor":51,"turns":5},{"damage":31,"enemies":"Shield and Spear","floor":55,"turns":4},{"damage":0,"enemies":"The Heart","floor":56,"turns":6}],"seed_played":"-8126053564446423604","potions_obtained":[{"floor":5.0,"key":"Strength Potion"},{"floor":11.0,"key":"BlessingOfTheForge"},{"floor":16.0,"key":"testmod-SpacePotion"},{"floor":18.0,"key":"CunningPotion"},{"floor":23.0,"key":"FearPotion"},{"floor":24.0,"key":"PowerPotion"},{"floor":27.0,"key":"Fruit Juice"},{"floor":29.0,"key":"DuplicationPotion"},{"floor":31.0,"key":"PowerPotion"},{"floor":48.0,"key":"Swift Potion"}],"is_trial":false,"path_per_floor":["M","?","?","?","M","E","$","R","T","M","E","M","M","E","R","B",null,"M","?","?","M","?","M","E","M","T","E","T","E","R","M","R","B",null,"M","?","M","?","$","E","M","E","T","E","R","?","R","E","R","B","B",null,"R","$","E","B",null],"character_chosen":"THE_SILENT","items_purchased":["InkBottle","Anchor","HandDrill","testmod-FightingIntention","Heel Hook"],"campfire_rested":3,"item_purchase_floors":[39,54,54,54,54],"current_hp_per_floor":[61,61,61,50,53,52,52,52,52,57,62,67,72,77,77,82,99,104,104,104,109,109,114,119,124,124,114,114,122,145,150,150,155,155,160,160,165,165,165,177,182,187,187,192,192,192,192,197,197,202,207,207,207,207,181,186],"gold":332,"neow_bonus":"NOSTALGIA","is_daily":false,"chose_seed":false,"campfire_upgraded":4,"win_rate":0.0,"timestamp":1612070398,"path_taken":["M","?","?","?","M","E","?","R","T","M","E","M","?","E","R","BOSS","M","?","?","M","?","?","E","M","T","E","?","E","R","M","R","BOSS","M","?","M","?","$","E","M","E","T","E","R","?","R","E","R","BOSS","BOSS","R","$","E","BOSS"],"items_purchased_type":["Relic","Relic","Relic","Card","Card"],"build_version":"2020-12-22","purchased_purges":3,"victory":true,"max_hp_per_floor":[68,68,68,68,71,75,75,75,75,80,85,90,95,100,100,105,105,110,110,110,115,115,120,125,130,130,135,135,145,145,150,150,155,155,160,160,165,165,165,177,182,187,187,192,192,192,192,197,197,202,207,207,207,207,212,217],"card_choices":[{"not_picked":["Poisoned Stab","Masterful Stab","MostiFishMod:PerfectParry"],"picked":"SKIP","floor":1.0},{"not_picked":["Reflex","Calculated Gamble","Cloak And Dagger","Catalyst"],"picked":"Storm of Steel","floor":5.0},{"not_picked":["Cloak And Dagger","Outmaneuver","Quick Slash","Dagger Throw","Phantasmal Killer"],"picked":"SKIP","floor":6.0},{"not_picked":["Eviscerate","Concentrate","Deflect","Slice","Expertise"],"picked":"SKIP","floor":10.0},{"not_picked":["Deadly Poison","PiercingWail","Flying Knee","Dagger Throw","Sucker Punch"],"picked":"SKIP","floor":11.0},{"not_picked":["Distraction","MostiFishMod:HiddenBlade","Catalyst","MostiFishMod:PerfectParry","Quick Slash"],"picked":"SKIP","floor":12.0},{"not_picked":["Endless Agony","Sucker Punch","Dagger Throw","Underhanded Strike","Caltrops"],"picked":"SKIP","floor":13.0},{"not_picked":["Flying Knee","Caltrops","Slice","MostiFishMod:PreservedThorns","MostiFishMod:PerfectParry"],"picked":"SKIP","floor":14.0},{"not_picked":["Doppelganger","Storm of Steel","MostiFishMod:Confrontation","Tools of the Trade"],"picked":"Adrenaline","floor":16.0},{"not_picked":["Poisoned Stab","Deflect","Bane","Leg Sweep","Outmaneuver"],"picked":"SKIP","floor":18.0},{"not_picked":["Deflect","Dagger Throw","Quick Slash","Outmaneuver+1"],"picked":"Adrenaline","floor":21.0},{"not_picked":["MostiFishMod:PerfectParry","Footwork","Backflip","MostiFishMod:VineMother"],"picked":"Escape Plan","floor":23.0},{"not_picked":["Unload","Deflect","Poisoned Stab","Sucker Punch+1"],"picked":"Well Laid Plans","floor":24.0},{"not_picked":["Underhanded Strike","Finisher","Deadly Poison","Dodge and Roll","Dagger Throw+1"],"picked":"SKIP","floor":25.0},{"not_picked":["MostiFishMod:SpreadingSpore","Dagger Spray","Flying Knee","MostiFishMod:WinterMarkForm"],"picked":"Cloak And Dagger+1","floor":27.0},{"not_picked":["Underhanded Strike","MostiFishMod:VineMother","Dash","Caltrops"],"picked":"Infinite Blades","floor":29.0},{"not_picked":["Underhanded Strike","Cloak And Dagger","Deflect+1","MostiFishMod:PreservedThorns"],"picked":"Blur+1","floor":30.0},{"not_picked":["Backflip","Blur","Dagger Throw","Riddle With Holes"],"picked":"Heel Hook","floor":31.0},{"not_picked":["Infinite Blades","Distraction","Expertise","Dagger Throw"],"picked":"Backstab","floor":32.0},{"not_picked":["Envenom","A Thousand Cuts","MostiFishMod:HiddenBlade","Phantasmal Killer"],"picked":"Adrenaline","floor":33.0},{"not_picked":["Noxious Fumes+1","Dagger Spray","Finisher","Outmaneuver"],"picked":"Terror+1","floor":35.0},{"not_picked":["Dagger Throw+1","Slice","Blade Dance+1","Wraith Form v2"],"picked":"Acrobatics+1","floor":37.0},{"not_picked":["Flying Knee","Dagger Spray","Dodge and Roll","Well Laid Plans"],"picked":"Prepared+1","floor":40.0},{"not_picked":["Poisoned Stab+1","MostiFishMod:PerfectParry","MostiFishMod:VineMother","Underhanded Strike"],"picked":"PiercingWail+1","floor":41.0},{"not_picked":["Corpse Explosion","Dagger Throw","Riddle With Holes","Deadly Poison+1"],"picked":"MostiFishMod:Listen","floor":42.0},{"not_picked":["Flechettes+1","MostiFishMod:PreservedThorns","Prepared","Blade Dance","Acrobatics"],"picked":"SKIP","floor":44.0},{"not_picked":["MostiFishMod:PerfectParry","Dagger Spray","Acrobatics","Outmaneuver+1","Quick Slash"],"picked":"SKIP","floor":48.0},{"not_picked":["Footwork","MostiFishMod:PerfectParry+1","PiercingWail","Cloak And Dagger"],"picked":"Blade Dance+1","floor":53},{"not_picked":["Well Laid Plans","Outmaneuver","Blade Dance","PiercingWail"],"picked":"Prepared+1","floor":55}],"player_experience":891154,"relics_obtained":[{"floor":1.0,"key":"SynthV:TestCard"},{"floor":6.0,"key":"Dream Catcher"},{"floor":9.0,"key":"Kunai"},{"floor":11.0,"key":"reliquary:WeakTea"},{"floor":14.0,"key":"reliquary:Buckler"},{"floor":24.0,"key":"aspiration:SeaSaltIceCream"},{"floor":27.0,"key":"aspiration:FrozenJewel"},{"floor":28.0,"key":"White Beast Statue"},{"floor":29.0,"key":"reliquary:SharkskinSheath"},{"floor":40.0,"key":"Strawberry"},{"floor":42.0,"key":"Paper Crane"},{"floor":43.0,"key":"reliquary:OuijaBoard"},{"floor":44.0,"key":"testmod-BouquetWithThorns"},{"floor":48.0,"key":"testmod-IndustrialRevolution"},{"floor":55,"key":"testmod-RainbowHikingShoes"}],"event_choices":[{"cards_removed":["Strike_G"],"damage_healed":0.0,"max_hp_gain":0.0,"max_hp_loss":0.0,"gold_gain":0.0,"event_name":"The Cleric","player_choice":"Card Removal","floor":2.0,"gold_loss":75.0,"damage_taken":0.0},{"damage_healed":0.0,"max_hp_gain":0.0,"max_hp_loss":0.0,"gold_gain":0.0,"cards_transformed":["Strike_G"],"event_name":"Living Wall","player_choice":"Change","floor":3.0,"gold_loss":0.0,"damage_taken":0.0,"cards_obtained":["Adrenaline"]},{"damage_healed":0.0,"max_hp_gain":0.0,"max_hp_loss":0.0,"gold_gain":75.0,"event_name":"World of Goop","player_choice":"Gather Gold","floor":4.0,"gold_loss":0.0,"damage_taken":11.0},{"damage_healed":0.0,"max_hp_gain":0.0,"max_hp_loss":0.0,"gold_gain":0.0,"cards_transformed":["Strike_G","Strike_G"],"event_name":"Drug Dealer","player_choice":"Became Test Subject","floor":19.0,"gold_loss":0.0,"damage_taken":0.0,"cards_obtained":["Malaise","Noxious Fumes"]},{"cards_removed":["Defend_G"],"damage_healed":0.0,"max_hp_gain":0.0,"max_hp_loss":0.0,"gold_gain":0.0,"event_name":"Back to Basics","player_choice":"Elegance","floor":20.0,"gold_loss":0.0,"damage_taken":0.0},{"damage_healed":0.0,"max_hp_gain":0.0,"max_hp_loss":0.0,"gold_gain":0.0,"event_name":"FaceTrader","player_choice":"Trade","floor":22.0,"gold_loss":0.0,"damage_taken":0.0,"relics_obtained":["SsserpentHead"]},{"damage_healed":0.0,"max_hp_gain":0.0,"max_hp_loss":0.0,"gold_gain":400.0,"event_name":"恩洛斯的盘子","player_choice":"Sell","floor":36.0,"relics_lost":["testmod-TestBox"],"gold_loss":0.0,"damage_taken":0.0},{"damage_healed":0.0,"max_hp_gain":0.0,"max_hp_loss":0.0,"gold_gain":0.0,"event_name":"给自己的盒子","player_choice":"Swap Relic","floor":38.0,"relics_lost":["Whetstone"],"gold_loss":0.0,"damage_taken":0.0,"relics_obtained":["Whetstone"]},{"damage_healed":0.0,"max_hp_gain":0.0,"max_hp_loss":0.0,"gold_gain":0.0,"event_name":"Match and Keep!","player_choice":"0 cards matched","floor":46.0,"gold_loss":0.0,"damage_taken":0.0,"cards_obtained":[]}],"is_beta":false,"boss_relics":[{"not_picked":["testmod-KeyOfTheVoid","aspiration:SecretTechniqueScroll"],"picked":"HoveringKite"},{"not_picked":["energizedSpire:EnergizedDie","MoonlightInvasionPlan"],"picked":"testmod-EnergyCheck"}],"items_purged_floors":[7,39,54],"is_endless":false,"potions_floor_spawned":[5,11,13,14,16,18,23,24,27,29,31,33,35,37,40,41,42,44,48,55],"ascension_level":20}}