{"host":"ke3urjq17qgissv4","time":1612086021,"event":{"mods":["AchievementEnabler","Act Like it!","Arknights","BaseMod","Challenge The Spire","Conspire","Highlight Path","Marisa£¨ìFÓê¡¡Ä§ÀíÉ³£©","Minty Spire (QoL Compilation)","Quick Restart","Replay The Spire","RumiaBox-Â¶Ã×æ«µÄÉñÃØºÐ×Ó","Spicy Shops","StSLib","Waifu the Spire","¡¾¹¦ÄÜMod¡¿»ìãçÖ®»·ÐÞ¸´²¹¶¡","¡¾ÒÅÎï¿¨ÅÆ¡¿REMEMod"],"gold_per_floor":[117,131,149,149,160,160,460,477,553,572,598,598,626,642,642,716,716,730,730,343,356,371,400,400,418,418,432,444,476,526,539,539,615,615,626,626,211,231,231,310,329,354,354,370,385,91,141,76,76,76,76],"floor_reached":52,"language":"ZHS","playtime":2567,"items_purged":["Strike_P","Strike_P","Strike_P"],"score":2371,"play_id":"83d85375-559d-4919-93d1-802f6b5d9487","local_time":"20210131174020","is_ascension_mode":true,"campfire_choices":[{"data":"Eruption","floor":6.0,"key":"SMITH"},{"floor":12.0,"key":"RECALL"},{"floor":15.0,"key":"REST"},{"data":"Enlightenment","floor":24.0,"key":"SMITH"},{"floor":32.0,"key":"REST"},{"data":"REME_FirmDetermination","floor":49.0,"key":"SMITH"}],"circlet_count":0,"master_deck":["AscendersBane","Defend_P","Defend_P","Defend_P","Eruption+1","Vigilance+1","REME_FirmDetermination","Steam+1","Replay:Anticipation+1","Enlightenment+1","Steam+1","Blasphemy","REME_PuzzleBox","Fasting2","Adaptation","REME_EyeOfCthun","Omniscience","CurseOfTheBell","Adaptation","Ragnarok","TalkToTheHand","REME_FirmDetermination+1"],"relics":["REME_ComplimentaryCards","REME_LowDesire","Regal Pillow","REME_HandOfSuture","Old Coin","Iron Hammer","Strawberry","Bag of Marbles","SlaversCollar","Ring of Hypnosis","ReplayTheSpireMod:Ring of Exchange","BargainBundle","Bag of Preparation","Counterbalance","Boot","Prayer Wheel","Calling Bell","ReplayFunnel","MagicDraw3","conspire:Boomerang","ReplayTheSpireMod:TigerMarble","MagicDraw2","War Paint","Mummified Hand","DollysMirror","Singing Bowl"],"acts_visited":["Exordium","TheCity","TheBeyond"],"potions_floor_usage":[51],"damage_taken":[{"damage":7.0,"enemies":"Small Slimes","floor":1.0,"turns":3.0},{"damage":9.0,"enemies":"2 Louse","floor":2.0,"turns":4.0},{"damage":0.0,"enemies":"Cultist","floor":3.0,"turns":3.0},{"damage":1.0,"enemies":"Blue Slaver","floor":5.0,"turns":4.0},{"damage":2.0,"enemies":"Lots of Slimes","floor":8.0,"turns":4.0},{"damage":0.0,"enemies":"Looter","floor":10.0,"turns":3.0},{"damage":0.0,"enemies":"Gremlin Nob","floor":11.0,"turns":2.0},{"damage":22.0,"enemies":"Replay:BlueRogue","floor":13.0,"turns":2.0},{"damage":0.0,"enemies":"Exordium Wildlife","floor":14.0,"turns":2.0},{"damage":27.0,"enemies":"The Guardian","floor":16.0,"turns":17.0},{"damage":25.0,"enemies":"conspire:FuzzyDice","floor":18.0,"turns":5.0},{"damage":0.0,"enemies":"Spheric Guardian","floor":21.0,"turns":1.0},{"damage":0.0,"enemies":"Chosen and Byrds","floor":22.0,"turns":5.0},{"damage":0.0,"enemies":"REME_1_Revenger","floor":23.0,"turns":1.0},{"damage":0.0,"enemies":"Cultist and Chosen","floor":25.0,"turns":3.0},{"damage":7.0,"enemies":"3 Cultists","floor":27.0,"turns":4.0},{"damage":15.0,"enemies":"Snecko","floor":28.0,"turns":1.0},{"damage":2.0,"enemies":"Slavers","floor":29.0,"turns":3.0},{"damage":0.0,"enemies":"Cultist and Chosen","floor":31.0,"turns":1.0},{"damage":54.0,"enemies":"Champ","floor":33.0,"turns":17.0},{"damage":0.0,"enemies":"Orb Walker","floor":35.0,"turns":1.0},{"damage":0.0,"enemies":"3 Shapes","floor":38.0,"turns":1.0},{"damage":0.0,"enemies":"Reptomancer","floor":40.0,"turns":3.0},{"damage":14.0,"enemies":"Sphere and 2 Shapes","floor":41.0,"turns":2.0},{"damage":0.0,"enemies":"Giant Head","floor":42.0,"turns":4.0},{"damage":0.0,"enemies":"4 Shapes","floor":44.0,"turns":1.0},{"damage":0.0,"enemies":"Spire Growth","floor":45.0,"turns":1.0},{"damage":4.0,"enemies":"Nemesis","floor":48.0,"turns":3.0},{"damage":11.0,"enemies":"Time Eater","floor":50.0,"turns":4.0},{"damage":21,"enemies":"Awakened One","floor":51,"turns":5}],"seed_played":"910667569966343850","potions_obtained":[{"floor":1.0,"key":"Fire Potion"},{"floor":2.0,"key":"Regen Potion"},{"floor":13.0,"key":"PowerPotion"},{"floor":23.0,"key":"StancePotion"}],"is_trial":false,"path_per_floor":["M","M","M","?","M","R","?","M","T","M","E","R","E","M","R","B",null,"M","?","$","M","M","E","R","M","T","M","M","E","?","M","R","B",null,"M","?","$","M","?","E","M","E","T","M","M","$","?","E","R","B","B",null],"character_chosen":"WATCHER","items_purchased":["BargainBundle","Languid Potion","Languid Potion","Bag of Preparation","Fasting2","Adaptation","ReplayTheSpireMod:TigerMarble","DollysMirror"],"campfire_rested":2,"item_purchase_floors":[20,20,20,20,20,37,37,46],"current_hp_per_floor":[54,45,45,45,44,44,44,42,42,42,49,49,27,27,64,52,69,44,44,44,44,44,44,44,44,44,37,22,38,38,38,75,21,62,62,62,62,62,62,62,48,48,48,48,48,48,48,46,46,35,21],"gold":76,"neow_bonus":"BOSS_RELIC","is_daily":false,"chose_seed":false,"campfire_upgraded":3,"win_rate":0.0,"timestamp":1612086020,"path_taken":["M","M","M","?","M","R","?","M","T","M","E","R","E","M","R","BOSS","M","?","$","M","M","E","R","M","T","M","M","E","?","M","R","BOSS","M","?","$","M","?","E","M","E","T","M","?","$","?","E","R","BOSS","BOSS"],"items_purchased_type":["Relic","Potion","Potion","Relic","Card","Card","Relic","Relic"],"build_version":"2020-12-22","purchased_purges":3,"victory":true,"max_hp_per_floor":[68,68,68,68,68,68,68,68,68,68,75,75,75,75,75,75,75,75,75,75,75,75,75,75,75,75,75,75,75,75,75,75,75,75,75,75,75,75,75,75,75,75,75,75,75,75,75,77,77,77,77],"card_choices":[{"not_picked":["WindmillStrike","FollowUp","JustLucky","Good Instincts"],"picked":"SKIP","floor":1.0},{"not_picked":["ThirdEye","Replay:Vibes","FlyingSleeves","ReplayTheSpireMod:Necrogeddon"],"picked":"SKIP","floor":2.0},{"not_picked":["Replay:ManipulateFuture","CrushJoints","DeceiveReality"],"picked":"REME_FirmDetermination","floor":3.0},{"not_picked":["Evaluate","Halt","REME_AllRoundStrike"],"picked":"Replay:Anticipation","floor":5.0},{"not_picked":["Protect","Conclude","SignatureMove"],"picked":"Enlightenment","floor":8.0},{"not_picked":["CutThroughFate","Evaluate","Consecrate","Survey Options"],"picked":"SKIP","floor":10.0},{"not_picked":["Protect","EmptyBody","Replay:AtTheReady","ReplayTheSpireMod:Private Reserves"],"picked":"SKIP","floor":11.0},{"not_picked":["Brilliance","SashWhip","REME_Repentance","PanicButton"],"picked":"SKIP","floor":13.0},{"not_picked":["Replay:Vibes","REME_Repentance","Halt","Replay:Sssssssssshield"],"picked":"SKIP","floor":14.0},{"not_picked":["MasterReality","Vault","Master of Strategy"],"picked":"Blasphemy","floor":16.0},{"not_picked":["REME_MusicOfDeath","Replay:AtTheReady","Study"],"picked":"REME_PuzzleBox","floor":18.0},{"not_picked":["ClearTheMind","FollowUp","Swift Strike"],"picked":"Adaptation","floor":21.0},{"not_picked":["JustLucky","WaveOfTheHand","ThirdEye","Survey Options"],"picked":"SKIP","floor":22.0},{"not_picked":["FlurryOfBlows","Conclude","WaveOfTheHand"],"picked":"REME_EyeOfCthun","floor":23.0},{"not_picked":["REME_Repentance","SandsOfTime","FlyingSleeves+1","Impatience"],"picked":"SKIP","floor":25.0},{"not_picked":["CrushJoints","REME_MusicOfDeath","Replay:DivineShield","REME_ShortnessOfBreath"],"picked":"SKIP","floor":27.0},{"not_picked":["FlyingSleeves","Replay:BluntJabs","CrushJoints","Survey Options"],"picked":"SKIP","floor":28.0},{"not_picked":["Brilliance","Pray","Evaluate","Violence"],"picked":"SKIP","floor":29.0},{"not_picked":["BattleHymn+1","Vengeance","MentalFortress","Discovery"],"picked":"SKIP","floor":31.0},{"not_picked":["REME_Repentance","REME_MusicOfDeath+1","EmptyBody+1","Replay:Sssssssssstrike"],"picked":"SKIP","floor":31.0},{"not_picked":["Establishment","REME_WorshipGod","Replay:Parry"],"picked":"Omniscience","floor":33.0},{"not_picked":["Consecrate","Prostrate","ThirdEye","Magnetism"],"picked":"SKIP","floor":35.0},{"not_picked":["Replay:Battleflow","DeceiveReality","Conclude","Secret Technique"],"picked":"SKIP","floor":35.0},{"not_picked":["REME_Repentance","SashWhip","Master of Strategy"],"picked":"Ragnarok","floor":38.0},{"not_picked":["ThirdEye","DeceiveReality+1","ReplayTheSpireMod:Necrogeddon"],"picked":"TalkToTheHand","floor":38.0},{"not_picked":["Meditate","BattleHymn","Replay:ManipulateFuture","REME_Flogging"],"picked":"SKIP","floor":40.0},{"not_picked":["Replay:AtTheReady","Evaluate","Crescendo+1","conspire:Banana"],"picked":"SKIP","floor":41.0},{"not_picked":["Wireheading","PathToVictory","Replay:ManipulateFuture+1","PanicButton+1"],"picked":"SKIP","floor":41.0},{"not_picked":["EmptyFist","Crescendo","Replay:AtTheReady","Blind+1"],"picked":"SKIP","floor":42.0},{"not_picked":["PathToVictory","LikeWater+1","Prostrate+1","REME_EyeOfCthun"],"picked":"SKIP","floor":44.0},{"not_picked":["Replay:DivineShield","Halt","EmptyBody","Replay:Parry"],"picked":"SKIP","floor":44.0},{"not_picked":["FollowUp","FearNoEvil+1","ReachHeaven","Metamorphosis"],"picked":"SKIP","floor":45.0},{"not_picked":["Replay:BluntJabs","Establishment","CutThroughFate","Specialist"],"picked":"SKIP","floor":45.0},{"not_picked":["FearNoEvil","Replay:BluntJabs+1","EmptyMind","Forethought"],"picked":"Singing Bowl","floor":48.0}],"player_experience":147572,"relics_obtained":[{"floor":0.0,"key":"Regal Pillow"},{"floor":0.0,"key":"REME_HandOfSuture"},{"floor":9.0,"key":"Iron Hammer"},{"floor":11.0,"key":"Strawberry"},{"floor":13.0,"key":"Bag of Marbles"},{"floor":19.0,"key":"Ring of Hypnosis"},{"floor":19.0,"key":"ReplayTheSpireMod:Ring of Exchange"},{"floor":23.0,"key":"Counterbalance"},{"floor":29.0,"key":"Boot"},{"floor":34.0,"key":"ReplayFunnel"},{"floor":34.0,"key":"MagicDraw3"},{"floor":34.0,"key":"conspire:Boomerang"},{"floor":40.0,"key":"MagicDraw2"},{"floor":42.0,"key":"War Paint"},{"floor":43.0,"key":"Mummified Hand"},{"floor":48.0,"key":"Singing Bowl"}],"event_choices":[{"damage_healed":0.0,"max_hp_gain":0.0,"max_hp_loss":0.0,"gold_gain":0.0,"event_name":"Dead Adventurer","player_choice":"Searched \u00271\u0027 times","floor":7.0,"gold_loss":0.0,"damage_taken":0.0,"relics_obtained":["Old Coin"]},{"damage_healed":0.0,"max_hp_gain":0.0,"max_hp_loss":0.0,"gold_gain":100.0,"event_name":"The Joust","player_choice":"Bet on Murderer","floor":30.0,"gold_loss":50.0,"damage_taken":0.0},{"cards_removed":["ForeignInfluence"],"damage_healed":0.0,"max_hp_gain":0.0,"max_hp_loss":0.0,"gold_gain":0.0,"event_name":"Falling","player_choice":"Removed Skill","floor":36.0,"gold_loss":0.0,"damage_taken":0.0},{"damage_healed":0.0,"max_hp_gain":0.0,"max_hp_loss":0.0,"gold_gain":0.0,"event_name":"SecretPortal","player_choice":"Ignored","floor":39.0,"gold_loss":0.0,"damage_taken":0.0},{"damage_healed":0.0,"max_hp_gain":0.0,"max_hp_loss":0.0,"gold_gain":50.0,"event_name":"Golden Shrine","player_choice":"Pray","floor":47.0,"gold_loss":0.0,"damage_taken":0.0}],"is_beta":false,"boss_relics":[{"not_picked":["Runic Dome","AddBug"],"picked":"SlaversCollar"},{"not_picked":["ReplayTheSpireMod:CursedCoin","SacredBark"],"picked":"Calling Bell"}],"items_purged_floors":[20,37,46],"is_endless":false,"potions_floor_spawned":[1,2,3,13,22,23,33,35,41,44,48],"ascension_level":20}}