{"host":"3ss1op6o3h01bku3","time":1612119856,"event":{"mods":["BaseMod","Bestiary","Block Reminder","Colored Map","Colored Powertips","Curses Come First","Displayed Cursed Tome","Minty Spire (QoL Compilation)","Quick Restart","Random Character Button","Relic Stats","StSLib","The IronCluck","slay the spire mod where everything is the same but ironclad has a cowboy hat"],"gold_per_floor":[111,15,28,28,44,77,77,109,109,139,149,3,36,36,36,137,137,152,152,187,187,198,211,240,240,240,274,274,302,302,319,319,423,423,439,456,22,22,36,71,71,71,71,96,113,148,148,159,159,159,159,159,16,43,43,43],"floor_reached":55,"language":"ENG","playtime":2762,"items_purged":[],"score":1080,"play_id":"daaf1a0f-98ff-45ed-883b-77924aba3822","local_time":"20210131200416","is_ascension_mode":true,"campfire_choices":[{"data":"Hologram","floor":7,"key":"SMITH"},{"floor":15,"key":"REST"},{"floor":28,"key":"REST"},{"floor":30,"key":"RECALL"},{"data":"Seek","floor":32,"key":"SMITH"},{"floor":41,"key":"REST"},{"data":"Metamorphosis","floor":49,"key":"SMITH"},{"data":"FTL","floor":52,"key":"SMITH"}],"circlet_count":0,"master_deck":["Defend_B","Zap","Dualcast","Streamline+1","Gash","Go for the Eyes","Hologram+1","Rebound","Seek+1","CurseOfTheBell","Beam Cell+1","Bite","Bite","Bite","Bite","Bite","Rebound","Rip and Tear","FTL+1","Conserve Battery","Conserve Battery+1","Conserve Battery+1","Chill+1","Conserve Battery","Metamorphosis+1"],"relics":["Cracked Core","NeowsBlessing","Strawberry","Ice Cream","Pear","Gremlin Horn","Regal Pillow","Bag of Preparation","Calling Bell","Vajra","InkBottle","Thread and Needle","Red Mask","Letter Opener","Darkstone Periapt","Du-Vu Doll","Empty Cage","PreservedInsect","Sling","MealTicket","Matryoshka","Centennial Puzzle","Gambling Chip","Bottled Lightning","Lantern","Cables","Nunchaku","Happy Flower"],"acts_visited":["Exordium","TheCity","TheBeyond","TheEnding"],"potions_floor_usage":[16,27,33,33,50,50,50],"damage_taken":[{"damage":0,"enemies":"Jaw Worm","floor":1,"turns":1},{"damage":0,"enemies":"Cultist","floor":3,"turns":1},{"damage":0,"enemies":"2 Louse","floor":5,"turns":1},{"damage":13,"enemies":"Lagavulin","floor":6,"turns":6},{"damage":17,"enemies":"3 Sentries","floor":8,"turns":5},{"damage":24,"enemies":"Gremlin Nob","floor":10,"turns":4},{"damage":4,"enemies":"Blue Slaver","floor":11,"turns":2},{"damage":21,"enemies":"Lagavulin","floor":13,"turns":5},{"damage":29,"enemies":"Hexaghost","floor":16,"turns":9},{"damage":13,"enemies":"2 Thieves","floor":18,"turns":3},{"damage":0,"enemies":"Masked Bandits","floor":20,"turns":3},{"damage":4,"enemies":"Chosen","floor":22,"turns":2},{"damage":43,"enemies":"Snake Plant","floor":23,"turns":4},{"damage":0,"enemies":"Gremlin Leader","floor":24,"turns":5},{"damage":29,"enemies":"Slavers","floor":27,"turns":4},{"damage":15,"enemies":"Gremlin Leader","floor":29,"turns":5},{"damage":13,"enemies":"3 Cultists","floor":31,"turns":4},{"damage":18,"enemies":"Collector","floor":33,"turns":10},{"damage":4,"enemies":"Orb Walker","floor":35,"turns":2},{"damage":0,"enemies":"3 Shapes","floor":36,"turns":5},{"damage":44,"enemies":"Spire Growth","floor":39,"turns":5},{"damage":3,"enemies":"Giant Head","floor":40,"turns":6},{"damage":0,"enemies":"Reptomancer","floor":44,"turns":5},{"damage":12,"enemies":"Jaw Worm Horde","floor":45,"turns":3},{"damage":0,"enemies":"Nemesis","floor":46,"turns":4},{"damage":6,"enemies":"3 Darklings","floor":48,"turns":3},{"damage":35,"enemies":"Awakened One","floor":50,"turns":10},{"damage":0,"enemies":"Shield and Spear","floor":54,"turns":4},{"damage":65,"enemies":"The Heart","floor":55,"turns":3}],"seed_played":"6905964409672432376","potions_obtained":[{"floor":11,"key":"Ancient Potion"},{"floor":13,"key":"LiquidMemories"},{"floor":16,"key":"Ancient Potion"},{"floor":18,"key":"FocusPotion"},{"floor":27,"key":"Dexterity Potion"},{"floor":39,"key":"FearPotion"},{"floor":44,"key":"DistilledChaos"}],"is_trial":false,"path_per_floor":["M","$","M","?","M","E","R","E","T","E","M","$","E","$","R","B",null,"M","?","?","?","M","M","E","?","T","E","R","E","R","M","R","B",null,"M","M","$","?","M","E","R","?","T","E","M","E","?","M","R","B",null,"R","$","E","B"],"character_chosen":"DEFECT","items_purchased":["Gash","Go for the Eyes","Regal Pillow","PreservedInsect","Sling","MealTicket","Nunchaku"],"campfire_rested":3,"item_purchase_floors":[2,2,12,37,37,37,53],"current_hp_per_floor":[75,75,75,75,75,69,69,52,62,38,34,34,13,13,55,26,92,79,64,64,55,53,20,34,34,34,15,49,42,42,41,41,43,64,60,64,64,64,24,35,64,64,64,64,56,58,58,58,58,40,64,64,64,64,0,0],"gold":43,"neow_bonus":"THREE_ENEMY_KILL","is_daily":false,"chose_seed":false,"campfire_upgraded":4,"win_rate":0.0,"timestamp":1612119856,"path_taken":["M","$","M","?","M","E","R","E","T","E","M","$","E","$","R","BOSS","M","?","?","?","M","M","E","?","T","E","R","E","R","M","R","BOSS","M","M","$","?","M","E","R","?","T","E","M","E","?","?","R","BOSS","R","$","E","BOSS"],"items_purchased_type":["Card","Card","Relic","Relic","Relic","Relic","Relic"],"build_version":"2020-12-22","purchased_purges":0,"victory":false,"max_hp_per_floor":[75,75,75,75,75,82,82,82,92,92,92,92,92,92,92,92,92,92,64,64,64,64,64,64,64,64,64,64,64,64,64,64,64,64,64,64,64,64,64,64,64,64,64,64,64,64,64,64,64,64,64,64,64,64,64,64],"relic_stats":{"Darkstone Periapt":0,"Regal Pillow":40,"Gremlin Horn":[35,35],"Happy Flower":[1],"counters":[29,124],"PreservedInsect":300,"Bag of Preparation":[42],"Letter Opener":[153],"Cables":[17,6,4,0,7],"Centennial Puzzle":[12],"Nunchaku":[1],"Gambling Chip":[26],"MealTicket":0,"obtain_stats":[{"Ice Cream":8,"Darkstone Periapt":27,"Regal Pillow":12,"Lantern":46,"Gremlin Horn":10,"Vajra":17,"Bag of Preparation":13,"Empty Cage":34,"Sling":37,"Centennial Puzzle":43,"Nunchaku":53,"Matryoshka":40,"Strawberry":6,"Gambling Chip":43,"MealTicket":37,"Red Mask":20,"Cracked Core":0,"InkBottle":17,"Pear":9,"NeowsBlessing":0,"Happy Flower":54,"Thread and Needle":17,"PreservedInsect":37,"Letter Opener":24,"Cables":47,"Calling Bell":17,"Du-Vu Doll":29,"Bottled Lightning":44},{"Ice Cream":5,"Darkstone Periapt":15,"Regal Pillow":7,"Lantern":25,"Gremlin Horn":6,"Vajra":9,"Bag of Preparation":8,"Empty Cage":18,"Sling":20,"Centennial Puzzle":22,"Nunchaku":27,"Matryoshka":22,"Strawberry":4,"Gambling Chip":22,"MealTicket":20,"Red Mask":11,"Cracked Core":0,"InkBottle":9,"Pear":5,"NeowsBlessing":0,"Happy Flower":28,"Thread and Needle":9,"PreservedInsect":20,"Letter Opener":14,"Cables":25,"Calling Bell":9,"Du-Vu Doll":16,"Bottled Lightning":23},{"Ice Cream":14,"Darkstone Periapt":55,"Regal Pillow":20,"Lantern":104,"Gremlin Horn":18,"Vajra":34,"Bag of Preparation":25,"Empty Cage":74,"Sling":81,"Centennial Puzzle":92,"Nunchaku":117,"Matryoshka":92,"Strawberry":9,"Gambling Chip":92,"MealTicket":81,"Red Mask":40,"Cracked Core":0,"InkBottle":34,"Pear":14,"NeowsBlessing":0,"Happy Flower":121,"Thread and Needle":34,"PreservedInsect":81,"Letter Opener":51,"Cables":104,"Calling Bell":34,"Du-Vu Doll":60,"Bottled Lightning":97}],"InkBottle":[38]},"card_choices":[{"not_picked":["Sweeping Beam","Reinforced Body"],"picked":"Streamline","floor":1},{"not_picked":["Redo","Streamline"],"picked":"Hologram","floor":3},{"not_picked":["Storm","Doom and Gloom","White Noise"],"picked":"SKIP","floor":5},{"not_picked":["Hyperbeam","Amplify"],"picked":"Rebound","floor":6},{"not_picked":["Steam","Aggregate","Hyperbeam"],"picked":"SKIP","floor":8},{"not_picked":["Cold Snap","Static Discharge","Buffer"],"picked":"SKIP","floor":10},{"not_picked":["Genetic Algorithm","BootSequence","Steam"],"picked":"SKIP","floor":11},{"not_picked":["Redo","Melter","Undo"],"picked":"SKIP","floor":13},{"not_picked":["Multi-Cast","Fission"],"picked":"Seek","floor":16},{"not_picked":["Stack","Electrodynamics"],"picked":"Beam Cell+1","floor":18},{"not_picked":["Streamline","Chaos+1","Turbo"],"picked":"SKIP","floor":22},{"not_picked":["Biased Cognition","White Noise"],"picked":"Rebound","floor":23},{"not_picked":["BootSequence","Turbo+1"],"picked":"Rip and Tear","floor":24},{"not_picked":["Undo","Leap"],"picked":"Conserve Battery","floor":27},{"not_picked":["Hologram","Streamline"],"picked":"Conserve Battery+1","floor":29},{"not_picked":["Leap","Redo"],"picked":"Conserve Battery+1","floor":31},{"not_picked":["Fusion+1","Coolheaded"],"picked":"Chill+1","floor":35},{"not_picked":["Rebound","Go for the Eyes","Gash"],"picked":"SKIP","floor":36},{"not_picked":["Beam Cell+1","Barrage+1"],"picked":"Conserve Battery","floor":39},{"not_picked":["Rebound","Streamline+1","Barrage+1"],"picked":"SKIP","floor":40},{"not_picked":["Violence","PanicButton"],"picked":"Metamorphosis","floor":42},{"not_picked":["Go for the Eyes","Redo","Beam Cell+1"],"picked":"SKIP","floor":44},{"not_picked":["Tempest+1","Gash","Barrage"],"picked":"SKIP","floor":45},{"not_picked":["Aggregate+1","Sunder","Stack+1"],"picked":"SKIP","floor":46},{"not_picked":["Redo","Auto Shields","Aggregate"],"picked":"SKIP","floor":48},{"not_picked":["Doom and Gloom+1","Cold Snap","Hello World+1"],"picked":"SKIP","floor":54}],"player_experience":130912,"relics_obtained":[{"floor":6,"key":"Strawberry"},{"floor":8,"key":"Ice Cream"},{"floor":9,"key":"Pear"},{"floor":10,"key":"Gremlin Horn"},{"floor":13,"key":"Bag of Preparation"},{"floor":17,"key":"Vajra"},{"floor":17,"key":"InkBottle"},{"floor":17,"key":"Thread and Needle"},{"floor":20,"key":"Red Mask"},{"floor":24,"key":"Letter Opener"},{"floor":27,"key":"Darkstone Periapt"},{"floor":29,"key":"Du-Vu Doll"},{"floor":40,"key":"Matryoshka"},{"floor":43,"key":"Centennial Puzzle"},{"floor":43,"key":"Gambling Chip"},{"floor":44,"key":"Bottled Lightning"},{"floor":46,"key":"Lantern"},{"floor":47,"key":"Cables"},{"floor":54,"key":"Happy Flower"}],"event_choices":[{"damage_healed":0,"gold_gain":0,"player_choice":"Forge","damage_taken":0,"max_hp_gain":0,"max_hp_loss":0,"event_name":"Accursed Blacksmith","floor":4,"gold_loss":0,"cards_upgraded":["Streamline"]},{"damage_healed":0,"gold_gain":0,"player_choice":"Became a vampire","damage_taken":0,"max_hp_gain":0,"max_hp_loss":28,"event_name":"Vampires","floor":19,"gold_loss":0,"cards_obtained":["Bite","Bite","Bite","Bite","Bite"]},{"damage_healed":0,"gold_gain":0,"player_choice":"Fought Bandits","damage_taken":0,"max_hp_gain":0,"max_hp_loss":0,"event_name":"Masked Bandits","floor":20,"gold_loss":0},{"damage_healed":0,"gold_gain":0,"player_choice":"Stopped","damage_taken":9,"max_hp_gain":0,"max_hp_loss":0,"event_name":"Cursed Tome","floor":21,"gold_loss":0},{"damage_healed":0,"gold_gain":0,"player_choice":"Read","damage_taken":0,"max_hp_gain":0,"max_hp_loss":0,"event_name":"The Library","floor":25,"gold_loss":0,"cards_obtained":["FTL"]},{"cards_removed":["Defend_B"],"damage_healed":0,"gold_gain":0,"player_choice":"Removed Skill","damage_taken":0,"max_hp_gain":0,"max_hp_loss":0,"event_name":"Falling","floor":38,"gold_loss":0},{"damage_healed":0,"gold_gain":0,"player_choice":"Memory 1","damage_taken":0,"max_hp_gain":0,"max_hp_loss":0,"event_name":"SensoryStone","floor":42,"gold_loss":0},{"damage_healed":0,"gold_gain":0,"player_choice":"Relic","damage_taken":0,"max_hp_gain":0,"max_hp_loss":0,"event_name":"Wheel of Change","floor":47,"gold_loss":0}],"is_beta":false,"boss_relics":[{"not_picked":["Cursed Key","Nuclear Battery"],"picked":"Calling Bell"},{"not_picked":["Velvet Choker","Runic Dome"],"picked":"Empty Cage"}],"items_purged_floors":[],"is_endless":false,"potions_floor_spawned":[11,13,16,18,22,27,39,44,45,46,48],"killed_by":"The Heart","ascension_level":2}}