{"host":"c3lc60y5x60jlt1y","time":1612114017,"event":{"mods":["AchievementEnabler","BaseMod","Bestiary","Colored Map","Minty Spire (QoL Compilation)","Quick Restart","StSLib","ojb\u0027s Info Mod"],"gold_per_floor":[13,13,30,30,50,50,1,1,1,19,19,39,39,56,56,157,157,177,177,193,193,193,193,213,213,213,225,237,248,260,280,280,385,385,400,400,411,427,446,446,466,495,519,532,532,532,532],"floor_reached":46,"language":"ENG","playtime":1423,"items_purged":[],"score":500,"play_id":"2479ab03-9f05-4562-a365-f4807c8d64f3","local_time":"20210131192657","is_ascension_mode":false,"campfire_choices":[{"data":"Bash","floor":6,"key":"SMITH"},{"data":"Flame Barrier","floor":8,"key":"SMITH"},{"data":"Evolve","floor":11,"key":"SMITH"},{"data":"Thunderclap","floor":15,"key":"SMITH"},{"data":"RitualDagger","floor":23,"key":"SMITH"},{"data":"Shockwave","floor":25,"key":"SMITH"},{"data":"Armaments","floor":32,"key":"SMITH"},{"data":"Heavy Blade","floor":40,"key":"SMITH"}],"circlet_count":0,"master_deck":["Defend_R","Defend_R+1","Defend_R","Bash+1","Uppercut+1","Thunderclap+1","Flame Barrier+1","Evolve+1","Shrug It Off","Demon Form","Sever Soul","RitualDagger+1","Armaments+1","Bite","Bite","Bite","Bite","Bite","Shockwave+1","Heavy Blade+1","Immolate","Reaper","Havoc+1","Body Slam+1","Parasite","Dark Embrace+1","Dark Embrace","Battle Trance+1","Spot Weakness+1"],"relics":["Burning Blood","StoneCalendar","Pocketwatch","Sozu","Bottled Flame","Snecko Eye","Strawberry","Ancient Tea Set"],"acts_visited":["Exordium","TheCity","TheBeyond"],"potions_floor_usage":[16,16],"damage_taken":[{"damage":0,"enemies":"2 Louse","floor":1,"turns":3},{"damage":13,"enemies":"Cultist","floor":3,"turns":4},{"damage":13,"enemies":"Jaw Worm","floor":5,"turns":3},{"damage":16,"enemies":"Lots of Slimes","floor":10,"turns":3},{"damage":12,"enemies":"2 Fungi Beasts","floor":12,"turns":3},{"damage":5,"enemies":"Looter","floor":14,"turns":3},{"damage":27,"enemies":"Slime Boss","floor":16,"turns":7},{"damage":20,"enemies":"2 Thieves","floor":18,"turns":4},{"damage":2,"enemies":"Chosen","floor":20,"turns":5},{"damage":22,"enemies":"Snake Plant","floor":24,"turns":4},{"damage":31,"enemies":"3 Cultists","floor":27,"turns":6},{"damage":20,"enemies":"Centurion and Healer","floor":28,"turns":6},{"damage":14,"enemies":"Chosen and Byrds","floor":29,"turns":5},{"damage":2,"enemies":"Cultist and Chosen","floor":30,"turns":5},{"damage":7,"enemies":"Shelled Parasite and Fungi","floor":31,"turns":2},{"damage":15,"enemies":"Champ","floor":33,"turns":8},{"damage":34,"enemies":"3 Darklings","floor":35,"turns":4},{"damage":0,"enemies":"Orb Walker","floor":37,"turns":2},{"damage":7,"enemies":"Writhing Mass","floor":38,"turns":3},{"damage":22,"enemies":"Sphere and 2 Shapes","floor":39,"turns":6},{"damage":23,"enemies":"Maw","floor":41,"turns":7},{"damage":35,"enemies":"Reptomancer","floor":42,"turns":4},{"damage":40,"enemies":"Transient","floor":44,"turns":5},{"damage":23,"enemies":"4 Shapes","floor":46,"turns":2}],"seed_played":"-7485521380028213599","potions_obtained":[{"floor":2,"key":"Fire Potion"},{"floor":2,"key":"LiquidBronze"},{"floor":2,"key":"Strength Potion"},{"floor":14,"key":"LiquidMemories"}],"is_trial":false,"path_per_floor":["M","?","M","?","M","R","$","R","T","M","R","M","?","M","R","B",null,"M","?","M","?","?","R","M","R","T","M","M","M","M","M","R","B",null,"M","?","M","M","M","R","M","E","T","M","?","M"],"character_chosen":"IRONCLAD","items_purchased":["SkillPotion"],"campfire_rested":0,"item_purchase_floors":[7],"current_hp_per_floor":[80,80,73,73,66,66,66,66,66,56,56,50,34,35,35,14,80,66,60,64,56,56,56,46,46,46,37,39,41,53,54,54,56,56,45,45,51,55,51,51,42,40,40,17,17,0,0],"gold":532,"neow_bonus":"ONE_RARE_RELIC","is_daily":false,"chose_seed":false,"campfire_upgraded":8,"win_rate":0.0,"timestamp":1612114017,"path_taken":["M","?","?","?","M","R","$","R","T","M","R","?","?","M","R","BOSS","M","?","M","?","?","R","M","R","T","M","M","M","?","M","R","BOSS","M","?","M","M","M","R","M","E","T","?","?","M"],"items_purchased_type":["Potion"],"build_version":"2020-12-22","purchased_purges":0,"victory":false,"max_hp_per_floor":[80,80,80,80,80,80,80,80,80,80,80,80,80,80,80,80,80,80,80,80,56,56,56,56,56,56,56,56,56,56,56,56,56,56,56,56,56,56,56,56,56,63,63,63,63,63,63],"card_choices":[{"not_picked":["Havoc","Sword Boomerang"],"picked":"Uppercut","floor":1},{"not_picked":["Anger","Warcry"],"picked":"Thunderclap","floor":3},{"not_picked":["Body Slam","Sever Soul"],"picked":"Flame Barrier","floor":5},{"not_picked":["Intimidate","Armaments"],"picked":"Evolve","floor":10},{"not_picked":["Cleave","Uppercut"],"picked":"Shrug It Off","floor":12},{"not_picked":["Thunderclap","Clash","Cleave"],"picked":"SKIP","floor":14},{"not_picked":["Feed","Exhume"],"picked":"Demon Form","floor":16},{"not_picked":["Anger","Clothesline+1"],"picked":"Sever Soul","floor":18},{"not_picked":["Rampage","Hemokinesis"],"picked":"Armaments","floor":20},{"not_picked":["True Grit","Reckless Charge","Twin Strike+1"],"picked":"SKIP","floor":24},{"not_picked":["Shrug It Off","Uppercut+1"],"picked":"Heavy Blade","floor":27},{"not_picked":["Heavy Blade","Metallicize","Headbutt"],"picked":"SKIP","floor":28},{"not_picked":["Power Through","Rampage"],"picked":"Immolate","floor":29},{"not_picked":["Warcry","Wild Strike","Cleave+1"],"picked":"SKIP","floor":30},{"not_picked":["Iron Wave","Wild Strike+1","Evolve"],"picked":"SKIP","floor":31},{"not_picked":["Offering","Barricade"],"picked":"Reaper","floor":33},{"not_picked":["Dark Embrace","Clothesline"],"picked":"Havoc+1","floor":35},{"not_picked":["Clothesline+1","Pommel Strike"],"picked":"Body Slam+1","floor":37},{"not_picked":["Brutality","Sword Boomerang","Twin Strike"],"picked":"SKIP","floor":38},{"not_picked":["Clothesline+1","Metallicize"],"picked":"Dark Embrace+1","floor":39},{"not_picked":["Cleave+1","Shrug It Off"],"picked":"Dark Embrace","floor":41},{"not_picked":["Cleave+1","Searing Blow+1"],"picked":"Battle Trance+1","floor":42},{"not_picked":["Wild Strike","Clothesline"],"picked":"Spot Weakness+1","floor":44}],"player_experience":8874055,"relics_obtained":[{"floor":9,"key":"Pocketwatch"},{"floor":26,"key":"Bottled Flame"},{"floor":42,"key":"Strawberry"},{"floor":43,"key":"Ancient Tea Set"}],"event_choices":[{"damage_healed":0,"gold_gain":0,"player_choice":"Got Potions","damage_taken":0,"max_hp_gain":0,"max_hp_loss":0,"event_name":"Lab","floor":2,"gold_loss":0},{"damage_healed":0,"gold_gain":0,"player_choice":"Forge","damage_taken":0,"max_hp_gain":0,"max_hp_loss":0,"event_name":"Accursed Blacksmith","floor":4,"gold_loss":0,"cards_upgraded":["Uppercut"]},{"damage_healed":0,"gold_gain":0,"player_choice":"Entered Light","damage_taken":16,"max_hp_gain":0,"max_hp_loss":0,"event_name":"Shining Light","floor":13,"gold_loss":0,"cards_upgraded":["Defend_R","Strike_R"]},{"damage_healed":0,"gold_gain":0,"player_choice":"Joined the Cult","damage_taken":6,"max_hp_gain":0,"max_hp_loss":0,"event_name":"Nest","floor":19,"gold_loss":0,"cards_obtained":["RitualDagger"]},{"damage_healed":0,"gold_gain":0,"player_choice":"Became a vampire","damage_taken":0,"max_hp_gain":0,"max_hp_loss":24,"event_name":"Vampires","floor":21,"gold_loss":0,"cards_obtained":["Bite","Bite","Bite","Bite","Bite"]},{"damage_healed":0,"gold_gain":0,"player_choice":"Read","damage_taken":0,"max_hp_gain":0,"max_hp_loss":0,"event_name":"The Library","floor":22,"gold_loss":0,"cards_obtained":["Shockwave"]},{"cards_removed":["Defend_R"],"damage_healed":0,"gold_gain":0,"player_choice":"Purged","damage_taken":0,"max_hp_gain":0,"max_hp_loss":0,"event_name":"Purifier","floor":36,"gold_loss":0},{"damage_healed":0,"gold_gain":0,"player_choice":"Ignored","damage_taken":0,"max_hp_gain":0,"max_hp_loss":0,"event_name":"Tomb of Lord Red Mask","floor":45,"gold_loss":0}],"is_beta":false,"boss_relics":[{"not_picked":["Runic Dome","Busted Crown"],"picked":"Sozu"},{"not_picked":["SacredBark","Astrolabe"],"picked":"Snecko Eye"}],"items_purged_floors":[],"is_endless":false,"potions_floor_spawned":[5,10,14,18,20,28,30,31,35,37],"killed_by":"4 Shapes","ascension_level":0}}