{"host":"zk71suw73lg2r165","time":1612111838,"event":{"mods":["BaseMod","Colored Map","Minty Spire (QoL Compilation)","Permanent Neow","Relic Stats","StSLib"],"gold_per_floor":[113,113,78,93,111,139,139,172,198,198,198,209,234,253,253,325,325,335,352,267,267,267,267],"floor_reached":22,"language":"ENG","playtime":613,"items_purged":[],"score":408,"play_id":"82d4291c-7d6c-4b73-991a-5255b1464e97","local_time":"20210131115038","is_ascension_mode":true,"campfire_choices":[{"data":"Capacitor","floor":7.0,"key":"SMITH"},{"data":"Consume","floor":10.0,"key":"SMITH"},{"floor":15.0,"key":"REST"}],"circlet_count":0,"master_deck":["AscendersBane","Strike_B","Defend_B","Defend_B","Defend_B","Zap","Dualcast","Turbo+1","Tempest+1","Coolheaded+1","White Noise","Ball Lightning+1","Capacitor+1","Consume+1","BootSequence","Reinforced Body","Barrage","FTL","Buffer","Steam Power","Writhe"],"relics":["Astrolabe","Ancient Tea Set","Strawberry","MealTicket","Symbiotic Virus","Inserter","Happy Flower","Centennial Puzzle"],"acts_visited":["Exordium","TheCity"],"potions_floor_usage":[19,22],"damage_taken":[{"damage":4.0,"enemies":"Small Slimes","floor":1.0,"turns":3.0},{"damage":0.0,"enemies":"2 Louse","floor":4.0,"turns":1.0},{"damage":0.0,"enemies":"Cultist","floor":5.0,"turns":2.0},{"damage":47.0,"enemies":"3 Sentries","floor":6.0,"turns":6.0},{"damage":11.0,"enemies":"Lagavulin","floor":8.0,"turns":5.0},{"damage":19.0,"enemies":"Exordium Thugs","floor":12.0,"turns":4.0},{"damage":11.0,"enemies":"3 Sentries","floor":13.0,"turns":5.0},{"damage":0.0,"enemies":"Large Slime","floor":14.0,"turns":3.0},{"damage":10.0,"enemies":"Hexaghost","floor":16.0,"turns":7.0},{"damage":46,"enemies":"2 Thieves","floor":18,"turns":4},{"damage":11,"enemies":"Spheric Guardian","floor":19,"turns":4},{"damage":6,"enemies":"Shelled Parasite and Fungi","floor":22,"turns":1}],"seed_played":"2294655460369121902","potions_obtained":[{"floor":4.0,"key":"Regen Potion"},{"floor":5.0,"key":"FocusPotion"},{"floor":6.0,"key":"LiquidMemories"},{"floor":8.0,"key":"FocusPotion"},{"floor":12.0,"key":"Weak Potion"},{"floor":18,"key":"FocusPotion"},{"floor":19,"key":"Fire Potion"}],"is_trial":false,"path_per_floor":["M","?","?","M","M","E","R","E","T","R","?","M","E","M","R","B",null,"M","M","?","?","M"],"character_chosen":"DEFECT","items_purchased":[],"campfire_rested":1,"item_purchase_floors":[],"current_hp_per_floor":[60,53,70,70,70,35,35,31,31,31,31,12,1,1,24,14,62,16,5,5,5,0,0],"gold":267,"neow_bonus":"BOSS_RELIC","is_daily":false,"chose_seed":false,"campfire_upgraded":2,"win_rate":0.0,"timestamp":1612111838,"path_taken":["M","?","?","M","M","E","R","E","T","R","?","?","E","M","R","BOSS","BOSS","M","M","?","?","?"],"items_purchased_type":[],"build_version":"2020-12-22","purchased_purges":0,"victory":false,"max_hp_per_floor":[71,71,71,71,71,71,71,78,78,78,78,78,78,78,78,78,78,78,78,78,78,78,78],"relic_stats":{"Centennial Puzzle":[0],"Inserter":[4],"Happy Flower":[0],"counters":[12,45],"Astrolabe":["Turbo","Tempest","Coolheaded"],"MealTicket":0,"obtain_stats":[{"Centennial Puzzle":21,"Inserter":17,"Happy Flower":20,"Astrolabe":0,"Strawberry":8,"MealTicket":9,"Cracked Core":0,"Ancient Tea Set":6,"Symbiotic Virus":13},{"Centennial Puzzle":11,"Inserter":9,"Happy Flower":11,"Astrolabe":0,"Strawberry":5,"MealTicket":5,"Cracked Core":0,"Ancient Tea Set":4,"Symbiotic Virus":7},{"Centennial Puzzle":44,"Inserter":36,"Happy Flower":44,"Astrolabe":0,"Strawberry":17,"MealTicket":17,"Cracked Core":0,"Ancient Tea Set":12,"Symbiotic Virus":26}]},"card_choices":[{"not_picked":["Turbo","Coolheaded"],"picked":"White Noise","floor":1.0},{"not_picked":["Barrage","Steam"],"picked":"Ball Lightning","floor":4.0},{"not_picked":["Blizzard","Auto Shields"],"picked":"Capacitor","floor":5.0},{"not_picked":["Stack","Fission"],"picked":"Consume","floor":6.0},{"not_picked":["Go for the Eyes","Leap"],"picked":"BootSequence","floor":8.0},{"not_picked":["Lockon","Sunder"],"picked":"Reinforced Body","floor":12.0},{"not_picked":["Reinforced Body","BootSequence"],"picked":"Barrage","floor":13.0},{"not_picked":["Hello World","Ball Lightning"],"picked":"FTL","floor":14.0},{"not_picked":["Rainbow","Amplify"],"picked":"Buffer","floor":16.0},{"not_picked":["Steam","Turbo"],"picked":"Steam Power","floor":18},{"not_picked":["Darkness","Cold Snap","Chaos"],"picked":"SKIP","floor":19}],"player_experience":1430350,"relics_obtained":[{"floor":6.0,"key":"Ancient Tea Set"},{"floor":8.0,"key":"Strawberry"},{"floor":9.0,"key":"MealTicket"},{"floor":13.0,"key":"Symbiotic Virus"}],"event_choices":[{"cards_removed":["Strike_B"],"damage_healed":0.0,"max_hp_gain":0.0,"max_hp_loss":0.0,"gold_gain":0.0,"event_name":"Golden Wing","player_choice":"Card Removal","floor":2.0,"gold_loss":0.0,"damage_taken":7.0},{"damage_healed":17.0,"max_hp_gain":0.0,"max_hp_loss":0.0,"gold_gain":0.0,"event_name":"The Cleric","player_choice":"Healed","floor":3.0,"gold_loss":35.0,"damage_taken":0.0},{"damage_healed":0.0,"max_hp_gain":0.0,"max_hp_loss":0.0,"gold_gain":0.0,"event_name":"Upgrade Shrine","player_choice":"Upgraded","floor":11.0,"gold_loss":0.0,"damage_taken":0.0,"cards_upgraded":["Ball Lightning"]},{"damage_healed":0,"gold_gain":0,"player_choice":"Obtained Relic","damage_taken":0,"relics_obtained":["Happy Flower"],"max_hp_gain":0,"max_hp_loss":0,"event_name":"Addict","floor":20,"gold_loss":85},{"damage_healed":0,"gold_gain":0,"player_choice":"Opened","damage_taken":0,"relics_obtained":["Centennial Puzzle"],"max_hp_gain":0,"max_hp_loss":0,"event_name":"The Mausoleum","floor":21,"gold_loss":0,"cards_obtained":["Writhe"]}],"is_beta":false,"boss_relics":[{"not_picked":["Nuclear Battery","Runic Pyramid"],"picked":"Inserter"}],"items_purged_floors":[],"is_endless":false,"potions_floor_spawned":[4,5,6,8,12,18,19],"killed_by":"Shelled Parasite and Fungi","ascension_level":20}}