{"host":"df48i9djcn92c5sx","time":1612081114,"event":{"mods":["Act Like it!","Arknights","BaseMod","Decade(王小明)","Downfall","Gensokyo","Marisa（F雨　魔理沙）","Minty Spire (QoL Compilation)","READ ME - Guardian Mod","READ ME - Snecko Mod","Reimu（博丽灵梦）","Remilia（蕾米莉亚）","Shop Mod","StSLib","The Jungle","The Servant 0.9.4"],"gold_per_floor":[115,115,115,68,88,116,116,136,216,216,216,245,256,276,276,375,375,393,407,427,50,50,50],"floor_reached":22,"language":"ZHS","playtime":645,"items_purged":[],"score":332,"play_id":"2332bc6b-b204-425b-a328-cd13e246bfc2","local_time":"20210131161834","is_ascension_mode":true,"campfire_choices":[{"data":"FinalSpark","floor":7.0,"key":"SMITH"},{"data":"MasterSpark","floor":10.0,"key":"SMITH"}],"circlet_count":0,"master_deck":["AscendersBane","Strike_MRS","Strike_MRS","Strike_MRS","Strike_MRS","Defend_MRS","Defend_MRS","Defend_MRS","Defend_MRS","MasterSpark+1","UpSweep","Gensokyo:CrescentMoonSlash","AsteroidBelt","FinalSpark+1","OrrerysSun","MagicAbsorber","GrandCross","MillisecondPulsars","SporeBomb","GalacticHalo","ShootTheMoon","MilkyWay+1"],"relics":["MiniHakkero","NeowsBlessing","Gensokyo:MarisaImprobabilityPotion","Turnip","StrikeDummy","Dream Catcher","Coffee Dripper","Toxic Egg 2"],"acts_visited":["Exordium","Gensokyo:Gensokyo"],"potions_floor_usage":[],"damage_taken":[{"damage":0.0,"enemies":"Gensokyo:3_Fairies","floor":1.0,"turns":2.0},{"damage":0.0,"enemies":"Gensokyo:2_Kodama","floor":5.0,"turns":1.0},{"damage":0.0,"enemies":"Gensokyo:Cirno","floor":6.0,"turns":2.0},{"damage":2.0,"enemies":"Gensokyo:Python","floor":8.0,"turns":3.0},{"damage":38.0,"enemies":"Gensokyo:Aya","floor":12.0,"turns":6.0},{"damage":5.0,"enemies":"Gensokyo:Kitsune","floor":13.0,"turns":4.0},{"damage":0.0,"enemies":"Gensokyo:VengefulSpirit","floor":14.0,"turns":5.0},{"damage":7.0,"enemies":"Gensokyo:Kokoro","floor":16.0,"turns":8.0},{"damage":14.0,"enemies":"Gensokyo:AngelMirror","floor":18.0,"turns":4.0},{"damage":20.0,"enemies":"Gensokyo:CosmicMonolith","floor":19.0,"turns":5.0},{"damage":12.0,"enemies":"Gensokyo:Chomper_and_Gloop","floor":20.0,"turns":5.0},{"damage":14,"enemies":"Gensokyo:Slime_Group","floor":22,"turns":1}],"seed_played":"1139363356815534980","potions_obtained":[{"floor":1.0,"key":"ColorlessPotion"},{"floor":12.0,"key":"Fire Potion"},{"floor":14.0,"key":"SteroidPotion"},{"floor":19.0,"key":"SkillPotion"}],"is_trial":false,"path_per_floor":["M","?","?","$","M","E","R","M","T","R","?","E","M","M","R","B",null,"M","M","M","$","M"],"character_chosen":"MARISA","items_purchased":["AsteroidBelt","Toxic Egg 2","ShootTheMoon","MilkyWay+1"],"campfire_rested":0,"item_purchase_floors":[4,21,21,21],"current_hp_per_floor":[68,68,57,57,57,57,57,55,55,55,55,17,12,12,12,5,58,44,24,12,12,0,0],"gold":50,"neow_bonus":"THREE_ENEMY_KILL","is_daily":false,"chose_seed":false,"campfire_upgraded":2,"win_rate":0.0,"timestamp":1612081114,"path_taken":["M","?","?","$","M","E","R","M","T","R","?","E","M","?","R","BOSS","M","?","?","$","M"],"items_purchased_type":["Card","Relic","Card","Card"],"build_version":"2020-12-22","purchased_purges":0,"victory":false,"max_hp_per_floor":[75,75,75,75,75,75,75,75,75,75,75,75,75,75,75,75,75,75,75,75,75,75,75],"card_choices":[{"not_picked":["UnstableBomb","WitchOfGreed"],"picked":"SporeBomb","floor":1.0},{"not_picked":["ChargeUpSpray","GravityBeat","RefractionSpark"],"picked":"SKIP","floor":5.0},{"not_picked":["DoubleSpark","GrandCross"],"picked":"FinalSpark","floor":6.0},{"not_picked":["LuminesStrike","StarlightTyphoon"],"picked":"OrrerysSun","floor":8.0},{"not_picked":["StarlightTyphoon","SporeBomb"],"picked":"MagicAbsorber","floor":12.0},{"not_picked":["SuperPerseids","NonDirectionalLaser"],"picked":"GrandCross","floor":13.0},{"not_picked":["SuperPerseids","GalacticHalo","StarBarrage"],"picked":"SKIP","floor":14.0},{"not_picked":["TreasureHunter","StarDustReverie"],"picked":"MillisecondPulsars","floor":16.0},{"not_picked":["WitchLeyline","Acceleration"],"picked":"SporeBomb","floor":18.0},{"not_picked":["UnstableBomb","DarkSpark"],"picked":"GalacticHalo","floor":19.0},{"not_picked":["DC","WitchLeyline","WitchOfGreed"],"picked":"SKIP","floor":20.0}],"player_experience":1501093,"relics_obtained":[{"floor":6.0,"key":"Turnip"},{"floor":9.0,"key":"StrikeDummy"},{"floor":12.0,"key":"Dream Catcher"}],"event_choices":[],"is_beta":false,"boss_relics":[{"not_picked":["Fusion Hammer","sneckomod:SneckoTalon"],"picked":"Coffee Dripper"}],"items_purged_floors":[],"is_endless":false,"potions_floor_spawned":[1,12,14,19],"killed_by":"Gensokyo:Slime_Group","ascension_level":11}}