{"host":"jhohbi8xmmotmpw6","time":1612104079,"event":{"mods":["BaseMod","Downfall","Hermit","Hubris","Infinite Spire","Minty Spire (QoL Compilation)","Reliquary","Replay The Spire","Spicy Shops","StSLib","The Edgeheg","The Marked"],"gold_per_floor":[114,114,79,79,94,128,139,168,216,231,307,307,8,22,22,150,150,171,171,171,185,185,218,218,234,234,252,275,275,275,275,275,275,275],"floor_reached":33,"language":"ENG","playtime":1970,"items_purged":[],"score":300,"play_id":"8eefe101-de1c-4ff0-a6f6-7d4a22fd4588","local_time":"20210201034119","is_ascension_mode":false,"campfire_choices":[{"data":"hermit:Combo","floor":24,"key":"SMITH"},{"floor":30,"key":"REST"},{"data":"hermit:Quickdraw","floor":32,"key":"SMITH"}],"circlet_count":0,"master_deck":["hermit:Strike_Hermit","hermit:Strike_Hermit","hermit:Strike_Hermit","hermit:Defend_Hermit","hermit:Defend_Hermit","hermit:Defend_Hermit","hermit:Defend_Hermit","hermit:Snapshot","hermit:Covet","hermit:ItchyTrigger","hubris:Fate","Regret","hermit:Snipe","hermit:Combo+1","hermit:Desperado","hermit:Brawl","hermit:Quickdraw+1","hermit:EyeOfTheStorm","Injury","hermit:RoundhouseKick","hermit:FullyLoaded","RitualDagger","theEdgeheg:HappiestTimmy","hermit:Enervate","hermit:Cheat+1","hermit:GoldenBullet","hermit:Scavenge+1","Decay"],"relics":["hermit:Momento","ReplayTheSpireMod:Shallot","Chameleon Ring","infinitespire:Joker Card","ReplayTheSpireMod:Lightbulb","Pear","Membership Card","FossilizedHelix","Golden Idol","Black Star","MutagenicStrength","Toxic Egg 2","Ginger","reliquary:Stiletto"],"acts_visited":["Exordium","TheCity"],"potions_floor_usage":[16,23,25,28,33,33],"damage_taken":[{"damage":7,"enemies":"2 Louse","floor":1,"turns":2},{"damage":0,"enemies":"Jaw Worm","floor":5,"turns":1},{"damage":26,"enemies":"Lagavulin","floor":6,"turns":6},{"damage":0,"enemies":"Small Slimes","floor":7,"turns":1},{"damage":8,"enemies":"Gremlin Nob","floor":8,"turns":4},{"damage":9,"enemies":"Blue Slaver","floor":10,"turns":2},{"damage":0,"enemies":"Exordium Wildlife","floor":14,"turns":4},{"damage":33,"enemies":"The Guardian","floor":16,"turns":7},{"damage":1,"enemies":"3 Byrds","floor":18,"turns":3},{"damage":0,"enemies":"Spheric Guardian","floor":21,"turns":4},{"damage":55,"enemies":"Gremlin Leader","floor":23,"turns":9},{"damage":11,"enemies":"Snecko","floor":25,"turns":4},{"damage":0,"enemies":"Cultist and Chosen","floor":27,"turns":5},{"damage":10,"enemies":"Snake Plant","floor":28,"turns":2},{"damage":56,"enemies":"Champ","floor":33,"turns":11}],"seed_played":"-1713231788903407233","potions_obtained":[{"floor":1,"key":"CultistPotion"},{"floor":7,"key":"Doom Potion"},{"floor":8,"key":"Adrenaline Potion"},{"floor":16,"key":"SteroidPotion"},{"floor":18,"key":"ColorlessPotion"},{"floor":21,"key":"Fire Potion"},{"floor":23,"key":"GamblersBrew"},{"floor":27,"key":"infinitespire:BlackPotion"}],"is_trial":false,"path_per_floor":["M","?","?","?","M","E","M","E","T","M","T","?","$","M","R","B",null,"M","?","?","M","?","E","R","M","T","M","M","?","R","?","R","B"],"character_chosen":"HERMIT","items_purchased":["Membership Card","FossilizedHelix"],"campfire_rested":1,"item_purchase_floors":[13,13],"current_hp_per_floor":[75,55,75,75,75,49,49,41,41,32,42,42,42,42,42,9,92,91,85,85,85,85,30,30,19,19,19,9,9,36,36,36,0,0],"gold":275,"neow_bonus":"TEN_PERCENT_HP_BONUS","is_daily":false,"chose_seed":false,"campfire_upgraded":2,"win_rate":0.0,"timestamp":1612104079,"path_taken":["M","?","?","?","M","E","M","E","T","?","?","?","$","M","R","BOSS","M","?","?","M","?","E","R","M","T","M","M","?","R","?","R","BOSS"],"items_purchased_type":["Relic","Relic"],"build_version":"2020-12-22","purchased_purges":0,"victory":false,"max_hp_per_floor":[82,82,82,82,82,82,82,82,82,82,92,92,92,92,92,92,92,92,92,92,92,92,92,92,92,92,92,92,92,92,92,92,92,92],"card_choices":[{"not_picked":["hermit:Malice","hermit:Quickdraw"],"picked":"hermit:ItchyTrigger","floor":1},{"not_picked":["ReplayTheSpireMod:??????????????????????","hubris:Rewind"],"picked":"hubris:Fate","floor":2},{"not_picked":["hermit:LowProfile","hermit:HoleUp"],"picked":"hermit:Snipe","floor":5},{"not_picked":["hermit:Snipe","hermit:LuckOfTheDraw"],"picked":"hermit:Combo","floor":6},{"not_picked":["hermit:TrackingShot","hermit:Feint"],"picked":"hermit:Desperado","floor":7},{"not_picked":["hermit:Dive","hermit:Horror"],"picked":"hermit:Brawl","floor":8},{"not_picked":["hermit:LoneWolf","hermit:TakeCover"],"picked":"hermit:Quickdraw","floor":10},{"not_picked":["hermit:Misfire","hermit:Feint"],"picked":"hermit:EyeOfTheStorm","floor":14},{"not_picked":["hermit:Reprieve","hermit:HeroicBravado"],"picked":"hermit:RoundhouseKick","floor":16},{"not_picked":["hermit:Shortfuse+1","hermit:Virtue"],"picked":"hermit:FullyLoaded","floor":18},{"not_picked":["hermit:ItchyTrigger+1","hermit:TakeCover","hermit:Feint+1"],"picked":"SKIP","floor":21},{"not_picked":["hermit:NoHoldsBarred","hermit:Combo"],"picked":"hermit:Enervate","floor":23},{"not_picked":["hermit:Misfire","hermit:BodyArmor+1"],"picked":"hermit:Cheat+1","floor":25},{"not_picked":["hermit:Desperado","hermit:GhostlyPresence+1"],"picked":"hermit:GoldenBullet","floor":27},{"not_picked":["hermit:ItchyTrigger","hermit:Dive+1"],"picked":"hermit:Scavenge+1","floor":28}],"player_experience":128716,"relics_obtained":[{"floor":6,"key":"Chameleon Ring"},{"floor":8,"key":"infinitespire:Joker Card"},{"floor":9,"key":"ReplayTheSpireMod:Lightbulb"},{"floor":11,"key":"Pear"},{"floor":23,"key":"Toxic Egg 2"},{"floor":23,"key":"Ginger"},{"floor":26,"key":"reliquary:Stiletto"}],"event_choices":[{"damage_healed":20,"gold_gain":0,"player_choice":"Healed","damage_taken":0,"max_hp_gain":0,"max_hp_loss":0,"event_name":"The Cleric","floor":3,"gold_loss":35},{"damage_healed":0,"gold_gain":0,"player_choice":"Box","damage_taken":0,"relics_obtained":["ReplayTheSpireMod:Shallot"],"max_hp_gain":0,"max_hp_loss":0,"event_name":"Big Fish","floor":4,"gold_loss":0,"cards_obtained":["Regret"]},{"damage_healed":0,"gold_gain":0,"player_choice":"Take Wound","damage_taken":0,"relics_obtained":["Golden Idol"],"max_hp_gain":0,"max_hp_loss":0,"event_name":"Golden Idol","floor":15,"gold_loss":0,"cards_obtained":["Injury"]},{"damage_healed":0,"gold_gain":0,"player_choice":"Joined the Cult","damage_taken":6,"max_hp_gain":0,"max_hp_loss":0,"event_name":"Nest","floor":19,"gold_loss":0,"cards_obtained":["RitualDagger"]},{"damage_healed":0,"gold_gain":0,"player_choice":"Read","damage_taken":0,"max_hp_gain":0,"max_hp_loss":0,"event_name":"The Library","floor":20,"gold_loss":0,"cards_obtained":["theEdgeheg:HappiestTimmy"]},{"damage_healed":0,"gold_gain":0,"player_choice":"Inject Mutagens","damage_taken":0,"relics_obtained":["MutagenicStrength"],"max_hp_gain":0,"max_hp_loss":0,"event_name":"Drug Dealer","floor":22,"gold_loss":0},{"damage_healed":0,"gold_gain":0,"player_choice":"Smashed Altar","damage_taken":0,"max_hp_gain":0,"max_hp_loss":0,"event_name":"Forgotten Altar","floor":31,"gold_loss":0,"cards_obtained":["Decay"]}],"is_beta":false,"boss_relics":[{"not_picked":["reliquary:RedPaperclip","Cursed Key"],"picked":"Black Star"}],"items_purged_floors":[],"is_endless":false,"potions_floor_spawned":[1,7,8,10,16,18,21,23,27],"killed_by":"Champ","ascension_level":0}}