{"host":"08t08ld674si40tv","time":1612058502,"event":{"mods":["AchievementEnabler","BaseMod","Colored Map","Minty Spire (QoL Compilation)","StSLib","SuperFastMode"],"gold_per_floor":[112,112,112,187,187,218,218,258,285,321,339,362,403,428,440,543,555,591,621,651,87,87,87,101,135,216,216,226,226,251,263,263,336,336,355,245,259,271,288,288,288],"floor_reached":40,"language":"KOR","playtime":843,"items_purged":["Strike_R"],"score":1066,"play_id":"b1675833-e8b2-4ee1-afb3-a264586bfe01","local_time":"20210131110142","is_ascension_mode":true,"campfire_choices":[{"floor":7,"key":"REST"},{"data":"Fire Breathing","floor":15,"key":"SMITH"},{"data":"Entrench","floor":23,"key":"SMITH"},{"data":"Pommel Strike","floor":27,"key":"SMITH"},{"data":"Shockwave","floor":32,"key":"SMITH"}],"circlet_count":0,"master_deck":["AscendersBane","Strike_R+1","Defend_R","Defend_R","Defend_R+1","Defend_R","Bash+1","Immolate+1","Body Slam+1","Fire Breathing+1","Rage","Shockwave+1","Pommel Strike+1","Entrench+1","Metallicize+1","Bloodletting","Shrug It Off"],"relics":["Burning Blood","Black Star","Bloody Idol","Letter Opener","Orichalcum","Anchor","Vajra","Pen Nib","Ancient Tea Set","Frozen Egg 2","StoneCalendar","MawBank","Mercury Hourglass","Mark of Pain","Champion Belt","Whetstone","Molten Egg 2","Potion Belt","Singing Bowl","Pear","Darkstone Periapt","Empty Cage"],"acts_visited":["Exordium","TheCity","TheBeyond"],"potions_floor_usage":[16,25,30,30,33,35,40],"damage_taken":[{"damage":7,"enemies":"Jaw Worm","floor":1,"turns":2},{"damage":32,"enemies":"Gremlin Nob","floor":6,"turns":4},{"damage":5,"enemies":"3 Sentries","floor":8,"turns":4},{"damage":20,"enemies":"Gremlin Nob","floor":10,"turns":4},{"damage":0,"enemies":"Small Slimes","floor":11,"turns":1},{"damage":0,"enemies":"Cultist","floor":12,"turns":2},{"damage":14,"enemies":"3 Sentries","floor":13,"turns":4},{"damage":0,"enemies":"Looter","floor":14,"turns":1},{"damage":0,"enemies":"Slime Boss","floor":16,"turns":5},{"damage":13,"enemies":"Chosen","floor":18,"turns":4},{"damage":3,"enemies":"2 Thieves","floor":19,"turns":3},{"damage":18,"enemies":"Chosen and Byrds","floor":20,"turns":4},{"damage":1,"enemies":"Shelled Parasite and Fungi","floor":24,"turns":2},{"damage":25,"enemies":"Gremlin Leader","floor":25,"turns":4},{"damage":0,"enemies":"Cultist and Chosen","floor":28,"turns":2},{"damage":0,"enemies":"Slavers","floor":30,"turns":2},{"damage":13,"enemies":"Chosen and Byrds","floor":31,"turns":3},{"damage":35,"enemies":"Collector","floor":33,"turns":7},{"damage":30,"enemies":"3 Shapes","floor":35,"turns":5},{"damage":12,"enemies":"3 Darklings","floor":37,"turns":3},{"damage":47,"enemies":"Spire Growth","floor":38,"turns":5},{"damage":24,"enemies":"Sphere and 2 Shapes","floor":39,"turns":4},{"damage":36,"enemies":"Reptomancer","floor":40,"turns":2}],"seed_played":"538626369088025498","potions_obtained":[{"floor":11,"key":"PowerPotion"},{"floor":12,"key":"ColorlessPotion"},{"floor":18,"key":"DuplicationPotion"},{"floor":25,"key":"FearPotion"},{"floor":30,"key":"Energy Potion"},{"floor":33,"key":"BloodPotion"},{"floor":37,"key":"BlessingOfTheForge"},{"floor":38,"key":"Strength Potion"}],"is_trial":false,"path_per_floor":["M","?","T","?","?","E","R","E","T","E","M","M","E","M","R","B",null,"M","M","M","$","?","R","M","E","T","R","M","?","E","M","R","B",null,"M","?","M","M","M","E"],"character_chosen":"IRONCLAD","items_purchased":["Champion Belt","Whetstone"],"campfire_rested":1,"item_purchase_floors":[21,21],"current_hp_per_floor":[67,67,67,56,56,30,50,51,51,37,43,49,41,47,47,53,64,57,60,48,48,48,48,58,44,49,49,60,48,71,71,71,49,75,74,74,75,41,28,0,0],"gold":288,"neow_bonus":"TRANSFORM_CARD","is_daily":false,"chose_seed":false,"campfire_upgraded":4,"win_rate":0.0,"timestamp":1612058502,"path_taken":["M","?","?","?","?","E","R","E","T","E","M","M","E","M","R","BOSS","M","M","M","$","?","R","M","E","T","R","M","?","E","?","R","BOSS","M","?","M","M","?","E"],"items_purchased_type":["Relic","Relic"],"build_version":"2020-12-22","purchased_purges":1,"victory":false,"max_hp_per_floor":[75,68,68,68,68,68,68,68,68,68,68,68,68,68,68,68,68,68,68,68,68,68,68,68,68,68,68,68,68,80,82,82,84,84,86,86,88,90,90,90,90],"card_choices":[{"not_picked":["Sword Boomerang","Iron Wave"],"picked":"Body Slam","floor":1},{"not_picked":["Heavy Blade","Demon Form","Clothesline"],"picked":"SKIP","floor":6},{"not_picked":["Intimidate","Thunderclap"],"picked":"Fire Breathing","floor":8},{"not_picked":["Havoc","Sword Boomerang"],"picked":"Rage","floor":10},{"not_picked":["Inflame+1","Wild Strike"],"picked":"Shockwave","floor":11},{"not_picked":["Carnage","Shockwave","Twin Strike"],"picked":"SKIP","floor":12},{"not_picked":["Iron Wave","Anger"],"picked":"Pommel Strike","floor":13},{"not_picked":["Dropkick","Warcry","Pommel Strike"],"picked":"SKIP","floor":14},{"not_picked":["Dropkick","Pummel"],"picked":"Entrench","floor":18},{"not_picked":["Warcry","Uppercut+1","Armaments"],"picked":"SKIP","floor":19},{"not_picked":["Inflame+1","Uppercut","Heavy Blade"],"picked":"SKIP","floor":20},{"not_picked":["Headbutt","Reckless Charge"],"picked":"Metallicize+1","floor":24},{"not_picked":["Bludgeon+1","Clothesline+1","Brutality+1"],"picked":"SKIP","floor":25},{"not_picked":["Thunderclap+1","Flex"],"picked":"Bloodletting","floor":28},{"not_picked":["Dark Embrace+1","Corruption+1","Seeing Red"],"picked":"Singing Bowl","floor":30},{"not_picked":["Clothesline+1","Anger+1","Thunderclap+1"],"picked":"Singing Bowl","floor":31},{"not_picked":["Berserk+1","Immolate+1","Corruption+1"],"picked":"Singing Bowl","floor":33},{"not_picked":["Warcry","Thunderclap+1","Heavy Blade+1"],"picked":"Singing Bowl","floor":35},{"not_picked":["Armaments","Entrench","Pummel+1"],"picked":"Singing Bowl","floor":37},{"not_picked":["Wild Strike+1","Reaper+1","Second Wind"],"picked":"Singing Bowl","floor":38},{"not_picked":["True Grit","Anger+1"],"picked":"Shrug It Off","floor":39}],"player_experience":279251,"relics_obtained":[{"floor":3,"key":"Letter Opener"},{"floor":6,"key":"Orichalcum"},{"floor":6,"key":"Anchor"},{"floor":8,"key":"Vajra"},{"floor":8,"key":"Pen Nib"},{"floor":9,"key":"Ancient Tea Set"},{"floor":10,"key":"Frozen Egg 2"},{"floor":10,"key":"StoneCalendar"},{"floor":13,"key":"MawBank"},{"floor":13,"key":"Mercury Hourglass"},{"floor":25,"key":"Molten Egg 2"},{"floor":25,"key":"Potion Belt"},{"floor":26,"key":"Singing Bowl"},{"floor":30,"key":"Pear"},{"floor":30,"key":"Darkstone Periapt"}],"event_choices":[{"damage_healed":0,"gold_gain":0,"player_choice":"Lose Max HP","damage_taken":0,"relics_obtained":["Golden Idol"],"max_hp_gain":0,"max_hp_loss":7,"event_name":"Golden Idol","floor":2,"gold_loss":0},{"damage_healed":0,"gold_gain":75,"player_choice":"Gather Gold","damage_taken":11,"max_hp_gain":0,"max_hp_loss":0,"event_name":"World of Goop","floor":4,"gold_loss":0},{"damage_healed":0,"gold_gain":0,"player_choice":"Upgraded","damage_taken":0,"max_hp_gain":0,"max_hp_loss":0,"event_name":"Upgrade Shrine","floor":5,"gold_loss":0,"cards_upgraded":["Body Slam"]},{"damage_healed":0,"gold_gain":0,"player_choice":"Gave Idol","damage_taken":0,"relics_obtained":["Bloody Idol"],"max_hp_gain":0,"max_hp_loss":0,"event_name":"Forgotten Altar","floor":22,"relics_lost":["Golden Idol"],"gold_loss":0},{"damage_healed":0,"gold_gain":0,"player_choice":"POTION ","damage_taken":12,"max_hp_gain":0,"max_hp_loss":0,"event_name":"Knowing Skull","floor":29,"potions_obtained":["LiquidMemories"],"gold_loss":0,"cards_obtained":[]},{"cards_removed":["Sever Soul"],"damage_healed":0,"gold_gain":0,"player_choice":"Upgrade and Remove","damage_taken":0,"max_hp_gain":0,"max_hp_loss":0,"event_name":"Designer","floor":36,"gold_loss":110,"cards_upgraded":["Defend_R"]}],"is_beta":false,"boss_relics":[{"not_picked":["Tiny House","Philosopher\u0027s Stone"],"picked":"Mark of Pain"},{"not_picked":["Busted Crown","Black Blood"],"picked":"Empty Cage"}],"items_purged_floors":[21],"is_endless":false,"potions_floor_spawned":[11,12,14,18,24,25,30,33,37,38],"killed_by":"Reptomancer","ascension_level":20}}