{"host":"AZZAM","time":1612125912,"event":{"mods":["BaseMod","Colored Map","Highlight Path","Minty Spire (QoL Compilation)","Relic Stats","Unceasing Turn Reminder"],"gold_per_floor":[111,125,24,41,53,53,88,88,136,136,165,165,200,200,200,302,302,314,314,0,13,13,38,67,87,87,102,201,227,227,238,238,340,340,350,56,56,68,118,147,158,158,158,158,184,406,406,434,434,434,434,434,51,84,84,84],"floor_reached":55,"language":"ENG","playtime":2387,"items_purged":["Strike_P","Regret"],"score":1063,"play_id":"5497d0e7-04ae-4762-bc1a-33ed5f79d668","local_time":"20210131234512","is_ascension_mode":true,"campfire_choices":[{"data":"Eruption","floor":6.0,"key":"SMITH"},{"data":"LessonLearned","floor":10.0,"key":"SMITH"},{"floor":12.0,"key":"REST"},{"data":"Adaptation","floor":15.0,"key":"SMITH"},{"floor":30.0,"key":"REST"},{"data":"Vault","floor":32.0,"key":"SMITH"},{"floor":42,"key":"DIG"},{"floor":44,"key":"DIG"},{"floor":47,"key":"DIG"},{"floor":49,"key":"RECALL"},{"data":"Blasphemy","floor":52,"key":"SMITH"}],"circlet_count":0,"master_deck":["Strike_P+1","Strike_P+1","Defend_P+1","Defend_P","Eruption+1","Vigilance+1","Adaptation+1","CutThroughFate","Protect+1","JustLucky","LessonLearned+1","Parasite","Consecrate+1","Scrawl","Sanctity+1","Fasting2","FollowUp+1","CutThroughFate","FlurryOfBlows","CrushJoints+1","Vault+1","ClearTheMind+1","Ragnarok+1","Blasphemy+1","Crescendo","Crescendo","ThirdEye+1","Indignation+1","WaveOfTheHand+1","Scrawl","SashWhip+1"],"relics":["Cursed Key","Pear","Toy Ornithopter","Bag of Marbles","Gremlin Horn","Pen Nib","Empty Cage","MutagenicStrength","ClockworkSouvenir","The Courier","Red Mask","Art of War","VioletLotus","Medical Kit","Shovel","Torii","Yang","Dead Branch","Regal Pillow","TungstenRod","Question Card","Membership Card","Bottled Flame","Oddly Smooth Stone","Akabeko","Blue Candle"],"acts_visited":["Exordium","TheCity","TheBeyond","TheEnding"],"potions_floor_usage":[50,50,54,55,55,55],"damage_taken":[{"damage":0.0,"enemies":"Cultist","floor":1.0,"turns":2.0},{"damage":9.0,"enemies":"Small Slimes","floor":2.0,"turns":4.0},{"damage":25.0,"enemies":"2 Louse","floor":4.0,"turns":3.0},{"damage":6.0,"enemies":"Blue Slaver","floor":5.0,"turns":4.0},{"damage":19.0,"enemies":"Lagavulin","floor":7.0,"turns":5.0},{"damage":10.0,"enemies":"Gremlin Nob","floor":11.0,"turns":3.0},{"damage":8.0,"enemies":"Lagavulin","floor":13.0,"turns":6.0},{"damage":28.0,"enemies":"Slime Boss","floor":16.0,"turns":8.0},{"damage":22.0,"enemies":"Chosen","floor":18.0,"turns":2.0},{"damage":0.0,"enemies":"2 Thieves","floor":21.0,"turns":1.0},{"damage":0.0,"enemies":"Gremlin Leader","floor":23.0,"turns":2.0},{"damage":0.0,"enemies":"Masked Bandits","floor":24.0,"turns":1.0},{"damage":9.0,"enemies":"Chosen and Byrds","floor":25.0,"turns":7.0},{"damage":0.0,"enemies":"Sentry and Sphere","floor":27.0,"turns":1.0},{"damage":37.0,"enemies":"Book of Stabbing","floor":29.0,"turns":6.0},{"damage":0.0,"enemies":"3 Cultists","floor":31.0,"turns":3.0},{"damage":33.0,"enemies":"Automaton","floor":33.0,"turns":11.0},{"damage":23.0,"enemies":"3 Shapes","floor":35.0,"turns":5.0},{"damage":0.0,"enemies":"Orb Walker","floor":38.0,"turns":2.0},{"damage":0.0,"enemies":"Mind Bloom Boss Battle","floor":39.0,"turns":2.0},{"damage":0.0,"enemies":"Reptomancer","floor":40.0,"turns":4.0},{"damage":10,"enemies":"Maw","floor":41,"turns":4},{"damage":14,"enemies":"Nemesis","floor":45,"turns":6},{"damage":0,"enemies":"Giant Head","floor":48,"turns":5},{"damage":12,"enemies":"Donu and Deca","floor":50,"turns":6},{"damage":0,"enemies":"Shield and Spear","floor":54,"turns":3},{"damage":100073,"enemies":"The Heart","floor":55,"turns":10}],"seed_played":"-7165020817086360560","potions_obtained":[{"floor":1.0,"key":"Weak Potion"},{"floor":7.0,"key":"ColorlessPotion"},{"floor":16.0,"key":"Strength Potion"},{"floor":21.0,"key":"BottledMiracle"},{"floor":24.0,"key":"Ancient Potion"},{"floor":29.0,"key":"GamblersBrew"},{"floor":33.0,"key":"Energy Potion"},{"floor":35.0,"key":"EssenceOfSteel"},{"floor":54,"key":"BottledMiracle"}],"is_trial":false,"path_per_floor":["M","M","$","M","M","R","E","?","T","R","E","R","E","?","R","B",null,"M","?","$","M","?","E","?","M","T","M","?","E","R","M","R","B",null,"M","$","?","M","?","E","M","R","T","R","E","?","R","E","R","B",null,"R","$","E","B"],"character_chosen":"WATCHER","items_purchased":["CultistPotion","Fasting2","ClockworkSouvenir","FollowUp","Medical Kit","Blasphemy","Crescendo","Membership Card","Bottled Flame","Oddly Smooth Stone","Akabeko","Swift Potion","SteroidPotion"],"campfire_rested":2,"item_purchase_floors":[3,20,20,20,36,36,36,53,53,53,53,53,53],"current_hp_per_floor":[72,63,63,38,32,32,23,23,23,23,18,42,39,66,66,38,82,60,60,60,60,60,60,60,51,51,51,51,14,38,38,38,15,82,59,59,59,59,59,59,49,49,49,49,35,35,35,35,35,33,82,82,82,82,0,0],"gold":84,"neow_bonus":"BOSS_RELIC","is_daily":false,"chose_seed":false,"campfire_upgraded":5,"win_rate":0.0,"timestamp":1612125912,"path_taken":["M","M","$","M","?","R","E","?","T","R","E","R","E","?","R","BOSS","M","?","$","M","?","E","?","M","T","M","?","E","R","?","R","BOSS","M","$","?","M","?","E","?","R","T","R","E","?","R","E","R","BOSS","R","$","E","BOSS"],"items_purchased_type":["Potion","Card","Relic","Card","Relic","Card","Card","Relic","Relic","Relic","Relic","Potion","Potion"],"build_version":"2020-12-18","purchased_purges":2,"victory":false,"max_hp_per_floor":[72,72,72,72,72,72,82,82,82,82,82,82,82,82,82,82,82,82,82,82,82,82,82,82,82,82,82,82,82,82,82,82,82,82,82,82,82,82,82,82,82,82,82,82,82,82,82,82,82,82,82,82,82,82,82,82],"relic_stats":{"Regal Pillow":0,"Gremlin Horn":[22,22],"Torii":34,"counters":[27,115],"Dead Branch":[35],"Blue Candle":[0],"Yang":[71],"Pen Nib":[21],"Cursed Key":2,"Medical Kit":[0],"Question Card":1,"Shovel":3,"VioletLotus":[11],"Art of War":[9],"obtain_stats":[{"Regal Pillow":45,"Gremlin Horn":11,"Torii":40,"Yang":42,"Cursed Key":0,"Empty Cage":17,"ClockworkSouvenir":20,"Shovel":39,"VioletLotus":34,"Red Mask":24,"Pear":7,"Dead Branch":44,"Blue Candle":54,"Oddly Smooth Stone":53,"Pen Nib":13,"The Courier":23,"Medical Kit":36,"Question Card":48,"Akabeko":53,"Bottled Flame":53,"MutagenicStrength":19,"Bag of Marbles":9,"Art of War":29,"Membership Card":53,"PureWater":0,"Toy Ornithopter":8,"TungstenRod":47},{"Regal Pillow":23,"Gremlin Horn":6,"Torii":21,"Yang":22,"Cursed Key":0,"Empty Cage":8,"ClockworkSouvenir":9,"Shovel":20,"VioletLotus":17,"Red Mask":12,"Pear":5,"Dead Branch":22,"Blue Candle":26,"Oddly Smooth Stone":25,"Pen Nib":7,"The Courier":11,"Medical Kit":18,"Question Card":24,"Akabeko":25,"Bottled Flame":25,"MutagenicStrength":9,"Bag of Marbles":5,"Art of War":15,"Membership Card":25,"PureWater":0,"Toy Ornithopter":5,"TungstenRod":23},{"Regal Pillow":92,"Gremlin Horn":21,"Torii":82,"Yang":86,"Cursed Key":0,"Empty Cage":35,"ClockworkSouvenir":37,"Shovel":78,"VioletLotus":69,"Red Mask":41,"Pear":18,"Dead Branch":86,"Blue Candle":106,"Oddly Smooth Stone":103,"Pen Nib":27,"The Courier":40,"Medical Kit":74,"Question Card":97,"Akabeko":103,"Bottled Flame":103,"MutagenicStrength":37,"Bag of Marbles":18,"Art of War":55,"Membership Card":103,"PureWater":0,"Toy Ornithopter":18,"TungstenRod":92}],"Toy Ornithopter":35,"TungstenRod":33},"card_choices":[{"not_picked":["FearNoEvil","Nirvana"],"picked":"Adaptation","floor":1.0},{"not_picked":["FlurryOfBlows","WindmillStrike"],"picked":"CutThroughFate","floor":2.0},{"not_picked":["Evaluate","EmptyFist"],"picked":"Protect","floor":4.0},{"not_picked":["Crescendo","LikeWater"],"picked":"JustLucky","floor":5.0},{"not_picked":["Crescendo","CarveReality"],"picked":"LessonLearned","floor":7.0},{"not_picked":["SandsOfTime","Protect"],"picked":"Consecrate","floor":11.0},{"not_picked":["Adaptation","Pray","Judgement"],"picked":"SKIP","floor":13.0},{"not_picked":["Judgement","Devotion"],"picked":"Scrawl","floor":16.0},{"not_picked":["PathToVictory","Collect"],"picked":"Sanctity+1","floor":18.0},{"not_picked":["Protect","BattleHymn+1","EmptyBody"],"picked":"SKIP","floor":21.0},{"not_picked":["BowlingBash","Consecrate"],"picked":"CutThroughFate","floor":23.0},{"not_picked":["Pray+1","FlyingSleeves"],"picked":"FlurryOfBlows","floor":25.0},{"not_picked":["Protect","EmptyFist"],"picked":"CrushJoints","floor":27.0},{"not_picked":["CutThroughFate","Crescendo"],"picked":"Vault","floor":29.0},{"not_picked":["Protect","JustLucky"],"picked":"ClearTheMind+1","floor":31.0},{"not_picked":["Establishment","MasterReality"],"picked":"Ragnarok","floor":33.0},{"not_picked":["CrushJoints","FollowUp","ClearTheMind"],"picked":"SKIP","floor":35.0},{"not_picked":["Protect+1","Consecrate+1"],"picked":"Crescendo","floor":38.0},{"not_picked":["EmptyBody+1","ClearTheMind"],"picked":"ThirdEye+1","floor":39.0},{"not_picked":["Adaptation+1","Fasting2+1","Pray"],"picked":"SKIP","floor":40.0},{"not_picked":["DeceiveReality","PathToVictory+1"],"picked":"Indignation+1","floor":41},{"not_picked":["Crescendo","Conclude+1"],"picked":"WaveOfTheHand+1","floor":45},{"not_picked":["BowlingBash","PathToVictory"],"picked":"Scrawl","floor":48},{"not_picked":["FlyingSleeves","Consecrate","CutThroughFate+1"],"picked":"SashWhip+1","floor":54}],"player_experience":76619,"relics_obtained":[{"floor":7.0,"key":"Pear"},{"floor":9.0,"key":"Bag of Marbles"},{"floor":11.0,"key":"Gremlin Horn"},{"floor":13.0,"key":"Pen Nib"},{"floor":23.0,"key":"The Courier"},{"floor":24.0,"key":"Red Mask"},{"floor":29.0,"key":"Art of War"},{"floor":39.0,"key":"Shovel"},{"floor":40.0,"key":"Torii"},{"floor":42,"key":"Yang"},{"floor":44,"key":"Dead Branch"},{"floor":45,"key":"Regal Pillow"},{"floor":47,"key":"TungstenRod"},{"floor":48,"key":"Question Card"},{"floor":54,"key":"Blue Candle"}],"event_choices":[{"damage_healed":0.0,"max_hp_gain":0.0,"max_hp_loss":0.0,"gold_gain":0.0,"event_name":"Dead Adventurer","player_choice":"Searched \u00272\u0027 times","floor":8.0,"gold_loss":0.0,"damage_taken":0.0,"relics_obtained":["Toy Ornithopter"]},{"damage_healed":27.0,"max_hp_gain":0.0,"max_hp_loss":0.0,"gold_gain":0.0,"event_name":"Big Fish","player_choice":"Banana","floor":14.0,"gold_loss":0.0,"damage_taken":0.0},{"damage_healed":0.0,"max_hp_gain":0.0,"max_hp_loss":0.0,"gold_gain":0.0,"event_name":"Drug Dealer","player_choice":"Inject Mutagens","floor":19.0,"gold_loss":0.0,"damage_taken":0.0,"relics_obtained":["MutagenicStrength"]},{"damage_healed":0.0,"max_hp_gain":0.0,"max_hp_loss":0.0,"gold_gain":0.0,"event_name":"Masked Bandits","player_choice":"Fought Bandits","floor":24.0,"gold_loss":0.0,"damage_taken":0.0},{"damage_healed":0.0,"max_hp_gain":0.0,"max_hp_loss":0.0,"gold_gain":99.0,"event_name":"Nest","player_choice":"Stole From Cult","floor":28.0,"gold_loss":0.0,"damage_taken":0.0},{"cards_removed":["Defend_P"],"damage_healed":0.0,"max_hp_gain":0.0,"max_hp_loss":0.0,"gold_gain":0.0,"event_name":"Falling","player_choice":"Removed Skill","floor":37.0,"gold_loss":0.0,"damage_taken":0.0},{"damage_healed":0.0,"max_hp_gain":0.0,"max_hp_loss":0.0,"gold_gain":0.0,"event_name":"MindBloom","player_choice":"Fight","floor":39.0,"gold_loss":0.0,"damage_taken":0.0},{"damage_healed":0,"gold_gain":222,"player_choice":"Wore Mask","damage_taken":0,"max_hp_gain":0,"max_hp_loss":0,"event_name":"Tomb of Lord Red Mask","floor":46,"gold_loss":0}],"is_beta":true,"boss_relics":[{"not_picked":["Velvet Choker","Pandora\u0027s Box"],"picked":"Empty Cage"},{"not_picked":["Sozu","Tiny House"],"picked":"VioletLotus"}],"items_purged_floors":[20,36],"is_endless":false,"potions_floor_spawned":[1,7,16,21,24,29,31,33,35,38,48,54],"killed_by":"The Heart","ascension_level":3}}