{"host":"2ty4h143nj8vwezc","time":1612076846,"event":{"mods":["BaseMod","Colored Map","Googly Eyes","Highlight Path","Minty Spire (QoL Compilation)","Quick Restart","StSLib"],"gold_per_floor":[167,178,12,12,12,37,60,60,60,25,59,59,90,104,104,178,178,198,113,123,6,25,25,25,36,36,54,54,68,68,85,85,157,157,168,23,23,37,37,37],"floor_reached":39,"language":"ENG","playtime":2933,"items_purged":["Strike_G"],"score":763,"play_id":"79cf5d29-287b-42dc-aa22-f4f6b7eaa77c","local_time":"20210131020726","is_ascension_mode":true,"campfire_choices":[{"floor":8.0,"key":"REST"},{"data":"Phantasmal Killer","floor":12.0,"key":"SMITH"},{"data":"Setup","floor":15.0,"key":"SMITH"},{"floor":23.0,"key":"REST"},{"floor":28.0,"key":"REST"},{"floor":32.0,"key":"REST"}],"circlet_count":0,"master_deck":["AscendersBane","Defend_G","Defend_G","Defend_G","Defend_G","Defend_G","Survivor","Neutralize","Blade Dance","Finisher","Well Laid Plans","Glass Knife","Die Die Die","Blade Dance","Phantasmal Killer+1","Setup+1","After Image","Cloak And Dagger","Accuracy","Accuracy+1","Cloak And Dagger","Slice","Bite","Bite","Bite","Bite","Bite","Deflect+1","Corpse Explosion","Setup+1","Escape Plan+1"],"relics":["Tiny House","Paper Crane","Odd Mushroom","Eternal Feather","Mummified Hand","Happy Flower","SlaversCollar","Oddly Smooth Stone","Nilry\u0027s Codex","Gambling Chip","Cursed Key","Pantograph"],"acts_visited":["Exordium","TheCity","TheBeyond"],"potions_floor_usage":[],"damage_taken":[{"damage":1.0,"enemies":"Small Slimes","floor":1.0,"turns":4.0},{"damage":6.0,"enemies":"Jaw Worm","floor":2.0,"turns":4.0},{"damage":22.0,"enemies":"Lagavulin","floor":6.0,"turns":7.0},{"damage":6.0,"enemies":"The Mushroom Lair","floor":7.0,"turns":3.0},{"damage":12.0,"enemies":"3 Sentries","floor":11.0,"turns":6.0},{"damage":18.0,"enemies":"Gremlin Nob","floor":13.0,"turns":3.0},{"damage":7.0,"enemies":"2 Louse","floor":14.0,"turns":2.0},{"damage":52.0,"enemies":"Hexaghost","floor":16.0,"turns":12.0},{"damage":13.0,"enemies":"Chosen","floor":18.0,"turns":5.0},{"damage":0.0,"enemies":"3 Byrds","floor":20.0,"turns":7.0},{"damage":22.0,"enemies":"3 Cultists","floor":22.0,"turns":5.0},{"damage":22.0,"enemies":"Centurion and Healer","floor":25.0,"turns":5.0},{"damage":5.0,"enemies":"Snecko","floor":27.0,"turns":5.0},{"damage":20.0,"enemies":"Snake Plant","floor":29.0,"turns":5.0},{"damage":29.0,"enemies":"Centurion and Healer","floor":31.0,"turns":6.0},{"damage":72.0,"enemies":"Automaton","floor":33.0,"turns":8.0},{"damage":21.0,"enemies":"3 Shapes","floor":35.0,"turns":5.0},{"damage":29.0,"enemies":"3 Darklings","floor":38.0,"turns":5.0},{"damage":1,"enemies":"4 Shapes","floor":39,"turns":1}],"seed_played":"-6629538719548686878","potions_obtained":[{"floor":0.0,"key":"FearPotion"},{"floor":1.0,"key":"LiquidMemories"},{"floor":2.0,"key":"Ancient Potion"},{"floor":7.0,"key":"BlessingOfTheForge"},{"floor":11.0,"key":"BlessingOfTheForge"},{"floor":18.0,"key":"DistilledChaos"},{"floor":20.0,"key":"Ancient Potion"},{"floor":27.0,"key":"FairyPotion"},{"floor":29.0,"key":"EntropicBrew"}],"is_trial":false,"path_per_floor":["M","M","$","?","?","E","?","R","T","?","E","R","E","M","R","B",null,"M","?","M","$","M","R","?","M","T","M","R","M","?","M","R","B",null,"M","?","$","M","M"],"character_chosen":"THE_SILENT","items_purchased":["Well Laid Plans","Glass Knife","Accuracy"],"campfire_rested":4,"item_purchase_floors":[3,3,21],"current_hp_per_floor":[63,57,57,57,57,35,29,50,50,67,55,67,49,42,54,2,54,41,41,41,41,19,52,31,9,9,4,40,20,20,1,30,16,41,26,26,26,1,0,0],"gold":37,"neow_bonus":"BOSS_RELIC","is_daily":false,"chose_seed":false,"campfire_upgraded":2,"win_rate":0.0,"timestamp":1612076846,"path_taken":["M","M","$","?","?","E","?","R","T","?","E","R","E","M","R","BOSS","M","?","M","$","M","R","?","M","T","M","R","M","?","M","R","BOSS","M","?","$","M","?"],"items_purchased_type":["Card","Card","Card"],"build_version":"2020-12-22","purchased_purges":1,"victory":false,"max_hp_per_floor":[71,71,71,71,71,71,71,71,71,71,71,71,71,71,71,71,71,71,71,71,71,71,71,71,71,71,71,71,71,49,49,49,49,49,49,49,49,49,49,49],"card_choices":[{"not_picked":["Leg Sweep","Quick Slash"],"picked":"Blade Dance","floor":0.0},{"not_picked":["Quick Slash","Underhanded Strike","Poisoned Stab"],"picked":"SKIP","floor":1.0},{"not_picked":["Outmaneuver","Terror"],"picked":"Finisher","floor":2.0},{"not_picked":["Flying Knee","Poisoned Stab"],"picked":"Die Die Die","floor":6.0},{"not_picked":["Backflip","Slice"],"picked":"Blade Dance","floor":7.0},{"not_picked":["Cloak And Dagger","Catalyst"],"picked":"Phantasmal Killer","floor":11.0},{"not_picked":["Underhanded Strike","Catalyst"],"picked":"Setup","floor":13.0},{"not_picked":["Dagger Throw","Finisher","Skewer"],"picked":"SKIP","floor":14.0},{"not_picked":["Night Terror","Malaise"],"picked":"After Image","floor":16.0},{"not_picked":["Underhanded Strike","Choke"],"picked":"Cloak And Dagger","floor":18.0},{"not_picked":["Eviscerate","Deflect","Sucker Punch"],"picked":"SKIP","floor":20.0},{"not_picked":["Prepared","PiercingWail"],"picked":"Accuracy+1","floor":22.0},{"not_picked":["Slice","Venomology"],"picked":"Cloak And Dagger","floor":25.0},{"not_picked":["Prepared+1","Flying Knee"],"picked":"Slice","floor":27.0},{"not_picked":["Underhanded Strike","Catalyst","Prepared"],"picked":"SKIP","floor":29.0},{"not_picked":["Noxious Fumes","All Out Attack"],"picked":"Deflect+1","floor":31.0},{"not_picked":["Envenom","Storm of Steel"],"picked":"Corpse Explosion","floor":33.0},{"not_picked":["Reflex","Heel Hook"],"picked":"Setup+1","floor":35.0},{"not_picked":["Noxious Fumes","Outmaneuver"],"picked":"Escape Plan+1","floor":38.0}],"player_experience":314624,"relics_obtained":[{"floor":6.0,"key":"Paper Crane"},{"floor":7.0,"key":"Odd Mushroom"},{"floor":9.0,"key":"Eternal Feather"},{"floor":11.0,"key":"Mummified Hand"},{"floor":13.0,"key":"Happy Flower"},{"floor":24.0,"key":"Nilry\u0027s Codex"},{"floor":26.0,"key":"Gambling Chip"}],"event_choices":[{"damage_healed":0.0,"max_hp_gain":0.0,"max_hp_loss":0.0,"gold_gain":0.0,"event_name":"Shining Light","player_choice":"Ignored","floor":4.0,"gold_loss":0.0,"damage_taken":0.0},{"damage_healed":0.0,"max_hp_gain":0.0,"max_hp_loss":0.0,"gold_gain":0.0,"event_name":"Scrap Ooze","player_choice":"Fled","floor":5.0,"gold_loss":0.0,"damage_taken":0.0},{"damage_healed":0.0,"max_hp_gain":0.0,"max_hp_loss":0.0,"gold_gain":0.0,"event_name":"Mushrooms","player_choice":"Fought Mushrooms","floor":7.0,"gold_loss":0.0,"damage_taken":0.0},{"damage_healed":17.0,"max_hp_gain":0.0,"max_hp_loss":0.0,"gold_gain":0.0,"event_name":"The Cleric","player_choice":"Healed","floor":10.0,"gold_loss":35.0,"damage_taken":0.0},{"damage_healed":0.0,"max_hp_gain":0.0,"max_hp_loss":0.0,"gold_gain":0.0,"event_name":"Addict","player_choice":"Obtained Relic","floor":19.0,"gold_loss":85.0,"damage_taken":0.0,"relics_obtained":["Oddly Smooth Stone"]},{"damage_healed":0.0,"max_hp_gain":0.0,"max_hp_loss":0.0,"gold_gain":0.0,"event_name":"Cursed Tome","player_choice":"Obtained Book","floor":24.0,"gold_loss":0.0,"damage_taken":21.0},{"damage_healed":0.0,"max_hp_gain":0.0,"max_hp_loss":22.0,"gold_gain":0.0,"event_name":"Vampires","player_choice":"Became a vampire","floor":30.0,"gold_loss":0.0,"damage_taken":0.0,"cards_obtained":["Bite","Bite","Bite","Bite","Bite"]},{"damage_healed":0.0,"max_hp_gain":0.0,"max_hp_loss":0.0,"gold_gain":0.0,"event_name":"WeMeetAgain","player_choice":"Paid Gold","floor":36.0,"gold_loss":145.0,"damage_taken":0.0,"relics_obtained":["Pantograph"]}],"is_beta":false,"boss_relics":[{"not_picked":["Runic Dome","HoveringKite"],"picked":"SlaversCollar"},{"not_picked":["SacredBark","Empty Cage"],"picked":"Cursed Key"}],"items_purged_floors":[21],"is_endless":false,"potions_floor_spawned":[1,2,7,11,18,20,27,29],"killed_by":"4 Shapes","ascension_level":17}}