{"host":"5804jsr9z0rnmtnc","time":1612073206,"event":{"mods":["BaseMod","Colored Powertips","Duelist Mod","GifTheSpireLib","Hermit","Marisa????????","Minty Spire (QoL Compilation)","READ ME - Guardian Mod","StSLib","The Disciple","The Necromancer"],"gold_per_floor":[109,109,126,201,201,201,201,201,201,218,74,84,102,119,119,215,215,233,233,233,249,249,249,279,299,354,72,92,6,18,29,29,130,130,147,164,164,180,180,180,88,138,207,221,46,46,60,79,79,79],"floor_reached":51,"language":"ENG","playtime":5873,"items_purged":[],"score":661,"play_id":"2d740b89-77aa-447d-96b4-3ff626ce441b","local_time":"20210131160646","is_ascension_mode":false,"campfire_choices":[{"data":"Death_March_Dance","floor":6.0,"key":"SMITH"},{"data":"Negative_Energy_Arrows","floor":8.0,"key":"SMITH"},{"data":"Hellfire","floor":15.0,"key":"SMITH"},{"floor":23.0,"key":"REST"},{"floor":32,"key":"REST"},{"floor":40,"key":"REST"},{"floor":46,"key":"REST"},{"floor":49,"key":"REST"}],"circlet_count":0,"master_deck":["Strike_W","Strike_W","Strike_W","Strike_W","Defend_W","Defend_W","Defend_W","Defend_W","Negative_Energy_Arrows+1","Bone_Wall","Scare","Death_March_Dance+1","Spectral_Armor","Hellfire+1","Summon_Undead_Army","Bone_Prison","Death_Coil","Negative_Energy_Mist","Summon_Vampire_Lady","Toxic_Smoke_Screen","RitualDagger","Summon_Undead_Army+1","Necronomicurse","Bones_to_Steel+1","Vampiric_Strike","Summon_Lich","Negative_Energy_Mist","Acid_Javelin","Negative_Energy_Mist+1","Bone_Armor","Thousand_Bone_Knives","Shade_Step+1","Hellfire","CurseOfTheBell","Vampiric_Strike+1","Negative_Energy_Shield+1","Exploit","Slay_Living","Pandemic","Negative_Energy_Shield+1","Bone_Armor","Bone_Prison","Toxic_Smoke_Screen","Toxic_Smoke_Screen+1"],"relics":["Vampire_Amulet","NeowsBlessing","Mummified Hand","Runic Pyramid","Juzu Bracelet","Necronomicon","Boot","Regal Pillow","Calling Bell","PreservedInsect","Ornamental Fan","Girya","CatCart","Letter Opener"],"acts_visited":["Exordium","TheCity","TheBeyond"],"potions_floor_usage":[33,33,42,47,50,50,50],"damage_taken":[{"damage":0.0,"enemies":"Jaw Worm","floor":1.0,"turns":1.0},{"damage":0.0,"enemies":"2 Louse","floor":3.0,"turns":2.0},{"damage":0.0,"enemies":"Small Slimes","floor":10.0,"turns":1.0},{"damage":0.0,"enemies":"Blue Slaver","floor":12.0,"turns":3.0},{"damage":8.0,"enemies":"3 Louse","floor":13.0,"turns":5.0},{"damage":8.0,"enemies":"Exordium Wildlife","floor":14.0,"turns":3.0},{"damage":16.0,"enemies":"Hexaghost","floor":16.0,"turns":10.0},{"damage":16.0,"enemies":"Chosen","floor":18.0,"turns":7.0},{"damage":1.0,"enemies":"3 Byrds","floor":21.0,"turns":4.0},{"damage":20.0,"enemies":"Book of Stabbing","floor":24.0,"turns":5.0},{"damage":26.0,"enemies":"Centurion and Healer","floor":25.0,"turns":5.0},{"damage":1.0,"enemies":"Chosen and Byrds","floor":28.0,"turns":4.0},{"damage":0.0,"enemies":"Snecko","floor":30.0,"turns":5.0},{"damage":20,"enemies":"Cultist and Chosen","floor":31,"turns":5},{"damage":58,"enemies":"Automaton","floor":33,"turns":12},{"damage":12,"enemies":"Orb Walker","floor":35,"turns":4},{"damage":27,"enemies":"3 Shapes","floor":36,"turns":3},{"damage":35,"enemies":"Transient","floor":38,"turns":5},{"damage":26,"enemies":"Orin","floor":42,"turns":7},{"damage":47,"enemies":"Spire Growth","floor":44,"turns":5},{"damage":23,"enemies":"Maw","floor":47,"turns":5},{"damage":22,"enemies":"4 Shapes","floor":48,"turns":10},{"damage":135,"enemies":"Awakened One","floor":50,"turns":16}],"seed_played":"-5621232230242289959","potions_obtained":[{"floor":1.0,"key":"DistilledChaos"},{"floor":13.0,"key":"Ancient Potion"},{"floor":16.0,"key":"SpeedPotion"},{"floor":18.0,"key":"ColorlessPotion"},{"floor":21.0,"key":"Regen Potion"},{"floor":30.0,"key":"Swift Potion"},{"floor":38,"key":"BlessingOfTheForge"},{"floor":42,"key":"LiquidBronze"},{"floor":48,"key":"DistilledChaos"}],"is_trial":false,"path_per_floor":["M","?","M","?","?","R","?","R","T","M","$","M","M","M","R","B",null,"M","?","?","M","?","R","E","M","T","$","M","$","M","M","R","B",null,"M","M","?","M","?","R","$","?","T","M","$","R","M","M","R","B",null],"character_chosen":"NECROMANCER","items_purchased":["Hellfire","Summon_Undead_Army","Summon_Lich","Negative_Energy_Mist","DistilledChaos","Acid_Javelin","Bone_Armor","Thousand_Bone_Knives","Slay_Living","Explosive Potion","Bone_Armor","Bone_Prison","DuplicationPotion"],"campfire_rested":5,"item_purchase_floors":[11,11,27,27,27,27,29,29,41,41,45,45,45],"current_hp_per_floor":[75,75,75,64,69,69,69,69,69,73,73,75,73,69,69,55,80,69,69,63,74,58,80,77,64,64,64,73,73,78,62,80,53,80,73,54,54,27,27,66,66,57,57,15,15,54,48,34,73,41],"gold":79,"neow_bonus":"THREE_ENEMY_KILL","is_daily":false,"chose_seed":false,"campfire_upgraded":3,"win_rate":0.0,"timestamp":1612073206,"path_taken":["M","?","M","?","?","R","?","R","T","M","$","?","M","M","R","BOSS","M","?","?","M","?","R","E","M","T","$","M","$","M","M","R","BOSS","M","M","?","M","?","R","?","?","T","M","$","R","M","M","R","BOSS"],"items_purchased_type":["Card","Card","Card","Card","Potion","Card","Card","Card","Card","Potion","Card","Card","Potion"],"build_version":"2020-12-22","purchased_purges":0,"victory":true,"max_hp_per_floor":[75,75,75,75,80,80,80,80,80,80,80,80,80,80,80,80,80,80,80,80,80,80,80,80,80,80,80,80,80,80,80,80,80,80,80,80,80,80,80,80,80,80,80,80,80,80,80,80,80,80],"card_choices":[{"not_picked":["Bones_to_Steel","Finger_Of_Death"],"picked":"Scare","floor":1.0},{"not_picked":["Scare","Exploit"],"picked":"Death_March_Dance","floor":3.0},{"not_picked":["Violent_Necrosis","Stop_Heart"],"picked":"Spectral_Armor","floor":10.0},{"not_picked":["Bones_to_Steel","Chill_Blood"],"picked":"Bone_Prison","floor":12.0},{"not_picked":["Life_Tap","Scare"],"picked":"Death_Coil","floor":13.0},{"not_picked":["Negative_Energy_Shield","Chill_Blood"],"picked":"Negative_Energy_Mist","floor":14.0},{"not_picked":["Cloudkill","Blood_Magic"],"picked":"Summon_Vampire_Lady","floor":16.0},{"not_picked":["Life_Tap","Strike_from_Beyond"],"picked":"Toxic_Smoke_Screen","floor":18.0},{"not_picked":["Vampiric_Strike+1","Bone_Spikes"],"picked":"Summon_Undead_Army+1","floor":21.0},{"not_picked":["Scare","Negative_Energy_Shield"],"picked":"Bones_to_Steel+1","floor":24.0},{"not_picked":["Shackles_Of_Pain","Hellfire"],"picked":"Vampiric_Strike","floor":25.0},{"not_picked":["Bones_to_Steel","Blood_Curse"],"picked":"Negative_Energy_Mist+1","floor":28.0},{"not_picked":["Bones_to_Steel","Deaths_Shadow"],"picked":"Corrupt","floor":30.0},{"not_picked":["Exploit+1","Shackles_Of_Pain"],"picked":"Shade_Step+1","floor":31},{"not_picked":["Summon_Death_Knight","Skeleton_Dragon"],"picked":"Hellfire","floor":33},{"not_picked":["Finger_Of_Death+1","Summon_Vampire_Lady"],"picked":"Vampiric_Strike+1","floor":35},{"not_picked":["Bone_Prison","Chill_Blood+1"],"picked":"Negative_Energy_Shield+1","floor":36},{"not_picked":["Corrupt","Siphon_Strength+1"],"picked":"Exploit","floor":38},{"not_picked":["Blood_Whip","Blood_Curse"],"picked":"Pandemic","floor":42},{"not_picked":["Violent_Necrosis","Consume_Illness"],"picked":"Negative_Energy_Shield+1","floor":44},{"not_picked":["Exploit+1","Deaths_Shadow+1"],"picked":"Toxic_Smoke_Screen","floor":47},{"not_picked":["Vampiric_Strike+1","Death_Coil+1"],"picked":"Toxic_Smoke_Screen+1","floor":48}],"player_experience":24369,"relics_obtained":[{"floor":9.0,"key":"Mummified Hand"},{"floor":22.0,"key":"Necronomicon"},{"floor":24.0,"key":"Boot"},{"floor":26.0,"key":"Regal Pillow"},{"floor":34,"key":"PreservedInsect"},{"floor":34,"key":"Ornamental Fan"},{"floor":34,"key":"Girya"},{"floor":42,"key":"CatCart"},{"floor":43,"key":"Letter Opener"}],"event_choices":[{"damage_healed":0.0,"max_hp_gain":0.0,"max_hp_loss":0.0,"gold_gain":0.0,"event_name":"The Cleric","player_choice":"Leave","floor":2.0,"gold_loss":0.0,"damage_taken":0.0},{"damage_healed":0.0,"max_hp_gain":0.0,"max_hp_loss":0.0,"gold_gain":75.0,"event_name":"World of Goop","player_choice":"Gather Gold","floor":4.0,"gold_loss":0.0,"damage_taken":11.0},{"damage_healed":0.0,"max_hp_gain":5.0,"max_hp_loss":0.0,"gold_gain":0.0,"event_name":"Big Fish","player_choice":"Donut","floor":5.0,"gold_loss":0.0,"damage_taken":0.0},{"damage_healed":0.0,"max_hp_gain":0.0,"max_hp_loss":0.0,"gold_gain":0.0,"event_name":"Liars Game","player_choice":"Ignored","floor":7.0,"gold_loss":0.0,"damage_taken":0.0},{"damage_healed":0.0,"max_hp_gain":0.0,"max_hp_loss":0.0,"gold_gain":0.0,"event_name":"The Mausoleum","player_choice":"Opened","floor":19.0,"gold_loss":0.0,"damage_taken":0.0,"relics_obtained":["Juzu Bracelet"]},{"damage_healed":0.0,"max_hp_gain":0.0,"max_hp_loss":0.0,"gold_gain":0.0,"event_name":"Nest","player_choice":"Joined the Cult","floor":20.0,"gold_loss":0.0,"damage_taken":6.0,"cards_obtained":["RitualDagger"]},{"damage_healed":0.0,"max_hp_gain":0.0,"max_hp_loss":0.0,"gold_gain":0.0,"event_name":"Cursed Tome","player_choice":"Obtained Book","floor":22.0,"gold_loss":0.0,"damage_taken":16.0},{"damage_healed":0,"gold_gain":0,"player_choice":"Ignored","damage_taken":0,"max_hp_gain":0,"max_hp_loss":0,"event_name":"SecretPortal","floor":37,"gold_loss":0},{"cards_removed":["Corrupt"],"damage_healed":0,"gold_gain":0,"player_choice":"Purged","damage_taken":0,"max_hp_gain":0,"max_hp_loss":0,"event_name":"Purifier","floor":39,"gold_loss":0},{"damage_healed":0,"gold_gain":0,"player_choice":"Fight","damage_taken":0,"max_hp_gain":0,"max_hp_loss":0,"event_name":"OrinTheCat","floor":42,"gold_loss":0}],"is_beta":false,"boss_relics":[{"not_picked":["SacredBark","Black Star"],"picked":"Runic Pyramid"},{"not_picked":["SlaversCollar","Cursed Key"],"picked":"Calling Bell"}],"items_purged_floors":[],"is_endless":false,"potions_floor_spawned":[1,13,16,18,21,30,31,38,42,44,48],"ascension_level":0}}