{"host":"5h6e4l6hpn0p5lap","time":1612115731,"event":{"mods":["AchievementEnabler","BaseMod","Better Altar","Better Match","Better Sensory Stone","Better Skull","Better Third Choice","Filter the Spire","Highlight Path","Minty Spire (QoL Compilation)","StSLib"],"gold_per_floor":[118,133,133,153,171,201,126,136,160,160,173,208,223,3,3,106,106,122,122,47,29,47,47,47],"floor_reached":23,"language":"ENG","playtime":1148,"items_purged":["Strike_G"],"score":277,"play_id":"7b8faef8-a991-4dc0-8858-012473308a0c","local_time":"20210131125531","is_ascension_mode":true,"campfire_choices":[{"floor":10,"key":"REST"},{"floor":15,"key":"REST"}],"circlet_count":0,"master_deck":["Strike_G","Strike_G","Strike_G","Strike_G","Defend_G","Defend_G","Defend_G","Defend_G","Defend_G","Survivor","Neutralize","Poisoned Stab","Accuracy","Dagger Spray","Dagger Throw","All Out Attack","Backflip","Masterful Stab","Cloak And Dagger","Blur","Cloak And Dagger","Accuracy","Well Laid Plans","Burst","Dark Shackles","Flash of Steel","Caltrops+1","Dash+1","Blur","Calculated Gamble"],"relics":["Ring of the Snake","Dream Catcher","Centennial Puzzle","Regal Pillow","Lantern","Cursed Key"],"acts_visited":["Exordium","TheCity"],"potions_floor_usage":[6,6,8,12,12,22],"damage_taken":[{"damage":0,"enemies":"Small Slimes","floor":1,"turns":4},{"damage":0,"enemies":"Cultist","floor":2,"turns":3},{"damage":13,"enemies":"Jaw Worm","floor":4,"turns":4},{"damage":4,"enemies":"Exordium Wildlife","floor":5,"turns":6},{"damage":12,"enemies":"3 Sentries","floor":6,"turns":7},{"damage":3,"enemies":"Red Slaver","floor":8,"turns":4},{"damage":3,"enemies":"3 Louse","floor":11,"turns":2},{"damage":12,"enemies":"Gremlin Nob","floor":12,"turns":3},{"damage":9,"enemies":"Exordium Wildlife","floor":13,"turns":4},{"damage":46,"enemies":"Slime Boss","floor":16,"turns":13},{"damage":9,"enemies":"3 Byrds","floor":18,"turns":5},{"damage":5,"enemies":"2 Thieves","floor":21,"turns":4},{"damage":22,"enemies":"Snecko","floor":22,"turns":7},{"damage":23,"enemies":"Slavers","floor":23,"turns":2}],"seed_played":"7084847264709843624","potions_obtained":[{"floor":1,"key":"DuplicationPotion"},{"floor":4,"key":"FearPotion"},{"floor":8,"key":"EntropicBrew"},{"floor":13,"key":"FairyPotion"},{"floor":16,"key":"SkillPotion"},{"floor":21,"key":"DistilledChaos"}],"is_trial":false,"path_per_floor":["M","M","?","M","M","E","$","M","T","R","M","E","M","$","R","B",null,"M","?","?","M","M","E"],"character_chosen":"THE_SILENT","items_purchased":["Accuracy","Lantern"],"campfire_rested":2,"item_purchase_floors":[14,14],"current_hp_per_floor":[63,63,63,50,46,34,34,31,31,52,49,37,28,28,64,18,57,48,48,48,43,21,21,21],"gold":47,"neow_bonus":"RANDOM_COMMON_RELIC","is_daily":false,"chose_seed":false,"campfire_upgraded":0,"win_rate":0.0,"timestamp":1612115731,"path_taken":["M","M","?","M","M","E","$","M","T","R","?","E","M","$","R","BOSS","M","?","?","M","M","E"],"items_purchased_type":["Card","Relic"],"build_version":"2020-12-22","purchased_purges":1,"victory":false,"max_hp_per_floor":[70,70,70,70,70,70,70,70,70,70,70,70,70,70,70,70,70,70,70,70,70,70,70,70],"card_choices":[{"not_picked":["Choke","PiercingWail"],"picked":"Poisoned Stab","floor":1},{"not_picked":["Predator","Cloak And Dagger"],"picked":"Accuracy","floor":2},{"not_picked":["Quick Slash","Setup"],"picked":"Dagger Spray","floor":4},{"not_picked":["Dodge and Roll","Dagger Spray"],"picked":"Dagger Throw","floor":5},{"not_picked":["Flying Knee","Bullet Time"],"picked":"All Out Attack","floor":6},{"not_picked":["Blur","Setup"],"picked":"Backflip","floor":8},{"not_picked":["Slice","Prepared"],"picked":"Masterful Stab","floor":10},{"not_picked":["Predator","Poisoned Stab"],"picked":"Cloak And Dagger","floor":11},{"not_picked":["Deadly Poison","Reflex"],"picked":"Blur","floor":12},{"not_picked":["Outmaneuver","PiercingWail"],"picked":"Cloak And Dagger","floor":13},{"not_picked":["PiercingWail","Slice"],"picked":"Well Laid Plans","floor":15},{"not_picked":["A Thousand Cuts","Grand Finale"],"picked":"Burst","floor":16},{"not_picked":["Dodge and Roll","Dagger Throw","Predator"],"picked":"SKIP","floor":18},{"not_picked":["Madness","Deep Breath"],"picked":"Dark Shackles","floor":19},{"not_picked":["Deep Breath","Violence"],"picked":"Flash of Steel","floor":19},{"not_picked":["Distraction+1","Eviscerate+1"],"picked":"Caltrops+1","floor":20},{"not_picked":["Expertise+1","Masterful Stab+1"],"picked":"Dash+1","floor":20},{"not_picked":["Expertise","Dagger Spray+1"],"picked":"Blur","floor":21},{"not_picked":["Choke","Bane"],"picked":"Calculated Gamble","floor":22}],"player_experience":1032275,"relics_obtained":[{"floor":6,"key":"Centennial Puzzle"},{"floor":12,"key":"Regal Pillow"}],"event_choices":[{"damage_healed":0,"gold_gain":0,"player_choice":"Bought 0 Potions","damage_taken":0,"max_hp_gain":0,"max_hp_loss":0,"event_name":"The Woman in Blue","floor":3,"gold_loss":0},{"damage_healed":0,"gold_gain":2,"player_choice":"1","damage_taken":0,"max_hp_gain":0,"max_hp_loss":0,"event_name":"betterStone:BetterStone","floor":19,"gold_loss":0},{"damage_healed":0,"gold_gain":0,"player_choice":"2","damage_taken":0,"max_hp_gain":0,"max_hp_loss":0,"event_name":"betterMatch:BetterMatch","floor":20,"gold_loss":0,"cards_obtained":["betterMatch:UncommonCard","betterMatch:UncommonCard"]}],"is_beta":false,"boss_relics":[{"not_picked":["Snecko Eye","Ectoplasm"],"picked":"Cursed Key"}],"items_purged_floors":[7],"is_endless":false,"potions_floor_spawned":[1,4,8,13,16,21],"killed_by":"Slavers","ascension_level":7}}