{"host":"m2106ztvmcgfoyc9","time":1612089781,"event":{"mods":["BaseMod","Minty Spire (QoL Compilation)","Relic Stats"],"gold_per_floor":[117,128,128,203,218,218,249,249,272,311,276,276,290,325,325,325,325],"floor_reached":16,"language":"ENG","playtime":371,"items_purged":[],"score":236,"play_id":"56066f60-66be-419b-9a6b-4607e567ac9b","local_time":"20210131114301","is_ascension_mode":true,"campfire_choices":[{"data":"Blood for Blood","floor":6,"key":"SMITH"},{"floor":8,"key":"REST"},{"data":"Bash","floor":12,"key":"SMITH"},{"data":"Demon Form","floor":15,"key":"SMITH"}],"circlet_count":0,"master_deck":["AscendersBane","Strike_R","Strike_R","Strike_R","Strike_R","Strike_R","Defend_R","Defend_R","Defend_R","Defend_R","Bash+1","Dropkick","Blood for Blood+1","Fiend Fire","Demon Form+1"],"relics":["Burning Blood","Golden Idol","PreservedInsect","Bronze Scales","Bag of Marbles","Strawberry"],"acts_visited":["Exordium"],"potions_floor_usage":[7,16],"damage_taken":[{"damage":9,"enemies":"Jaw Worm","floor":1,"turns":5},{"damage":10,"enemies":"Small Slimes","floor":2,"turns":4},{"damage":7,"enemies":"2 Louse","floor":5,"turns":3},{"damage":20,"enemies":"Gremlin Nob","floor":7,"turns":4},{"damage":25,"enemies":"Lagavulin","floor":10,"turns":7},{"damage":21,"enemies":"Blue Slaver","floor":13,"turns":3},{"damage":8,"enemies":"Gremlin Nob","floor":14,"turns":3},{"damage":24,"enemies":"Slime Boss","floor":16,"turns":6}],"seed_played":"5145385823456055882","potions_obtained":[{"floor":1,"key":"GamblersBrew"},{"floor":2,"key":"Block Potion"},{"floor":10,"key":"FearPotion"},{"floor":13,"key":"Dexterity Potion"}],"is_trial":false,"path_per_floor":["M","M","?","?","M","R","E","R","T","E","?","R","M","E","R","B"],"character_chosen":"IRONCLAD","items_purchased":[],"campfire_rested":1,"item_purchase_floors":[],"current_hp_per_floor":[72,68,40,29,28,28,14,38,38,19,39,39,24,29,29,5,5],"gold":325,"neow_bonus":"TEN_PERCENT_HP_BONUS","is_daily":false,"chose_seed":false,"campfire_upgraded":3,"win_rate":0.0,"timestamp":1612089781,"path_taken":["M","M","?","?","M","R","E","R","T","E","?","R","M","E","R","BOSS"],"items_purchased_type":[],"build_version":"2020-12-22","purchased_purges":0,"victory":false,"max_hp_per_floor":[82,82,82,82,82,82,82,82,82,82,82,82,82,89,89,89,89],"relic_stats":{"counters":[8,35],"Golden Idol":27,"Bronze Scales":[20],"PreservedInsect":58,"obtain_stats":[{"Golden Idol":3,"Bronze Scales":9,"Strawberry":14,"PreservedInsect":7,"Bag of Marbles":10,"Burning Blood":0},{"Golden Idol":2,"Bronze Scales":4,"Strawberry":7,"PreservedInsect":4,"Bag of Marbles":5,"Burning Blood":0},{"Golden Idol":9,"Bronze Scales":16,"Strawberry":29,"PreservedInsect":16,"Bag of Marbles":23,"Burning Blood":0}],"Burning Blood":42},"card_choices":[{"not_picked":["Burning Pact","Flex"],"picked":"Dropkick","floor":1},{"not_picked":["Clash","Warcry"],"picked":"Blood for Blood","floor":2},{"not_picked":["Warcry","Heavy Blade","Flex"],"picked":"SKIP","floor":5},{"not_picked":["Limit Break","Anger"],"picked":"Fiend Fire","floor":7},{"not_picked":["Warcry","Reckless Charge","Blood for Blood"],"picked":"SKIP","floor":10},{"not_picked":["Heavy Blade","Twin Strike","Flex"],"picked":"SKIP","floor":13},{"not_picked":["Headbutt","Warcry"],"picked":"Demon Form","floor":14}],"player_experience":988832,"relics_obtained":[{"floor":7,"key":"PreservedInsect"},{"floor":9,"key":"Bronze Scales"},{"floor":10,"key":"Bag of Marbles"},{"floor":14,"key":"Strawberry"}],"event_choices":[{"damage_healed":0,"gold_gain":0,"player_choice":"Take Damage","damage_taken":28,"relics_obtained":["Golden Idol"],"max_hp_gain":0,"max_hp_loss":0,"event_name":"Golden Idol","floor":3,"gold_loss":0},{"damage_healed":0,"gold_gain":75,"player_choice":"Gather Gold","damage_taken":11,"max_hp_gain":0,"max_hp_loss":0,"event_name":"World of Goop","floor":4,"gold_loss":0},{"damage_healed":20,"gold_gain":0,"player_choice":"Healed","damage_taken":0,"max_hp_gain":0,"max_hp_loss":0,"event_name":"The Cleric","floor":11,"gold_loss":35}],"is_beta":false,"boss_relics":[],"items_purged_floors":[],"is_endless":false,"potions_floor_spawned":[1,2,10,13],"killed_by":"Slime Boss","ascension_level":20}}