{"host":"rvofswtrkybk7ok8","time":1612059318,"event":{"mods":["ATMod(°¢èªMod)","BaseMod","Card Filter","Colored Map","Minty Spire (QoL Compilation)","Quick Restart","StSLib"],"gold_per_floor":[118,206,206,218,74,99,99,128,155,155,170,205,205,277,277,386,395,421,421,441,461,166,166,166,265,565,565,576,576,619,631,631,741,741,757,784,784,245,273,273,291,291,337,193,235,235,269,16,16,16],"floor_reached":51,"language":"ZHS","playtime":2264,"items_purged":[],"score":1262,"play_id":"531ebc1c-799e-4156-9bfe-1610d290fb1f","local_time":"20210131101518","daily_mods":["SealedDeck","Heirloom","DeadlyEvents"],"is_ascension_mode":false,"campfire_choices":[{"data":"AT_ArcaneSupremacy","floor":10,"key":"SMITH"},{"data":"Tactician","floor":13,"key":"SMITH"},{"data":"Prepared","floor":15,"key":"SMITH"},{"data":"Prepared","floor":23,"key":"SMITH"},{"data":"Acrobatics","floor":27,"key":"SMITH"},{"data":"AT_EmpoweredMortalDraw","floor":29,"key":"SMITH"},{"data":"Acrobatics","floor":32,"key":"SMITH"},{"data":"A Thousand Cuts","floor":40,"key":"SMITH"},{"data":"Deep Breath","floor":42,"key":"SMITH"},{"data":"Backflip","floor":46,"key":"SMITH"},{"data":"Concentrate","floor":49,"key":"SMITH"}],"circlet_count":0,"master_deck":["Prepared+1","AT_Desolate+1","Acrobatics+1","Backflip+1","Backflip+1","Acrobatics+1","AT_WindFlip","Prepared+1","Tactician+1","AT_ArcaneSupremacy+1","After Image","AT_EmpoweredMortalDraw+1","Tactician+1","After Image","AT_EssenceShift","A Thousand Cuts+1","Escape Plan","AT_EssenceShift","Endless Agony+1","Dark Shackles","Deep Breath+1","Setup+1","Concentrate+1"],"relics":["Ring of the Snake","AT_ATBox","Pocketwatch","AT_RedNoBalance","OrangePellets","FaceOfCleric","AT_ChloranthyRing","Bag of Marbles","CeramicFish","AT_EbonyIvory","Boot","Letter Opener","AT_MortalBlade","Mummified Hand","AT_BladeRuinedKing","Enchiridion","Old Coin","CaptainsWheel","Sozu","Nunchaku","Question Card","DollysMirror","AT_BellDemon","HandDrill","AT_SunfireAegis","Omamori","Prayer Wheel","AT_Kusabimaru","Sundial"],"acts_visited":["Exordium","TheCity","TheBeyond"],"potions_floor_usage":[],"damage_taken":[{"damage":0,"enemies":"Cultist","floor":1,"turns":1},{"damage":0,"enemies":"2 Louse","floor":4,"turns":2},{"damage":0,"enemies":"Lagavulin","floor":6,"turns":2},{"damage":0,"enemies":"Gremlin Nob","floor":8,"turns":2},{"damage":0,"enemies":"Small Slimes","floor":11,"turns":1},{"damage":6,"enemies":"Lagavulin","floor":12,"turns":1},{"damage":0,"enemies":"Slime Boss","floor":16,"turns":1},{"damage":0,"enemies":"Shell Parasite","floor":18,"turns":1},{"damage":0,"enemies":"2 Thieves","floor":20,"turns":1},{"damage":0,"enemies":"Snecko","floor":21,"turns":1},{"damage":0,"enemies":"Cultist and Chosen","floor":28,"turns":1},{"damage":0,"enemies":"Slavers","floor":30,"turns":1},{"damage":0,"enemies":"3 Cultists","floor":31,"turns":1},{"damage":0,"enemies":"Collector","floor":33,"turns":1},{"damage":0,"enemies":"Orb Walker","floor":35,"turns":1},{"damage":0,"enemies":"3 Shapes","floor":36,"turns":1},{"damage":0,"enemies":"Sphere and 2 Shapes","floor":39,"turns":1},{"damage":0,"enemies":"Giant Head","floor":45,"turns":1},{"damage":0,"enemies":"Reptomancer","floor":47,"turns":1},{"damage":0,"enemies":"Awakened One","floor":50,"turns":2}],"seed_played":"-3311369322454715408","potions_obtained":[{"floor":6,"key":"Poison Potion"},{"floor":16,"key":"CunningPotion"},{"floor":20,"key":"LiquidMemories"}],"is_trial":true,"path_per_floor":["M","$","?","M","$","E","?","E","T","R","M","E","R","T","R","B",null,"M","?","M","M","$","R","?","?","T","R","M","R","E","M","R","B",null,"M","M","?","$","M","R","?","R","T","$","E","R","E","$","R","B",null],"character_chosen":"THE_SILENT","items_purchased":["AT_SilverBalance","OrangePellets","AT_ChloranthyRing","AT_BladeRuinedKing","After Image","Nunchaku","Question Card","DollysMirror","HandDrill","Sundial"],"campfire_rested":0,"item_purchase_floors":[2,2,5,22,22,38,38,38,44,48],"current_hp_per_floor":[70,70,70,36,36,36,22,37,37,37,37,32,32,32,32,38,76,39,39,40,41,41,41,25,25,25,25,26,26,27,28,28,29,83,84,85,85,85,86,86,76,76,76,76,77,77,78,78,78,79],"gold":16,"neow_bonus":"","is_daily":false,"chose_seed":false,"campfire_upgraded":11,"win_rate":0.0,"timestamp":1612059318,"path_taken":["M","?","?","?","$","E","?","?","T","R","?","E","R","?","R","BOSS","M","?","M","M","$","R","?","?","T","R","?","R","E","M","R","BOSS","M","M","?","$","M","R","?","R","T","?","E","R","?","$","R","BOSS"],"items_purchased_type":["Relic","Relic","Relic","Relic","Card","Relic","Relic","Relic","Relic","Relic"],"build_version":"2020-12-22","purchased_purges":0,"victory":true,"max_hp_per_floor":[70,70,70,71,71,72,72,73,73,73,74,75,75,75,75,76,76,77,77,78,79,79,79,79,79,79,79,80,80,81,82,82,83,83,84,85,85,85,86,86,86,86,86,86,87,87,88,88,88,89],"card_choices":[{"not_picked":["Dagger Throw","Flying Knee","PiercingWail"],"picked":"SKIP","floor":1},{"not_picked":["Deadly Poison","Dagger Throw","AT_ShadowStep"],"picked":"SKIP","floor":4},{"not_picked":["Predator","Poisoned Stab","PiercingWail"],"picked":"SKIP","floor":6},{"not_picked":["Heel Hook","Cloak And Dagger","Deflect"],"picked":"SKIP","floor":8},{"not_picked":["Cloak And Dagger","Crippling Poison","Acrobatics"],"picked":"SKIP","floor":11},{"not_picked":["Cloak And Dagger","Crippling Poison","Acrobatics"],"picked":"SKIP","floor":11},{"not_picked":["Accuracy","Endless Agony","Poisoned Stab"],"picked":"SKIP","floor":12},{"not_picked":["Envenom","Burst"],"picked":"After Image","floor":16},{"not_picked":["Cloak And Dagger","Deadly Poison+1"],"picked":"Tactician+1","floor":18},{"not_picked":["Masterful Stab","Quick Slash+1","Deadly Poison"],"picked":"SKIP","floor":20},{"not_picked":["AT_ShadowStep","Crippling Poison","Prepared"],"picked":"SKIP","floor":21},{"not_picked":["Backstab+1","Skewer","Heel Hook"],"picked":"SKIP","floor":28},{"not_picked":["Cloak And Dagger+1","After Image"],"picked":"AT_EssenceShift","floor":30},{"not_picked":["Deflect+1","Calculated Gamble","Slice"],"picked":"SKIP","floor":31},{"not_picked":["Grand Finale","AT_MyraUnstableElement"],"picked":"A Thousand Cuts","floor":33},{"not_picked":["AT_TwilightShroud+1","Flying Knee+1","AT_WindFlip"],"picked":"SKIP","floor":35},{"not_picked":["AT_WomanClash","Flying Knee+1"],"picked":"Escape Plan","floor":36},{"not_picked":["Flying Knee+1","PiercingWail+1","Sucker Punch+1"],"picked":"Endless Agony+1","floor":39},{"not_picked":["AT_TearsDenial","Mind Blast","AT_Homeward"],"picked":"Dark Shackles","floor":41},{"not_picked":["AT_CelerityRune","Panacea","Violence"],"picked":"Deep Breath","floor":41},{"not_picked":["PiercingWail","Quick Slash","Sucker Punch"],"picked":"Setup+1","floor":45},{"not_picked":["Deflect","Calculated Gamble","Noxious Fumes+1"],"picked":"Concentrate","floor":47}],"player_experience":615162,"relics_obtained":[{"floor":6,"key":"Bag of Marbles"},{"floor":8,"key":"CeramicFish"},{"floor":9,"key":"AT_EbonyIvory"},{"floor":12,"key":"Boot"},{"floor":14,"key":"Letter Opener"},{"floor":24,"key":"Enchiridion"},{"floor":26,"key":"Old Coin"},{"floor":30,"key":"CaptainsWheel"},{"floor":43,"key":"AT_BellDemon"},{"floor":45,"key":"AT_SunfireAegis"},{"floor":45,"key":"Omamori"},{"floor":47,"key":"Prayer Wheel"},{"floor":47,"key":"AT_Kusabimaru"}],"event_choices":[{"damage_healed":0,"gold_gain":0,"player_choice":"Trade","damage_taken":0,"relics_obtained":["FaceOfCleric"],"max_hp_gain":0,"max_hp_loss":0,"event_name":"FaceTrader","floor":3,"gold_loss":0},{"damage_healed":0,"gold_gain":0,"player_choice":"Entered Light","damage_taken":14,"max_hp_gain":0,"max_hp_loss":0,"event_name":"Shining Light","floor":7,"gold_loss":0,"cards_upgraded":["Backflip","AT_Desolate"]},{"damage_healed":0,"gold_gain":0,"player_choice":"Opened","damage_taken":0,"relics_obtained":["Mummified Hand"],"max_hp_gain":0,"max_hp_loss":0,"event_name":"The Mausoleum","floor":19,"gold_loss":0},{"damage_healed":0,"gold_gain":0,"player_choice":"Obtained Book","damage_taken":16,"max_hp_gain":0,"max_hp_loss":0,"event_name":"Cursed Tome","floor":24,"gold_loss":0},{"damage_healed":0,"gold_gain":99,"player_choice":"Stole From Cult","damage_taken":0,"max_hp_gain":0,"max_hp_loss":0,"event_name":"Nest","floor":25,"gold_loss":0},{"cards_removed":["AT_WindFlip"],"damage_healed":0,"gold_gain":0,"player_choice":"Removed Attack","damage_taken":0,"max_hp_gain":0,"max_hp_loss":0,"event_name":"Falling","floor":37,"gold_loss":0},{"damage_healed":0,"gold_gain":0,"player_choice":"Memory 3","damage_taken":10,"max_hp_gain":0,"max_hp_loss":0,"event_name":"SensoryStone","floor":41,"gold_loss":0}],"is_beta":false,"boss_relics":[{"not_picked":["WristBlade","Cursed Key"],"picked":"AT_MortalBlade"},{"not_picked":["Snecko Eye","Busted Crown"],"picked":"Sozu"}],"items_purged_floors":[],"is_endless":false,"potions_floor_spawned":[6,16,20,21,33,45,47],"ascension_level":0}}