{"host":"z1wl47oisvloj0tp","time":1612093662,"event":{"mods":["BaseMod","Minty Spire (QoL Compilation)"],"gold_per_floor":[113,113,113,129,145,145,189,189,215,234,257,222,235,254,254,254,254],"floor_reached":16,"language":"FRA","playtime":736,"items_purged":[],"score":109,"play_id":"ce913e25-2e17-4468-8cfb-39767bebb07d","local_time":"20210131124742","is_ascension_mode":true,"campfire_choices":[{"floor":6,"key":"RECALL"},{"data":"Fire Breathing","floor":8,"key":"SMITH"},{"floor":15,"key":"REST"}],"circlet_count":0,"master_deck":["Strike_R","Strike_R","Strike_R","Strike_R","Defend_R","Defend_R","Defend_R","Defend_R","Bash","Bloodletting","Heavy Blade","Fire Breathing+1","Limit Break","Pommel Strike"],"relics":["Burning Blood","NeowsBlessing","Golden Idol","Juzu Bracelet"],"acts_visited":["Exordium"],"potions_floor_usage":[16,16,16],"damage_taken":[{"damage":0,"enemies":"Small Slimes","floor":1,"turns":1},{"damage":0,"enemies":"Jaw Worm","floor":4,"turns":1},{"damage":0,"enemies":"Cultist","floor":5,"turns":1},{"damage":47,"enemies":"Gremlin Nob","floor":7,"turns":5},{"damage":5,"enemies":"3 Louse","floor":10,"turns":4},{"damage":17,"enemies":"2 Fungi Beasts","floor":11,"turns":5},{"damage":16,"enemies":"Large Slime","floor":13,"turns":5},{"damage":14,"enemies":"3 Louse","floor":14,"turns":6},{"damage":41,"enemies":"Hexaghost","floor":16,"turns":9}],"seed_played":"5256190971121547855","potions_obtained":[{"floor":1,"key":"PowerPotion"},{"floor":5,"key":"Energy Potion"},{"floor":11,"key":"DuplicationPotion"}],"is_trial":false,"path_per_floor":["M","?","?","M","M","R","E","R","T","M","M","?","M","M","R","B"],"character_chosen":"IRONCLAD","items_purchased":[],"campfire_rested":1,"item_purchase_floors":[],"current_hp_per_floor":[80,74,74,74,74,74,33,33,33,34,23,41,31,23,45,4,4],"gold":254,"neow_bonus":"THREE_ENEMY_KILL","is_daily":false,"chose_seed":false,"campfire_upgraded":1,"win_rate":0.0,"timestamp":1612093662,"path_taken":["M","?","?","?","M","R","E","R","T","M","M","?","M","M","R","BOSS"],"items_purchased_type":[],"build_version":"2020-12-22","purchased_purges":0,"victory":false,"max_hp_per_floor":[80,74,74,74,74,74,74,74,74,74,74,74,74,74,74,74,74],"card_choices":[{"not_picked":["Headbutt","Entrench"],"picked":"Bloodletting","floor":1},{"not_picked":["Body Slam","Anger"],"picked":"Heavy Blade","floor":4},{"not_picked":["Flex","Burning Pact","Warcry"],"picked":"SKIP","floor":5},{"not_picked":["Twin Strike","Headbutt"],"picked":"Fire Breathing","floor":7},{"not_picked":["Shrug It Off","Pummel"],"picked":"Limit Break","floor":10},{"not_picked":["Anger","Body Slam","Warcry"],"picked":"SKIP","floor":11},{"not_picked":["Cleave","Intimidate"],"picked":"Pommel Strike","floor":13},{"not_picked":["Second Wind","Twin Strike","Thunderclap"],"picked":"SKIP","floor":14}],"player_experience":328929,"relics_obtained":[{"floor":7,"key":"Juzu Bracelet"}],"event_choices":[{"damage_healed":0,"gold_gain":0,"player_choice":"Lose Max HP","damage_taken":0,"relics_obtained":["Golden Idol"],"max_hp_gain":0,"max_hp_loss":6,"event_name":"Golden Idol","floor":2,"gold_loss":0},{"cards_removed":["Strike_R"],"damage_healed":0,"gold_gain":0,"player_choice":"Offered Basic","damage_taken":0,"max_hp_gain":0,"max_hp_loss":0,"event_name":"Bonfire Elementals","floor":3,"gold_loss":0},{"damage_healed":18,"gold_gain":0,"player_choice":"Healed","damage_taken":0,"max_hp_gain":0,"max_hp_loss":0,"event_name":"The Cleric","floor":12,"gold_loss":35}],"is_beta":false,"boss_relics":[],"items_purged_floors":[],"is_endless":false,"potions_floor_spawned":[1,5,11,13],"killed_by":"Hexaghost","ascension_level":1}}