{"host":"ojezjkpqju62j8xy","time":1612084362,"event":{"mods":["ATMod(°¢èªMod)","Act Like it!","Aspiration","BaseMod","Conspire","Gensokyo","Minty Spire (QoL Compilation)","Pale of the Ancients","Reliquary","Replay The Spire","Spicy Shops","StSLib","¡¾ÒÅÎï¿¨ÅÆ¡¿REMEMod","²ÐÁôÖ®Îï"],"gold_per_floor":[112,112,164,179,195,195,224,234,258,258,258],"floor_reached":10,"language":"ZHS","playtime":240,"items_purged":[],"score":109,"play_id":"53a0c1d1-9ec6-4591-8759-062861d7ccfd","local_time":"20210131171242","is_ascension_mode":true,"campfire_choices":[{"floor":6,"key":"RECALL"}],"circlet_count":0,"master_deck":["AscendersBane","Strike_B","Strike_B","Strike_B","Strike_B","Defend_B","Defend_B","Defend_B","Defend_B","Zap","Dualcast","AT_EmpoweredMortalDraw","ReplayTheSpireMod:Trickstab","REME_Whirling","Clumsy","Beam Cell","Sweeping Beam","Amplify","ReplayTheSpireMod:Dual Polarity"],"relics":["Cracked Core","AT_ATBox","REME_ComplimentaryCards","Gensokyo:NagashiBinaDoll","Juzu Bracelet","Blue Doll"],"acts_visited":["Gensokyo:Gensokyo"],"potions_floor_usage":[10],"damage_taken":[{"damage":12,"enemies":"Gensokyo:Python","floor":1,"turns":3},{"damage":8,"enemies":"Gensokyo:Gryphon","floor":4,"turns":2},{"damage":5,"enemies":"Gensokyo:3_Fairies","floor":5,"turns":3},{"damage":25,"enemies":"Gensokyo:Cirno","floor":7,"turns":5},{"damage":2,"enemies":"Gensokyo:Kitsune","floor":8,"turns":2},{"damage":19,"enemies":"Gensokyo:Aya","floor":10,"turns":3}],"seed_played":"2306099989350005957","potions_obtained":[{"floor":1,"key":"Milkshake"},{"floor":7,"key":"Strength Potion"},{"floor":8,"key":"EssenceOfSteel"}],"is_trial":false,"path_per_floor":["M","?","T","M","M","R","E","M","T","E"],"character_chosen":"DEFECT","items_purchased":[],"campfire_rested":0,"item_purchase_floors":[],"current_hp_per_floor":[59,59,59,51,46,46,21,19,19,0,0],"gold":258,"neow_bonus":"TEN_PERCENT_HP_BONUS","is_daily":false,"chose_seed":false,"campfire_upgraded":0,"win_rate":0.0,"timestamp":1612084362,"path_taken":["M","?","?","?","M","R","E","M","T","E"],"items_purchased_type":[],"build_version":"2020-12-22","purchased_purges":0,"victory":false,"max_hp_per_floor":[78,78,78,78,78,78,78,78,78,78,78],"card_choices":[{"not_picked":["Compile Driver","Tempest"],"picked":"REME_Whirling","floor":1},{"not_picked":["BasicCrystalCard","Force Field"],"picked":"Beam Cell","floor":4},{"not_picked":["REME_SelfUpgrade","Leap"],"picked":"Sweeping Beam","floor":5},{"not_picked":["ReplayGash","AT_WaterDrop"],"picked":"Amplify","floor":7},{"not_picked":["Streamline","Go for the Eyes"],"picked":"ReplayTheSpireMod:Dual Polarity","floor":8}],"player_experience":1502720,"relics_obtained":[{"floor":7,"key":"Juzu Bracelet"},{"floor":9,"key":"Blue Doll"}],"event_choices":[],"is_beta":false,"boss_relics":[],"items_purged_floors":[],"is_endless":false,"potions_floor_spawned":[1,7,8],"killed_by":"Gensokyo:Aya","ascension_level":14}}