{"host":"mnpd8gh7cwxsn5kh","time":1612113126,"event":{"mods":["BaseMod","Bestiary","Block Reminder","Colored Map","Colored Powertips","Highlight Path","Minty Spire (QoL Compilation)","Relic Sorter","Relic Stats"],"gold_per_floor":[117,117,136,136,45,85,85,121,121,121,121,121,42,85,85,213,213,247,247,275,275,298,339,362,407,707,730,766,800,814,814,814],"floor_reached":31,"language":"ENG","playtime":2289,"items_purged":[],"score":437,"play_id":"477d6480-4a57-418c-8d9a-74ab1f446abe","local_time":"20210131181206","is_ascension_mode":true,"campfire_choices":[{"data":"Poisoned Stab","floor":7,"key":"SMITH"},{"floor":10,"key":"REST"},{"data":"Footwork","floor":12,"key":"SMITH"},{"data":"Dodge and Roll","floor":15,"key":"SMITH"}],"circlet_count":0,"master_deck":["Strike_G","Strike_G","Strike_G","Strike_G","Defend_G","Defend_G","Defend_G","Defend_G","Defend_G","Survivor","Neutralize+1","Dagger Throw","Heel Hook","Slice","Footwork+1","Poisoned Stab+1","Dagger Spray","Poisoned Stab","Noxious Fumes","Dodge and Roll+1","Unload","Quick Slash","Dagger Throw+1","Prepared","Catalyst","Malaise"],"relics":["Busted Crown","Golden Idol","Bottled Flame","Dead Branch","Lantern","CeramicFish","Coffee Dripper","Nunchaku","Snake Skull","PreservedInsect","Old Coin","Oddly Smooth Stone"],"acts_visited":["Exordium","TheCity"],"potions_floor_usage":[8,16,24,25,28,30,31],"damage_taken":[{"damage":0,"enemies":"Small Slimes","floor":1,"turns":5},{"damage":0,"enemies":"Cultist","floor":3,"turns":3},{"damage":19,"enemies":"Gremlin Nob","floor":6,"turns":5},{"damage":21,"enemies":"Lagavulin","floor":8,"turns":7},{"damage":7,"enemies":"3 Sentries","floor":14,"turns":6},{"damage":2,"enemies":"Hexaghost","floor":16,"turns":10},{"damage":4,"enemies":"Chosen","floor":18,"turns":4},{"damage":4,"enemies":"Shell Parasite","floor":20,"turns":5},{"damage":0,"enemies":"Gremlin Leader","floor":23,"turns":7},{"damage":9,"enemies":"Chosen and Byrds","floor":24,"turns":5},{"damage":17,"enemies":"Slavers","floor":25,"turns":5},{"damage":1,"enemies":"Cultist and Chosen","floor":27,"turns":6},{"damage":11,"enemies":"Book of Stabbing","floor":28,"turns":4},{"damage":7,"enemies":"Snecko","floor":29,"turns":4},{"damage":26,"enemies":"Sentry and Sphere","floor":30,"turns":7},{"damage":4,"enemies":"Shelled Parasite and Fungi","floor":31,"turns":2}],"seed_played":"-5924473411659269519","potions_obtained":[{"floor":3,"key":"ColorlessPotion"},{"floor":14,"key":"ColorlessPotion"},{"floor":16,"key":"Weak Potion"},{"floor":19,"key":"FairyPotion"},{"floor":19,"key":"SneckoOil"},{"floor":24,"key":"DuplicationPotion"},{"floor":25,"key":"BlessingOfTheForge"},{"floor":28,"key":"Explosive Potion"}],"is_trial":false,"path_per_floor":["M","?","M","?","$","E","R","E","T","R","?","R","$","E","R","B",null,"M","?","M","?","T","E","M","E","T","M","E","M","M","M"],"character_chosen":"THE_SILENT","items_purchased":["Footwork","Poisoned Stab","Noxious Fumes"],"campfire_rested":1,"item_purchase_floors":[5,5,13],"current_hp_per_floor":[63,63,63,63,63,44,44,23,23,42,42,42,42,35,35,33,57,53,53,49,49,49,49,40,23,23,22,11,4,4,0,0],"gold":814,"neow_bonus":"BOSS_RELIC","is_daily":false,"chose_seed":false,"campfire_upgraded":3,"win_rate":0.0,"timestamp":1612113126,"path_taken":["M","?","?","?","$","E","R","E","T","R","?","R","$","E","R","BOSS","M","?","?","?","?","E","M","E","T","?","E","M","?","M"],"items_purchased_type":["Card","Card","Card"],"build_version":"2020-12-22","purchased_purges":0,"victory":false,"max_hp_per_floor":[70,70,70,65,65,65,65,65,65,65,65,65,65,65,65,65,65,65,65,65,65,65,65,65,65,65,65,65,65,65,65,65],"relic_stats":{"Nunchaku":[12],"Busted Crown":30,"counters":[16,85],"Golden Idol":93,"Dead Branch":[14],"CeramicFish":63,"Snake Skull":[34],"PreservedInsect":41,"obtain_stats":[{"Lantern":9,"Golden Idol":4,"Dead Branch":8,"CeramicFish":14,"Oddly Smooth Stone":28,"Snake Skull":23,"PreservedInsect":25,"Old Coin":26,"Bottled Flame":6,"Nunchaku":22,"Busted Crown":0,"Coffee Dripper":17,"Ring of the Snake":0},{"Lantern":4,"Golden Idol":2,"Dead Branch":4,"CeramicFish":5,"Oddly Smooth Stone":13,"Snake Skull":9,"PreservedInsect":11,"Old Coin":11,"Bottled Flame":3,"Nunchaku":8,"Busted Crown":0,"Coffee Dripper":6,"Ring of the Snake":0},{"Lantern":20,"Golden Idol":8,"Dead Branch":20,"CeramicFish":26,"Oddly Smooth Stone":72,"Snake Skull":52,"PreservedInsect":62,"Old Coin":62,"Bottled Flame":13,"Nunchaku":45,"Busted Crown":0,"Coffee Dripper":36,"Ring of the Snake":0}]},"card_choices":[{"not_picked":[],"picked":"Dagger Throw","floor":1},{"not_picked":[],"picked":"Slice","floor":3},{"not_picked":[],"picked":"Dagger Spray","floor":6},{"not_picked":[],"picked":"Poisoned Stab","floor":8},{"not_picked":[],"picked":"Dodge and Roll","floor":14},{"not_picked":[],"picked":"Unload","floor":16},{"not_picked":[],"picked":"Quick Slash","floor":18},{"not_picked":[],"picked":"Dagger Throw+1","floor":20},{"not_picked":["Slice"],"picked":"SKIP","floor":23},{"not_picked":["Accuracy"],"picked":"SKIP","floor":24},{"not_picked":[],"picked":"Prepared","floor":25},{"not_picked":[],"picked":"Catalyst","floor":27},{"not_picked":["Terror"],"picked":"SKIP","floor":28},{"not_picked":[],"picked":"Malaise","floor":29},{"not_picked":["Eviscerate+1"],"picked":"SKIP","floor":30}],"player_experience":210145,"relics_obtained":[{"floor":6,"key":"Bottled Flame"},{"floor":8,"key":"Dead Branch"},{"floor":9,"key":"Lantern"},{"floor":14,"key":"CeramicFish"},{"floor":22,"key":"Nunchaku"},{"floor":23,"key":"Snake Skull"},{"floor":25,"key":"PreservedInsect"},{"floor":26,"key":"Old Coin"},{"floor":28,"key":"Oddly Smooth Stone"}],"event_choices":[{"damage_healed":0,"gold_gain":0,"cards_transformed":["Strike_G"],"player_choice":"Transformed","damage_taken":0,"max_hp_gain":0,"max_hp_loss":0,"event_name":"Transmorgrifier","floor":2,"gold_loss":0,"cards_obtained":["Heel Hook"]},{"damage_healed":0,"gold_gain":0,"player_choice":"Lose Max HP","damage_taken":0,"relics_obtained":["Golden Idol"],"max_hp_gain":0,"max_hp_loss":5,"event_name":"Golden Idol","floor":4,"gold_loss":0},{"damage_healed":0,"gold_gain":0,"player_choice":"Grow","damage_taken":0,"max_hp_gain":0,"max_hp_loss":0,"event_name":"Living Wall","floor":11,"gold_loss":0,"cards_upgraded":["Neutralize"]},{"damage_healed":0,"gold_gain":0,"player_choice":"Got Potions","damage_taken":0,"max_hp_gain":0,"max_hp_loss":0,"event_name":"Lab","floor":19,"gold_loss":0},{"damage_healed":0,"gold_gain":0,"player_choice":"Ignored","damage_taken":0,"max_hp_gain":0,"max_hp_loss":0,"event_name":"The Mausoleum","floor":21,"gold_loss":0}],"is_beta":false,"boss_relics":[{"not_picked":["Runic Dome","Ectoplasm"],"picked":"Coffee Dripper"}],"items_purged_floors":[],"is_endless":false,"potions_floor_spawned":[3,14,16,23,24,25,27,28],"killed_by":"Shelled Parasite and Fungi","ascension_level":6}}