{"host":"928gv66myv2vlnsd","time":1612134580,"event":{"mods":["BaseMod","Highlight Path","Minty Spire (QoL Compilation)","StSLib"],"gold_per_floor":[11,27,46,46,46,46,80,80,80,105,118,132,176,16,16,109,109,133,93,72,72,72,72],"floor_reached":22,"language":"ENG","playtime":1460,"items_purged":["Strike_G"],"score":382,"play_id":"026c294c-513a-4661-adb4-599da90f5852","local_time":"20210131180940","is_ascension_mode":true,"campfire_choices":[{"data":"Dagger Spray","floor":6,"key":"SMITH"},{"data":"Blur","floor":8,"key":"SMITH"},{"floor":15,"key":"REST"}],"circlet_count":0,"master_deck":["AscendersBane","Strike_G","Strike_G","Strike_G","Strike_G","Defend_G","Defend_G","Defend_G","Defend_G","Defend_G","Survivor","Neutralize+1","Unload","Dagger Spray+1","Escape Plan","Blur+1","Noxious Fumes","Deadly Poison","Leg Sweep","A Thousand Cuts","Deadly Poison","Crippling Poison+1"],"relics":["Ring of the Snake","Golden Idol","Eternal Feather","Bottled Flame","Darkstone Periapt","Velvet Choker"],"acts_visited":["Exordium","TheCity"],"potions_floor_usage":[13,13],"damage_taken":[{"damage":0,"enemies":"Small Slimes","floor":1,"turns":2},{"damage":0,"enemies":"Jaw Worm","floor":2,"turns":4},{"damage":6,"enemies":"2 Louse","floor":3,"turns":3},{"damage":17,"enemies":"3 Sentries","floor":7,"turns":6},{"damage":0,"enemies":"Exordium Thugs","floor":10,"turns":5},{"damage":0,"enemies":"Looter","floor":11,"turns":3},{"damage":0,"enemies":"Large Slime","floor":12,"turns":6},{"damage":42,"enemies":"Gremlin Nob","floor":13,"turns":5},{"damage":22,"enemies":"Hexaghost","floor":16,"turns":12},{"damage":25,"enemies":"3 Byrds","floor":18,"turns":5},{"damage":2,"enemies":"2 Thieves","floor":20,"turns":4},{"damage":23,"enemies":"Snecko","floor":22,"turns":4}],"seed_played":"5180036503098293934","potions_obtained":[{"floor":1,"key":"SpeedPotion"},{"floor":7,"key":"Swift Potion"},{"floor":18,"key":"Dexterity Potion"},{"floor":19,"key":"Ancient Potion"},{"floor":19,"key":"GamblersBrew"}],"is_trial":false,"path_per_floor":["M","M","M","?","?","R","E","R","T","M","M","M","E","$","R","B",null,"M","?","M","$","M"],"character_chosen":"THE_SILENT","items_purchased":["EssenceOfSteel"],"campfire_rested":1,"item_purchase_floors":[14],"current_hp_per_floor":[59,59,53,53,53,53,36,45,45,45,45,45,3,3,30,8,47,22,22,20,20,0,0],"gold":72,"neow_bonus":"THREE_RARE_CARDS","is_daily":false,"chose_seed":false,"campfire_upgraded":2,"win_rate":0.0,"timestamp":1612134580,"path_taken":["M","M","M","?","?","R","E","R","T","M","M","M","E","$","R","BOSS","M","?","M","?","M"],"items_purchased_type":["Potion"],"build_version":"2020-12-22","purchased_purges":1,"victory":false,"max_hp_per_floor":[66,66,66,60,60,60,60,60,60,60,60,60,60,60,60,60,60,60,60,60,60,60,60],"card_choices":[{"not_picked":["Malaise","Night Terror"],"picked":"Unload","floor":0},{"not_picked":["Accuracy","Dodge and Roll"],"picked":"Dagger Spray","floor":1},{"not_picked":["Endless Agony","Backstab","Outmaneuver"],"picked":"SKIP","floor":2},{"not_picked":["Concentrate","Cloak And Dagger"],"picked":"Escape Plan","floor":3},{"not_picked":["Poisoned Stab","Outmaneuver"],"picked":"Blur","floor":7},{"not_picked":["PiercingWail","Bane"],"picked":"Noxious Fumes","floor":10},{"not_picked":["Bane","Expertise","Dodge and Roll"],"picked":"SKIP","floor":11},{"not_picked":["PiercingWail","Footwork"],"picked":"Deadly Poison","floor":12},{"not_picked":["Endless Agony","Reflex"],"picked":"Leg Sweep","floor":13},{"not_picked":["After Image","Phantasmal Killer"],"picked":"A Thousand Cuts","floor":16},{"not_picked":["Infinite Blades","Setup"],"picked":"Deadly Poison","floor":18},{"not_picked":["Dagger Throw","Dagger Spray"],"picked":"Crippling Poison+1","floor":20}],"player_experience":1415946,"relics_obtained":[{"floor":7,"key":"Eternal Feather"},{"floor":9,"key":"Bottled Flame"},{"floor":13,"key":"Darkstone Periapt"}],"event_choices":[{"damage_healed":0,"gold_gain":0,"player_choice":"Lose Max HP","damage_taken":0,"relics_obtained":["Golden Idol"],"max_hp_gain":0,"max_hp_loss":6,"event_name":"Golden Idol","floor":4,"gold_loss":0},{"damage_healed":0,"gold_gain":0,"player_choice":"Grow","damage_taken":0,"max_hp_gain":0,"max_hp_loss":0,"event_name":"Living Wall","floor":5,"gold_loss":0,"cards_upgraded":["Neutralize"]},{"damage_healed":0,"gold_gain":0,"player_choice":"Bought 3 Potions","damage_taken":0,"max_hp_gain":0,"max_hp_loss":0,"event_name":"The Woman in Blue","floor":19,"gold_loss":0}],"is_beta":false,"boss_relics":[{"not_picked":["Coffee Dripper","Ectoplasm"],"picked":"Velvet Choker"}],"items_purged_floors":[14],"is_endless":false,"potions_floor_spawned":[1,7,10,12,18],"killed_by":"Snecko","ascension_level":19}}