{"host":"kh6fvhxn285ncg0o","time":1612136258,"event":{"mods":["Act Like it!","BaseMod","Colored Map","Friendly Minions","Keyboard Shortcuts","Minty Spire (QoL Compilation)","Quick Restart","Relic Stats","StSLib","SuperFastMode","UnlockEverythingMod"],"gold_per_floor":[112,112,112,112,112,146,162,205,205,244,268,293,328,352,352,448,448,467,266,285,304,304,304,343,343,343,343,386,386,429,429,429,520,520,536,559,179,204,227,268,268,283,283,314,114,114,158,158,158,158,158,158,158,1,42,42],"floor_reached":57,"language":"KOR","playtime":2108,"items_purged":["Strike_R","Dropkick","Bash","Feed"],"score":3702,"play_id":"86a24256-93b3-4123-8f35-2f0fc3baaa9c","local_time":"20210201083738","is_ascension_mode":true,"campfire_choices":[{"data":"Armaments","floor":15.0,"key":"SMITH"},{"floor":23.0,"key":"REST"},{"data":"Dark Embrace","floor":27.0,"key":"SMITH"},{"data":"Seeing Red","floor":29.0,"key":"SMITH"},{"data":"Feel No Pain","floor":32.0,"key":"SMITH"},{"data":"Offering","floor":41.0,"key":"SMITH"},{"floor":49.0,"key":"RECALL"},{"data":"Barricade","floor":53.0,"key":"SMITH"}],"circlet_count":0,"master_deck":["AscendersBane","Defend_R","Defend_R","Defend_R","Defend_R","Pommel Strike","Armaments+1","Shrug It Off","Second Wind","Rage","Body Slam","Power Through","Evolve","Dark Embrace+1","Feel No Pain+1","Seeing Red+1","Disarm","Intimidate+1","Offering+1","Warcry+1","Barricade+1"],"relics":["Burning Blood","NeowsBlessing","Gremlin Horn","Golden Idol","PreservedInsect","Ice Cream","Kunai","Question Card","Cursed Key","Eternal Feather","StrikeDummy","Oddly Smooth Stone","Empty Cage","Membership Card","Pocketwatch","Mummified Hand","Singing Bowl","Bottled Lightning","Juzu Bracelet","OrangePellets","Centennial Puzzle"],"acts_visited":["Exordium","TheCity","TheBeyond","TheEnding"],"potions_floor_usage":[55,56],"damage_taken":[{"damage":0.0,"enemies":"Jaw Worm","floor":1.0,"turns":1.0},{"damage":0.0,"enemies":"Gremlin Nob","floor":6.0,"turns":1.0},{"damage":0.0,"enemies":"Small Slimes","floor":7.0,"turns":1.0},{"damage":24.0,"enemies":"Lagavulin","floor":8.0,"turns":6.0},{"damage":12.0,"enemies":"3 Sentries","floor":10.0,"turns":5.0},{"damage":0.0,"enemies":"2 Louse","floor":11.0,"turns":2.0},{"damage":0.0,"enemies":"2 Fungi Beasts","floor":12.0,"turns":2.0},{"damage":0.0,"enemies":"Lagavulin","floor":13.0,"turns":3.0},{"damage":0.0,"enemies":"Looter","floor":14.0,"turns":3.0},{"damage":30.0,"enemies":"The Guardian","floor":16.0,"turns":12.0},{"damage":24.0,"enemies":"Shell Parasite","floor":18.0,"turns":6.0},{"damage":17.0,"enemies":"Chosen","floor":20.0,"turns":5.0},{"damage":24.0,"enemies":"Snecko","floor":21.0,"turns":8.0},{"damage":10.0,"enemies":"Gremlin Leader","floor":24.0,"turns":6.0},{"damage":28.0,"enemies":"Slavers","floor":28.0,"turns":10.0},{"damage":0.0,"enemies":"Gremlin Leader","floor":30.0,"turns":7.0},{"damage":20.0,"enemies":"Automaton","floor":33.0,"turns":10.0},{"damage":0.0,"enemies":"3 Shapes","floor":35.0,"turns":8.0},{"damage":11.0,"enemies":"3 Darklings","floor":36.0,"turns":7.0},{"damage":6.0,"enemies":"Jaw Worm Horde","floor":38.0,"turns":4.0},{"damage":7.0,"enemies":"4 Shapes","floor":39.0,"turns":4.0},{"damage":6.0,"enemies":"Giant Head","floor":40.0,"turns":6.0},{"damage":4.0,"enemies":"Transient","floor":42.0,"turns":6.0},{"damage":6.0,"enemies":"Reptomancer","floor":44.0,"turns":4.0},{"damage":6.0,"enemies":"Nemesis","floor":47.0,"turns":3.0},{"damage":6.0,"enemies":"Awakened One","floor":50.0,"turns":5.0},{"damage":6.0,"enemies":"Time Eater","floor":51.0,"turns":6.0},{"damage":9,"enemies":"Shield and Spear","floor":55,"turns":3},{"damage":6,"enemies":"The Heart","floor":56,"turns":6}],"seed_played":"-2865465951357877057","potions_obtained":[{"floor":7.0,"key":"SpeedPotion"},{"floor":11.0,"key":"Energy Potion"},{"floor":13.0,"key":"Block Potion"},{"floor":16.0,"key":"ElixirPotion"},{"floor":30.0,"key":"Block Potion"},{"floor":36.0,"key":"Energy Potion"},{"floor":42.0,"key":"SmokeBomb"},{"floor":44.0,"key":"Energy Potion"},{"floor":47.0,"key":"Weak Potion"}],"is_trial":false,"path_per_floor":["M","?","?","?","?","E","M","E","T","E","M","M","E","M","R","B",null,"M","$","M","M","?","R","E","?","T","R","E","R","E","?","R","B",null,"M","M","$","M","M","E","R","M","T","E","$","?","E","?","R","B","B",null,"R","$","E","B",null],"character_chosen":"IRONCLAD","items_purchased":["Power Through","Evolve","Membership Card","Pocketwatch","Bottled Lightning","OrangePellets"],"campfire_rested":1,"item_purchase_floors":[19,19,37,37,45,54],"current_hp_per_floor":[74,63,56,56,56,62,68,50,50,44,50,56,62,68,68,44,62,44,44,37,19,19,40,36,36,36,48,26,38,48,48,63,53,73,83,82,82,86,89,93,100,100,100,106,106,106,110,120,120,124,128,128,128,128,127,127],"gold":42,"neow_bonus":"THREE_ENEMY_KILL","is_daily":false,"chose_seed":false,"campfire_upgraded":6,"win_rate":0.0,"timestamp":1612136258,"path_taken":["M","?","?","?","?","E","M","E","T","E","M","M","E","M","R","BOSS","M","$","M","M","?","R","E","?","T","R","E","R","E","?","R","BOSS","M","M","$","M","M","E","R","M","T","E","$","?","E","?","R","BOSS","BOSS","R","$","E","BOSS"],"items_purchased_type":["Card","Card","Relic","Relic","Relic","Relic"],"build_version":"2020-12-22","purchased_purges":4,"victory":true,"max_hp_per_floor":[75,75,75,75,68,68,68,68,68,68,68,68,68,68,68,68,68,68,68,72,72,72,72,72,72,72,72,72,72,76,76,76,80,80,84,88,88,92,96,100,100,100,100,106,106,106,110,120,120,124,128,128,128,128,130,130],"relic_stats":{"Gremlin Horn":[38,40],"Singing Bowl":4,"counters":[29,150],"Golden Idol":233,"Eternal Feather":46,"PreservedInsect":544,"Juzu Bracelet":0,"Question Card":18,"Cursed Key":0,"Burning Blood":172,"OrangePellets":[1],"Centennial Puzzle":[3],"Mummified Hand":[27],"Kunai":[48],"obtain_stats":[{"Ice Cream":8,"NeowsBlessing":0,"Gremlin Horn":2,"Singing Bowl":44,"Golden Idol":5,"Oddly Smooth Stone":30,"Eternal Feather":24,"PreservedInsect":6,"Juzu Bracelet":47,"Question Card":13,"Cursed Key":17,"Empty Cage":34,"Burning Blood":0,"OrangePellets":54,"Centennial Puzzle":55,"Mummified Hand":40,"Kunai":10,"Membership Card":37,"Bottled Lightning":45,"StrikeDummy":28,"Pocketwatch":37},{"Ice Cream":4,"NeowsBlessing":0,"Gremlin Horn":1,"Singing Bowl":24,"Golden Idol":1,"Oddly Smooth Stone":16,"Eternal Feather":14,"PreservedInsect":2,"Juzu Bracelet":25,"Question Card":8,"Cursed Key":10,"Empty Cage":17,"Burning Blood":0,"OrangePellets":27,"Centennial Puzzle":28,"Mummified Hand":22,"Kunai":5,"Membership Card":19,"Bottled Lightning":24,"StrikeDummy":15,"Pocketwatch":19},{"Ice Cream":9,"NeowsBlessing":0,"Gremlin Horn":1,"Singing Bowl":127,"Golden Idol":1,"Oddly Smooth Stone":78,"Eternal Feather":61,"PreservedInsect":2,"Juzu Bracelet":130,"Question Card":21,"Cursed Key":36,"Empty Cage":88,"Burning Blood":0,"OrangePellets":141,"Centennial Puzzle":144,"Mummified Hand":117,"Kunai":14,"Membership Card":103,"Bottled Lightning":127,"StrikeDummy":71,"Pocketwatch":103}],"Pocketwatch":[38]},"card_choices":[{"not_picked":["Armaments","Dual Wield"],"picked":"Pommel Strike","floor":1.0},{"not_picked":["Cleave","Havoc"],"picked":"Armaments","floor":6.0},{"not_picked":["Twin Strike","Flex"],"picked":"Shrug It Off","floor":7.0},{"not_picked":["Rage","Warcry"],"picked":"Immolate","floor":8.0},{"not_picked":["Wild Strike","Perfected Strike"],"picked":"Dropkick","floor":10.0},{"not_picked":["Body Slam","Anger"],"picked":"Second Wind","floor":11.0},{"not_picked":["Intimidate","Hemokinesis","Shrug It Off"],"picked":"SKIP","floor":12.0},{"not_picked":["Anger","Wild Strike"],"picked":"Berserk","floor":13.0},{"not_picked":["Clothesline","Metallicize","Perfected Strike"],"picked":"Rage","floor":14.0},{"not_picked":["Demon Form","Juggernaut","Corruption"],"picked":"Feed","floor":16.0},{"not_picked":["Anger","Sword Boomerang+1","Cleave"],"picked":"Body Slam","floor":18.0},{"not_picked":["Bludgeon","Pommel Strike","Spot Weakness"],"picked":"Dark Embrace","floor":20.0},{"not_picked":["Rampage","Clothesline","Twin Strike","Blood for Blood"],"picked":"SKIP","floor":21.0},{"not_picked":["Metallicize","Twin Strike","Whirlwind"],"picked":"Feel No Pain","floor":24.0},{"not_picked":["Shrug It Off","Anger","Pommel Strike"],"picked":"Disarm","floor":28.0},{"not_picked":["Headbutt","Reckless Charge","Disarm"],"picked":"Intimidate+1","floor":30.0},{"not_picked":["Corruption","Double Tap","Impervious"],"picked":"Offering","floor":33.0},{"not_picked":["Sever Soul+1","Pommel Strike","Entrench+1"],"picked":"Warcry+1","floor":35.0},{"not_picked":["Heavy Blade+1","Pommel Strike","Perfected Strike","Flex"],"picked":"SKIP","floor":36.0},{"not_picked":["Ghostly Armor","Carnage","Armaments","Warcry"],"picked":"SKIP","floor":38.0},{"not_picked":["Headbutt","Double Tap","Rampage","Combust"],"picked":"SKIP","floor":39.0},{"not_picked":["Shockwave","Havoc","Perfected Strike","Second Wind+1"],"picked":"SKIP","floor":40.0},{"not_picked":["True Grit","Reckless Charge","Thunderclap","Whirlwind"],"picked":"SKIP","floor":42.0},{"not_picked":["Disarm+1","Perfected Strike","Flame Barrier","Body Slam+1"],"picked":"Singing Bowl","floor":44.0},{"not_picked":["Pommel Strike","Thunderclap+1","Intimidate"],"picked":"Barricade","floor":47.0},{"not_picked":["Twin Strike+1","Body Slam","True Grit","Reckless Charge"],"picked":"Singing Bowl","floor":55}],"player_experience":1312157,"relics_obtained":[{"floor":6.0,"key":"PreservedInsect"},{"floor":8.0,"key":"Ice Cream"},{"floor":10.0,"key":"Kunai"},{"floor":13.0,"key":"Question Card"},{"floor":24.0,"key":"Eternal Feather"},{"floor":28.0,"key":"StrikeDummy"},{"floor":30.0,"key":"Oddly Smooth Stone"},{"floor":40.0,"key":"Mummified Hand"},{"floor":44.0,"key":"Singing Bowl"},{"floor":47.0,"key":"Juzu Bracelet"},{"floor":55,"key":"Centennial Puzzle"}],"event_choices":[{"damage_healed":0.0,"max_hp_gain":0.0,"max_hp_loss":0.0,"gold_gain":0.0,"event_name":"Scrap Ooze","player_choice":"Success","floor":2.0,"gold_loss":0.0,"damage_taken":11.0,"relics_obtained":["Gremlin Horn"]},{"cards_removed":["Strike_R"],"damage_healed":0.0,"max_hp_gain":0.0,"max_hp_loss":0.0,"gold_gain":0.0,"event_name":"Golden Wing","player_choice":"Card Removal","floor":3.0,"gold_loss":0.0,"damage_taken":7.0},{"cards_removed":["Strike_R"],"damage_healed":0.0,"max_hp_gain":0.0,"max_hp_loss":0.0,"gold_gain":0.0,"event_name":"Living Wall","player_choice":"Forget","floor":4.0,"gold_loss":0.0,"damage_taken":0.0},{"damage_healed":0.0,"max_hp_gain":0.0,"max_hp_loss":7.0,"gold_gain":0.0,"event_name":"Golden Idol","player_choice":"Lose Max HP","floor":5.0,"gold_loss":0.0,"damage_taken":0.0,"relics_obtained":["Golden Idol"]},{"damage_healed":0.0,"max_hp_gain":0.0,"max_hp_loss":0.0,"gold_gain":0.0,"event_name":"Vampires","player_choice":"Ignored","floor":22.0,"gold_loss":0.0,"damage_taken":0.0},{"damage_healed":0.0,"max_hp_gain":0.0,"max_hp_loss":0.0,"gold_gain":0.0,"event_name":"The Library","player_choice":"Read","floor":25.0,"gold_loss":0.0,"damage_taken":0.0,"cards_obtained":["Seeing Red"]},{"damage_healed":0.0,"max_hp_gain":0.0,"max_hp_loss":0.0,"gold_gain":0.0,"event_name":"The Mausoleum","player_choice":"Ignored","floor":31.0,"gold_loss":0.0,"damage_taken":0.0},{"cards_removed":["Berserk"],"damage_healed":0.0,"max_hp_gain":0.0,"max_hp_loss":0.0,"gold_gain":0.0,"event_name":"Falling","player_choice":"Removed Power","floor":46.0,"gold_loss":0.0,"damage_taken":0.0},{"cards_removed":["Immolate"],"damage_healed":0.0,"max_hp_gain":10.0,"max_hp_loss":0.0,"gold_gain":0.0,"event_name":"Bonfire Elementals","player_choice":"Offered Rare","floor":48.0,"gold_loss":0.0,"damage_taken":0.0}],"is_beta":false,"boss_relics":[{"not_picked":["Tiny House","SacredBark"],"picked":"Cursed Key"},{"not_picked":["Pandora\u0027s Box","Astrolabe"],"picked":"Empty Cage"}],"items_purged_floors":[19,37,45,54],"is_endless":false,"potions_floor_spawned":[7,11,12,13,16,18,21,30,36,42,44,47],"ascension_level":20}}