{"host":"rhi1xaphgh1gkral","time":1612127107,"event":{"mods":["Aspiration","BaseMod","Conspire","Downfall","Energized Spire","GifTheSpireLib","Halation","Hubris","Infinite Spire","Jedi Mod","Minty Spire (QoL Compilation)","Replay The Spire","StSLib","Stuff the Spire"],"gold_per_floor":[99,117,132,232,232,232,282,182,12,12,37,50,50,109,127,226,226,226,243,243,287,306,306,329,355,355,355,355],"floor_reached":26,"language":"ENG","playtime":1696,"items_purged":[],"score":339,"play_id":"bc1f62aa-c3db-4e8b-99b5-f285749ad26c","local_time":"20210131180507","is_ascension_mode":false,"campfire_choices":[{"floor":1,"key":"RECALL"},{"data":"bronze:HyperBeam","floor":8,"key":"SMITH"},{"data":"bronze:BuggyMess","floor":10,"key":"SMITH"},{"data":"bronze:Repulsor","floor":13,"key":"SMITH"},{"floor":23,"key":"REST"}],"circlet_count":0,"master_deck":["Guardian:PrimingBeam","bronze:Strike","bronze:Strike","bronze:Strike","bronze:Strike","bronze:Defend","bronze:Defend","bronze:Defend","bronze:Defend","bronze:Replicate","bronze:Goto","bronze:Format","bronze:WildBeam","bronze:BuggyMess+1","ReplayTheSpireMod:Restless Dread","bronze:HyperBeam+1","conspire:Blindness","downfall:Haunted","hubris:Disease","bronze:BronzeOrb","bronze:Repulsor+1","bronze:BronzeOrb","downfall:Haunted","downfall:Icky","bronze:Overheat","bronze:Iterate","bronze:Boost","bronze:BurnOut","Injury","m_Bronzebash","bronze:BurnOut+1","Enlightenment","infinitespire:Oblivion","bronze:DelayedSlice+1","bronze:BugBarrage+1","bronze:Repair","bronze:WildBeam","Normality","jedi:frostbite","bronze:Return"],"relics":["bronze:BronzeCore","downfall:ExtraCursedKey","Ring of Searing","ReplayTheSpireMod:Ring of Challenge","downfall:HeartBlessingRed","hubris:OldNail","ReplayTheSpireMod:SealedPack","downfall:RedIOU","HornCleat","halation:LettersToHer"],"acts_visited":["Exordium","TheCity"],"potions_floor_usage":[16,25],"damage_taken":[{"damage":0,"enemies":"Jaw Worm","floor":2,"turns":2},{"damage":7,"enemies":"Small Slimes","floor":3,"turns":2},{"damage":10,"enemies":"downfall:FleeingMerchant","floor":9,"turns":4},{"damage":0,"enemies":"2 Louse","floor":12,"turns":3},{"damage":15,"enemies":"conspire:2 RoseBushes","floor":14,"turns":3},{"damage":3,"enemies":"Large Slime","floor":15,"turns":4},{"damage":3,"enemies":"SI_SHIV_ARCHETYPE","floor":16,"turns":5},{"damage":47,"enemies":"conspire:FuzzyDice","floor":19,"turns":4},{"damage":0,"enemies":"Spheric Guardian","floor":22,"turns":3},{"damage":20,"enemies":"Slavers","floor":25,"turns":2},{"damage":17,"enemies":"3 Cultists","floor":26,"turns":3}],"seed_played":"1756767195252441902","potions_obtained":[{"floor":2,"key":"Dexterity Potion"},{"floor":12,"key":"SpeedPotion"},{"floor":15,"key":"SmokeBomb"},{"floor":22,"key":"PowerPotion"}],"is_trial":false,"path_per_floor":["R","M","M","?","?","?","T","R","$","R","T","M","R","M","M","B",null,"R","M","?","?","M","R","T","E","M"],"character_chosen":"THE_AUTOMATON","items_purchased":["bronze:Repulsor","bronze:BronzeOrb"],"campfire_rested":1,"item_purchase_floors":[9,9],"current_hp_per_floor":[63,63,56,56,56,56,56,56,46,46,46,46,46,31,28,25,63,63,16,16,1,8,26,26,13,0,0,0],"gold":355,"neow_bonus":"THREE_RARE_CARDS","is_daily":false,"chose_seed":false,"campfire_upgraded":3,"win_rate":0.0,"timestamp":1612127107,"path_taken":["R","M","M","?","?","?","T","R","$","R","?","M","R","M","M","BOSS","R","M","?","?","M","R","T","E","M"],"items_purchased_type":["Card","Card"],"build_version":"2020-12-22","purchased_purges":0,"victory":false,"max_hp_per_floor":[63,63,63,63,63,63,63,63,63,63,63,63,63,63,63,63,63,63,63,63,63,63,63,63,63,63,63,63],"card_choices":[{"not_picked":["bronze:ThunderWave","bronze:CleanCode"],"picked":"bronze:Format","floor":0},{"not_picked":["bronze:Turbo","bronze:BitShift"],"picked":"bronze:WildBeam","floor":2},{"not_picked":["bronze:Frontload","bronze:Boost"],"picked":"bronze:BuggyMess","floor":3},{"not_picked":["bronze:FineTuning","bronze:BronzeArmor"],"picked":"bronze:BronzeOrb","floor":9},{"not_picked":["bronze:OilSpill","bronze:Philosophize"],"picked":"bronze:Overheat","floor":12},{"not_picked":["bronze:Return","bronze:ForLoop"],"picked":"bronze:Iterate","floor":14},{"not_picked":["bronze:MaxOutput","bronze:Return"],"picked":"bronze:Boost","floor":15},{"not_picked":["bronze:Assembly","bronze:ThunderWave"],"picked":"bronze:BurnOut","floor":16},{"not_picked":["bronze:Replicate","hexamod:Float"],"picked":"m_Bronzebash","floor":17},{"not_picked":["bronze:Break","bronze:RecursiveStrike"],"picked":"bronze:BurnOut","floor":17},{"not_picked":["PanicButton","Replay:Bootleg Shield Generator"],"picked":"Enlightenment","floor":17},{"not_picked":["ReplayTheSpireMod:Echoes of Time","infinitespire:NeuralNetwork"],"picked":"infinitespire:Oblivion","floor":17},{"not_picked":["bronze:BitShift","bronze:Boost"],"picked":"bronze:DelayedSlice+1","floor":19},{"not_picked":["bronze:ForLoop+1","bronze:FindAndReplace"],"picked":"bronze:BugBarrage+1","floor":21},{"not_picked":["bronze:Frontload+1","bronze:BugBarrage"],"picked":"bronze:Repair","floor":21},{"not_picked":["bronze:ForLoop","bronze:BronzeArmor"],"picked":"bronze:WildBeam","floor":22},{"not_picked":["bronze:NullPointer+1","bronze:DelayedGuard"],"picked":"bronze:Return","floor":25}],"player_experience":143279,"relics_obtained":[{"floor":5,"key":"Ring of Searing"},{"floor":5,"key":"ReplayTheSpireMod:Ring of Challenge"},{"floor":7,"key":"StuffTheSpire:GrapeVine"},{"floor":11,"key":"hubris:OldNail"},{"floor":21,"key":"HornCleat"},{"floor":25,"key":"halation:LettersToHer"}],"event_choices":[],"is_beta":false,"boss_relics":[{"not_picked":["aspiration:PoetsPen_weak","Kintsugi"],"picked":"ReplayTheSpireMod:SealedPack"}],"items_purged_floors":[],"is_endless":false,"potions_floor_spawned":[2,12,15,22],"killed_by":"3 Cultists","ascension_level":0}}