{"host":"kda2p2afd6bvz6qo","time":1612055470,"event":{"mods":["BaseMod","Colored Map","Minty Spire (QoL Compilation)","Relic Stats"],"gold_per_floor":[119,70,85,104,104,104,124,154,154,170,126,154,154,179,179,278,278,291,291,291,305,318,318,344,344,344,378,19,19,51,1,1,103,103,121,23,23,35,135,135,165,165,192,223,223,523,523,523],"floor_reached":47,"language":"ENG","playtime":3006,"items_purged":["Writhe","Strike_B","Defend_B"],"score":745,"play_id":"3ecc5a04-c26c-4bef-879e-156706977223","local_time":"20210131011110","is_ascension_mode":true,"campfire_choices":[{"data":"Sweeping Beam","floor":6,"key":"SMITH"},{"floor":13,"key":"REST"},{"data":"Defragment","floor":15,"key":"SMITH"},{"data":"Electrodynamics","floor":23,"key":"SMITH"},{"floor":25,"key":"REST"},{"floor":29,"key":"REST"},{"data":"Echo Form","floor":32,"key":"SMITH"},{"floor":40,"key":"RECALL"},{"data":"Hologram","floor":42,"key":"SMITH"}],"circlet_count":0,"master_deck":["Strike_B+1","Defend_B","Defend_B","Zap","Dualcast","Genetic Algorithm+1","Echo Form+1","Multi-Cast+1","Sweeping Beam+1","Cold Snap+1","Glacier","Defragment+1","Ball Lightning","Hologram+1","Electrodynamics+1","Chill","Coolheaded+1","Redo+1","Echo Form+1","Double Energy+1","Finesse+1","Coolheaded+1","Echo Form+1","Capacitor+1","Loop+1","Capacitor+1"],"relics":["Astrolabe","WarpedTongs","Whetstone","Pantograph","White Beast Statue","Letter Opener","Runic Dome","Kunai","Spirit Poop","Girya","Toxic Egg 2","Regal Pillow","Membership Card","Frozen Egg 2","Inserter","Bottled Tornado","Juzu Bracelet"],"acts_visited":["Exordium","TheCity","TheBeyond"],"potions_floor_usage":[14,24,27,27,28,47],"damage_taken":[{"damage":6,"enemies":"Jaw Worm","floor":1,"turns":6},{"damage":6,"enemies":"Cultist","floor":3,"turns":4},{"damage":0,"enemies":"2 Louse","floor":4,"turns":2},{"damage":12,"enemies":"Red Slaver","floor":7,"turns":4},{"damage":7,"enemies":"Lagavulin","floor":8,"turns":8},{"damage":13,"enemies":"Exordium Thugs","floor":10,"turns":7},{"damage":12,"enemies":"Gremlin Nob","floor":12,"turns":6},{"damage":1,"enemies":"3 Sentries","floor":14,"turns":5},{"damage":5,"enemies":"Slime Boss","floor":16,"turns":9},{"damage":3,"enemies":"Chosen","floor":18,"turns":4},{"damage":12,"enemies":"Shell Parasite","floor":21,"turns":4},{"damage":16,"enemies":"Cultist and Chosen","floor":22,"turns":4},{"damage":16,"enemies":"Book of Stabbing","floor":24,"turns":7},{"damage":29,"enemies":"Slavers","floor":27,"turns":2},{"damage":7,"enemies":"Book of Stabbing","floor":30,"turns":5},{"damage":23,"enemies":"Automaton","floor":33,"turns":8},{"damage":14,"enemies":"3 Darklings","floor":35,"turns":3},{"damage":0,"enemies":"3 Shapes","floor":38,"turns":3},{"damage":16,"enemies":"Giant Head","floor":41,"turns":9},{"damage":31,"enemies":"Nemesis","floor":44,"turns":7},{"damage":28,"enemies":"Reptomancer","floor":47,"turns":3}],"seed_played":"1823213571904175711","potions_obtained":[{"floor":10,"key":"Energy Potion"},{"floor":12,"key":"Energy Potion"},{"floor":14,"key":"ColorlessPotion"},{"floor":16,"key":"Dexterity Potion"},{"floor":18,"key":"PotionOfCapacity"},{"floor":24,"key":"Explosive Potion"},{"floor":27,"key":"PotionOfCapacity"},{"floor":30,"key":"SteroidPotion"},{"floor":33,"key":"PotionOfCapacity"},{"floor":38,"key":"Swift Potion"}],"is_trial":false,"path_per_floor":["M","$","M","M","?","R","M","E","T","M","?","E","R","E","R","B",null,"M","?","?","M","M","R","E","R","T","E","$","R","E","$","R","B",null,"M","$","?","M","?","R","E","R","T","E","?","?","E"],"character_chosen":"DEFECT","items_purchased":["Cold Snap","Membership Card","Echo Form","Double Energy+1","Finesse+1","Fruit Juice","Capacitor+1"],"campfire_rested":3,"item_purchase_floors":[2,28,28,28,28,28,36],"current_hp_per_floor":[69,69,63,63,63,63,51,44,44,31,31,19,41,40,40,60,75,72,72,72,60,44,44,28,50,50,21,26,65,58,58,58,57,80,66,66,66,66,66,66,50,50,50,19,19,19,0,0],"gold":523,"neow_bonus":"BOSS_RELIC","is_daily":false,"chose_seed":false,"campfire_upgraded":5,"win_rate":0.0,"timestamp":1612055470,"path_taken":["M","$","M","M","?","R","?","E","T","M","?","E","R","E","R","BOSS","M","?","?","M","?","R","E","R","T","E","?","R","E","?","R","BOSS","M","$","?","M","?","R","E","R","T","E","?","?","E"],"items_purchased_type":["Card","Relic","Card","Card","Card","Potion","Card"],"build_version":"2020-12-22","purchased_purges":3,"victory":false,"max_hp_per_floor":[75,75,75,75,75,75,75,75,75,75,75,75,75,75,75,75,75,75,75,75,75,75,75,75,75,75,75,80,80,80,80,80,80,80,80,80,76,76,76,76,76,76,76,76,76,76,76,76],"relic_stats":{"Regal Pillow":15,"Inserter":[12],"counters":[21,110],"Astrolabe":["Genetic Algorithm","Echo Form","Multi-Cast"],"Pantograph":47,"Juzu Bracelet":1,"Whetstone":["Strike_B","Cold Snap"],"Letter Opener":[273],"Kunai":[14],"obtain_stats":[{"Girya":24,"Regal Pillow":27,"Inserter":34,"Astrolabe":0,"Spirit Poop":20,"Juzu Bracelet":44,"Whetstone":8,"Letter Opener":14,"Frozen Egg 2":30,"Bottled Tornado":41,"White Beast Statue":12,"WarpedTongs":5,"Runic Dome":17,"Pantograph":9,"Kunai":19,"Membership Card":28,"Toxic Egg 2":26,"Cracked Core":0},{"Girya":13,"Regal Pillow":14,"Inserter":16,"Astrolabe":0,"Spirit Poop":10,"Juzu Bracelet":20,"Whetstone":5,"Letter Opener":8,"Frozen Egg 2":15,"Bottled Tornado":19,"White Beast Statue":7,"WarpedTongs":3,"Runic Dome":9,"Pantograph":5,"Kunai":10,"Membership Card":14,"Toxic Egg 2":13,"Cracked Core":0},{"Girya":70,"Regal Pillow":72,"Inserter":85,"Astrolabe":0,"Spirit Poop":55,"Juzu Bracelet":107,"Whetstone":24,"Letter Opener":42,"Frozen Egg 2":77,"Bottled Tornado":100,"White Beast Statue":37,"WarpedTongs":12,"Runic Dome":51,"Pantograph":24,"Kunai":55,"Membership Card":72,"Toxic Egg 2":70,"Cracked Core":0}],"WarpedTongs":[88]},"card_choices":[{"not_picked":["Coolheaded","Compile Driver"],"picked":"Sweeping Beam","floor":1},{"not_picked":["Streamline","Skim"],"picked":"Glacier","floor":3},{"not_picked":["Fusion","Leap","Hologram"],"picked":"SKIP","floor":4},{"not_picked":["Hello World","Barrage","Reinforced Body"],"picked":"SKIP","floor":7},{"not_picked":["White Noise","Aggregate"],"picked":"Defragment","floor":8},{"not_picked":["Leap","Double Energy"],"picked":"Ball Lightning","floor":10},{"not_picked":["Steam Power","Redo"],"picked":"Hologram","floor":12},{"not_picked":["Barrage","Stack","Gash"],"picked":"SKIP","floor":14},{"not_picked":["Machine Learning","Seek"],"picked":"Electrodynamics","floor":16},{"not_picked":["Sweeping Beam+1","Aggregate+1","Tempest"],"picked":"SKIP","floor":18},{"not_picked":["Leap+1","Conserve Battery+1"],"picked":"Chill","floor":21},{"not_picked":["Beam Cell","Sweeping Beam"],"picked":"Coolheaded+1","floor":22},{"not_picked":["Hologram","Compile Driver","Gash"],"picked":"SKIP","floor":24},{"not_picked":["Rip and Tear+1","Leap+1"],"picked":"Redo+1","floor":27},{"not_picked":["Electrodynamics+1","Melter+1"],"picked":"Coolheaded+1","floor":30},{"not_picked":["Seek+1","Buffer+1"],"picked":"Echo Form+1","floor":33},{"not_picked":["Compile Driver+1","Conserve Battery+1","Redo+1"],"picked":"SKIP","floor":35},{"not_picked":["Barrage","Beam Cell"],"picked":"Loop+1","floor":38},{"not_picked":["Gash+1","Cold Snap","Streamline"],"picked":"SKIP","floor":41},{"not_picked":["Barrage+1","Chaos+1"],"picked":"Capacitor+1","floor":44}],"player_experience":181888,"relics_obtained":[{"floor":8,"key":"Whetstone"},{"floor":9,"key":"Pantograph"},{"floor":12,"key":"White Beast Statue"},{"floor":14,"key":"Letter Opener"},{"floor":24,"key":"Girya"},{"floor":26,"key":"Toxic Egg 2"},{"floor":27,"key":"Regal Pillow"},{"floor":30,"key":"Frozen Egg 2"},{"floor":41,"key":"Bottled Tornado"},{"floor":44,"key":"Juzu Bracelet"}],"event_choices":[{"damage_healed":0,"gold_gain":0,"player_choice":"Rummage","damage_taken":0,"relics_obtained":["WarpedTongs"],"max_hp_gain":0,"max_hp_loss":0,"event_name":"Accursed Blacksmith","floor":5,"gold_loss":0,"cards_obtained":["Pain"]},{"damage_healed":0,"gold_gain":0,"player_choice":"Left Gold","damage_taken":0,"max_hp_gain":0,"max_hp_loss":0,"event_name":"World of Goop","floor":11,"gold_loss":44},{"damage_healed":0,"gold_gain":0,"player_choice":"Opened","damage_taken":0,"relics_obtained":["Kunai"],"max_hp_gain":0,"max_hp_loss":0,"event_name":"The Mausoleum","floor":19,"gold_loss":0,"cards_obtained":["Writhe"]},{"cards_removed":["Pain"],"damage_healed":0,"gold_gain":0,"player_choice":"Offered Curse","damage_taken":0,"relics_obtained":["Spirit Poop"],"max_hp_gain":0,"max_hp_loss":0,"event_name":"Bonfire Elementals","floor":20,"gold_loss":0},{"damage_healed":0,"gold_gain":0,"player_choice":"Max HP","damage_taken":0,"max_hp_gain":0,"max_hp_loss":4,"event_name":"Winding Halls","floor":37,"gold_loss":0},{"damage_healed":0,"gold_gain":100,"player_choice":"Pray","damage_taken":0,"max_hp_gain":0,"max_hp_loss":0,"event_name":"Golden Shrine","floor":39,"gold_loss":0},{"damage_healed":0,"gold_gain":0,"player_choice":"Ignored","damage_taken":0,"max_hp_gain":0,"max_hp_loss":0,"event_name":"Tomb of Lord Red Mask","floor":45,"gold_loss":0},{"damage_healed":0,"gold_gain":300,"player_choice":"Gold","damage_taken":0,"max_hp_gain":0,"max_hp_loss":0,"event_name":"Wheel of Change","floor":46,"gold_loss":0}],"is_beta":false,"boss_relics":[{"not_picked":["SacredBark","Fusion Hammer"],"picked":"Runic Dome"},{"not_picked":["Runic Pyramid","SlaversCollar"],"picked":"Inserter"}],"items_purged_floors":[28,31,36],"is_endless":false,"potions_floor_spawned":[10,12,14,16,18,21,22,24,27,30,33,35,38,41,44],"killed_by":"Reptomancer","ascension_level":2}}