{"host":"oeh4wb93hhtrshvk","time":1612103517,"event":{"mods":["2.2 Compatiblity","AchievementEnabler","Act Like it!","Aspiration","BaseMod","Better Skull","Better Third Choice","Block Reminder","Card Filter","Colored Powertips","Conspire","Curses Come First","Defuse TimeMaze Blight","Displayed Cursed Tome","Downfall","Energized Spire","GifTheSpireLib","Hermit","Hubris","Infinite Spire","Marisa????????","Minty Spire (QoL Compilation)","Pale of the Ancients","Poor People Problems","Quick Restart","Rare Cards Sparkle","Relic Filter","Reliquary","Replay The Spire","Shop Mod","Spicy Shops","StS++","StSLib","The Blue Laboratory","The Cursed","The Disciple","Transform Curses","Wandering Minibosses","Weighted Paths","Wide Potions"],"gold_per_floor":[116,116,29,29,46,77,77,107,107,121,121,156,169,51,51,149,149,164,164,269,281,295,295,326,339,339,349,359,387,387,406,406,511,511,529,542,542,570,604,676,676,752,752,802,205,270,24,69,69,159,169,229,229,75,75,160,160,160],"floor_reached":56,"language":"FRA","playtime":5874,"items_purged":["TheCursedMod:Dregs","bronze:BurnOut"],"score":1104,"play_id":"3e1f4087-a3b8-4e6f-bd17-52643614094e","local_time":"20210131153157","daily_mods":["Heirloom","DeadlyEvents"],"is_ascension_mode":false,"campfire_choices":[{"data":"bronze:Goto","floor":7,"key":"SMITH"},{"data":"bronze:DelayedSlice","floor":11,"key":"SMITH"},{"floor":15,"key":"DIG"},{"data":"bronze:Virus","floor":23,"key":"SMITH"},{"floor":32,"key":"REST"},{"data":"hubris:EnhanceAbility","floor":41,"key":"SMITH"},{"data":"infinitespire:Execution","floor":55,"key":"SMITH"}],"circlet_count":0,"master_deck":["bronze:Strike","bronze:Strike","bronze:Strike","bronze:Strike","bronze:Defend","bronze:Defend","bronze:Defend","bronze:Defend","bronze:Replicate","bronze:Goto+1","bronze:DelayedSlice+1","bronze:Branch","bronze:Format","bronze:DelayedSlice","Panache","hubris:EnhanceAbility+1","Dramatic Entrance","bronze:Virus+1","bronze:ChosenStrike","bronze:RecursiveStrike","bronze:DelayedSlice","bronze:RecursiveStrike+1","bronze:ItsAFeature+1","hubris:Sloth","bronze:CleanCode","bronze:Optimize","bronze:ShipIt","bronze:Invalidate+1","infinitespire:Execution+1","hubris:Despair","bronze:ChosenStrike+1","Flash of Steel"],"relics":["bronze:BronzeCore","StSpp:BoiledEgg","Happy Flower","infinitespire:Lychee Nut","Slimebound:StickyStick","Pen Nib","StSpp:BrokenTotem","Iron Hammer","ReplayTheSpireMod:ShopPack","ReplayTheSpireMod:CursedCoin","hubris:TenFootPole","energizedSpire:CursedPentagram","wanderingMiniBosses:CarrionFlame","reliquary:PrincelyHelmet","hubris:BottledRain","hubris:SlimyHat","hubris:EvacipatedBox","conspire:SpecialSausage","StoneCalendar","StSpp:SailorCap","Replay:Bandana","Boot","PreservedInsect","conspire:InfiniteJournal","bronze:SilverBullet","infinitespire:Lucky Rock","Guardian:GemstoneGun","conspire:TreasureMap","paleoftheancients:Timepiece","Gremlin Horn","CultistMask","paleoftheancients:SoulOfTheShowman","Strange Spoon"],"acts_visited":["Exordium","TheCity","TheBeyond","paleoftheancients:PaleOfTheAncients"],"potions_floor_usage":[6,12,16,28,28,28,44,46,50,50],"damage_taken":[{"damage":1,"enemies":"Jaw Worm","floor":1,"turns":4},{"damage":0,"enemies":"Small Slimes","floor":5,"turns":2},{"damage":0,"enemies":"Gremlin Nob","floor":6,"turns":2},{"damage":26,"enemies":"Lagavulin","floor":8,"turns":6},{"damage":0,"enemies":"Cultist","floor":10,"turns":3},{"damage":0,"enemies":"Gremlin Nob","floor":12,"turns":3},{"damage":0,"enemies":"Looter","floor":13,"turns":1},{"damage":26,"enemies":"The Guardian","floor":16,"turns":11},{"damage":0,"enemies":"Shell Parasite","floor":18,"turns":3},{"damage":29,"enemies":"Chosen","floor":21,"turns":5},{"damage":0,"enemies":"3 Cultists","floor":22,"turns":3},{"damage":0,"enemies":"conspire:Head Lice","floor":24,"turns":3},{"damage":15,"enemies":"conspire:HollyBat","floor":25,"turns":5},{"damage":1,"enemies":"Snake Plant","floor":27,"turns":3},{"damage":12,"enemies":"Shelled Parasite and Fungi","floor":28,"turns":3},{"damage":11,"enemies":"Book of Stabbing","floor":29,"turns":5},{"damage":0,"enemies":"3 Cultists","floor":31,"turns":2},{"damage":9,"enemies":"conspire:MysteriousRune","floor":33,"turns":5},{"damage":0,"enemies":"3 Shapes","floor":35,"turns":2},{"damage":9,"enemies":"3 Darklings","floor":36,"turns":2},{"damage":6,"enemies":"Giant Head","floor":38,"turns":4},{"damage":0,"enemies":"Reptomancer","floor":39,"turns":2},{"damage":0,"enemies":"Giant Head","floor":40,"turns":5},{"damage":31,"enemies":"Maw","floor":42,"turns":5},{"damage":0,"enemies":"Jaw Worm Horde","floor":44,"turns":2},{"damage":20,"enemies":"2 Orb Walkers","floor":46,"turns":2},{"damage":0,"enemies":"3 Darklings","floor":48,"turns":1},{"damage":24,"enemies":"hubris:GrandSnecko","floor":50,"turns":4},{"damage":74,"enemies":"hubris:GrandSnecko","floor":51,"turns":1},{"damage":15,"enemies":"hubris:GrandSnecko","floor":52,"turns":5},{"damage":58,"enemies":"hubris:GrandSnecko","floor":56,"turns":4}],"seed_played":"-621527516038708453","potions_obtained":[{"floor":5,"key":"AttackPotion"},{"floor":6,"key":"Swift Potion"},{"floor":8,"key":"SkillPotion"},{"floor":10,"key":"blueLaboratory:NullPotion"},{"floor":16,"key":"blueLaboratory:BottleOfRum"},{"floor":21,"key":"EssenceOfSteel"},{"floor":25,"key":"blueLaboratory:FruitPunch"},{"floor":31,"key":"LiquidMemories"},{"floor":36,"key":"blueLaboratory:BubblePotion"},{"floor":38,"key":"Block Potion"},{"floor":44,"key":"champ:CounterPotion"},{"floor":46,"key":"Toxic Potion"}],"is_trial":true,"path_per_floor":["M","?","?","$","M","E","R","E","T","M","R","E","M","$","R","B",null,"M","?","?","M","M","R","E","M","T","M","M","E","$","M","R","B",null,"M","M","AVR","E","E","E","R","M","T","M","$","?","$","M","R","B","M","M","?","$","R","M"],"character_chosen":"THE_AUTOMATON","items_purchased":["ReplayTheSpireMod:ShopPack","ReplayTheSpireMod:CursedCoin","bronze:DelayedSlice","hubris:EvacipatedBox","conspire:InfiniteJournal","bronze:SilverBullet","infinitespire:Lucky Rock","conspire:TreasureMap","Flash of Steel","Strange Spoon"],"campfire_rested":1,"item_purchase_floors":[14,14,14,30,45,45,45,47,47,54],"current_hp_per_floor":[69,69,52,52,52,52,52,27,27,32,32,37,37,37,37,17,52,52,55,49,26,31,31,36,27,27,31,26,21,2,5,22,19,57,57,48,48,48,51,57,57,27,27,30,30,13,13,13,30,57,57,50,50,50,50,0,0,0],"gold":160,"neow_bonus":"","is_daily":false,"chose_seed":false,"campfire_upgraded":5,"win_rate":0.0,"timestamp":1612103517,"path_taken":["M","?","?","$","?","E","R","?","T","M","R","?","M","?","R","BOSS","M","?","?","M","M","R","E","M","T","M","?","?","?","M","R","BOSS","M","?","AVR","?","?","E","R","M","T","M","$","?","?","M","R","BOSS","M","M","?","$","R","M"],"items_purchased_type":["Relic","Relic","Card","Relic","Relic","Relic","Relic","Relic","Card","Relic"],"build_version":"2020-12-22","purchased_purges":2,"victory":false,"max_hp_per_floor":[70,70,52,52,52,52,52,52,52,52,52,52,52,52,52,52,52,52,55,55,55,55,55,55,55,55,55,57,57,57,57,57,57,57,57,57,57,57,57,57,57,57,57,57,57,57,57,57,57,57,57,57,57,57,57,57,57,57],"card_choices":[{"not_picked":["bronze:Turbo","bronze:Return"],"picked":"bronze:DelayedSlice","floor":1},{"not_picked":["bronze:Turbo","bronze:Frontload","bronze:BuggyMess"],"picked":"SKIP","floor":5},{"not_picked":["bronze:Frontload","bronze:MaxOutput","bronze:Shield"],"picked":"SKIP","floor":6},{"not_picked":["bronze:Turbo","bronze:Overheat"],"picked":"bronze:BurnOut","floor":8},{"not_picked":["bronze:ClassDefault","bronze:Frontload"],"picked":"bronze:Branch","floor":10},{"not_picked":["bronze:ItsAFeature","bronze:BronzeOrb"],"picked":"bronze:Format","floor":12},{"not_picked":["bronze:Branch","bronze:Shield","bronze:Turbo"],"picked":"SKIP","floor":13},{"not_picked":["Transmutation","Thinking Ahead"],"picked":"Panache","floor":14},{"not_picked":["Blind","Forethought"],"picked":"hubris:EnhanceAbility","floor":14},{"not_picked":["Enlightenment","Madness"],"picked":"Dramatic Entrance","floor":14},{"not_picked":["bronze:CleanCode","bronze:ThunderWave"],"picked":"bronze:Virus","floor":16},{"not_picked":["bronze:CloningBeam","bronze:Fortify","bronze:Frontload"],"picked":"SKIP","floor":18},{"not_picked":["bronze:DelayedGuard","bronze:Branch"],"picked":"bronze:ChosenStrike","floor":20},{"not_picked":["bronze:NullPointer","bronze:Invalidate"],"picked":"bronze:RecursiveStrike","floor":20},{"not_picked":["bronze:BitShift+1","bronze:Shield"],"picked":"bronze:DelayedSlice","floor":21},{"not_picked":["bronze:Shell","bronze:Shield","bronze:Frontload+1"],"picked":"SKIP","floor":22},{"not_picked":["bronze:WildBeam","bronze:Shell"],"picked":"bronze:RecursiveStrike","floor":24},{"not_picked":["bronze:Branch","bronze:DelayedGuard"],"picked":"bronze:ItsAFeature+1","floor":25},{"not_picked":["bronze:BugBarrage","bronze:CutThrough","bronze:Iterate"],"picked":"SKIP","floor":27},{"not_picked":["bronze:Safeguard","bronze:Frontload","bronze:ClassDefault"],"picked":"SKIP","floor":28},{"not_picked":["bronze:Turbo+1","bronze:Safeguard"],"picked":"bronze:CleanCode","floor":29},{"not_picked":["bronze:ItsAFeature","bronze:Boost"],"picked":"bronze:Optimize","floor":31},{"not_picked":["bronze:Verify","bronze:ThunderWave"],"picked":"bronze:ShipIt","floor":33},{"not_picked":["bronze:NullPointer+1","bronze:Frontload+1"],"picked":"bronze:Invalidate+1","floor":35},{"not_picked":["bronze:WildBeam","bronze:Branch+1","bronze:OilSpill"],"picked":"SKIP","floor":36},{"not_picked":["bronze:OilSpill","bronze:CutThrough"],"picked":"bronze:ChosenStrike+1","floor":38},{"not_picked":["bronze:Optimize","bronze:CutThrough","bronze:CloningBeam+1"],"picked":"SKIP","floor":39},{"not_picked":["bronze:Shell","bronze:DelayedGuard+1","bronze:BugBarrage+1"],"picked":"SKIP","floor":40},{"not_picked":["bronze:BitShift+1","bronze:DarkDash+1","bronze:Shield+1"],"picked":"SKIP","floor":42},{"not_picked":["bronze:Shield","bronze:Invalidate+1","bronze:Safeguard+1"],"picked":"SKIP","floor":44},{"not_picked":["bronze:DelayedSlice","bronze:Repulsor+1","bronze:FineTuning+1"],"picked":"SKIP","floor":48},{"not_picked":["bronze:Deprecate+1","bronze:Fortify+1","bronze:Turbo+1"],"picked":"SKIP","floor":52}],"player_experience":646313,"relics_obtained":[{"floor":2,"key":"Happy Flower"},{"floor":6,"key":"Slimebound:StickyStick"},{"floor":8,"key":"Pen Nib"},{"floor":9,"key":"StSpp:BrokenTotem"},{"floor":12,"key":"Iron Hammer"},{"floor":15,"key":"hubris:TenFootPole"},{"floor":22,"key":"wanderingMiniBosses:CarrionFlame"},{"floor":24,"key":"reliquary:PrincelyHelmet"},{"floor":26,"key":"hubris:BottledRain"},{"floor":29,"key":"hubris:SlimyHat"},{"floor":38,"key":"StSpp:SailorCap"},{"floor":39,"key":"Replay:Bandana"},{"floor":40,"key":"Boot"},{"floor":43,"key":"PreservedInsect"},{"floor":46,"key":"Guardian:GemstoneGun"},{"floor":52,"key":"paleoftheancients:SoulOfTheShowman"}],"event_choices":[{"damage_healed":0,"gold_gain":0,"player_choice":"Paid Gold","damage_taken":0,"relics_obtained":["infinitespire:Lychee Nut"],"max_hp_gain":0,"max_hp_loss":0,"event_name":"WeMeetAgain","floor":3,"gold_loss":87},{"damage_healed":0,"gold_gain":0,"player_choice":"Fight","damage_taken":0,"max_hp_gain":0,"max_hp_loss":0,"event_name":"Mysterious Sphere","floor":46,"gold_loss":0},{"damage_healed":0,"gold_gain":0,"player_choice":"Leave","damage_taken":0,"max_hp_gain":0,"max_hp_loss":0,"event_name":"conspire:Investor","floor":53,"gold_loss":0}],"is_beta":false,"boss_relics":[{"not_picked":["Honey Jar","conspire:RoyalGoblet"],"picked":"energizedSpire:CursedPentagram"},{"not_picked":["Kintsugi","aspiration:RunicSpoon","StSpp:PileOfSugar"],"picked":"conspire:SpecialSausage"}],"items_purged_floors":[14,37],"is_endless":false,"potions_floor_spawned":[5,6,8,10,16,21,25,27,31,36,38,39,44,46],"killed_by":"hubris:GrandSnecko","ascension_level":0}}