{"host":"ecuvtzmejf7hhjpv","time":1612109489,"event":{"mods":["AchievementEnabler","Act Like it!","Aspiration","BaseMod","Better Altar","Better Match","Better Note","Better Sensory Stone","Better Skull","Better Third Choice","BetterRewards","Conspire","Custom Start","Downfall","Gensokyo","GifTheSpireLib","Hallownest","Hermit","Hubris","Kratos Character Expansion","Luminous","Marisa????????","Minty Spire (QoL Compilation)","Prisma Mod","Remilia??????","Replay The Spire","Robot Space Explorer","Spicy Shops","StSLib","The Animator","The Blackbeard","The Bug Knight","The Construct","The Cursed","The Disciple","The Dragon Tamer","The Forsaken","The Hierophant","The Jungle","The Marked","The Necromancer","The Poker Player","The Wild Card","TheSwordswoman"],"gold_per_floor":[99,109,109,123,142,173,173,173,173,188,138,187,187,217,249,354,354,354,373,385,20,20,20,45,70,70,70],"floor_reached":25,"language":"ENG","playtime":968,"items_purged":[],"score":244,"play_id":"80d4e4f9-4bd3-4322-aa76-58eaf9b9a8fc","local_time":"20210131101129","is_ascension_mode":false,"campfire_choices":[{"floor":1,"key":"DIG"},{"floor":13,"key":"REST"}],"circlet_count":0,"master_deck":["sneckomod:Strike","sneckomod:Strike","sneckomod:Strike","sneckomod:Defend","sneckomod:Defend","sneckomod:Defend","sneckomod:TailWhip","sneckomod:SnekBite","sneckomod:Unknown","sneckomod:Unknown","sneckomod:UnknownClassMARISA_COLOR","theWildCard:PaleRider","sneckomod:UnknownClassWHITE","sneckomod:Unknown3Cost","Panacea","blackbeard:Parrot","sneckomod:CheapStock","conspire:SpireCoStock","sneckomod:UnknownClassWHITE","sneckomod:WideSting","sneckomod:Mudshield+1","hexamod:WildfireWeapon","sneckomod:UnknownClassCOLOR_ILLYA_PINK","sneckomod:IronFang","sneckomod:RainOfDice","sneckomod:MasterEye","sneckomod:UnknownClassBLUE","sneckomod:Unknown3Cost","Discovery+1"],"relics":["sneckomod:SneckoSoul","Bronze Scales","Replay:Wax Seal","Vajra","Garlic","Fusion Hammer","Membership Card","aspiration:HiddenCompartment"],"acts_visited":["Exordium","TheCity"],"potions_floor_usage":[6,16,16,25],"damage_taken":[{"damage":0,"enemies":"2 Louse","floor":2,"turns":2},{"damage":0,"enemies":"Jaw Worm","floor":4,"turns":3},{"damage":0,"enemies":"Small Slimes","floor":5,"turns":2},{"damage":35,"enemies":"HollowMod:MossKnight","floor":6,"turns":10},{"damage":3,"enemies":"2 Fungi Beasts","floor":10,"turns":3},{"damage":40,"enemies":"3 Sentries","floor":12,"turns":7},{"damage":3,"enemies":"Lagavulin","floor":14,"turns":7},{"damage":4,"enemies":"Lots of Slimes","floor":15,"turns":5},{"damage":30,"enemies":"DF_ARCHETYPE_STREAMLINE","floor":16,"turns":6},{"damage":34,"enemies":"conspire:FuzzyDice","floor":19,"turns":4},{"damage":19,"enemies":"Centurion and Healer","floor":20,"turns":4},{"damage":0,"enemies":"downfall:FleeingMerchant","floor":21,"turns":4},{"damage":43,"enemies":"Gremlin Leader","floor":25,"turns":5}],"seed_played":"-6436098068126094555","potions_obtained":[{"floor":0,"key":"Energy Potion"},{"floor":0,"key":"SkillPotion"},{"floor":0,"key":"Reflective Coating"},{"floor":2,"key":"Slimebound:ThreeZeroPotion"},{"floor":14,"key":"Flashbang"}],"is_trial":false,"path_per_floor":["R","M","?","M","M","E","T","?","R","M","?","E","R","E","M","B",null,"R","M","M","$","?","?","T","E"],"character_chosen":"THE_SNECKO","items_purchased":["Membership Card","sneckomod:MasterEye","sneckomod:UnknownClassBLUE","sneckomod:Unknown3Cost","Discovery"],"campfire_rested":1,"item_purchase_floors":[21,21,21,21,21],"current_hp_per_floor":[90,90,90,90,90,55,55,55,55,52,52,12,39,44,40,10,90,90,56,37,37,29,29,29,0,0,0],"gold":70,"neow_bonus":"THREE_SMALL_POTIONS","is_daily":false,"chose_seed":false,"campfire_upgraded":0,"win_rate":0.0,"timestamp":1612109489,"path_taken":["R","M","?","M","M","E","T","?","R","M","?","E","R","E","M","BOSS","R","M","M","$","?","?","T","E"],"items_purchased_type":["Relic","Card","Card","Card","Card"],"build_version":"2020-12-22","purchased_purges":0,"victory":false,"max_hp_per_floor":[90,90,90,90,90,90,90,90,90,90,90,90,90,90,90,90,90,90,90,90,90,90,90,90,90,90,90],"card_choices":[{"not_picked":["sneckomod:SlitherStrike","sneckomod:ImprovisedGuard"],"picked":"sneckomod:UnknownClassMARISA_COLOR","floor":2},{"not_picked":["sneckomod:UnknownClassDEFAULT_BLUE_COLOR","sneckomod:UnknownClassTHE_CHAMP_GRAY"],"picked":"sneckomod:UnknownClassWHITE","floor":4},{"not_picked":["sneckomod:UnknownClassTHE_UNNAMED","sneckomod:UnknownClassInstall"],"picked":"sneckomod:UnknownClassBLACKBEARD_BLACK","floor":5},{"not_picked":["sneckomod:UnknownClassROBOT_ORANGE_COLOR","sneckomod:UnknownClassMARISA_COLOR"],"picked":"sneckomod:Unknown3Cost","floor":6},{"not_picked":["Purity","PanicButton"],"picked":"Panacea","floor":8},{"not_picked":["sneckomod:UnendingSupply","sneckomod:Rotation"],"picked":"sneckomod:CheapStock","floor":10},{"not_picked":["sneckomod:UnknownClassDEFAULT_GRAY_COLOR","sneckomod:UnknownClassTHE_CHAMP_GRAY"],"picked":"sneckomod:UnknownRarePower","floor":12},{"not_picked":["sneckomod:SlitherStrike","sneckomod:Unknown3Cost"],"picked":"sneckomod:UnknownClassWHITE","floor":14},{"not_picked":["sneckomod:DiceBoulder","sneckomod:UnknownClassROBOT_ORANGE_COLOR"],"picked":"sneckomod:WideSting","floor":15},{"not_picked":["sneckomod:SerpentMind","sneckomod:Unknown3Cost"],"picked":"sneckomod:Mudshield","floor":16},{"not_picked":["sneckomod:UnknownVulnerable","sneckomod:UnknownCommonSkill"],"picked":"sneckomod:UnknownClassCOLOR_ILLYA_PINK","floor":19},{"not_picked":["sneckomod:SnekBeam","sneckomod:UnknownClassHIEROPHANT_GOLD_COLOR+1"],"picked":"sneckomod:IronFang","floor":20},{"not_picked":["sneckomod:UnknownClassDEFAULT_GRAY_COLOR","sneckomod:Unknown2Cost"],"picked":"sneckomod:RainOfDice","floor":21}],"player_experience":1176528,"relics_obtained":[{"floor":1,"key":"Bronze Scales"},{"floor":6,"key":"Replay:Wax Seal"},{"floor":12,"key":"Vajra"},{"floor":14,"key":"Garlic"},{"floor":24,"key":"aspiration:HiddenCompartment"}],"event_choices":[{"damage_healed":0,"gold_gain":1,"player_choice":"1","damage_taken":0,"max_hp_gain":0,"max_hp_loss":0,"event_name":"betterStone:BetterStone","floor":8,"gold_loss":0},{"damage_healed":0,"gold_gain":0,"player_choice":"Invest 1","damage_taken":0,"max_hp_gain":0,"max_hp_loss":0,"event_name":"conspire:Investor","floor":11,"gold_loss":0},{"damage_healed":0,"gold_gain":0,"player_choice":"Ignored","damage_taken":0,"max_hp_gain":0,"max_hp_loss":0,"event_name":"betterNote:BetterNote","floor":23,"gold_loss":0,"cards_obtained":["Strike_G"]}],"is_beta":false,"boss_relics":[{"not_picked":["Sozu","SacredBark"],"picked":"Fusion Hammer"}],"items_purged_floors":[],"is_endless":false,"potions_floor_spawned":[2,4,14,15],"killed_by":"Gremlin Leader","ascension_level":0}}