{"host":"89iuq2p5kwriuwfq","time":1612107711,"event":{"mods":["BaseMod","Curses Come First","Minty Spire (QoL Compilation)","Permanent Neow","StSLib"],"gold_per_floor":[110,110,110,130,148,148,183,198,198,198,230,249,27,59,59,161,161,176,193,118,131,131,164,164,164,188,201,227,244,258,283,283,385,385,398,411,411,411,430,458,509,539,539,565,423,423,434,462,462,462],"floor_reached":51,"language":"ENG","playtime":8727,"items_purged":["Writhe"],"score":1384,"play_id":"d4215bc7-9038-46a2-90a9-2ae7bbb1be05","local_time":"20210131154151","is_ascension_mode":true,"campfire_choices":[{"data":"True Grit","floor":6,"key":"SMITH"},{"data":"Berserk","floor":15,"key":"SMITH"},{"data":"Uppercut","floor":24,"key":"SMITH"},{"data":"Metallicize","floor":32,"key":"SMITH"},{"data":"Metallicize","floor":49,"key":"SMITH"}],"circlet_count":0,"master_deck":["Strike_R","Defend_R","Defend_R+1","Defend_R","Bash+1","Rampage+1","Spot Weakness","True Grit+1","Uppercut+1","Metallicize+1","Burning Pact+1","Second Wind+1","Sentinel+1","Berserk+1","Offering+1","Exhume+1","Disarm+1","Wild Strike","Spot Weakness+1","Cleave+1","Shrug It Off+1","Dual Wield+1","Shockwave+1","Metallicize+1","Corruption","Sword Boomerang","Battle Trance+1","Madness+1","Sentinel+1","Inflame+1","Flex+1","Flex+1","Dark Embrace","Madness+1","Madness+1","Shrug It Off+1"],"relics":["Burning Blood","Eternal Feather","Pantograph","Toxic Egg 2","Lee\u0027s Waffle","Centennial Puzzle","Astrolabe","Pear","White Beast Statue","Vajra","Blood Vial","Torii","Incense Burner","Coffee Dripper","Unceasing Top","Prayer Wheel","Lantern","Lizard Tail","Charon\u0027s Ashes","Gambling Chip"],"acts_visited":["Exordium","TheCity","TheBeyond"],"potions_floor_usage":[7,12,18,23,27,31,50,50,50,50],"damage_taken":[{"damage":4,"enemies":"Jaw Worm","floor":1,"turns":5},{"damage":0,"enemies":"Small Slimes","floor":4,"turns":3},{"damage":6,"enemies":"Cultist","floor":5,"turns":3},{"damage":23,"enemies":"Lagavulin","floor":7,"turns":6},{"damage":6,"enemies":"3 Louse","floor":8,"turns":4},{"damage":24,"enemies":"3 Sentries","floor":11,"turns":8},{"damage":15,"enemies":"Exordium Thugs","floor":12,"turns":6},{"damage":20,"enemies":"Lagavulin","floor":14,"turns":7},{"damage":2,"enemies":"The Guardian","floor":16,"turns":10},{"damage":6,"enemies":"2 Thieves","floor":18,"turns":3},{"damage":8,"enemies":"Shell Parasite","floor":19,"turns":12},{"damage":22,"enemies":"Snake Plant","floor":21,"turns":5},{"damage":3,"enemies":"Book of Stabbing","floor":23,"turns":7},{"damage":19,"enemies":"Sentry and Sphere","floor":27,"turns":5},{"damage":35,"enemies":"Slavers","floor":28,"turns":7},{"damage":8,"enemies":"Snecko","floor":29,"turns":5},{"damage":11,"enemies":"Shelled Parasite and Fungi","floor":30,"turns":5},{"damage":6,"enemies":"Book of Stabbing","floor":31,"turns":6},{"damage":34,"enemies":"Champ","floor":33,"turns":15},{"damage":18,"enemies":"3 Shapes","floor":35,"turns":7},{"damage":2,"enemies":"3 Darklings","floor":36,"turns":4},{"damage":7,"enemies":"Writhing Mass","floor":39,"turns":5},{"damage":13,"enemies":"Giant Head","floor":40,"turns":6},{"damage":18,"enemies":"2 Orb Walkers","floor":41,"turns":4},{"damage":25,"enemies":"Reptomancer","floor":42,"turns":5},{"damage":6,"enemies":"Nemesis","floor":44,"turns":3},{"damage":15,"enemies":"Maw","floor":47,"turns":3},{"damage":1,"enemies":"Giant Head","floor":48,"turns":4},{"damage":16,"enemies":"Time Eater","floor":50,"turns":6}],"seed_played":"4811779157754288230","potions_obtained":[{"floor":1,"key":"Strength Potion"},{"floor":11,"key":"Fire Potion"},{"floor":16,"key":"DistilledChaos"},{"floor":19,"key":"HeartOfIron"},{"floor":23,"key":"SneckoOil"},{"floor":27,"key":"Ancient Potion"},{"floor":28,"key":"HeartOfIron"},{"floor":29,"key":"Regen Potion"},{"floor":30,"key":"Dexterity Potion"},{"floor":31,"key":"HeartOfIron"},{"floor":35,"key":"PowerPotion"},{"floor":36,"key":"EntropicBrew"}],"is_trial":false,"path_per_floor":["M","?","?","M","M","R","E","M","T","?","E","M","$","E","R","B",null,"M","M","?","M","T","E","R","?","T","M","E","M","M","E","R","B",null,"M","M","?","?","M","E","?","E","T","E","$","?","M","E","R","B",null],"character_chosen":"IRONCLAD","items_purchased":["Lee\u0027s Waffle","Sentinel+1","Dark Embrace"],"campfire_rested":0,"item_purchase_floors":[13,13,45],"current_hp_per_floor":[74,58,58,64,64,64,47,47,47,47,29,20,87,73,82,87,87,87,85,85,69,79,82,94,94,94,83,56,56,53,55,70,69,90,80,86,86,86,87,82,72,55,55,57,57,45,38,45,66,97],"gold":462,"neow_bonus":"THREE_CARDS","is_daily":false,"chose_seed":false,"campfire_upgraded":5,"win_rate":0.0,"timestamp":1612107711,"path_taken":["M","?","?","?","M","R","E","M","T","?","E","M","$","E","R","BOSS","M","M","?","M","?","E","R","?","T","M","E","M","?","E","R","BOSS","M","M","?","?","M","E","?","E","T","E","?","?","M","E","R","BOSS"],"items_purchased_type":["Relic","Card","Card"],"build_version":"2020-12-22","purchased_purges":1,"victory":true,"max_hp_per_floor":[80,80,80,80,80,80,80,80,80,80,80,80,87,87,87,87,87,87,87,87,87,97,97,97,97,97,97,97,97,97,97,97,97,97,97,97,97,97,97,97,97,97,97,97,97,97,97,97,97,97],"card_choices":[{"not_picked":["Shockwave","Heavy Blade"],"picked":"Rampage","floor":0},{"not_picked":["Anger","Infernal Blade","Wild Strike"],"picked":"SKIP","floor":1},{"not_picked":["Armaments","Evolve"],"picked":"Spot Weakness","floor":4},{"not_picked":["Cleave","Entrench"],"picked":"True Grit","floor":5},{"not_picked":["Cleave","Pommel Strike"],"picked":"Uppercut","floor":7},{"not_picked":["Blood for Blood","Perfected Strike"],"picked":"Metallicize","floor":8},{"not_picked":["Exhume+1","Second Wind+1"],"picked":"Burning Pact+1","floor":11},{"not_picked":["Pummel","Sword Boomerang"],"picked":"Second Wind+1","floor":12},{"not_picked":["Havoc+1","Entrench+1"],"picked":"Berserk","floor":14},{"not_picked":["True Grit+1","Shrug It Off+1"],"picked":"Wild Strike","floor":18},{"not_picked":["Pommel Strike","Metallicize"],"picked":"Spot Weakness+1","floor":19},{"not_picked":["Flex+1","Havoc+1","Pummel"],"picked":"SKIP","floor":21},{"not_picked":["Clash+1","Havoc+1"],"picked":"Cleave+1","floor":23},{"not_picked":["Body Slam","Reckless Charge"],"picked":"Shrug It Off+1","floor":27},{"not_picked":["Berserk","Seeing Red+1"],"picked":"Dual Wield+1","floor":28},{"not_picked":["Entrench+1","Anger"],"picked":"Shockwave+1","floor":29},{"not_picked":["Rupture","Perfected Strike","Havoc+1"],"picked":"SKIP","floor":30},{"not_picked":["Body Slam","Havoc+1"],"picked":"Metallicize","floor":31},{"not_picked":["Berserk","Bludgeon"],"picked":"Corruption","floor":33},{"not_picked":["Cleave+1","Spot Weakness+1"],"picked":"Sword Boomerang","floor":35},{"not_picked":["Iron Wave+1","Havoc+1"],"picked":"Battle Trance+1","floor":36},{"not_picked":["Dramatic Entrance","Good Instincts+1"],"picked":"Madness+1","floor":38},{"not_picked":["Rampage+1","Corruption"],"picked":"Sentinel+1","floor":39},{"not_picked":["Fire Breathing+1","Blood for Blood+1"],"picked":"Inflame+1","floor":40},{"not_picked":["Juggernaut","Cleave+1"],"picked":"Flex+1","floor":42},{"not_picked":["Second Wind+1","Clothesline+1"],"picked":"Flex+1","floor":44},{"not_picked":["Seeing Red+1","Iron Wave"],"picked":"Shrug It Off+1","floor":47},{"not_picked":["Entrench+1","Dual Wield+1","Whirlwind"],"picked":"SKIP","floor":47},{"not_picked":["Clothesline","Juggernaut","Perfected Strike+1"],"picked":"SKIP","floor":48}],"player_experience":610023,"relics_obtained":[{"floor":7,"key":"Eternal Feather"},{"floor":9,"key":"Pantograph"},{"floor":11,"key":"Toxic Egg 2"},{"floor":14,"key":"Centennial Puzzle"},{"floor":22,"key":"Pear"},{"floor":23,"key":"White Beast Statue"},{"floor":26,"key":"Blood Vial"},{"floor":28,"key":"Torii"},{"floor":31,"key":"Incense Burner"},{"floor":40,"key":"Unceasing Top"},{"floor":41,"key":"Prayer Wheel"},{"floor":42,"key":"Lantern"},{"floor":43,"key":"Lizard Tail"},{"floor":44,"key":"Charon\u0027s Ashes"},{"floor":48,"key":"Gambling Chip"}],"event_choices":[{"damage_healed":0,"gold_gain":0,"player_choice":"Entered Light","damage_taken":16,"max_hp_gain":0,"max_hp_loss":0,"event_name":"Shining Light","floor":2,"gold_loss":0,"cards_upgraded":["Defend_R","Bash"]},{"damage_healed":0,"gold_gain":0,"player_choice":"Upgraded","damage_taken":0,"max_hp_gain":0,"max_hp_loss":0,"event_name":"Upgrade Shrine","floor":3,"gold_loss":0,"cards_upgraded":["Rampage"]},{"damage_healed":0,"gold_gain":0,"player_choice":"Ignored","damage_taken":0,"max_hp_gain":0,"max_hp_loss":0,"event_name":"Liars Game","floor":10,"gold_loss":0},{"cards_removed":["Strike_R"],"damage_healed":0,"gold_gain":0,"player_choice":"Gave Gold","damage_taken":0,"max_hp_gain":0,"max_hp_loss":0,"event_name":"Beggar","floor":20,"gold_loss":75},{"damage_healed":0,"gold_gain":0,"player_choice":"Opened","damage_taken":0,"relics_obtained":["Vajra"],"max_hp_gain":0,"max_hp_loss":0,"event_name":"The Mausoleum","floor":25,"gold_loss":0,"cards_obtained":["Writhe"]},{"cards_removed":["Strike_R"],"damage_healed":0,"gold_gain":0,"player_choice":"Removed Attack","damage_taken":0,"max_hp_gain":0,"max_hp_loss":0,"event_name":"Falling","floor":37,"gold_loss":0},{"damage_healed":0,"gold_gain":0,"player_choice":"Memory 1","damage_taken":0,"max_hp_gain":0,"max_hp_loss":0,"event_name":"SensoryStone","floor":38,"gold_loss":0},{"damage_healed":0,"gold_gain":0,"player_choice":"Fight","damage_taken":0,"max_hp_gain":0,"max_hp_loss":0,"event_name":"Mysterious Sphere","floor":41,"gold_loss":0},{"damage_healed":0,"gold_gain":0,"player_choice":"Embrace Madness","damage_taken":12,"max_hp_gain":0,"max_hp_loss":0,"event_name":"Winding Halls","floor":46,"gold_loss":0,"cards_obtained":["Madness","Madness"]}],"is_beta":false,"boss_relics":[{"not_picked":["Philosopher\u0027s Stone","Pandora\u0027s Box"],"picked":"Astrolabe"},{"not_picked":["Runic Dome","Tiny House"],"picked":"Coffee Dripper"}],"items_purged_floors":[45],"is_endless":false,"potions_floor_spawned":[1,11,16,19,23,27,28,29,30,31,33,35,36,39,40,41,42,44,47,48],"ascension_level":9}}