{"host":"5kxsp73ljq8rs5p9","time":1612113292,"event":{"mods":["BaseMod","Challenge The Spire","Colored Powertips","Energized Spire","HololiveMod","Minty Spire (QoL Compilation)","Quick Restart","Relic Stats","Replay The Spire","StSLib"],"gold_per_floor":[649,255,289,317,351,351,243,243,269,294,327,327,327,327,378,447,508,585],"floor_reached":19,"language":"ZHS","playtime":1068,"items_purged":[],"score":545,"play_id":"18323e09-adec-4626-805a-6e8111743bbb","local_time":"20210201011452","daily_mods":["challengethespire:Bronze Difficulty","challengethespire:Elite Rush","Uncertain Future"],"is_ascension_mode":false,"campfire_choices":[{"data":"Hololive_CallShirakamiFubuki","floor":8,"key":"SMITH"},{"data":"Hololive_DDD","floor":13,"key":"SMITH"},{"data":"Hololive_CallTokinoSora","floor":14,"key":"SMITH"}],"circlet_count":0,"master_deck":["Hololive_Strike","Hololive_Strike","Hololive_Defend","Hololive_Defend+1","Hololive_Sequa","Hololive_CallShiranuiFlare","Hololive_CallOzoraSubaru","Hololive_CallMurasakiShion","Hololive_CallAZKi","Hololive_CallUruhaRushia","Hololive_CallAZKi","Hololive_Rebound+1","Hololive_Rebound","Hololive_CallShiroganeNoel","Hololive_SummonFox","Hololive_SoulCatcher","Hololive_Yoholoon","Hololive_Teleport","Hololive_CallCivia","Hololive_CallShirakamiFubuki+1","Hololive_CallTokinoSora+1","Hololive_CallOzoraSubaru","Hololive_StrengthChampion","Hololive_Sequa","Hololive_CallShishiroBotan","Hololive_CallNekomataOkayu","Hololive_DDD+1","CurseOfTheBell","Pot Of Greed","Pot Of Greed","Pot Of Greed","Hololive_CallOkamiMio","Hololive_CallRosalyn+1","Hololive_CallKiryuuCoco+1","Hololive_CallUsadaPekora+1"],"relics":["Hololive_TheStar","Black Star","Sling","PreservedInsect","Membership Card","Hololive_FriedShrimpLion","Pet Ghost","Vajra","ReplayTheSpireMod:TigerMarble","Lee\u0027s Waffle","Replay:Rubber Ducky","Replay:WaspNest","Happy Flower","ReplayTheSpireMod:Ninjato","Potion Belt","Kunai","Painkiller Herb","Replay:Wax Seal","Blue Doll","Regal Pillow","ReplayFunnel","Replay:Baseball","StoneCalendar","Blood Vial","Calling Bell","Replay:Bandana","Mirror","Peace Pipe","Omamori","Grinning Jar","War Paint","Frozen Egg 2","Torii","Gremlin Food","Strawberry","Smiling Mask"],"acts_visited":["Exordium"],"potions_floor_usage":[10,18],"damage_taken":[{"damage":0,"enemies":"Lagavulin","floor":3,"turns":3},{"damage":0,"enemies":"3 Sentries","floor":4,"turns":3},{"damage":0,"enemies":"Gremlin Nob","floor":5,"turns":2},{"damage":0,"enemies":"Book of Stabbing","floor":9,"turns":2},{"damage":2,"enemies":"Slavers","floor":10,"turns":2},{"damage":0,"enemies":"Gremlin Leader","floor":11,"turns":4},{"damage":0,"enemies":"Reptomancer","floor":15,"turns":4},{"damage":0,"enemies":"Giant Head","floor":16,"turns":5},{"damage":0,"enemies":"Nemesis","floor":17,"turns":5},{"damage":0,"enemies":"Shield and Spear","floor":18,"turns":5}],"seed_played":"-998627072251063488","potions_obtained":[{"floor":3,"key":"Fire Potion"},{"floor":10,"key":"EntropicBrew"},{"floor":11,"key":"Ancient Potion"},{"floor":16,"key":"EntropicBrew"},{"floor":17,"key":"Block Potion"},{"floor":18,"key":"DistilledChaos"}],"is_trial":true,"path_per_floor":["$","$","E","E","E","T","T","T","E","E","E","T","T","T","E","E","E","E",null],"character_chosen":"Hololive_HololiveCharacter","items_purchased":["Membership Card","Hololive_FriedShrimpLion","Hololive_CallAZKi","Pet Ghost","Hololive_Rebound","Vajra","ReplayTheSpireMod:TigerMarble","Hololive_CallShiroganeNoel","Hololive_SummonFox","Hololive_SoulCatcher","Hololive_Yoholoon","Hololive_Teleport","Lee\u0027s Waffle","Replay:Wax Seal","Hololive_CallOzoraSubaru","Hololive_StrengthChampion","Hololive_Sequa"],"campfire_rested":0,"item_purchase_floors":[1,1,1,1,1,2,2,2,2,2,2,2,2,7,7,7,7],"current_hp_per_floor":[35,42,42,42,42,42,42,42,42,40,40,40,40,40,42,42,42,49],"gold":585,"neow_bonus":"","is_daily":false,"chose_seed":false,"campfire_upgraded":3,"win_rate":0.0,"timestamp":1612113292,"path_taken":["$","$","E","E","E","T","T","T","E","E","E","T","T","T","E","E","E","E"],"items_purchased_type":["Relic","Relic","Card","Relic","Card","Relic","Relic","Card","Card","Card","Card","Card","Relic","Relic","Card","Card","Card"],"build_version":"2020-12-22","purchased_purges":0,"victory":true,"max_hp_per_floor":[35,42,42,42,42,42,42,42,42,42,42,42,42,42,42,42,42,49],"relic_stats":{"Lee\u0027s Waffle":7,"Regal Pillow":0,"Happy Flower":[9],"Torii":0,"counters":[10,34],"StoneCalendar":[0],"PreservedInsect":509,"War Paint":["Hololive_Defend","Hololive_Rebound"],"Smiling Mask":0,"Blood Vial":2,"Peace Pipe":1,"Black Star":10,"Kunai":[2],"obtain_stats":[{"ReplayFunnel":10,"Regal Pillow":9,"Torii":17,"Vajra":2,"Painkiller Herb":6,"Blue Doll":9,"StoneCalendar":11,"Sling":0,"Smiling Mask":18,"Pet Ghost":1,"Replay:Rubber Ducky":3,"Blood Vial":11,"Replay:Bandana":12,"Strawberry":18,"Kunai":5,"Replay:Wax Seal":7,"Potion Belt":5,"Gremlin Food":17,"Lee\u0027s Waffle":2,"ReplayTheSpireMod:Ninjato":4,"Happy Flower":4,"PreservedInsect":0,"Replay:WaspNest":3,"Omamori":15,"War Paint":16,"Frozen Egg 2":16,"Calling Bell":12,"Peace Pipe":12,"Replay:Baseball":10,"Hololive_TheStar":0,"Hololive_FriedShrimpLion":1,"Black Star":0,"ReplayTheSpireMod:TigerMarble":2,"Membership Card":1,"Grinning Jar":15,"Mirror":12},{"ReplayFunnel":5,"Regal Pillow":4,"Torii":9,"Vajra":0,"Painkiller Herb":3,"Blue Doll":4,"StoneCalendar":6,"Sling":0,"Smiling Mask":10,"Pet Ghost":0,"Replay:Rubber Ducky":1,"Blood Vial":6,"Replay:Bandana":6,"Strawberry":10,"Kunai":3,"Replay:Wax Seal":3,"Potion Belt":3,"Gremlin Food":9,"Lee\u0027s Waffle":0,"ReplayTheSpireMod:Ninjato":2,"Happy Flower":2,"PreservedInsect":0,"Replay:WaspNest":1,"Omamori":7,"War Paint":8,"Frozen Egg 2":8,"Calling Bell":6,"Peace Pipe":6,"Replay:Baseball":5,"Hololive_TheStar":0,"Hololive_FriedShrimpLion":0,"Black Star":0,"ReplayTheSpireMod:TigerMarble":0,"Membership Card":0,"Grinning Jar":7,"Mirror":6},{"ReplayFunnel":12,"Regal Pillow":10,"Torii":29,"Vajra":0,"Painkiller Herb":8,"Blue Doll":10,"StoneCalendar":15,"Sling":0,"Smiling Mask":34,"Pet Ghost":0,"Replay:Rubber Ducky":3,"Blood Vial":15,"Replay:Bandana":15,"Strawberry":34,"Kunai":8,"Replay:Wax Seal":8,"Potion Belt":8,"Gremlin Food":29,"Lee\u0027s Waffle":0,"ReplayTheSpireMod:Ninjato":6,"Happy Flower":6,"PreservedInsect":0,"Replay:WaspNest":3,"Omamori":19,"War Paint":24,"Frozen Egg 2":24,"Calling Bell":15,"Peace Pipe":15,"Replay:Baseball":12,"Hololive_TheStar":0,"Hololive_FriedShrimpLion":0,"Black Star":0,"ReplayTheSpireMod:TigerMarble":0,"Membership Card":0,"Grinning Jar":19,"Mirror":15}]},"card_choices":[],"player_experience":178261,"relics_obtained":[{"floor":3,"key":"Replay:Rubber Ducky"},{"floor":3,"key":"Replay:WaspNest"},{"floor":4,"key":"Happy Flower"},{"floor":4,"key":"ReplayTheSpireMod:Ninjato"},{"floor":5,"key":"Potion Belt"},{"floor":5,"key":"Kunai"},{"floor":9,"key":"Blue Doll"},{"floor":9,"key":"Regal Pillow"},{"floor":10,"key":"ReplayFunnel"},{"floor":10,"key":"Replay:Baseball"},{"floor":11,"key":"StoneCalendar"},{"floor":11,"key":"Blood Vial"},{"floor":12,"key":"Replay:Bandana"},{"floor":12,"key":"Mirror"},{"floor":12,"key":"Peace Pipe"},{"floor":15,"key":"Omamori"},{"floor":15,"key":"Grinning Jar"},{"floor":16,"key":"War Paint"},{"floor":16,"key":"Frozen Egg 2"},{"floor":17,"key":"Torii"},{"floor":17,"key":"Gremlin Food"},{"floor":18,"key":"Strawberry"},{"floor":18,"key":"Smiling Mask"}],"event_choices":[],"is_beta":false,"boss_relics":[{"not_picked":["Velvet Choker","Replay:Wanted Poster"],"picked":"Painkiller Herb"},{"not_picked":["ChewingGum","energizedSpire:RedRose"],"picked":"Calling Bell"}],"items_purged_floors":[],"is_endless":false,"potions_floor_spawned":[3,10,11,16,17,18],"ascension_level":0}}