{"host":"q4axc00jr2bozlh9","time":1612123836,"event":{"mods":["AchievementEnabler","BaseMod","Bestiary","Colored Map","Colored Powertips","Curses Come First","Minty Spire (QoL Compilation)","Relic Stats","StSLib","SuperFastMode","UnlockEverythingMod"],"gold_per_floor":[119,130,145,220,235,235,287,315,315,285,301,301,301,113,113,213,213,228,228,153,153,53,53,53,66,93,93,93,93,120,140,140,140,140],"floor_reached":33,"language":"ENG","playtime":1345,"items_purged":["Strike_R","Strike_R"],"score":261,"play_id":"2eb71901-faee-4463-ba0b-c6c2d3b0c9f5","local_time":"20210131211036","is_ascension_mode":false,"campfire_choices":[{"data":"True Grit","floor":6,"key":"SMITH"},{"data":"Juggernaut","floor":12,"key":"SMITH"},{"floor":15,"key":"REST"},{"data":"Armaments","floor":23,"key":"SMITH"},{"data":"Juggernaut","floor":27,"key":"SMITH"},{"data":"Metallicize","floor":29,"key":"SMITH"},{"floor":32,"key":"REST"}],"circlet_count":0,"master_deck":["Strike_R","Defend_R","Defend_R","Defend_R","Defend_R","Bash","True Grit+1","Clothesline","Corruption","Thunderclap","Juggernaut+1","Metallicize","Metallicize+1","Dual Wield","Juggernaut+1","Feel No Pain+1","Armaments+1","Pummel+1","Decay","Clash+1"],"relics":["Burning Blood","Strawberry","Anchor","Kunai","SlaversCollar","Enchiridion","MealTicket","The Courier"],"acts_visited":["Exordium","TheCity"],"potions_floor_usage":[8,16,16,20,20,30,33],"damage_taken":[{"damage":1,"enemies":"Cultist","floor":1,"turns":3},{"damage":3,"enemies":"Jaw Worm","floor":2,"turns":5},{"damage":0,"enemies":"Small Slimes","floor":3,"turns":3},{"damage":8,"enemies":"Blue Slaver","floor":5,"turns":4},{"damage":29,"enemies":"Lagavulin","floor":8,"turns":10},{"damage":7,"enemies":"Looter","floor":10,"turns":4},{"damage":7,"enemies":"Large Slime","floor":11,"turns":7},{"damage":45,"enemies":"The Guardian","floor":16,"turns":11},{"damage":27,"enemies":"Spheric Guardian","floor":18,"turns":6},{"damage":35,"enemies":"2 Thieves","floor":20,"turns":5},{"damage":22,"enemies":"Centurion and Healer","floor":25,"turns":7},{"damage":14,"enemies":"Book of Stabbing","floor":30,"turns":7},{"damage":4,"enemies":"Chosen and Byrds","floor":31,"turns":5},{"damage":58,"enemies":"Champ","floor":33,"turns":11}],"seed_played":"4761513082380791045","potions_obtained":[{"floor":1,"key":"SteroidPotion"},{"floor":3,"key":"DuplicationPotion"},{"floor":11,"key":"SpeedPotion"},{"floor":16,"key":"Fruit Juice"},{"floor":18,"key":"BloodPotion"},{"floor":25,"key":"SkillPotion"},{"floor":30,"key":"BlessingOfTheForge"}],"is_trial":false,"path_per_floor":["M","M","M","?","M","R","T","E","T","M","M","R","?","$","R","B",null,"M","?","M","?","$","R","$","M","T","R","?","R","E","M","R","B"],"character_chosen":"IRONCLAD","items_purchased":["Metallicize","Dual Wield"],"campfire_rested":2,"item_purchase_floors":[14,14],"current_hp_per_floor":[80,80,80,69,67,67,74,51,51,50,49,49,49,49,75,36,87,66,66,59,43,43,43,43,27,27,27,27,27,19,21,48,0,0],"gold":140,"neow_bonus":"REMOVE_CARD","is_daily":false,"chose_seed":false,"campfire_upgraded":5,"win_rate":0.0,"timestamp":1612123836,"path_taken":["M","?","M","?","M","R","?","E","T","M","M","R","?","?","R","BOSS","M","?","M","?","$","R","?","?","T","R","?","R","E","M","R","BOSS"],"items_purchased_type":["Card","Card"],"build_version":"2020-12-22","purchased_purges":2,"victory":false,"max_hp_per_floor":[80,80,80,80,80,80,87,87,87,87,87,87,87,87,87,87,87,87,87,92,92,92,92,92,92,92,92,92,92,92,92,92,92,92],"relic_stats":{"counters":[14,88],"MealTicket":0,"Kunai":[7],"obtain_stats":[{"SlaversCollar":17,"Anchor":8,"Strawberry":7,"Enchiridion":21,"MealTicket":26,"The Courier":30,"Kunai":9,"Burning Blood":0},{"SlaversCollar":8,"Anchor":5,"Strawberry":4,"Enchiridion":10,"MealTicket":11,"The Courier":12,"Kunai":5,"Burning Blood":0},{"SlaversCollar":47,"Anchor":25,"Strawberry":15,"Enchiridion":58,"MealTicket":65,"The Courier":72,"Kunai":25,"Burning Blood":0}],"Burning Blood":64},"card_choices":[{"not_picked":["Carnage","Anger"],"picked":"True Grit","floor":1},{"not_picked":["Sword Boomerang","Anger"],"picked":"Clothesline","floor":2},{"not_picked":["Iron Wave","Wild Strike"],"picked":"Corruption","floor":3},{"not_picked":["Entrench","Pommel Strike"],"picked":"Thunderclap","floor":5},{"not_picked":["Perfected Strike","Fiend Fire"],"picked":"Juggernaut","floor":8},{"not_picked":["Entrench","Carnage"],"picked":"Metallicize","floor":10},{"not_picked":["Reckless Charge","Body Slam","Combust"],"picked":"SKIP","floor":11},{"not_picked":["Fiend Fire","Impervious"],"picked":"Juggernaut","floor":16},{"not_picked":["Headbutt","Twin Strike"],"picked":"Feel No Pain+1","floor":18},{"not_picked":["Clash","Wild Strike"],"picked":"Armaments","floor":20},{"not_picked":["Hemokinesis","Thunderclap"],"picked":"Pummel+1","floor":25},{"not_picked":["Perfected Strike","Sword Boomerang","Bloodletting"],"picked":"SKIP","floor":30},{"not_picked":["Spot Weakness+1","Dropkick"],"picked":"Clash+1","floor":31}],"player_experience":223569,"relics_obtained":[{"floor":7,"key":"Strawberry"},{"floor":8,"key":"Anchor"},{"floor":9,"key":"Kunai"},{"floor":21,"key":"Enchiridion"},{"floor":26,"key":"MealTicket"},{"floor":30,"key":"The Courier"}],"event_choices":[{"damage_healed":0,"gold_gain":75,"player_choice":"Gather Gold","damage_taken":11,"max_hp_gain":0,"max_hp_loss":0,"event_name":"World of Goop","floor":4,"gold_loss":0},{"cards_removed":["Strike_R"],"damage_healed":0,"gold_gain":0,"player_choice":"Forget","damage_taken":0,"max_hp_gain":0,"max_hp_loss":0,"event_name":"Living Wall","floor":13,"gold_loss":0},{"damage_healed":0,"gold_gain":0,"player_choice":"Ignored","damage_taken":0,"max_hp_gain":0,"max_hp_loss":0,"event_name":"Ghosts","floor":19,"gold_loss":0},{"damage_healed":0,"gold_gain":0,"player_choice":"Obtained Book","damage_taken":16,"max_hp_gain":0,"max_hp_loss":0,"event_name":"Cursed Tome","floor":21,"gold_loss":0},{"damage_healed":0,"gold_gain":0,"player_choice":"Smashed Altar","damage_taken":0,"max_hp_gain":0,"max_hp_loss":0,"event_name":"Forgotten Altar","floor":28,"gold_loss":0,"cards_obtained":["Decay"]}],"is_beta":false,"boss_relics":[{"not_picked":["Astrolabe","Snecko Eye"],"picked":"SlaversCollar"}],"items_purged_floors":[14,22],"is_endless":false,"potions_floor_spawned":[1,3,11,16,18,25,30],"killed_by":"Champ","ascension_level":0}}