{"host":"bp73yv6vym73vckj","time":1612089029,"event":{"mods":["BaseMod","Colored Powertips","Conspire","Downfall","Hermit","Highlight Path","Hubris","Infinite Spire","Ironclad Rager","Minty Spire (QoL Compilation)","Quick Restart","Replay The Spire","StSLib","The Construct","The Cursed","The Hierophant","The IronCluck","The Runesmith"],"gold_per_floor":[99,99,29,29,29,57,57,76,96,26,53,68,68,81,98,98,98,98],"floor_reached":16,"language":"ENG","playtime":951,"items_purged":[],"score":110,"play_id":"41be7ca1-1bea-41c7-b43f-443a7fcc5819","local_time":"20210131053029","is_ascension_mode":false,"campfire_choices":[{"data":"champ:Taunt","floor":1,"key":"SMITH"},{"floor":13,"key":"REST"}],"circlet_count":0,"master_deck":["champ:Strike","champ:Strike","champ:Strike","champ:Strike","champ:Defend","champ:Defend","champ:Defend","champ:Defend","champ:Execute","champ:Taunt+1","champ:Circumvent","champ:VampiricStrike","champ:SetATrap+1","champ:Haymaker","champ:ShieldWall","champ:DefensiveShout","champ:RapidStrikes","champ:FlashCut","Shame","champ:GladiatorStyle","champ:GladiatorStyle","champ:Backstep","champ:GutPunch","champ:AdrenalArmor","champ:DeathBlow"],"relics":["champ:ChampionCrown","downfall:HeartsMalice","Smiling Mask","champ:GladiatorsBookOfMartialProwess","ReplayTheSpireMod:CursedCoin","Replay:Rubber Ducky","Nunchaku"],"acts_visited":["Exordium"],"potions_floor_usage":[],"damage_taken":[{"damage":0,"enemies":"Jaw Worm","floor":2,"turns":1},{"damage":0,"enemies":"downfall:FleeingMerchant","floor":3,"turns":1},{"damage":0,"enemies":"Cultist","floor":5,"turns":1},{"damage":42,"enemies":"Lagavulin","floor":6,"turns":6},{"damage":4,"enemies":"2 Louse","floor":8,"turns":2},{"damage":21,"enemies":"Exordium Wildlife","floor":9,"turns":4},{"damage":10,"enemies":"downfall:FleeingMerchant","floor":10,"turns":4},{"damage":11,"enemies":"3 Sentries","floor":11,"turns":7},{"damage":10,"enemies":"3 Louse","floor":12,"turns":4},{"damage":12,"enemies":"Red Slaver","floor":14,"turns":3},{"damage":15,"enemies":"Exordium Wildlife","floor":15,"turns":5},{"damage":54,"enemies":"WA_ARCHETYPE_RETAIN","floor":16,"turns":10}],"seed_played":"1303211595448652450","potions_obtained":[{"floor":6,"key":"EntropicBrew"},{"floor":11,"key":"AttackPotion"},{"floor":12,"key":"bronze:BurnAndBuffPotion"},{"floor":14,"key":"ColorlessPotion"}],"is_trial":false,"path_per_floor":["R","M","$","?","M","E","T","M","M","$","E","M","R","M","M","B"],"character_chosen":"THE_CHAMP","items_purchased":["champ:SetATrap","ReplayTheSpireMod:CursedCoin","champ:GladiatorStyle","Replay:Rubber Ducky"],"campfire_rested":1,"item_purchase_floors":[3,10,10,10],"current_hp_per_floor":[90,90,90,90,90,68,68,64,43,43,32,32,59,52,52,0,0,0],"gold":98,"neow_bonus":"THREE_ENEMY_KILL","is_daily":false,"chose_seed":false,"campfire_upgraded":1,"win_rate":0.0,"timestamp":1612089029,"path_taken":["R","M","$","?","M","E","T","M","M","$","E","M","R","M","M","BOSS"],"items_purchased_type":["Card","Relic","Card","Relic"],"build_version":"2020-12-22","purchased_purges":0,"victory":false,"max_hp_per_floor":[90,90,90,90,90,90,90,90,90,90,90,90,90,90,90,90,90,90],"card_choices":[{"not_picked":["champ:RapidStrikes","champ:Backstep"],"picked":"champ:Circumvent","floor":2},{"not_picked":["champ:BladeFlurry","champ:Circumvent"],"picked":"champ:VampiricStrike","floor":3},{"not_picked":["champ:BerserkersShout","champ:BladeFlurry"],"picked":"champ:Haymaker","floor":5},{"not_picked":["champ:Backstep","champ:IronFortress"],"picked":"champ:ShieldWall","floor":6},{"not_picked":["champ:BringItOn","champ:ShieldWall"],"picked":"champ:DefensiveShout","floor":8},{"not_picked":["champ:CrownThrow","champ:BringItOn"],"picked":"champ:RapidStrikes","floor":9},{"not_picked":["champ:BladeFlurry","champ:StanceDance"],"picked":"champ:FlashCut","floor":10},{"not_picked":["champ:FlashCut","champ:Haymaker"],"picked":"champ:Backstep","floor":11},{"not_picked":["champ:PerfectedStrike","champ:FocusedBerserking"],"picked":"champ:GutPunch","floor":12},{"not_picked":["champ:BladeFlurry","champ:Encircle"],"picked":"champ:AdrenalArmor","floor":14},{"not_picked":["champ:DefensiveShout","champ:CrownThrow"],"picked":"champ:DeathBlow","floor":15}],"player_experience":1003681,"relics_obtained":[{"floor":6,"key":"Smiling Mask"},{"floor":7,"key":"champ:GladiatorsBookOfMartialProwess"},{"floor":11,"key":"Nunchaku"}],"event_choices":[],"is_beta":false,"boss_relics":[],"items_purged_floors":[],"is_endless":false,"potions_floor_spawned":[6,11,12,14,15],"killed_by":"WA_ARCHETYPE_RETAIN","ascension_level":0}}