{"host":"1a9bbjeis3rg03b1","time":1612057763,"event":{"mods":["BaseMod","Downfall","Googly Eyes","Mimic Mod","Minty Spire (QoL Compilation)","Reliquary","Robot Space Explorer","StSLib","The Jungle","The Poker Player","everything is the same but u backflip on backflip"],"gold_per_floor":[118,138,138,154,168,168,168,168,168],"floor_reached":7,"language":"ENG","playtime":729,"items_purged":[],"score":45,"play_id":"72150eff-a49d-418a-acba-8d1e66fa5fb4","local_time":"20210130184923","is_ascension_mode":true,"metric_token":722,"campfire_choices":[{"floor":6,"key":"REST"}],"circlet_count":0,"master_deck":["PokerPlayerMod:Diamond1","PokerPlayerMod:Diamond2","PokerPlayerMod:Diamond3","PokerPlayerMod:Diamond4","PokerPlayerMod:Diamond5","PokerPlayerMod:Spade1","PokerPlayerMod:Spade2","PokerPlayerMod:Spade3","PokerPlayerMod:Spade4","PokerPlayerMod:Club1","PokerPlayerMod:Club2","PokerPlayerMod:Heart2","PokerPlayerMod:TrumpStrike+1","PokerPlayerMod:BadJoker","PokerPlayerMod:Mulligan","PokerPlayerMod:Spade1","PokerPlayerMod:Extraction","PokerPlayerMod:FillThePot","PokerPlayerMod:Diamond2"],"relics":["reliquary:RedCape"],"acts_visited":["Exordium"],"potions_floor_usage":[],"damage_taken":[{"damage":0,"enemies":"2 Louse","floor":1,"turns":2},{"damage":2,"enemies":"Small Slimes","floor":2,"turns":4},{"damage":0,"enemies":"Jaw Worm","floor":4,"turns":1},{"damage":21,"enemies":"Large Slime","floor":5,"turns":6},{"damage":5,"enemies":"3 Sentries","floor":7,"turns":3}],"seed_played":"-302093343781749880","potions_obtained":[],"is_trial":false,"path_per_floor":["M","M","?","M","M","R","E"],"character_chosen":"THE_POKER_PLAYER","items_purchased":[],"campfire_rested":1,"item_purchase_floors":[],"current_hp_per_floor":[52,50,50,52,31,46,47,47,47],"gold":168,"neow_bonus":"BOSS_RELIC","is_daily":false,"chose_seed":false,"campfire_upgraded":0,"win_rate":0.0,"timestamp":1612057763,"path_taken":["M","M","?","M","M","R","E"],"items_purchased_type":[],"build_version":"2020-12-22","purchased_purges":0,"victory":false,"max_hp_per_floor":[52,52,52,52,52,52,52,52,52],"card_choices":[{"not_picked":["PokerPlayerMod:CardBurn","PokerPlayerMod:Spade4"],"picked":"PokerPlayerMod:Spade1","floor":1},{"not_picked":["PokerPlayerMod:CardBurn","PokerPlayerMod:Club1"],"picked":"PokerPlayerMod:Extraction","floor":2},{"not_picked":["PokerPlayerMod:Club6","PokerPlayerMod:ClubsClub"],"picked":"PokerPlayerMod:FillThePot","floor":4},{"not_picked":["PokerPlayerMod:Raise","PokerPlayerMod:DamnStraight"],"picked":"PokerPlayerMod:Diamond2","floor":5}],"player_experience":688941,"relics_obtained":[],"event_choices":[{"damage_healed":0,"gold_gain":0,"player_choice":"Grow","damage_taken":0,"max_hp_gain":0,"max_hp_loss":0,"event_name":"Living Wall","floor":3,"gold_loss":0,"cards_upgraded":["PokerPlayerMod:TrumpStrike"]}],"is_beta":false,"boss_relics":[],"items_purged_floors":[],"is_endless":false,"potions_floor_spawned":[],"killed_by":"3 Sentries","ascension_level":1}}