{"host":"syozzdlzcqop4jia","time":1612132938,"event":{"mods":["BaseMod","Colored Map","Colored Powertips","Minty Spire (QoL Compilation)","Quick Restart"],"gold_per_floor":[16,16,31,51,67,101,114,114,165,165,184,204,24,43,43,148,148,167,167,167,50,68,68,97,112,137,153,162,17,116,161,161,161,161],"floor_reached":33,"language":"ENG","playtime":2007,"items_purged":["Defend_R"],"score":348,"play_id":"3b2ea20f-4757-4f23-92ef-c23a81441b88","local_time":"20210131234218","is_ascension_mode":true,"campfire_choices":[{"data":"Feed","floor":10,"key":"SMITH"},{"floor":15,"key":"REST"},{"data":"Metamorphosis","floor":23,"key":"SMITH"},{"data":"Immolate","floor":32,"key":"SMITH"}],"circlet_count":0,"master_deck":["Defend_R","Defend_R","Defend_R","Bash","Immolate+1","Carnage","Cleave","Flame Barrier","Feed+1","Whirlwind","Uppercut","Metamorphosis+1","Flame Barrier","Fiend Fire","Shrug It Off","Pummel","Inflame","Anger+1","Thunderclap","Twin Strike+1","Ghostly Armor+1","Writhe","Ghostly Armor","Bite","Bite","Bite","Bite","Bite"],"relics":["Burning Blood","Lantern","Anchor","Velvet Choker","Sundial","Potion Belt","CeramicFish"],"acts_visited":["Exordium","TheCity"],"potions_floor_usage":[6,24,24,33],"damage_taken":[{"damage":1,"enemies":"Cultist","floor":1,"turns":4},{"damage":7,"enemies":"Jaw Worm","floor":3,"turns":2},{"damage":0,"enemies":"2 Louse","floor":4,"turns":1},{"damage":14,"enemies":"Blue Slaver","floor":5,"turns":4},{"damage":16,"enemies":"Lagavulin","floor":6,"turns":9},{"damage":19,"enemies":"Gremlin Gang","floor":7,"turns":3},{"damage":1,"enemies":"Looter","floor":11,"turns":3},{"damage":0,"enemies":"3 Louse","floor":12,"turns":2},{"damage":13,"enemies":"Large Slime","floor":14,"turns":4},{"damage":85,"enemies":"The Guardian","floor":16,"turns":13},{"damage":12,"enemies":"2 Thieves","floor":18,"turns":2},{"damage":0,"enemies":"Chosen","floor":22,"turns":4},{"damage":18,"enemies":"Slavers","floor":24,"turns":4},{"damage":30,"enemies":"Snake Plant","floor":25,"turns":5},{"damage":0,"enemies":"Chosen and Byrds","floor":27,"turns":4},{"damage":75,"enemies":"Collector","floor":33,"turns":5}],"seed_played":"2065192934714014180","potions_obtained":[{"floor":4,"key":"Swift Potion"},{"floor":5,"key":"HeartOfIron"},{"floor":11,"key":"SteroidPotion"},{"floor":14,"key":"DistilledChaos"},{"floor":16,"key":"Block Potion"},{"floor":24,"key":"SmokeBomb"},{"floor":25,"key":"Explosive Potion"}],"is_trial":false,"path_per_floor":["M","$","M","M","M","E","M","?","T","R","M","M","$","M","R","B",null,"M","?","?","$","M","R","E","M","T","M","?","$","?","?","R","B"],"character_chosen":"IRONCLAD","items_purchased":["Metamorphosis","Pummel","Inflame","Ghostly Armor"],"campfire_rested":1,"item_purchase_floors":[13,21,21,29],"current_hp_per_floor":[80,80,79,80,72,62,52,52,52,52,61,71,71,68,95,16,95,89,89,94,94,95,95,87,63,63,73,73,73,73,72,72,0,0],"gold":161,"neow_bonus":"THREE_RARE_CARDS","is_daily":false,"chose_seed":false,"campfire_upgraded":3,"win_rate":0.0,"timestamp":1612132938,"path_taken":["M","$","M","M","?","E","M","?","T","R","M","M","?","M","R","BOSS","M","?","?","$","M","R","E","M","T","?","?","$","?","?","R","BOSS"],"items_purchased_type":["Card","Card","Card","Card"],"build_version":"2020-12-22","purchased_purges":1,"victory":false,"max_hp_per_floor":[80,80,80,80,80,80,83,83,83,83,87,91,91,95,95,95,95,95,95,95,95,95,95,99,99,99,103,103,103,103,72,72,72,72],"card_choices":[{"not_picked":["Impervious","Offering"],"picked":"Immolate","floor":0},{"not_picked":["Pommel Strike","Flex"],"picked":"Carnage","floor":1},{"not_picked":["Spot Weakness","Warcry"],"picked":"Cleave","floor":3},{"not_picked":["Iron Wave","Headbutt"],"picked":"Flame Barrier","floor":4},{"not_picked":["Shrug It Off","Pummel"],"picked":"Feed","floor":5},{"not_picked":["Havoc","Searing Blow"],"picked":"Whirlwind","floor":6},{"not_picked":["Warcry","Body Slam","Sentinel"],"picked":"SKIP","floor":7},{"not_picked":["Rupture","Bloodletting"],"picked":"Body Slam","floor":11},{"not_picked":["Sentinel","Warcry"],"picked":"Uppercut","floor":12},{"not_picked":["Armaments","Sword Boomerang"],"picked":"Flame Barrier","floor":14},{"not_picked":["Exhume","Offering"],"picked":"Fiend Fire","floor":16},{"not_picked":["Havoc+1","Power Through"],"picked":"Shrug It Off","floor":18},{"not_picked":["Sever Soul","Dark Embrace"],"picked":"Anger+1","floor":22},{"not_picked":["Shockwave+1","Spot Weakness"],"picked":"Thunderclap","floor":24},{"not_picked":["Dropkick","Havoc"],"picked":"Twin Strike+1","floor":25},{"not_picked":["Clothesline","Warcry"],"picked":"Ghostly Armor+1","floor":27}],"player_experience":483150,"relics_obtained":[{"floor":6,"key":"Lantern"},{"floor":9,"key":"Anchor"},{"floor":24,"key":"Sundial"},{"floor":26,"key":"Potion Belt"}],"event_choices":[{"cards_removed":["Strike_R"],"damage_healed":0,"gold_gain":0,"player_choice":"Purged","damage_taken":0,"max_hp_gain":0,"max_hp_loss":0,"event_name":"Purifier","floor":8,"gold_loss":0},{"damage_healed":0,"gold_gain":0,"player_choice":"Ignored","damage_taken":0,"max_hp_gain":0,"max_hp_loss":0,"event_name":"Ghosts","floor":19,"gold_loss":0},{"cards_removed":["Body Slam"],"damage_healed":5,"gold_gain":0,"player_choice":"Offered Common","damage_taken":0,"max_hp_gain":0,"max_hp_loss":0,"event_name":"Bonfire Elementals","floor":20,"gold_loss":0},{"cards_removed":["Body Slam"],"damage_healed":5,"gold_gain":0,"player_choice":"Offered Special","damage_taken":0,"max_hp_gain":0,"max_hp_loss":0,"event_name":"Bonfire Elementals","floor":20,"gold_loss":0},{"damage_healed":0,"gold_gain":0,"player_choice":"Opened","damage_taken":0,"relics_obtained":["CeramicFish"],"max_hp_gain":0,"max_hp_loss":0,"event_name":"The Mausoleum","floor":28,"gold_loss":0,"cards_obtained":["Writhe"]},{"damage_healed":0,"gold_gain":99,"player_choice":"Stole From Cult","damage_taken":0,"max_hp_gain":0,"max_hp_loss":0,"event_name":"Nest","floor":30,"gold_loss":0},{"damage_healed":0,"gold_gain":0,"player_choice":"Became a vampire","damage_taken":0,"max_hp_gain":0,"max_hp_loss":31,"event_name":"Vampires","floor":31,"gold_loss":0,"cards_obtained":["Bite","Bite","Bite","Bite","Bite"]}],"is_beta":false,"boss_relics":[{"not_picked":["Busted Crown","Tiny House"],"picked":"Velvet Choker"}],"items_purged_floors":[29],"is_endless":false,"potions_floor_spawned":[4,5,11,14,16,18,24,25],"killed_by":"Collector","ascension_level":4}}