{"host":"5kirneupyg4uzd3w","time":1612096894,"event":{"mods":["BaseMod","Colored Map","Custom Start","Minty Spire (QoL Compilation)","StSLib","SuperFastMode"],"gold_per_floor":[118,43,43,43,63,98,98,129,129,129,141,155,183,196,196,271,271,284,302,302,302,314,314,314,314,314],"floor_reached":25,"language":"KOR","playtime":426,"items_purged":[],"score":492,"play_id":"2214767f-b68d-4168-851b-deeed882736c","local_time":"20210131214134","is_ascension_mode":true,"campfire_choices":[{"data":"Inflame","floor":7.0,"key":"SMITH"},{"data":"Whirlwind","floor":10.0,"key":"SMITH"},{"data":"Bloodletting","floor":15.0,"key":"SMITH"},{"data":"J.A.X.","floor":23,"key":"SMITH"}],"circlet_count":0,"master_deck":["AscendersBane","Strike_R","Strike_R","Strike_R","Defend_R","Defend_R","Defend_R","Defend_R","Bash","Iron Wave","Shrug It Off","Inflame+1","Whirlwind+1","Power Through","Shrug It Off","Bloodletting+1","Double Tap","Battle Trance","J.A.X.+1"],"relics":["Burning Blood","NeowsBlessing","WarpedTongs","Bird Faced Urn","Lizard Tail","CaptainsWheel","Empty Cage","Enchiridion"],"acts_visited":["Exordium","TheCity"],"potions_floor_usage":[],"damage_taken":[{"damage":0.0,"enemies":"Jaw Worm","floor":1.0,"turns":1.0},{"damage":0.0,"enemies":"2 Louse","floor":5.0,"turns":1.0},{"damage":0.0,"enemies":"Gremlin Nob","floor":6.0,"turns":1.0},{"damage":52.0,"enemies":"Lagavulin","floor":8.0,"turns":6.0},{"damage":2.0,"enemies":"Cultist","floor":11.0,"turns":3.0},{"damage":15.0,"enemies":"Gremlin Gang","floor":12.0,"turns":2.0},{"damage":15.0,"enemies":"3 Sentries","floor":13.0,"turns":3.0},{"damage":4.0,"enemies":"Looter","floor":14.0,"turns":4.0},{"damage":15.0,"enemies":"Slime Boss","floor":16.0,"turns":9.0},{"damage":44.0,"enemies":"3 Byrds","floor":18.0,"turns":5.0},{"damage":10.0,"enemies":"Shell Parasite","floor":19.0,"turns":3.0},{"damage":43,"enemies":"Centurion and Healer","floor":22,"turns":8},{"damage":15,"enemies":"Gremlin Leader","floor":25,"turns":3}],"seed_played":"-8973863602495036993","potions_obtained":[{"floor":6.0,"key":"SkillPotion"},{"floor":8.0,"key":"EntropicBrew"},{"floor":13.0,"key":"Regen Potion"}],"is_trial":false,"path_per_floor":["M","?","$","?","M","E","R","E","T","R","M","M","E","M","R","B",null,"M","M","?","?","M","R","?","E"],"character_chosen":"IRONCLAD","items_purchased":[],"campfire_rested":0,"item_purchase_floors":[],"current_hp_per_floor":[74,74,74,74,75,75,75,31,31,31,37,30,23,27,27,35,65,29,27,27,27,30,30,9,0,0],"gold":314,"neow_bonus":"THREE_ENEMY_KILL","is_daily":false,"chose_seed":false,"campfire_upgraded":4,"win_rate":0.0,"timestamp":1612096894,"path_taken":["M","?","$","?","M","E","R","E","T","R","M","?","E","M","R","BOSS","M","?","?","?","?","R","?","E"],"items_purchased_type":[],"build_version":"2020-12-22","purchased_purges":0,"victory":false,"max_hp_per_floor":[75,75,75,75,75,75,75,75,75,75,75,75,75,75,75,75,75,75,75,75,75,75,75,75,75,75],"card_choices":[{"not_picked":["Perfected Strike","Clash"],"picked":"Iron Wave","floor":1.0},{"not_picked":["Rage","Burning Pact"],"picked":"Shrug It Off","floor":5.0},{"not_picked":["Burning Pact","Pummel"],"picked":"Inflame","floor":6.0},{"not_picked":["Pommel Strike","Sword Boomerang"],"picked":"Whirlwind","floor":8.0},{"not_picked":["Anger","Clash"],"picked":"Power Through","floor":11.0},{"not_picked":["Rampage","Pommel Strike","Clothesline"],"picked":"SKIP","floor":12.0},{"not_picked":["Armaments","Rampage"],"picked":"Shrug It Off","floor":13.0},{"not_picked":["Ghostly Armor","Flex"],"picked":"Bloodletting","floor":14.0},{"not_picked":["Juggernaut","Brutality"],"picked":"Double Tap","floor":16.0},{"not_picked":["Ghostly Armor","Pommel Strike","Wild Strike"],"picked":"SKIP","floor":18.0},{"not_picked":["Carnage","Hemokinesis+1"],"picked":"Battle Trance","floor":19.0},{"not_picked":["Battle Trance","Feel No Pain","Inflame"],"picked":"SKIP","floor":22}],"player_experience":296899,"relics_obtained":[{"floor":6.0,"key":"Bird Faced Urn"},{"floor":8.0,"key":"Lizard Tail"},{"floor":13.0,"key":"CaptainsWheel"},{"floor":24,"key":"Enchiridion"}],"event_choices":[{"cards_removed":["Strike_R"],"damage_healed":0.0,"max_hp_gain":0.0,"max_hp_loss":0.0,"gold_gain":0.0,"event_name":"The Cleric","player_choice":"Card Removal","floor":2.0,"gold_loss":75.0,"damage_taken":0.0},{"damage_healed":0.0,"max_hp_gain":0.0,"max_hp_loss":0.0,"gold_gain":0.0,"event_name":"Accursed Blacksmith","player_choice":"Rummage","floor":4.0,"gold_loss":0.0,"damage_taken":0.0,"relics_obtained":["WarpedTongs"],"cards_obtained":["Pain"]},{"damage_healed":0.0,"max_hp_gain":0.0,"max_hp_loss":0.0,"gold_gain":0.0,"event_name":"Drug Dealer","player_choice":"Obtain J.A.X.","floor":20.0,"gold_loss":0.0,"damage_taken":0.0,"cards_obtained":["J.A.X."]},{"damage_healed":0.0,"max_hp_gain":0.0,"max_hp_loss":0.0,"gold_gain":0.0,"event_name":"N\u0027loth","player_choice":"Ignored","floor":21.0,"gold_loss":0.0,"damage_taken":0.0},{"damage_healed":0,"gold_gain":0,"player_choice":"Obtained Book","damage_taken":21,"max_hp_gain":0,"max_hp_loss":0,"event_name":"Cursed Tome","floor":24,"gold_loss":0}],"is_beta":false,"boss_relics":[{"not_picked":["Black Star","Coffee Dripper"],"picked":"Empty Cage"}],"items_purged_floors":[],"is_endless":false,"potions_floor_spawned":[6,8,11,13],"killed_by":"Gremlin Leader","ascension_level":20}}