{"host":"qm4rv4rkpk76sbxu","time":1612134496,"event":{"mods":["BaseMod","Bestiary","Block Reminder","DeckTracker","Filter the Spire","Keyboard Shortcuts","Minty Spire (QoL Compilation)","MonsterHotkey","Quick Restart","Random Character Button","Relic Stats","Slay-I","StSLib","Unceasing Turn Reminder","ojb\u0027s Better Paths Mod","ojb\u0027s Info Mod"],"gold_per_floor":[368,368,379,379,389,417,437,472,524,536,536,571,584,659,659,763,763,781,671,689,689,689,689,716,716,716],"floor_reached":25,"language":"ENG","playtime":1899,"items_purged":[],"score":289,"play_id":"c3e0ad5e-027b-4ff9-846b-6a3165e0b1f5","local_time":"20210201000816","is_ascension_mode":true,"campfire_choices":[{"data":"Bash","floor":11,"key":"SMITH"},{"floor":15,"key":"REST"},{"data":"Feed","floor":23,"key":"SMITH"}],"circlet_count":0,"master_deck":["Strike_R","Strike_R","Strike_R","Strike_R","Strike_R","Defend_R","Defend_R","Defend_R","Defend_R","Bash+1","Parasite","Pommel Strike","Spot Weakness","Flame Barrier","Double Tap","Hemokinesis","Disarm","Evolve","Feed+1","Sentinel","Dual Wield","Second Wind+1"],"relics":["Burning Blood","CultistMask","Bag of Preparation","Blue Candle","Oddly Smooth Stone","Tiny Chest","Velvet Choker","Gremlin Horn","Toxic Egg 2","Bottled Tornado"],"acts_visited":["Exordium","TheCity"],"potions_floor_usage":[6,6,8,12,12,12,20,24],"damage_taken":[{"damage":6,"enemies":"2 Louse","floor":1,"turns":3},{"damage":6,"enemies":"Cultist","floor":3,"turns":3},{"damage":2,"enemies":"Jaw Worm","floor":5,"turns":3},{"damage":25,"enemies":"Lagavulin","floor":6,"turns":5},{"damage":28,"enemies":"Lots of Slimes","floor":7,"turns":5},{"damage":23,"enemies":"Gremlin Nob","floor":8,"turns":4},{"damage":5,"enemies":"Looter","floor":10,"turns":4},{"damage":9,"enemies":"3 Sentries","floor":12,"turns":5},{"damage":2,"enemies":"2 Fungi Beasts","floor":13,"turns":3},{"damage":29,"enemies":"The Guardian","floor":16,"turns":11},{"damage":9,"enemies":"3 Byrds","floor":18,"turns":4},{"damage":18,"enemies":"Spheric Guardian","floor":20,"turns":5},{"damage":57,"enemies":"Book of Stabbing","floor":24,"turns":6},{"damage":25,"enemies":"Snake Plant","floor":25,"turns":4}],"seed_played":"-888280921163856896","potions_obtained":[{"floor":4,"key":"FearPotion"},{"floor":4,"key":"Block Potion"},{"floor":4,"key":"EntropicBrew"},{"floor":5,"key":"ElixirPotion"},{"floor":7,"key":"FearPotion"},{"floor":12,"key":"FearPotion"},{"floor":13,"key":"Fire Potion"},{"floor":16,"key":"GamblersBrew"},{"floor":18,"key":"BlessingOfTheForge"}],"is_trial":false,"path_per_floor":["M","?","M","?","M","E","M","E","T","M","R","E","M","?","R","B",null,"M","?","M","T","?","R","E","M"],"character_chosen":"IRONCLAD","items_purchased":[],"campfire_rested":1,"item_purchase_floors":[],"current_hp_per_floor":[80,80,80,80,80,61,39,22,22,23,23,20,24,13,37,14,80,80,80,72,72,72,72,25,0,0],"gold":716,"neow_bonus":"TWO_FIFTY_GOLD","is_daily":false,"chose_seed":false,"campfire_upgraded":2,"win_rate":0.0,"timestamp":1612134496,"path_taken":["M","?","?","?","?","E","M","E","T","M","R","E","M","?","R","BOSS","M","?","?","?","?","R","E","M"],"items_purchased_type":[],"build_version":"2020-12-22","purchased_purges":0,"victory":false,"max_hp_per_floor":[80,80,80,80,80,80,80,80,80,80,80,80,80,80,80,80,80,83,83,87,87,87,87,91,91,91],"relic_stats":{"Gremlin Horn":[0,0],"counters":[14,65],"Blue Candle":[5],"Tiny Chest":1,"Bag of Preparation":[20],"obtain_stats":[{"Gremlin Horn":19,"Blue Candle":8,"Oddly Smooth Stone":9,"Velvet Choker":17,"Tiny Chest":12,"CultistMask":2,"Bag of Preparation":6,"Toxic Egg 2":21,"Bottled Tornado":24,"Burning Blood":0},{"Gremlin Horn":11,"Blue Candle":6,"Oddly Smooth Stone":6,"Velvet Choker":10,"Tiny Chest":8,"CultistMask":1,"Bag of Preparation":4,"Toxic Egg 2":12,"Bottled Tornado":13,"Burning Blood":0},{"Gremlin Horn":50,"Blue Candle":23,"Oddly Smooth Stone":23,"Velvet Choker":46,"Tiny Chest":32,"CultistMask":3,"Bag of Preparation":14,"Toxic Egg 2":55,"Bottled Tornado":61,"Burning Blood":0}],"Burning Blood":74},"card_choices":[{"not_picked":["Iron Wave","Dark Embrace"],"picked":"Pommel Strike","floor":1},{"not_picked":["Anger","Intimidate"],"picked":"Spot Weakness","floor":3},{"not_picked":["Perfected Strike","Warcry","Rupture"],"picked":"SKIP","floor":5},{"not_picked":["Perfected Strike","Warcry","Rupture"],"picked":"SKIP","floor":5},{"not_picked":["Rampage","Power Through"],"picked":"Flame Barrier","floor":6},{"not_picked":["Iron Wave","Rampage","Headbutt"],"picked":"SKIP","floor":7},{"not_picked":["Iron Wave","Fire Breathing"],"picked":"Double Tap","floor":8},{"not_picked":["Dark Embrace","Armaments"],"picked":"Hemokinesis","floor":10},{"not_picked":["Headbutt","Havoc"],"picked":"Disarm","floor":12},{"not_picked":["Dropkick","Warcry"],"picked":"Evolve","floor":13},{"not_picked":["Impervious","Immolate"],"picked":"Feed","floor":16},{"not_picked":["Body Slam","Iron Wave"],"picked":"Sentinel","floor":18},{"not_picked":["Twin Strike","Thunderclap"],"picked":"Dual Wield","floor":20},{"not_picked":["Searing Blow+1","Body Slam"],"picked":"Second Wind+1","floor":24}],"player_experience":1470758,"relics_obtained":[{"floor":6,"key":"Bag of Preparation"},{"floor":8,"key":"Blue Candle"},{"floor":9,"key":"Oddly Smooth Stone"},{"floor":12,"key":"Tiny Chest"},{"floor":21,"key":"Toxic Egg 2"},{"floor":24,"key":"Bottled Tornado"}],"event_choices":[{"damage_healed":0,"gold_gain":0,"player_choice":"Trade","damage_taken":0,"relics_obtained":["CultistMask"],"max_hp_gain":0,"max_hp_loss":0,"event_name":"FaceTrader","floor":2,"gold_loss":0},{"damage_healed":0,"gold_gain":0,"player_choice":"Got Potions","damage_taken":0,"max_hp_gain":0,"max_hp_loss":0,"event_name":"Lab","floor":4,"gold_loss":0},{"damage_healed":0,"gold_gain":75,"player_choice":"Gather Gold","damage_taken":11,"max_hp_gain":0,"max_hp_loss":0,"event_name":"World of Goop","floor":14,"gold_loss":0},{"damage_healed":0,"gold_gain":0,"player_choice":"Paid Gold","damage_taken":0,"relics_obtained":["Gremlin Horn"],"max_hp_gain":0,"max_hp_loss":0,"event_name":"WeMeetAgain","floor":19,"gold_loss":110},{"damage_healed":0,"gold_gain":0,"player_choice":"Ignored","damage_taken":0,"max_hp_gain":0,"max_hp_loss":0,"event_name":"Vampires","floor":22,"gold_loss":0}],"is_beta":false,"boss_relics":[{"not_picked":["Ectoplasm","Astrolabe"],"picked":"Velvet Choker"}],"items_purged_floors":[],"is_endless":false,"potions_floor_spawned":[5,7,12,13,16,18],"killed_by":"Snake Plant","ascension_level":4}}