{"host":"79kl9rvhjzhuunbo","time":1612121976,"event":{"mods":["AchievementEnabler","BaseMod","Colored Powertips","Defuse TimeMaze Blight","Friendly Minions","Highlight Path","Minty Spire (QoL Compilation)","Permanent Neow","Quick Restart","Random Character Button","Relic Sorter","StSLib","SuperFastMode","Synergy Search","Unceasing Turn Reminder"],"gold_per_floor":[114,134,146,159,159,194,194,22,22,22,56,70,70,101,101,220,220,243,27,27,27,27,66,66,66,66],"floor_reached":25,"language":"ENG","playtime":1179,"items_purged":["Strike_B"],"score":249,"play_id":"a692a222-831e-48dc-a2b8-02e5a51af585","local_time":"20210131203936","is_ascension_mode":true,"campfire_choices":[{"data":"Mayhem","floor":10.0,"key":"SMITH"},{"floor":13.0,"key":"REST"},{"floor":15.0,"key":"RECALL"},{"data":"Creative AI","floor":24,"key":"SMITH"}],"circlet_count":0,"master_deck":["Strike_B","Defend_B","Defend_B","Defend_B","Defend_B","Zap","Dualcast","Gash","Leap","BootSequence","Gash","Mayhem+1","White Noise","Double Energy","Creative AI+1","Chill+1","Coolheaded","Bandage Up","Recycle","Gash"],"relics":["Cracked Core","Golden Idol","White Beast Statue","Eternal Feather","Shuriken","Regal Pillow","Velvet Choker","Bottled Lightning"],"acts_visited":["Exordium","TheCity"],"potions_floor_usage":[23,23,23],"damage_taken":[{"damage":0.0,"enemies":"Cultist","floor":1.0,"turns":3.0},{"damage":0.0,"enemies":"Small Slimes","floor":2.0,"turns":3.0},{"damage":0.0,"enemies":"2 Louse","floor":3.0,"turns":3.0},{"damage":0.0,"enemies":"Looter","floor":4.0,"turns":4.0},{"damage":23.0,"enemies":"Lagavulin","floor":6.0,"turns":9.0},{"damage":9.0,"enemies":"3 Sentries","floor":11.0,"turns":8.0},{"damage":2.0,"enemies":"Blue Slaver","floor":12.0,"turns":4.0},{"damage":2.0,"enemies":"Lagavulin","floor":14.0,"turns":7.0},{"damage":43.0,"enemies":"Slime Boss","floor":16.0,"turns":10.0},{"damage":0.0,"enemies":"3 Byrds","floor":18.0,"turns":2.0},{"damage":47,"enemies":"Slavers","floor":23,"turns":6},{"damage":48,"enemies":"Book of Stabbing","floor":25,"turns":7}],"seed_played":"-6486208635763861151","potions_obtained":[{"floor":1.0,"key":"SkillPotion"},{"floor":11.0,"key":"BlessingOfTheForge"},{"floor":12.0,"key":"Energy Potion"},{"floor":14.0,"key":"DuplicationPotion"},{"floor":16.0,"key":"PotionOfCapacity"},{"floor":18.0,"key":"SkillPotion"},{"floor":23,"key":"Ancient Potion"}],"is_trial":false,"path_per_floor":["M","M","M","M","?","E","?","$","T","R","E","M","R","E","R","B",null,"M","$","?","?","?","E","R","E"],"character_chosen":"DEFECT","items_purchased":["Mayhem","Coolheaded","Bandage Up"],"campfire_rested":1,"item_purchase_floors":[8,19,19],"current_hp_per_floor":[75,75,75,75,57,34,34,34,34,40,31,29,60,58,67,24,75,75,75,75,75,75,32,44,0,0],"gold":66,"neow_bonus":"REMOVE_CARD","is_daily":false,"chose_seed":false,"campfire_upgraded":2,"win_rate":0.0,"timestamp":1612121976,"path_taken":["M","M","?","M","?","E","?","$","T","R","E","M","R","E","R","BOSS","M","$","?","?","?","E","R","E"],"items_purchased_type":["Card","Card","Card"],"build_version":"2020-12-22","purchased_purges":1,"victory":false,"max_hp_per_floor":[75,75,75,75,75,75,75,75,75,75,75,75,75,75,75,75,75,75,75,75,75,75,75,75,75,75],"card_choices":[{"not_picked":["Reprogram","Streamline"],"picked":"Gash","floor":1.0},{"not_picked":["Sweeping Beam","Steam"],"picked":"Leap","floor":2.0},{"not_picked":["Static Discharge","Barrage"],"picked":"BootSequence","floor":3.0},{"not_picked":["Streamline","Rebound"],"picked":"Gash","floor":4.0},{"not_picked":["Stack","Force Field","Compile Driver"],"picked":"SKIP","floor":6.0},{"not_picked":["Sweeping Beam","Reprogram"],"picked":"White Noise","floor":11.0},{"not_picked":["Redo","Ball Lightning"],"picked":"Double Energy","floor":12.0},{"not_picked":["Sweeping Beam","Rebound","Blizzard"],"picked":"SKIP","floor":14.0},{"not_picked":["Amplify","Fission"],"picked":"Creative AI","floor":16.0},{"not_picked":["Leap","Redo"],"picked":"Chill+1","floor":18.0},{"not_picked":["Rip and Tear+1","Recycle"],"picked":"Gash","floor":23}],"player_experience":280453,"relics_obtained":[{"floor":6.0,"key":"White Beast Statue"},{"floor":9.0,"key":"Eternal Feather"},{"floor":11.0,"key":"Shuriken"},{"floor":14.0,"key":"Regal Pillow"},{"floor":23,"key":"Bottled Lightning"}],"event_choices":[{"damage_healed":0.0,"max_hp_gain":0.0,"max_hp_loss":0.0,"gold_gain":0.0,"event_name":"Golden Idol","player_choice":"Take Damage","floor":5.0,"gold_loss":0.0,"damage_taken":18.0,"relics_obtained":["Golden Idol"]},{"damage_healed":0.0,"max_hp_gain":0.0,"max_hp_loss":0.0,"gold_gain":0.0,"event_name":"Liars Game","player_choice":"Ignored","floor":7.0,"gold_loss":0.0,"damage_taken":0.0},{"cards_removed":["Strike_B"],"damage_healed":0.0,"max_hp_gain":0.0,"max_hp_loss":0.0,"gold_gain":0.0,"event_name":"Back to Basics","player_choice":"Elegance","floor":20.0,"gold_loss":0.0,"damage_taken":0.0},{"damage_healed":0.0,"max_hp_gain":0.0,"max_hp_loss":0.0,"gold_gain":0.0,"event_name":"The Library","player_choice":"Read","floor":22.0,"gold_loss":0.0,"damage_taken":0.0,"cards_obtained":["Recycle"]}],"is_beta":false,"boss_relics":[{"not_picked":["Runic Dome","Sozu"],"picked":"Velvet Choker"}],"items_purged_floors":[19],"is_endless":false,"potions_floor_spawned":[1,11,12,14,16,18,23],"killed_by":"Book of Stabbing","ascension_level":1}}