{"host":"gc0hqzwg2gd3zszy","time":1612078367,"event":{"mods":["BaseMod","DeckTracker","Minty Spire (QoL Compilation)","Relic Stats","SuperFastMode"],"gold_per_floor":[113,133,183,203,216,216,251,251,278,306,306,306],"floor_reached":11,"language":"KOR","playtime":202,"items_purged":[],"score":150,"play_id":"beb44161-7f80-4e92-ae2e-f2ee403f3b5d","local_time":"20210131163247","is_ascension_mode":true,"campfire_choices":[{"data":"Zap","floor":6.0,"key":"SMITH"},{"floor":8.0,"key":"REST"}],"circlet_count":0,"master_deck":["AscendersBane","Strike_B","Strike_B","Strike_B","Strike_B","Defend_B","Defend_B","Defend_B","Defend_B","Zap+1","Dualcast","Beam Cell","Sweeping Beam","Aggregate","Ball Lightning","Reprogram","Self Repair"],"relics":["Cracked Core","NeowsBlessing","CeramicFish","Akabeko"],"acts_visited":["Exordium"],"potions_floor_usage":[11],"damage_taken":[{"damage":0.0,"enemies":"Cultist","floor":1.0,"turns":1.0},{"damage":0.0,"enemies":"Small Slimes","floor":2.0,"turns":1.0},{"damage":0.0,"enemies":"2 Louse","floor":4.0,"turns":1.0},{"damage":10.0,"enemies":"Exordium Thugs","floor":5.0,"turns":3.0},{"damage":30.0,"enemies":"Lagavulin","floor":7.0,"turns":6.0},{"damage":8.0,"enemies":"Blue Slaver","floor":10.0,"turns":3.0},{"damage":72,"enemies":"Gremlin Nob","floor":11,"turns":4}],"seed_played":"-2061595199470906791","potions_obtained":[{"floor":1.0,"key":"DistilledChaos"},{"floor":4.0,"key":"AttackPotion"},{"floor":7.0,"key":"Regen Potion"}],"is_trial":false,"path_per_floor":["M","M","?","M","M","R","E","R","T","M","E"],"character_chosen":"DEFECT","items_purchased":[],"campfire_rested":1,"item_purchase_floors":[],"current_hp_per_floor":[64,64,64,64,54,54,24,45,45,37,0,0],"gold":306,"neow_bonus":"THREE_ENEMY_KILL","is_daily":false,"chose_seed":false,"campfire_upgraded":1,"win_rate":0.0,"timestamp":1612078367,"path_taken":["M","?","?","M","M","R","E","R","T","M","E"],"items_purchased_type":[],"build_version":"2020-12-22","purchased_purges":0,"victory":false,"max_hp_per_floor":[71,71,71,71,71,71,71,71,71,71,71,71],"relic_stats":{"counters":[7,19],"CeramicFish":18,"obtain_stats":[{"NeowsBlessing":0,"CeramicFish":7,"Cracked Core":0,"Akabeko":9},{"NeowsBlessing":0,"CeramicFish":5,"Cracked Core":0,"Akabeko":5},{"NeowsBlessing":0,"CeramicFish":12,"Cracked Core":0,"Akabeko":12}]},"card_choices":[{"not_picked":["Scrape","Loop"],"picked":"Beam Cell","floor":1.0},{"not_picked":["Leap","Streamline"],"picked":"Sweeping Beam","floor":2.0},{"not_picked":["Streamline","Compile Driver"],"picked":"Aggregate","floor":4.0},{"not_picked":["Rebound","Turbo"],"picked":"Ball Lightning","floor":5.0},{"not_picked":["Streamline","Storm"],"picked":"Reprogram","floor":7.0},{"not_picked":["Sunder","Ball Lightning"],"picked":"Self Repair","floor":10.0}],"player_experience":1381911,"relics_obtained":[{"floor":7.0,"key":"CeramicFish"},{"floor":9.0,"key":"Akabeko"}],"event_choices":[{"damage_healed":0.0,"max_hp_gain":0.0,"max_hp_loss":0.0,"gold_gain":50.0,"event_name":"Golden Shrine","player_choice":"Pray","floor":3.0,"gold_loss":0.0,"damage_taken":0.0}],"is_beta":false,"boss_relics":[],"items_purged_floors":[],"is_endless":false,"potions_floor_spawned":[1,4,7],"killed_by":"Gremlin Nob","ascension_level":20}}