{"host":"msfr2axb1w9025n0","time":1612071429,"event":{"mods":["BaseMod","Colored Map","DeckTracker","Minty Spire (QoL Compilation)","Relic Stats"],"gold_per_floor":[117,117,117,94,115,115,146,146,192,226,44,44,9,9,9,139,139,169,169,169,191,221,221,271,271,271,271,271,295,323,350,350,350,350],"floor_reached":33,"language":"ENG","playtime":867,"items_purged":[],"score":459,"play_id":"c8831ff0-9871-4b4e-b7f4-cd8d49fef6a9","local_time":"20210131123709","is_ascension_mode":true,"campfire_choices":[{"data":"Streamline","floor":6.0,"key":"SMITH"},{"data":"Dualcast","floor":8.0,"key":"SMITH"},{"floor":12.0,"key":"REST"},{"floor":15.0,"key":"DIG"},{"floor":23.0,"key":"DIG"},{"floor":25.0,"key":"DIG"},{"floor":27.0,"key":"DIG"},{"floor":32,"key":"REST"}],"circlet_count":0,"master_deck":["AscendersBane","Strike_B","Strike_B","Defend_B","Defend_B","Defend_B","Defend_B","Zap","Dualcast+1","Cold Snap","Streamline+1","Gash","Gash","Leap","All For One","CurseOfTheBell","Beam Cell","Coolheaded","Streamline","Leap","Steam","Beam Cell+1","Double Energy"],"relics":["Cracked Core","NeowsBlessing","Golden Idol","Ancient Tea Set","Tiny Chest","Shovel","Boot","Emotion Chip","Calling Bell","CeramicFish","Darkstone Periapt","Ginger","Ornamental Fan","Akabeko","Bird Faced Urn","Symbiotic Virus","HornCleat","White Beast Statue"],"acts_visited":["Exordium","TheCity"],"potions_floor_usage":[30,33,33],"damage_taken":[{"damage":0.0,"enemies":"Cultist","floor":1.0,"turns":1.0},{"damage":0.0,"enemies":"Jaw Worm","floor":5.0,"turns":1.0},{"damage":0.0,"enemies":"3 Sentries","floor":7.0,"turns":1.0},{"damage":32.0,"enemies":"Gremlin Nob","floor":10.0,"turns":4.0},{"damage":47.0,"enemies":"Slime Boss","floor":16.0,"turns":14.0},{"damage":0.0,"enemies":"3 Byrds","floor":18.0,"turns":5.0},{"damage":19.0,"enemies":"2 Thieves","floor":21.0,"turns":3.0},{"damage":19.0,"enemies":"Cultist and Chosen","floor":22.0,"turns":6.0},{"damage":4.0,"enemies":"Slavers","floor":24.0,"turns":6.0},{"damage":11.0,"enemies":"Snake Plant","floor":29.0,"turns":3.0},{"damage":3,"enemies":"Centurion and Healer","floor":30,"turns":6},{"damage":0,"enemies":"Chosen and Byrds","floor":31,"turns":4},{"damage":39,"enemies":"Collector","floor":33,"turns":6}],"seed_played":"-4299007799327024220","potions_obtained":[{"floor":16.0,"key":"ColorlessPotion"},{"floor":22.0,"key":"AttackPotion"},{"floor":24.0,"key":"Ancient Potion"},{"floor":28.0,"key":"Regen Potion"},{"floor":28.0,"key":"AttackPotion"},{"floor":29.0,"key":"SkillPotion"},{"floor":30,"key":"Weak Potion"}],"is_trial":false,"path_per_floor":["M","?","?","$","M","R","E","R","T","E","$","R","?","$","R","B",null,"M","?","T","M","M","R","E","R","T","R","?","M","M","M","R","B"],"character_chosen":"DEFECT","items_purchased":["Cold Snap","Leap","Boot"],"campfire_rested":2,"item_purchase_floors":[4,11,11],"current_hp_per_floor":[68,50,43,43,43,43,43,43,43,11,11,33,51,51,51,4,57,57,57,57,38,19,19,15,15,15,15,15,4,16,16,38,0,0],"gold":350,"neow_bonus":"THREE_ENEMY_KILL","is_daily":false,"chose_seed":false,"campfire_upgraded":2,"win_rate":0.0,"timestamp":1612071429,"path_taken":["M","?","?","$","M","R","E","R","T","E","$","R","?","?","R","BOSS","M","?","?","?","M","R","E","R","T","R","?","?","M","M","R","BOSS"],"items_purchased_type":["Card","Card","Relic"],"build_version":"2020-12-22","purchased_purges":0,"victory":false,"max_hp_per_floor":[75,75,75,75,75,75,75,75,75,75,75,75,75,75,75,75,75,75,75,75,75,75,75,75,75,75,75,75,75,75,75,75,75,75],"relic_stats":{"Darkstone Periapt":0,"Emotion Chip":[21,8,12,1,0],"Shovel":4,"counters":[13,60],"Golden Idol":73,"Ornamental Fan":[80],"CeramicFish":63,"Bird Faced Urn":[0],"Tiny Chest":1,"Ginger":[13],"Boot":[70],"obtain_stats":[{"Darkstone Periapt":17,"NeowsBlessing":0,"Golden Idol":2,"CeramicFish":17,"Ginger":17,"Ancient Tea Set":7,"Boot":11,"Akabeko":23,"White Beast Statue":27,"Calling Bell":17,"Emotion Chip":15,"Shovel":10,"HornCleat":26,"Ornamental Fan":20,"Bird Faced Urn":24,"Tiny Chest":9,"Cracked Core":0,"Symbiotic Virus":25},{"Darkstone Periapt":5,"NeowsBlessing":0,"Golden Idol":1,"CeramicFish":5,"Ginger":5,"Ancient Tea Set":3,"Boot":4,"Akabeko":8,"White Beast Statue":9,"Calling Bell":5,"Emotion Chip":4,"Shovel":4,"HornCleat":9,"Ornamental Fan":6,"Bird Faced Urn":9,"Tiny Chest":3,"Cracked Core":0,"Symbiotic Virus":9},{"Darkstone Periapt":21,"NeowsBlessing":0,"Golden Idol":1,"CeramicFish":21,"Ginger":21,"Ancient Tea Set":3,"Boot":7,"Akabeko":35,"White Beast Statue":41,"Calling Bell":21,"Emotion Chip":7,"Shovel":7,"HornCleat":41,"Ornamental Fan":26,"Bird Faced Urn":41,"Tiny Chest":3,"Cracked Core":0,"Symbiotic Virus":41}]},"card_choices":[{"not_picked":["Hologram","Compile Driver","Force Field"],"picked":"SKIP","floor":1.0},{"not_picked":["Storm","Go for the Eyes"],"picked":"Streamline","floor":5.0},{"not_picked":["Genetic Algorithm","Turbo"],"picked":"Gash","floor":7.0},{"not_picked":["Thunder Strike","Machine Learning"],"picked":"Gash","floor":10.0},{"not_picked":["Seek","Machine Learning"],"picked":"All For One","floor":16.0},{"not_picked":["Capacitor","Steam Power"],"picked":"Beam Cell","floor":18.0},{"not_picked":["Tempest","Stack"],"picked":"Coolheaded","floor":21.0},{"not_picked":["Force Field","Ball Lightning"],"picked":"Streamline","floor":22.0},{"not_picked":["Multi-Cast","Rainbow"],"picked":"Leap","floor":24.0},{"not_picked":["Chaos","Coolheaded+1"],"picked":"Steam","floor":29.0},{"not_picked":["Coolheaded","Static Discharge"],"picked":"Beam Cell+1","floor":30},{"not_picked":["Tempest","Steam"],"picked":"Double Energy","floor":31}],"player_experience":274459,"relics_obtained":[{"floor":7.0,"key":"Ancient Tea Set"},{"floor":9.0,"key":"Tiny Chest"},{"floor":10.0,"key":"Shovel"},{"floor":15.0,"key":"Emotion Chip"},{"floor":17.0,"key":"CeramicFish"},{"floor":17.0,"key":"Darkstone Periapt"},{"floor":17.0,"key":"Ginger"},{"floor":20.0,"key":"Ornamental Fan"},{"floor":23.0,"key":"Akabeko"},{"floor":24.0,"key":"Bird Faced Urn"},{"floor":25.0,"key":"Symbiotic Virus"},{"floor":26.0,"key":"HornCleat"},{"floor":27.0,"key":"White Beast Statue"}],"event_choices":[{"damage_healed":0.0,"max_hp_gain":0.0,"max_hp_loss":0.0,"gold_gain":0.0,"event_name":"Golden Idol","player_choice":"Take Damage","floor":2.0,"gold_loss":0.0,"damage_taken":18.0,"relics_obtained":["Golden Idol"]},{"cards_removed":["Strike_B"],"damage_healed":0.0,"max_hp_gain":0.0,"max_hp_loss":0.0,"gold_gain":0.0,"event_name":"Golden Wing","player_choice":"Card Removal","floor":3.0,"gold_loss":0.0,"damage_taken":7.0},{"damage_healed":18.0,"max_hp_gain":0.0,"max_hp_loss":0.0,"gold_gain":0.0,"event_name":"The Cleric","player_choice":"Healed","floor":13.0,"gold_loss":35.0,"damage_taken":0.0},{"cards_removed":["Strike_B"],"damage_healed":0.0,"max_hp_gain":0.0,"max_hp_loss":0.0,"gold_gain":0.0,"event_name":"Bonfire Elementals","player_choice":"Offered Basic","floor":19.0,"gold_loss":0.0,"damage_taken":0.0},{"damage_healed":0.0,"max_hp_gain":0.0,"max_hp_loss":0.0,"gold_gain":0.0,"event_name":"Lab","player_choice":"Got Potions","floor":28.0,"gold_loss":0.0,"damage_taken":0.0}],"is_beta":false,"boss_relics":[{"not_picked":["Pandora\u0027s Box","Inserter"],"picked":"Calling Bell"}],"items_purged_floors":[],"is_endless":false,"potions_floor_spawned":[16,22,24,29,30,31],"killed_by":"Collector","ascension_level":11}}