{"host":"pigfart","time":1612124720,"event":{"mods":["BaseMod","Colored Map","Minty Spire (QoL Compilation)","Relic Stats","StSLib"],"gold_per_floor":[112,37,57,132,132,132,157,168,168,184,184,214,225,150,150,227,227,227,227,227,227,227,227,227,227,227,17,17,17,17,17,17,17,17,17,17,17,17,17,17,17,17,17,17,17,17,17,17,17,17,17,17],"floor_reached":51,"language":"ENG","playtime":2100,"items_purged":[],"score":1750,"play_id":"539b84df-68cd-479e-b26b-73da8aa63cc0","local_time":"20210131142520","is_ascension_mode":true,"campfire_choices":[{"data":"Dagger Spray","floor":6,"key":"SMITH"},{"data":"Cloak And Dagger","floor":15,"key":"SMITH"},{"data":"Burst","floor":23,"key":"SMITH"},{"data":"Footwork","floor":25,"key":"SMITH"},{"data":"Backflip","floor":29,"key":"SMITH"},{"floor":32,"key":"REST"},{"data":"Panache","floor":40,"key":"SMITH"},{"floor":45,"key":"RECALL"},{"floor":49,"key":"REST"}],"circlet_count":0,"master_deck":["AscendersBane","Strike_G","Strike_G","Defend_G","Defend_G","Defend_G","Defend_G","Defend_G","Survivor","Neutralize","Dagger Spray+1","Footwork+1","Backstab","Blade Dance","Cloak And Dagger+1","Burst+1","Quick Slash","Corpse Explosion","Noxious Fumes+1","Panache+1","Backflip+1","After Image","Dodge and Roll","Infinite Blades","Blade Dance","Cloak And Dagger+1","Acrobatics","Dagger Throw+1"],"relics":["Ring of the Snake","NeowsBlessing","Gremlin Horn","Shuriken","Nunchaku","Bottled Tornado","Ectoplasm","Potion Belt","Centennial Puzzle","Mummified Hand","InkBottle","WristBlade","Pocketwatch","Tough Bandages","Meat on the Bone","StrikeDummy"],"acts_visited":["Exordium","TheCity","TheBeyond"],"potions_floor_usage":[21,24,28,39,39,51,51,51,51],"damage_taken":[{"damage":0,"enemies":"Small Slimes","floor":1,"turns":1},{"damage":0,"enemies":"Cultist","floor":3,"turns":1},{"damage":0,"enemies":"3 Sentries","floor":7,"turns":1},{"damage":0,"enemies":"2 Louse","floor":8,"turns":2},{"damage":0,"enemies":"Lots of Slimes","floor":10,"turns":1},{"damage":8,"enemies":"Gremlin Nob","floor":12,"turns":3},{"damage":1,"enemies":"3 Louse","floor":13,"turns":2},{"damage":22,"enemies":"The Guardian","floor":16,"turns":13},{"damage":0,"enemies":"Shell Parasite","floor":18,"turns":5},{"damage":0,"enemies":"Spheric Guardian","floor":20,"turns":3},{"damage":11,"enemies":"Snake Plant","floor":21,"turns":4},{"damage":11,"enemies":"Chosen and Byrds","floor":22,"turns":7},{"damage":2,"enemies":"Gremlin Leader","floor":24,"turns":5},{"damage":0,"enemies":"Slavers","floor":28,"turns":2},{"damage":23,"enemies":"Book of Stabbing","floor":30,"turns":6},{"damage":0,"enemies":"Automaton","floor":33,"turns":5},{"damage":0,"enemies":"3 Darklings","floor":35,"turns":2},{"damage":0,"enemies":"3 Shapes","floor":36,"turns":4},{"damage":0,"enemies":"Sphere and 2 Shapes","floor":37,"turns":1},{"damage":0,"enemies":"Writhing Mass","floor":38,"turns":8},{"damage":0,"enemies":"2 Orb Walkers","floor":39,"turns":1},{"damage":0,"enemies":"Mind Bloom Boss Battle","floor":41,"turns":5},{"damage":0,"enemies":"Nemesis","floor":42,"turns":5},{"damage":5,"enemies":"Giant Head","floor":44,"turns":5},{"damage":0,"enemies":"4 Shapes","floor":46,"turns":1},{"damage":23,"enemies":"Maw","floor":48,"turns":5},{"damage":3,"enemies":"Donu and Deca","floor":50,"turns":5},{"damage":77,"enemies":"Time Eater","floor":51,"turns":10}],"seed_played":"2320497112452973074","potions_obtained":[{"floor":3,"key":"ColorlessPotion"},{"floor":10,"key":"ColorlessPotion"},{"floor":12,"key":"GamblersBrew"},{"floor":21,"key":"LiquidMemories"},{"floor":33,"key":"Regen Potion"},{"floor":36,"key":"Strength Potion"},{"floor":38,"key":"CunningPotion"},{"floor":39,"key":"PowerPotion"},{"floor":46,"key":"EssenceOfSteel"},{"floor":48,"key":"SneckoOil"}],"is_trial":false,"path_per_floor":["M","$","M","?","?","R","E","M","T","M","?","E","M","?","R","B",null,"M","?","M","M","M","R","E","R","T","$","E","R","E","$","R","B",null,"M","M","M","M","?","R","?","E","T","E","R","M","?","M","R","B","B"],"character_chosen":"THE_SILENT","items_purchased":["Footwork","Panache"],"campfire_rested":2,"item_purchase_floors":[2,27],"current_hp_per_floor":[59,59,59,48,48,48,48,48,48,48,48,40,39,39,39,17,54,54,54,54,43,32,32,30,30,30,30,30,30,7,7,26,26,56,56,56,56,56,56,56,56,56,56,51,51,51,51,40,59,56,0,0],"gold":17,"neow_bonus":"THREE_ENEMY_KILL","is_daily":false,"chose_seed":false,"campfire_upgraded":6,"win_rate":0.0,"timestamp":1612124720,"path_taken":["M","$","M","?","?","R","E","M","T","?","?","E","?","?","R","BOSS","M","?","M","M","M","R","E","R","T","$","E","R","E","?","R","BOSS","M","M","?","M","?","R","?","E","T","E","R","M","?","M","R","BOSS","BOSS"],"items_purchased_type":["Card","Card"],"build_version":"2020-12-18","purchased_purges":0,"victory":false,"max_hp_per_floor":[66,66,66,66,66,66,66,66,66,66,66,66,66,66,66,66,66,66,66,66,66,66,66,66,66,66,66,66,66,66,66,66,66,66,66,66,66,66,66,66,66,66,66,66,66,66,66,66,66,66,66,66],"relic_stats":{"Gremlin Horn":[21,21],"counters":[28,113],"Nunchaku":[36],"Centennial Puzzle":[15],"Tough Bandages":[54],"Shuriken":[95],"Mummified Hand":[60],"Ectoplasm":518,"obtain_stats":[{"Potion Belt":24,"NeowsBlessing":0,"Gremlin Horn":7,"Bottled Tornado":12,"Nunchaku":11,"Centennial Puzzle":26,"Tough Bandages":41,"WristBlade":34,"Shuriken":9,"Mummified Hand":28,"Ectoplasm":17,"StrikeDummy":44,"InkBottle":30,"Ring of the Snake":0,"Pocketwatch":39,"Meat on the Bone":42},{"Potion Belt":13,"NeowsBlessing":0,"Gremlin Horn":3,"Bottled Tornado":6,"Nunchaku":5,"Centennial Puzzle":13,"Tough Bandages":22,"WristBlade":16,"Shuriken":4,"Mummified Hand":14,"Ectoplasm":8,"StrikeDummy":24,"InkBottle":15,"Ring of the Snake":0,"Pocketwatch":21,"Meat on the Bone":23},{"Potion Belt":48,"NeowsBlessing":0,"Gremlin Horn":3,"Bottled Tornado":9,"Nunchaku":6,"Centennial Puzzle":48,"Tough Bandages":82,"WristBlade":61,"Shuriken":5,"Mummified Hand":50,"Ectoplasm":24,"StrikeDummy":92,"InkBottle":56,"Ring of the Snake":0,"Pocketwatch":77,"Meat on the Bone":87}],"InkBottle":[40],"Ring of the Snake":[56],"Pocketwatch":[6],"Meat on the Bone":12},"card_choices":[{"not_picked":["Cloak And Dagger","Poisoned Stab"],"picked":"Dagger Spray","floor":1},{"not_picked":["Dodge and Roll","Deflect","Well Laid Plans"],"picked":"SKIP","floor":3},{"not_picked":["Quick Slash","Underhanded Strike"],"picked":"Backstab","floor":7},{"not_picked":["Deadly Poison","PiercingWail"],"picked":"Dash","floor":8},{"not_picked":["Underhanded Strike","Quick Slash"],"picked":"Blade Dance","floor":10},{"not_picked":["Dagger Throw","Reflex","Poisoned Stab"],"picked":"SKIP","floor":12},{"not_picked":["Slice","Noxious Fumes"],"picked":"Cloak And Dagger","floor":13},{"not_picked":["Unload","Malaise"],"picked":"Burst","floor":16},{"not_picked":["Dodge and Roll","Outmaneuver"],"picked":"Quick Slash","floor":18},{"not_picked":["Catalyst","Dagger Throw"],"picked":"Corpse Explosion","floor":20},{"not_picked":["Flying Knee","Deadly Poison","Masterful Stab"],"picked":"SKIP","floor":21},{"not_picked":["Setup","Crippling Poison"],"picked":"Noxious Fumes+1","floor":22},{"not_picked":["Underhanded Strike","Masterful Stab+1","Accuracy"],"picked":"SKIP","floor":24},{"not_picked":["Crippling Poison","Dagger Throw"],"picked":"Backflip","floor":28},{"not_picked":["Finisher","Slice","Deflect"],"picked":"SKIP","floor":30},{"not_picked":["Bullet Time","Storm of Steel"],"picked":"After Image","floor":33},{"not_picked":["Quick Slash","Poisoned Stab","Underhanded Strike+1"],"picked":"SKIP","floor":35},{"not_picked":["PiercingWail","Prepared","Dagger Spray"],"picked":"SKIP","floor":36},{"not_picked":["PiercingWail","Prepared","Dagger Spray"],"picked":"SKIP","floor":36},{"not_picked":["Crippling Poison","Predator"],"picked":"Dodge and Roll","floor":37},{"not_picked":["Malaise","PiercingWail"],"picked":"Infinite Blades","floor":38},{"not_picked":["Calculated Gamble","Setup"],"picked":"Blade Dance","floor":39},{"not_picked":["Endless Agony","Backflip"],"picked":"Cloak And Dagger+1","floor":41},{"not_picked":["Dagger Throw","Deadly Poison","Skewer"],"picked":"SKIP","floor":42},{"not_picked":["Skewer","Dodge and Roll"],"picked":"Acrobatics","floor":44},{"not_picked":["Bane","Endless Agony"],"picked":"Dagger Throw+1","floor":46},{"not_picked":["Poisoned Stab","Acrobatics","Skewer"],"picked":"SKIP","floor":48}],"player_experience":2364563,"relics_obtained":[{"floor":7,"key":"Gremlin Horn"},{"floor":9,"key":"Shuriken"},{"floor":12,"key":"Bottled Tornado"},{"floor":24,"key":"Potion Belt"},{"floor":26,"key":"Centennial Puzzle"},{"floor":28,"key":"Mummified Hand"},{"floor":30,"key":"InkBottle"},{"floor":39,"key":"Pocketwatch"},{"floor":41,"key":"Tough Bandages"},{"floor":42,"key":"Meat on the Bone"},{"floor":44,"key":"StrikeDummy"}],"event_choices":[{"damage_healed":0,"gold_gain":75,"player_choice":"Gather Gold","damage_taken":11,"max_hp_gain":0,"max_hp_loss":0,"event_name":"World of Goop","floor":4,"gold_loss":0},{"cards_removed":["Strike_G"],"damage_healed":0,"gold_gain":0,"player_choice":"Offered Basic","damage_taken":0,"max_hp_gain":0,"max_hp_loss":0,"event_name":"Bonfire Elementals","floor":5,"gold_loss":0},{"damage_healed":0,"gold_gain":0,"player_choice":"Gave Potion","damage_taken":0,"relics_obtained":["Nunchaku"],"max_hp_gain":0,"max_hp_loss":0,"event_name":"WeMeetAgain","floor":11,"gold_loss":0},{"cards_removed":["Strike_G"],"damage_healed":0,"gold_gain":0,"player_choice":"Card Removal","damage_taken":0,"max_hp_gain":0,"max_hp_loss":0,"event_name":"The Cleric","floor":14,"gold_loss":75},{"cards_removed":["Strike_G"],"damage_healed":0,"gold_gain":0,"player_choice":"Purged","damage_taken":0,"max_hp_gain":0,"max_hp_loss":0,"event_name":"Purifier","floor":19,"gold_loss":0},{"damage_healed":0,"gold_gain":0,"player_choice":"Fight","damage_taken":0,"max_hp_gain":0,"max_hp_loss":0,"event_name":"Mysterious Sphere","floor":39,"gold_loss":0},{"damage_healed":0,"gold_gain":0,"player_choice":"Fight","damage_taken":0,"max_hp_gain":0,"max_hp_loss":0,"event_name":"MindBloom","floor":41,"gold_loss":0},{"cards_removed":["Dash"],"damage_healed":0,"gold_gain":0,"player_choice":"Removed Attack","damage_taken":0,"max_hp_gain":0,"max_hp_loss":0,"event_name":"Falling","floor":47,"gold_loss":0}],"is_beta":true,"boss_relics":[{"not_picked":["Fusion Hammer","Astrolabe"],"picked":"Ectoplasm"},{"not_picked":["Cursed Key","Runic Dome"],"picked":"WristBlade"}],"items_purged_floors":[],"is_endless":false,"potions_floor_spawned":[3,10,12,16,18,21,33,36,38,39,46,48],"killed_by":"Time Eater","ascension_level":20}}