{"host":"b34lfm0pg36jv5no","time":1612054640,"event":{"mods":["BaseMod","Bestiary","Colored Map","Dark Map","Minty Spire (QoL Compilation)","Relic Stats","ojb\u0027s Info Mod"],"gold_per_floor":[112,124,124,161,236,264,283,283,308,308,115,125,151,178,178,178,178],"floor_reached":16,"language":"ENG","playtime":2165,"items_purged":["Strike_P"],"score":154,"play_id":"c19236aa-0bf8-4c13-970c-031c7e290e79","local_time":"20210131005720","is_ascension_mode":true,"campfire_choices":[{"data":"WaveOfTheHand","floor":8,"key":"SMITH"},{"floor":10,"key":"REST"},{"data":"Study","floor":15,"key":"SMITH"}],"circlet_count":0,"master_deck":["Strike_P","Strike_P","Strike_P","Defend_P","Vigilance","Pray+1","Protect+1","ForeignInfluence+1","MentalFortress","BowlingBash","Pray","WaveOfTheHand+1","Study+1"],"relics":["Astrolabe","Nunchaku","Ancient Tea Set","Membership Card","Centennial Puzzle","Bag of Preparation"],"acts_visited":["Exordium"],"potions_floor_usage":[6,7,13,16,16],"damage_taken":[{"damage":0,"enemies":"2 Louse","floor":1,"turns":2},{"damage":0,"enemies":"Cultist","floor":2,"turns":3},{"damage":4,"enemies":"Jaw Worm","floor":4,"turns":4},{"damage":25,"enemies":"3 Sentries","floor":6,"turns":11},{"damage":12,"enemies":"Exordium Thugs","floor":7,"turns":4},{"damage":0,"enemies":"Exordium Wildlife","floor":12,"turns":3},{"damage":2,"enemies":"Lagavulin","floor":13,"turns":6},{"damage":33,"enemies":"Slime Boss","floor":16,"turns":12}],"seed_played":"5880831702070672810","potions_obtained":[{"floor":1,"key":"SneckoOil"},{"floor":4,"key":"ColorlessPotion"},{"floor":6,"key":"AttackPotion"},{"floor":7,"key":"SpeedPotion"},{"floor":12,"key":"SpeedPotion"}],"is_trial":false,"path_per_floor":["M","M","?","M","?","E","M","R","T","R","$","M","E","T","R","B"],"character_chosen":"WATCHER","items_purchased":["Membership Card"],"campfire_rested":1,"item_purchase_floors":[11],"current_hp_per_floor":[65,65,65,61,50,25,13,13,13,34,34,34,32,32,32,0,0],"gold":178,"neow_bonus":"BOSS_RELIC","is_daily":false,"chose_seed":false,"campfire_upgraded":2,"win_rate":0.0,"timestamp":1612054640,"path_taken":["M","M","?","?","?","E","M","R","T","R","?","M","E","?","R","BOSS"],"items_purchased_type":["Relic"],"build_version":"2020-12-22","purchased_purges":1,"victory":false,"max_hp_per_floor":[72,72,72,72,72,72,72,72,72,72,72,72,72,72,72,72,72],"relic_stats":{"Nunchaku":[3],"Centennial Puzzle":[3],"counters":[8,45],"Astrolabe":["Pray","Protect","ForeignInfluence"],"Bag of Preparation":[2],"obtain_stats":[{"Nunchaku":6,"Centennial Puzzle":13,"Astrolabe":0,"Bag of Preparation":14,"Membership Card":11,"PureWater":0,"Ancient Tea Set":9},{"Nunchaku":4,"Centennial Puzzle":7,"Astrolabe":0,"Bag of Preparation":7,"Membership Card":5,"PureWater":0,"Ancient Tea Set":5},{"Nunchaku":20,"Centennial Puzzle":33,"Astrolabe":0,"Bag of Preparation":33,"Membership Card":24,"PureWater":0,"Ancient Tea Set":24}]},"card_choices":[{"not_picked":["Crescendo","EmptyBody"],"picked":"MentalFortress","floor":1},{"not_picked":["ThirdEye","MentalFortress"],"picked":"BowlingBash","floor":2},{"not_picked":["SashWhip","FollowUp"],"picked":"WaveOfTheHand","floor":4},{"not_picked":["Vengeance","CarveReality","FlurryOfBlows"],"picked":"SKIP","floor":6},{"not_picked":["JustLucky","Crescendo","MentalFortress"],"picked":"SKIP","floor":7},{"not_picked":["EmptyFist","Halt"],"picked":"Study","floor":12},{"not_picked":["SpiritShield","FollowUp","EmptyFist"],"picked":"SKIP","floor":13}],"player_experience":2572776,"relics_obtained":[{"floor":6,"key":"Nunchaku"},{"floor":9,"key":"Ancient Tea Set"},{"floor":13,"key":"Centennial Puzzle"},{"floor":14,"key":"Bag of Preparation"}],"event_choices":[{"damage_healed":0,"gold_gain":0,"cards_transformed":["Eruption"],"player_choice":"Transformed","damage_taken":0,"max_hp_gain":0,"max_hp_loss":0,"event_name":"Transmorgrifier","floor":3,"gold_loss":0,"cards_obtained":["Pray"]},{"damage_healed":0,"gold_gain":75,"player_choice":"Gather Gold","damage_taken":11,"max_hp_gain":0,"max_hp_loss":0,"event_name":"World of Goop","floor":5,"gold_loss":0}],"is_beta":false,"boss_relics":[],"items_purged_floors":[11],"is_endless":false,"potions_floor_spawned":[1,4,6,7,12],"killed_by":"Slime Boss","ascension_level":8}}