{"host":"o6rpelx2jpc8yies","time":1612118305,"event":{"mods":["BaseMod","Downfall","Minty Spire (QoL Compilation)","StSLib"],"gold_per_floor":[99,116,131,131,149,57,57,57,70,70,98,83,83,95,113,113,113,113],"floor_reached":16,"language":"ENG","playtime":777,"items_purged":[],"score":122,"play_id":"65398a7c-8a23-45ba-9dc5-f729be0cc49b","local_time":"20210131113825","is_ascension_mode":true,"campfire_choices":[{"floor":1.0,"key":"RECALL"},{"floor":8.0,"key":"REST"},{"floor":13.0,"key":"REST"}],"circlet_count":0,"master_deck":["bronze:Strike","bronze:Strike","bronze:Strike+1","bronze:Strike","bronze:Defend+1","bronze:Defend","bronze:Defend+1","bronze:Defend","bronze:Replicate","bronze:Goto","bronze:Mutator","bronze:Turbo","bronze:OilSpill","downfall:Malfunctioning","bronze:BuggyMess","bronze:Iterate","bronze:ChosenStrike","bronze:Shield","bronze:Repair","bronze:Constructor","bronze:Branch"],"relics":["bronze:BronzeCore","Mercury Hourglass","Orichalcum"],"acts_visited":["Exordium"],"potions_floor_usage":[16],"damage_taken":[{"damage":9.0,"enemies":"Jaw Worm","floor":2.0,"turns":5.0},{"damage":4.0,"enemies":"Small Slimes","floor":3.0,"turns":4.0},{"damage":0.0,"enemies":"Cultist","floor":5.0,"turns":4.0},{"damage":2.0,"enemies":"downfall:FleeingMerchant","floor":6.0,"turns":4.0},{"damage":17.0,"enemies":"Exordium Thugs","floor":9.0,"turns":4.0},{"damage":15.0,"enemies":"3 Sentries","floor":11.0,"turns":6.0},{"damage":2.0,"enemies":"downfall:FleeingMerchant","floor":12.0,"turns":4.0},{"damage":0.0,"enemies":"2 Fungi Beasts","floor":14.0,"turns":2.0},{"damage":10.0,"enemies":"Red Slaver","floor":15.0,"turns":3.0},{"damage":84,"enemies":"WA_ARCHETYPE_RETAIN","floor":16,"turns":10}],"seed_played":"3767039185536157771","potions_obtained":[{"floor":2.0,"key":"sneckomod:MuddlingPotion"},{"floor":3.0,"key":"bronze:BurnAndBuffPotion"},{"floor":9.0,"key":"Regen Potion"},{"floor":15.0,"key":"bronze:CleanCodePotion"}],"is_trial":false,"path_per_floor":["R","M","M","?","M","$","T","R","M","?","E","$","R","M","M","B"],"character_chosen":"THE_AUTOMATON","items_purchased":["bronze:ChosenStrike"],"campfire_rested":2,"item_purchase_floors":[6],"current_hp_per_floor":[49,40,36,36,36,34,34,55,38,38,38,43,64,70,60,0,0,0],"gold":113,"neow_bonus":"THREE_RARE_CARDS","is_daily":false,"chose_seed":false,"campfire_upgraded":0,"win_rate":0.0,"timestamp":1612118305,"path_taken":["R","M","M","?","M","$","T","R","M","?","E","?","R","?","M","BOSS"],"items_purchased_type":["Card"],"build_version":"2020-12-22","purchased_purges":0,"victory":false,"max_hp_per_floor":[70,70,70,70,70,70,70,70,70,70,70,70,70,70,70,70,70,70],"card_choices":[{"not_picked":["bronze:ShipIt","bronze:Format"],"picked":"bronze:Mutator","floor":0.0},{"not_picked":["bronze:Flail","bronze:DigitalCarnage"],"picked":"bronze:Turbo","floor":2.0},{"not_picked":["bronze:WildBeam","bronze:Separator"],"picked":"bronze:OilSpill","floor":3.0},{"not_picked":["bronze:Invalidate","bronze:Flail"],"picked":"bronze:BuggyMess","floor":5.0},{"not_picked":["bronze:GetLatest","bronze:Frontload"],"picked":"bronze:Iterate","floor":6.0},{"not_picked":["bronze:AlphaBuild","bronze:Deprecate"],"picked":"bronze:Shield","floor":9.0},{"not_picked":["bronze:BugBarrage","bronze:HyperBeam"],"picked":"bronze:Repair","floor":11.0},{"not_picked":["bronze:WhirlingStrike","bronze:Flail","bronze:Iterate"],"picked":"SKIP","floor":12.0},{"not_picked":["bronze:Safeguard","bronze:NullPointer"],"picked":"bronze:Constructor","floor":14.0},{"not_picked":["bronze:DelayedSlice","bronze:NullPointer"],"picked":"bronze:Branch","floor":15.0}],"player_experience":1890959,"relics_obtained":[{"floor":7.0,"key":"Mercury Hourglass"},{"floor":11.0,"key":"Orichalcum"}],"event_choices":[],"is_beta":false,"boss_relics":[],"items_purged_floors":[],"is_endless":false,"potions_floor_spawned":[2,3,9,15],"killed_by":"WA_ARCHETYPE_RETAIN","ascension_level":4}}