{"host":"TheHustler","time":1612054246,"event":{"mods":["BaseMod","Block Reminder","Colored Map","Colored Powertips","Minty Spire (QoL Compilation)","Quick Restart","StSLib","SuperFastMode","Unceasing Turn Reminder"],"gold_per_floor":[113,4,19,38,53,53,80,80,80,105,118,118,183,193,193,295,295,306,317,334,259,259,259,294,294,294,305,316,316,326,336,336,435,435,446,446,49,60,60,89,101,101,174,193,212,56,56,56,56,56],"floor_reached":51,"language":"ENG","playtime":1207,"items_purged":["Strike_B","Strike_B"],"score":736,"play_id":"b297e5f9-806f-4450-8f79-ab600e74742c","local_time":"20210131015046","is_ascension_mode":false,"campfire_choices":[{"data":"Zap","floor":6,"key":"SMITH"},{"data":"Coolheaded","floor":12,"key":"SMITH"},{"data":"Loop","floor":15,"key":"SMITH"},{"data":"Rainbow","floor":23,"key":"SMITH"},{"data":"Beam Cell","floor":25,"key":"SMITH"},{"data":"Stack","floor":29,"key":"SMITH"},{"data":"Conserve Battery","floor":32,"key":"SMITH"},{"data":"Rip and Tear","floor":42,"key":"SMITH"},{"data":"Leap","floor":47,"key":"SMITH"},{"floor":49,"key":"REST"}],"circlet_count":0,"master_deck":["Strike_B","Defend_B+1","Zap+1","Dualcast+1","Rip and Tear+1","Leap+1","Coolheaded+1","Loop+1","Sweeping Beam","Conserve Battery+1","Rainbow+1","Stack+1","Cold Snap","Beam Cell+1","Hologram+1","Gash","Ball Lightning","Gash+1","Sweeping Beam+1"],"relics":["Cracked Core","Pantograph","Cables","HornCleat","War Paint","Runic Dome","Calipers","Bottled Lightning","SlaversCollar","FossilizedHelix","Strawberry","Bottled Tornado","Runic Capacitor"],"acts_visited":["Exordium","TheCity","TheBeyond"],"potions_floor_usage":[20,50,50,50,50,50],"damage_taken":[{"damage":0,"enemies":"Small Slimes","floor":1,"turns":2},{"damage":1,"enemies":"Cultist","floor":3,"turns":3},{"damage":1,"enemies":"Jaw Worm","floor":4,"turns":2},{"damage":7,"enemies":"3 Louse","floor":5,"turns":3},{"damage":12,"enemies":"Lagavulin","floor":7,"turns":7},{"damage":5,"enemies":"Gremlin Nob","floor":10,"turns":4},{"damage":2,"enemies":"Exordium Wildlife","floor":11,"turns":4},{"damage":0,"enemies":"Gremlin Nob","floor":13,"turns":4},{"damage":3,"enemies":"Blue Slaver","floor":14,"turns":2},{"damage":28,"enemies":"Slime Boss","floor":16,"turns":11},{"damage":3,"enemies":"3 Byrds","floor":18,"turns":5},{"damage":0,"enemies":"Spheric Guardian","floor":19,"turns":3},{"damage":11,"enemies":"Snecko","floor":20,"turns":5},{"damage":4,"enemies":"Book of Stabbing","floor":24,"turns":5},{"damage":0,"enemies":"Centurion and Healer","floor":27,"turns":7},{"damage":0,"enemies":"Shelled Parasite and Fungi","floor":28,"turns":5},{"damage":0,"enemies":"Chosen and Byrds","floor":30,"turns":5},{"damage":3,"enemies":"Snecko","floor":31,"turns":5},{"damage":25,"enemies":"Automaton","floor":33,"turns":10},{"damage":3,"enemies":"Orb Walker","floor":35,"turns":3},{"damage":0,"enemies":"3 Shapes","floor":38,"turns":3},{"damage":7,"enemies":"Reptomancer","floor":40,"turns":9},{"damage":19,"enemies":"Writhing Mass","floor":41,"turns":5},{"damage":0,"enemies":"Transient","floor":44,"turns":5},{"damage":0,"enemies":"3 Darklings","floor":45,"turns":5},{"damage":49,"enemies":"Donu and Deca","floor":50,"turns":8}],"seed_played":"8579048987488783121","potions_obtained":[{"floor":1,"key":"Swift Potion"},{"floor":4,"key":"PotionOfCapacity"},{"floor":7,"key":"CultistPotion"},{"floor":20,"key":"Fruit Juice"},{"floor":24,"key":"EntropicBrew"}],"is_trial":false,"path_per_floor":["M","$","M","M","M","R","E","?","T","E","M","R","?","M","R","B",null,"M","M","M","?","?","R","E","R","T","M","M","R","M","M","R","B",null,"M","?","$","M","?","E","M","R","T","M","M","$","R","$","R","B",null],"character_chosen":"DEFECT","items_purchased":["Rip and Tear","FossilizedHelix","Runic Capacitor"],"campfire_rested":1,"item_purchase_floors":[2,37,46],"current_hp_per_floor":[82,82,81,80,73,73,61,61,61,56,54,54,54,51,51,48,82,79,79,73,73,73,73,69,69,69,69,69,69,69,66,66,62,87,84,84,84,84,84,84,65,65,65,65,65,65,65,65,93,45],"gold":56,"neow_bonus":"TEN_PERCENT_HP_BONUS","is_daily":false,"chose_seed":false,"campfire_upgraded":9,"win_rate":0.0,"timestamp":1612054246,"path_taken":["M","$","M","M","M","R","E","?","T","E","?","R","?","M","R","BOSS","M","M","M","?","?","R","E","R","T","M","M","R","M","M","R","BOSS","M","?","$","M","?","E","M","R","T","M","M","$","R","?","R","BOSS"],"items_purchased_type":["Card","Relic","Relic"],"build_version":"2020-12-18","purchased_purges":2,"victory":true,"max_hp_per_floor":[82,82,82,82,82,82,82,82,82,82,82,82,82,82,82,82,82,82,82,87,87,87,87,87,87,87,87,87,87,87,87,87,87,87,87,87,87,87,87,94,94,94,94,94,94,94,94,94,94,94],"card_choices":[{"not_picked":["Auto Shields","Turbo","Steam Power"],"picked":"SKIP","floor":1},{"not_picked":["Capacitor","Redo","Chaos"],"picked":"SKIP","floor":3},{"not_picked":["Hologram","Redo"],"picked":"Leap","floor":4},{"not_picked":["Cold Snap","Rip and Tear"],"picked":"Coolheaded","floor":5},{"not_picked":["Turbo","Recycle","Steam"],"picked":"SKIP","floor":7},{"not_picked":["Hologram","Recycle"],"picked":"Loop","floor":10},{"not_picked":["Barrage","Chaos"],"picked":"Sweeping Beam","floor":11},{"not_picked":["Steam","Double Energy"],"picked":"Conserve Battery","floor":13},{"not_picked":["All For One","Loop","Hologram"],"picked":"SKIP","floor":14},{"not_picked":["Meteor Strike","All For One"],"picked":"Rainbow","floor":16},{"not_picked":["Leap+1","Sweeping Beam","Hello World"],"picked":"SKIP","floor":18},{"not_picked":["Steam","Streamline","Barrage"],"picked":"SKIP","floor":19},{"not_picked":["Sunder","Skim","Sweeping Beam"],"picked":"SKIP","floor":20},{"not_picked":["Double Energy","Skim+1"],"picked":"Beam Cell","floor":24},{"not_picked":["Coolheaded","Multi-Cast","Conserve Battery"],"picked":"SKIP","floor":27},{"not_picked":["Leap","Compile Driver","Reinforced Body"],"picked":"SKIP","floor":28},{"not_picked":["Compile Driver+1","Auto Shields"],"picked":"Hologram+1","floor":30},{"not_picked":["Capacitor","Tempest"],"picked":"Gash","floor":31},{"not_picked":["Melter+1","Doom and Gloom+1"],"picked":"Ball Lightning","floor":35},{"not_picked":["Recycle","Conserve Battery+1"],"picked":"Gash+1","floor":38},{"not_picked":["Go for the Eyes","Barrage","Streamline"],"picked":"SKIP","floor":40},{"not_picked":["Scrape+1","Recycle"],"picked":"Sweeping Beam+1","floor":41},{"not_picked":["Cold Snap","Stack+1","Hologram"],"picked":"SKIP","floor":44},{"not_picked":["Barrage+1","Go for the Eyes+1","Coolheaded+1"],"picked":"SKIP","floor":45}],"player_experience":654604,"relics_obtained":[{"floor":7,"key":"Pantograph"},{"floor":9,"key":"Cables"},{"floor":10,"key":"HornCleat"},{"floor":13,"key":"War Paint"},{"floor":24,"key":"Calipers"},{"floor":26,"key":"Bottled Lightning"},{"floor":40,"key":"Strawberry"},{"floor":43,"key":"Bottled Tornado"}],"event_choices":[{"cards_removed":["Defend_B"],"damage_healed":0,"gold_gain":0,"player_choice":"Offered Basic","damage_taken":0,"max_hp_gain":0,"max_hp_loss":0,"event_name":"Bonfire Elementals","floor":8,"gold_loss":0},{"damage_healed":0,"gold_gain":0,"player_choice":"Searched \u00271\u0027 times","damage_taken":0,"max_hp_gain":0,"max_hp_loss":0,"event_name":"Dead Adventurer","floor":13,"gold_loss":0},{"cards_removed":["Defend_B"],"damage_healed":0,"gold_gain":0,"player_choice":"Gave Gold","damage_taken":0,"max_hp_gain":0,"max_hp_loss":0,"event_name":"Beggar","floor":21,"gold_loss":75},{"damage_healed":0,"gold_gain":0,"cards_transformed":["Strike_B","Defend_B"],"player_choice":"Became Test Subject","damage_taken":0,"max_hp_gain":0,"max_hp_loss":0,"event_name":"Drug Dealer","floor":22,"gold_loss":0,"cards_obtained":["Stack","Cold Snap"]},{"damage_healed":0,"gold_gain":0,"player_choice":"Ignored","damage_taken":0,"max_hp_gain":0,"max_hp_loss":0,"event_name":"Tomb of Lord Red Mask","floor":36,"gold_loss":0},{"damage_healed":0,"gold_gain":0,"player_choice":"Ignored","damage_taken":0,"max_hp_gain":0,"max_hp_loss":0,"event_name":"Mysterious Sphere","floor":39,"gold_loss":0}],"is_beta":true,"boss_relics":[{"not_picked":["SacredBark","Nuclear Battery"],"picked":"Runic Dome"},{"not_picked":["Black Star","Runic Pyramid"],"picked":"SlaversCollar"}],"items_purged_floors":[2,37],"is_endless":false,"potions_floor_spawned":[1,4,7,13,14,20,24,30,40,41,44,45],"ascension_level":0}}