{"host":"6gickdzyi2e936w7","time":1612055789,"event":{"mods":["Ascension Reborn","BaseMod","BetterRewards","Minty Spire (QoL Compilation)","Random Character Button","Replay The Spire","StSLib","Synergy Search"],"gold_per_floor":[111,111,131,147,147,147,147,322,375,375,395,134,154,174,174,271,271,290,290,290,302,317,317,347,347,397,397,417,435,534,534,534,534,534],"floor_reached":33,"language":"ENG","playtime":1817,"items_purged":["Doubt"],"score":357,"play_id":"83bab601-4484-4ee6-8ff9-7439fdc46572","local_time":"20210130201629","is_ascension_mode":true,"campfire_choices":[{"data":"Replay:Battleflow","floor":7,"key":"SMITH"},{"data":"ForeignInfluence","floor":10,"key":"SMITH"},{"floor":15,"key":"REST"},{"floor":23,"key":"REST"},{"floor":27,"key":"REST"},{"floor":32,"key":"REST"}],"circlet_count":0,"master_deck":["Eruption","Vigilance+1","Worship","ForeignInfluence+1","Steam+1","Replay:Battleflow+1","WreathOfFlame","The Bomb","Consecrate","LessonLearned+1","TalkToTheHand","Pray","Wish+1","Conclude","FlyingSleeves","WaveOfTheHand","Prostrate","MentalFortress+1","Pray","Replay:LoomingThreat","CarveReality"],"relics":["PureWater","Sling","Replay:Wax Seal","Simple Rune","Pandora\u0027s Box","Shovel","Art of War","Counterbalance","Vajra"],"acts_visited":["Exordium","TheCity"],"potions_floor_usage":[11,11,18,21,22,29],"damage_taken":[{"damage":7,"enemies":"2 Louse","floor":1,"turns":4},{"damage":0,"enemies":"Small Slimes","floor":3,"turns":2},{"damage":5,"enemies":"Jaw Worm","floor":4,"turns":4},{"damage":0,"enemies":"2 Fungi Beasts","floor":11,"turns":4},{"damage":1,"enemies":"Red Slaver","floor":13,"turns":3},{"damage":17,"enemies":"3 Louse","floor":14,"turns":2},{"damage":23,"enemies":"Hexaghost","floor":16,"turns":9},{"damage":16,"enemies":"2 Thieves","floor":18,"turns":3},{"damage":8,"enemies":"Shell Parasite","floor":21,"turns":3},{"damage":23,"enemies":"Centurion and Healer","floor":22,"turns":5},{"damage":24,"enemies":"Slavers","floor":24,"turns":4},{"damage":33,"enemies":"Snake Plant","floor":28,"turns":5},{"damage":4,"enemies":"3 Cultists","floor":29,"turns":3},{"damage":61,"enemies":"Automaton","floor":33,"turns":6}],"seed_played":"-9135420042061544356","potions_obtained":[{"floor":3,"key":"Weak Potion"},{"floor":4,"key":"DistilledChaos"},{"floor":14,"key":"Toxic Potion"},{"floor":16,"key":"Swift Potion"},{"floor":18,"key":"Regen Potion"},{"floor":28,"key":"Swift Potion"}],"is_trial":false,"path_per_floor":["M","?","M","M","?","?","R","?","T","R","M","$","M","M","R","B",null,"M","?","T","M","M","R","E","?","T","R","M","M","?","?","R","B"],"character_chosen":"WATCHER","items_purchased":["Sling","Replay:Wax Seal","The Bomb"],"campfire_rested":4,"item_purchase_floors":[0,0,12],"current_hp_per_floor":[65,65,65,60,60,46,46,46,46,46,46,46,45,28,49,26,72,56,56,56,48,30,51,27,27,27,48,15,11,11,35,56,0,0],"gold":534,"neow_bonus":"","is_daily":false,"chose_seed":false,"campfire_upgraded":2,"win_rate":0.0,"timestamp":1612055789,"path_taken":["M","?","M","M","?","?","R","?","T","R","M","$","M","M","R","BOSS","M","?","?","M","M","R","E","?","T","R","?","M","?","?","R","BOSS"],"items_purchased_type":["Relic","Relic","Card"],"build_version":"2020-12-22","purchased_purges":1,"victory":false,"max_hp_per_floor":[72,72,72,72,72,72,72,72,72,72,72,72,72,72,72,72,72,72,72,72,72,72,72,72,72,72,72,72,72,72,72,72,72,72],"card_choices":[{"not_picked":["MentalFortress","Nirvana"],"picked":"Worship","floor":1},{"not_picked":["BowlingBash","Protect"],"picked":"Replay:Battleflow","floor":3},{"not_picked":["TalkToTheHand","Indignation"],"picked":"WreathOfFlame","floor":4},{"not_picked":["JustLucky","Replay:ManipulateFuture","Replay:AtTheReady"],"picked":"SKIP","floor":11},{"not_picked":["Wireheading","CrushJoints","CarveReality"],"picked":"SKIP","floor":13},{"not_picked":["Protect","BowlingBash"],"picked":"Consecrate","floor":14},{"not_picked":["DeusExMachina","Omniscience"],"picked":"LessonLearned","floor":16},{"not_picked":["Replay:ManipulateFuture","ReachHeaven+1"],"picked":"Prostrate","floor":18},{"not_picked":["FollowUp+1","Replay:Battleflow"],"picked":"MentalFortress+1","floor":21},{"not_picked":["Replay:BluntJabs","Tantrum"],"picked":"Pray","floor":22},{"not_picked":["Prostrate","Crescendo+1"],"picked":"Replay:LoomingThreat","floor":24},{"not_picked":["CutThroughFate","FollowUp"],"picked":"CarveReality","floor":28},{"not_picked":["Replay:BluntJabs","JustLucky+1","ClearTheMind"],"picked":"SKIP","floor":29}],"player_experience":94426,"relics_obtained":[{"floor":9,"key":"Simple Rune"},{"floor":20,"key":"Art of War"},{"floor":24,"key":"Counterbalance"},{"floor":26,"key":"Vajra"}],"event_choices":[{"damage_healed":0,"gold_gain":0,"player_choice":"Entered Light","damage_taken":14,"max_hp_gain":0,"max_hp_loss":0,"event_name":"Shining Light","floor":6,"gold_loss":0,"cards_upgraded":["Strike_P","Vigilance"]},{"damage_healed":0,"gold_gain":175,"player_choice":"AGREE","damage_taken":0,"max_hp_gain":0,"max_hp_loss":0,"event_name":"Liars Game","floor":8,"gold_loss":0,"cards_obtained":["Doubt"]},{"damage_healed":0,"gold_gain":0,"player_choice":"Opened","damage_taken":0,"relics_obtained":["Shovel"],"max_hp_gain":0,"max_hp_loss":0,"event_name":"The Mausoleum","floor":19,"gold_loss":0},{"damage_healed":0,"gold_gain":0,"player_choice":"Bought 0 Potions","damage_taken":0,"max_hp_gain":0,"max_hp_loss":0,"event_name":"The Woman in Blue","floor":25,"gold_loss":0},{"damage_healed":0,"gold_gain":99,"player_choice":"Stole From Cult","damage_taken":0,"max_hp_gain":0,"max_hp_loss":0,"event_name":"Nest","floor":30,"gold_loss":0},{"damage_healed":24,"gold_gain":0,"player_choice":"Heal","damage_taken":0,"max_hp_gain":0,"max_hp_loss":0,"event_name":"The Library","floor":31,"gold_loss":0}],"is_beta":false,"boss_relics":[{"not_picked":["Fusion Hammer","Philosopher\u0027s Stone"],"picked":"Pandora\u0027s Box"}],"items_purged_floors":[12],"is_endless":false,"potions_floor_spawned":[3,4,14,16,18,28],"killed_by":"Automaton","ascension_level":0}}