{"host":"6affnl2vk6en9o4b","time":1612096860,"event":{"mods":["AchievementEnabler","Aspiration","BaseMod","BetterRewards","Colored Powertips","Conspire","Downfall","Friendly Minions","Googly Eyes","Highlight Path","Hubris","Minty Spire (QoL Compilation)","Replay The Spire","StSLib","Trackpad","Unceasing Turn Reminder"],"gold_per_floor":[99,118,118,129,210,36,36,52,63,78,78,108,120,28,42,137,137,37,51,79,64,77,93,93,93,93,93],"floor_reached":25,"language":"ENG","playtime":1272,"items_purged":[],"score":230,"play_id":"542bbaa6-503e-4467-b95b-e6c2b9f35b8f","local_time":"20210131124100","is_ascension_mode":false,"campfire_choices":[{"floor":1.0,"key":"RECALL"},{"data":"champ:TripleStrike","floor":18.0,"key":"SMITH"}],"circlet_count":0,"master_deck":["champ:Strike","champ:Strike","champ:Strike","champ:Strike","champ:Defend","champ:Defend","champ:Defend","champ:Defend","champ:Execute","champ:Taunt","champ:Backstep","champ:RisingSlash","champ:ShieldWall","champ:Shatter","champ:BerserkerStyle","champ:TripleStrike+1","champ:Duel","champ:BringItOn","champ:GutPunch","champ:Parry","champ:FaceSlap","champ:DefensiveShout","champ:FlashCut","champ:LastStand","champ:Endure","champ:FancyFootwork+1","champ:RisingSlash+1","champ:DefensiveStyle","champ:FaceSlap"],"relics":["champ:ChampionCrown","The Courier","PreservedInsect","Blue Doll","Cursed Key","downfall:HeartBlessingRed","Red Mask"],"acts_visited":["Exordium","TheCity"],"potions_floor_usage":[],"damage_taken":[{"damage":24.0,"enemies":"Jaw Worm","floor":2.0,"turns":5.0},{"damage":10.0,"enemies":"Small Slimes","floor":4.0,"turns":5.0},{"damage":25.0,"enemies":"downfall:FleeingMerchant","floor":6.0,"turns":4.0},{"damage":10.0,"enemies":"Cultist","floor":8.0,"turns":4.0},{"damage":31.0,"enemies":"Exordium Thugs","floor":9.0,"turns":6.0},{"damage":35.0,"enemies":"Exordium Wildlife","floor":10.0,"turns":4.0},{"damage":30.0,"enemies":"Lagavulin","floor":12.0,"turns":3.0},{"damage":3.0,"enemies":"Lots of Slimes","floor":13.0,"turns":4.0},{"damage":42.0,"enemies":"downfall:FleeingMerchant","floor":14.0,"turns":4.0},{"damage":0.0,"enemies":"Blue Slaver","floor":15.0,"turns":3.0},{"damage":83.0,"enemies":"DF_ARCHETYPE_STREAMLINE","floor":16.0,"turns":12.0},{"damage":5.0,"enemies":"Spheric Guardian","floor":19.0,"turns":2.0},{"damage":44.0,"enemies":"Masked Bandits","floor":20.0,"turns":4.0},{"damage":26.0,"enemies":"downfall:FleeingMerchant","floor":21.0,"turns":4.0},{"damage":10.0,"enemies":"Chosen","floor":22.0,"turns":3.0},{"damage":31.0,"enemies":"3 Cultists","floor":23.0,"turns":5.0},{"damage":64,"enemies":"Gremlin Leader","floor":25,"turns":4}],"seed_played":"-7373880542541911299","potions_obtained":[{"floor":4.0,"key":"champ:UltimateStancePotion"},{"floor":8.0,"key":"Venom Potion"},{"floor":9.0,"key":"PowerPotion"},{"floor":11.0,"key":"LiquidMemories"},{"floor":15.0,"key":"champ:CounterPotion"},{"floor":16.0,"key":"sneckomod:MuddlingPotion"},{"floor":22.0,"key":"Adrenaline Potion"}],"is_trial":false,"path_per_floor":["R","M","?","M","T","$","T","M","M","M","?","E","M","$","M","B",null,"R","M","?","$","M","M","T","E"],"character_chosen":"THE_CHAMP","items_purchased":["PreservedInsect","champ:Shatter","champ:FaceSlap","champ:DefensiveShout"],"campfire_rested":0,"item_purchase_floors":[6,6,14,14],"current_hp_per_floor":[90,86,86,86,86,86,86,86,65,61,61,61,58,48,48,24,90,90,85,56,50,50,34,34,0,0,0],"gold":93,"neow_bonus":"RANDOM_COMMON_RELIC","is_daily":false,"chose_seed":false,"campfire_upgraded":1,"win_rate":0.0,"timestamp":1612096860,"path_taken":["R","M","?","M","?","?","T","M","M","M","?","E","M","$","M","BOSS","R","M","?","?","?","M","T","E"],"items_purchased_type":["Relic","Card","Card","Card"],"build_version":"2020-12-22","purchased_purges":0,"victory":false,"max_hp_per_floor":[90,90,90,90,90,90,90,90,90,90,90,90,90,90,90,90,90,90,90,90,90,90,90,90,90,90,90],"card_choices":[{"not_picked":["champ:GutPunch","champ:ShieldSlam"],"picked":"champ:Backstep","floor":2.0},{"not_picked":["champ:AdrenalArmor","champ:StanceDance"],"picked":"champ:RisingSlash","floor":4.0},{"not_picked":["champ:BerserkersShout","champ:RisingSlash"],"picked":"champ:ShieldWall","floor":6.0},{"not_picked":["champ:GladiatorStyle","champ:AdrenalArmor"],"picked":"champ:BerserkerStyle","floor":8.0},{"not_picked":["champ:FalseCounter","champ:StanceDance"],"picked":"champ:TripleStrike","floor":9.0},{"not_picked":["champ:PreemptiveStrike","champ:BladeFlurry"],"picked":"champ:Duel","floor":10.0},{"not_picked":["champ:StanceDance","champ:PreemptiveStrike"],"picked":"champ:BringItOn","floor":12.0},{"not_picked":["champ:EndlessRage","champ:Haymaker"],"picked":"champ:GutPunch","floor":13.0},{"not_picked":["champ:GutPunch","champ:FocusedBerserking"],"picked":"champ:Parry","floor":14.0},{"not_picked":["champ:CalledShot","champ:DefensiveShout"],"picked":"champ:FlashCut","floor":15.0},{"not_picked":["champ:IgnorePain","champ:SteelEdge"],"picked":"champ:LastStand","floor":16.0},{"not_picked":["champ:HeartStrike+1","champ:ArenaPreparation"],"picked":"champ:Endure","floor":19.0},{"not_picked":["champ:RisingSlash+1","champ:FanOfKnives"],"picked":"champ:FancyFootwork+1","floor":20.0},{"not_picked":["champ:BerserkerStyle","champ:DefensiveShout+1"],"picked":"champ:RisingSlash+1","floor":21.0},{"not_picked":["champ:CalledShot","champ:GutPunch"],"picked":"champ:DefensiveStyle","floor":22.0},{"not_picked":["champ:FlashCut","champ:CrownThrow"],"picked":"champ:FaceSlap","floor":23.0}],"player_experience":227903,"relics_obtained":[{"floor":5.0,"key":"The Courier"},{"floor":12.0,"key":"Blue Doll"},{"floor":20.0,"key":"Red Mask"}],"event_choices":[{"damage_healed":0.0,"max_hp_gain":0.0,"max_hp_loss":0.0,"gold_gain":0.0,"event_name":"conspire:Investor","player_choice":"Leave","floor":3.0,"gold_loss":0.0,"damage_taken":0.0},{"damage_healed":0.0,"max_hp_gain":0.0,"max_hp_loss":0.0,"gold_gain":0.0,"event_name":"Masked Bandits","player_choice":"Fought Bandits","floor":20.0,"gold_loss":0.0,"damage_taken":0.0}],"is_beta":false,"boss_relics":[{"not_picked":["Ring of Chaos","hubris:TerracottaHorce"],"picked":"Cursed Key"}],"items_purged_floors":[],"is_endless":false,"potions_floor_spawned":[4,8,9,10,15,16,22],"killed_by":"Gremlin Leader","ascension_level":0}}