{"host":"yp2ga117svxnbcen","time":1612084663,"event":{"mods":["Act Like it!","Aspiration","BaseMod","BetterRewards","ChefMod","Colored Map","Conspire","Custom Start","Downfall","Elementarium","Gensokyo","GifTheSpireLib","Gold Saver","GungeonMod","Halation","Hallownest","Hermit","HornydragonMod","Hubris","Menagerie","Minty Spire (QoL Compilation)","Quick Restart","Remove Card Discount Mod","Replay The Spire","Shop Mod","Spicy Shops","StSLib","Stuff the Spire","The Blue Laboratory","The IronCluck","egg","slay the spire mod where everything is the same but ironclad has a cowboy hat","??????REMEMod"],"gold_per_floor":[1086,1099,1117,1117,1134,795,795,795,808,708,718,75,75,89,105,203,203,103,103,203,76,92,92,92,4,4,35,53,53,63,79,90,195,195,195,195,408,425,425,161,161,178,178,178,178,204,204,231,131,131,131,163,63,63,63,63,63,63],"floor_reached":56,"language":"ENG","playtime":2478,"items_purged":["champ:Strike","champ:Strike","champ:Strike","champ:Taunt","champ:Strike","champ:Execute","downfall:Malfunctioning","hubris:Greed","Looming Evil","downfall:Icky","hubris:Greed","conspire:Blindness","champ:DefensiveShout","champ:DefensiveStyle","champ:DefensiveShout"],"score":1090,"play_id":"ff35b86c-93a1-41a6-bb10-f87fdb203d0e","local_time":"20210131011743","is_ascension_mode":false,"campfire_choices":[{"data":"champ:TripleStrike","floor":1.0,"key":"SMITH"},{"floor":10.0,"key":"RECALL"},{"data":"champ:DefensiveStyle","floor":13.0,"key":"SMITH"},{"data":"champ:HoldFirm","floor":18.0,"key":"SMITH"},{"data":"champ:Lariat","floor":23.0,"key":"SMITH"},{"data":"champ:SwordSigil","floor":29.0,"key":"SMITH"},{"data":"champ:Duel","floor":35.0,"key":"SMITH"},{"data":"champ:UltimateStance","floor":43.0,"key":"SMITH"},{"data":"champ:FocusedDefense","floor":45,"key":"SMITH"},{"data":"champ:ShieldWall","floor":47,"key":"SMITH"},{"floor":49,"key":"REST"},{"data":"champ:SteelEdge","floor":54,"key":"SMITH"}],"circlet_count":0,"master_deck":["champ:Defend","champ:Defend","champ:Defend","champ:Defend","champ:TripleStrike+1","champ:Backstep+1","Creative AI+1","champ:EnGarde","champ:FalseCounter+1","champ:ShieldWall+1","champ:Lariat+1","champ:DefensiveStyle+1","champ:HoldFirm+1","CurseOfTheBell","CurseOfTheBell","champ:VampiricStrike","champ:BringItOn+1","champ:DefensiveStyle+1","champ:SwordSigil+1","champ:Lariat+1","champ:FocusedDefense+1","champ:BringItOn","champ:UltimateStance+1","champ:Endure+1","champ:DefensiveShout+1","champ:ShieldWall+1","champ:ShieldThrow","champ:Lariat","champ:Duel+1","champ:Duel+1","champ:Backstep+1","champ:SteelEdge+1"],"relics":["champ:ChampionCrown","REME_ComplimentaryCards","Pen Nib","downfall:HeartBlessingBlue","Thread and Needle","Pantograph","Black Star","downfall:HeartBlessingRed","halation:YellowSoulGem","downfall:ExtraCursedBell","ReplayFunnel","halation:TwoAmDonut","hubris:GlazedTorus","ReplayTheSpireMod:CursedCoin","StuffTheSpire:CocoNut","Frozen Egg 2","Happy Flower","StuffTheSpire:Mouthbags","REME_LowDesire","Art of War","halation:LettersToHer","halation:PapillonHeart","StuffTheSpire:HeavyRock","Anchor","Replay:Rubber Ducky","Darkstone Periapt","aspiration:Lifesprig","Bronze Scales","downfall:HeartBlessingGreen","aspiration:FetidBarrel","hubris:TenFootPole"],"acts_visited":["Exordium","TheCity","TheBeyond","TheEnding"],"potions_floor_usage":[50,50,52,55],"damage_taken":[{"damage":11.0,"enemies":"Jaw Worm","floor":2.0,"turns":2.0},{"damage":0.0,"enemies":"2 Louse","floor":3.0,"turns":2.0},{"damage":0.0,"enemies":"Small Slimes","floor":5.0,"turns":2.0},{"damage":0.0,"enemies":"downfall:FleeingMerchant","floor":6.0,"turns":4.0},{"damage":0.0,"enemies":"Blue Slaver","floor":9.0,"turns":3.0},{"damage":3.0,"enemies":"3 Louse","floor":11.0,"turns":3.0},{"damage":0.0,"enemies":"downfall:FleeingMerchant","floor":12.0,"turns":4.0},{"damage":0.0,"enemies":"Exordium Thugs","floor":14.0,"turns":4.0},{"damage":0.0,"enemies":"Blue Slaver","floor":15.0,"turns":4.0},{"damage":0.0,"enemies":"SI_SHIV_ARCHETYPE","floor":16.0,"turns":7.0},{"damage":0.0,"enemies":"downfall:FleeingMerchant","floor":21.0,"turns":4.0},{"damage":0.0,"enemies":"Spheric Guardian","floor":22.0,"turns":3.0},{"damage":0.0,"enemies":"downfall:FleeingMerchant","floor":25.0,"turns":4.0},{"damage":0.0,"enemies":"Snake Plant","floor":26.0,"turns":2.0},{"damage":11.0,"enemies":"Gremlin Leader","floor":27.0,"turns":10.0},{"damage":3.0,"enemies":"Centurion and Healer","floor":28.0,"turns":7.0},{"damage":0.0,"enemies":"Cultist and Chosen","floor":30.0,"turns":4.0},{"damage":0.0,"enemies":"Snake Plant","floor":31.0,"turns":2.0},{"damage":0.0,"enemies":"Shelled Parasite and Fungi","floor":32.0,"turns":3.0},{"damage":28.0,"enemies":"WA_ARCHETYPE_CALM","floor":33.0,"turns":7.0},{"damage":0.0,"enemies":"downfall:FleeingMerchant","floor":37.0,"turns":4.0},{"damage":6.0,"enemies":"3 Shapes","floor":38.0,"turns":4.0},{"damage":0.0,"enemies":"Orb Walker","floor":42.0,"turns":2.0},{"damage":38,"enemies":"Nemesis","floor":46,"turns":8},{"damage":55,"enemies":"R_Hoarder","floor":48,"turns":5},{"damage":46,"enemies":"DF_ARCHETYPE_ORBS","floor":50,"turns":7},{"damage":25,"enemies":"downfall:CharBossMerchant","floor":52,"turns":7},{"damage":4,"enemies":"downfall:NeowBoss","floor":55,"turns":13},{"damage":122,"enemies":"downfall:NeowBossFinal","floor":56,"turns":8}],"seed_played":"513180840454437142","potions_obtained":[{"floor":3.0,"key":"FearPotion"},{"floor":9.0,"key":"PowerPotion"},{"floor":14.0,"key":"blueLaboratory:PhilterOfMotion"},{"floor":15.0,"key":"EssenceOfSteel"},{"floor":16.0,"key":"SmokeBomb"},{"floor":22.0,"key":"blueLaboratory:AbyssPotion"},{"floor":30.0,"key":"Languid Potion"},{"floor":46,"key":"PowerPotion"},{"floor":48,"key":"hexamod:SoulburnPotion"}],"is_trial":false,"path_per_floor":["R","M","M","?","M","$","T","?","M","R","M","$","R","M","M","B",null,"R","?","?","$","M","R","T","$","M","E","M","R","M","M","M","B",null,"R","?","$","M","?","$","T","M","R","?","R","E","R","E","R","B",null,"E","$","R","B","B"],"character_chosen":"THE_CHAMP","items_purchased":["Pen Nib","champ:FalseCounter","champ:ShieldWall","champ:DefensiveShout","Energy Potion","Thread and Needle","Pantograph","champ:DefensiveStyle","ReplayTheSpireMod:CursedCoin","StuffTheSpire:CocoNut","champ:DefensiveStyle+1","StuffTheSpire:HeavyRock","champ:ShieldWall+1","champ:ShieldThrow","champ:Lariat","Cursed Concoction"],"campfire_rested":1,"item_purchase_floors":[6,6,6,6,6,12,12,12,21,21,25,37,40,40,40,53],"current_hp_per_floor":[90,79,79,79,79,79,79,79,79,89,86,86,86,86,86,100,100,100,100,105,112,112,112,112,112,112,101,98,98,98,98,98,84,112,112,106,106,100,100,100,100,100,100,100,100,72,72,72,103,85,106,81,81,81,102,0,0,0],"gold":63,"neow_bonus":"ONE_RANDOM_RARE_CARD","is_daily":false,"chose_seed":false,"campfire_upgraded":10,"win_rate":0.0,"timestamp":1612084663,"path_taken":["R","M","M","?","M","$","T","?","M","R","M","$","R","M","M","BOSS","R","?","?","?","M","R","T","$","M","E","M","R","?","M","M","BOSS","R","?","$","M","?","$","T","?","R","?","R","E","R","E","R","BOSS","E","$","R","BOSS","BOSS"],"items_purchased_type":["Relic","Card","Card","Card","Potion","Relic","Relic","Card","Relic","Relic","Card","Relic","Card","Card","Card","Potion"],"build_version":"2020-12-22","purchased_purges":15,"victory":false,"max_hp_per_floor":[90,90,90,90,90,90,90,90,90,100,100,100,100,100,100,100,100,100,100,105,112,112,112,112,112,112,112,112,112,112,112,112,112,112,112,106,106,106,106,106,106,106,106,106,106,106,106,106,106,106,106,106,106,106,106,106,106,106],"card_choices":[{"not_picked":["champ:DefensiveShout","champ:Encircle"],"picked":"champ:Duel","floor":2.0},{"not_picked":["champ:BringItOn","champ:CrownThrow"],"picked":"champ:Backstep","floor":3.0},{"not_picked":["champ:ShieldSigil","champ:FaceSlap"],"picked":"champ:EnGarde","floor":5.0},{"not_picked":["champ:IgnorePain","champ:FanOfKnives","champ:EnragedBash"],"picked":"SKIP","floor":6.0},{"not_picked":["champ:GutPunch","champ:PerfectedStrike"],"picked":"champ:DefensiveShout","floor":9.0},{"not_picked":["champ:Haymaker","champ:PreciseThrust"],"picked":"champ:Lariat","floor":11.0},{"not_picked":["champ:Shatter","champ:FancyFootwork","champ:DefensiveShout"],"picked":"SKIP","floor":12.0},{"not_picked":["champ:DefensiveShout","champ:Encircle","champ:Shatter"],"picked":"SKIP","floor":14.0},{"not_picked":["champ:RageSigil","champ:DeathBlow"],"picked":"champ:DefensiveStyle","floor":15.0},{"not_picked":["champ:SwordThrow","champ:Devastate"],"picked":"champ:HoldFirm","floor":16.0},{"not_picked":["champ:AdrenalArmor","champ:CrownThrow"],"picked":"champ:BringItOn+1","floor":21.0},{"not_picked":["champ:CrookedStrike","champ:EnGarde","champ:GladiatorStyle"],"picked":"SKIP","floor":22.0},{"not_picked":["champ:TornadoPunch","champ:Shatter"],"picked":"champ:DefensiveStyle+1","floor":25.0},{"not_picked":["champ:Encircle","champ:FlashCut"],"picked":"champ:SwordSigil","floor":27.0},{"not_picked":["champ:IronFortress+1","champ:Haymaker"],"picked":"champ:Lariat+1","floor":28.0},{"not_picked":["champ:BerserkerStyle+1","champ:FanOfKnives+1"],"picked":"champ:FocusedDefense","floor":30.0},{"not_picked":["champ:Shatter","champ:Haymaker"],"picked":"champ:BringItOn","floor":31.0},{"not_picked":["champ:Haymaker+1","champ:SwordThrow","champ:HeartStrike"],"picked":"SKIP","floor":32.0},{"not_picked":["champ:MurderStrike","champ:GladiatorForm+1"],"picked":"champ:UltimateStance","floor":33.0},{"not_picked":["champ:EndlessRage+1","champ:RageSigil+1","Forethought"],"picked":"champ:Endure+1","floor":37.0},{"not_picked":["champ:GutPunch+1","champ:DeathBlow","conspire:Banana+1"],"picked":"champ:DefensiveShout+1","floor":38.0},{"not_picked":["champ:Backstep","champ:EnGarde+1","champ:AdrenalArmor+1","Blind"],"picked":"SKIP","floor":42.0},{"not_picked":["champ:BerserkersShout","champ:BladeFlurry","REME_HeartOfCthun"],"picked":"champ:Duel+1","floor":46},{"not_picked":["champ:Circumvent","champ:EnragedBash+1","Enlightenment"],"picked":"champ:Backstep+1","floor":48},{"not_picked":["champ:DeathBlow+1","champ:GutPunch","REME_BattleFury+1"],"picked":"champ:SteelEdge","floor":52}],"player_experience":1163319,"relics_obtained":[{"floor":20.0,"key":"ReplayFunnel"},{"floor":20.0,"key":"halation:TwoAmDonut"},{"floor":20.0,"key":"hubris:GlazedTorus"},{"floor":24.0,"key":"Frozen Egg 2"},{"floor":27.0,"key":"Happy Flower"},{"floor":27.0,"key":"StuffTheSpire:Mouthbags"},{"floor":34.0,"key":"Art of War"},{"floor":34.0,"key":"halation:LettersToHer"},{"floor":41.0,"key":"Anchor"},{"floor":41.0,"key":"halation:LettersToHer"},{"floor":46,"key":"Replay:Rubber Ducky"},{"floor":46,"key":"Darkstone Periapt"},{"floor":48,"key":"aspiration:Lifesprig"},{"floor":48,"key":"Bronze Scales"},{"floor":52,"key":"aspiration:FetidBarrel"},{"floor":52,"key":"hubris:TenFootPole"}],"event_choices":[],"is_beta":false,"boss_relics":[{"not_picked":["Replay:Wanted Poster","Runic Pyramid"],"picked":"Black Star"},{"not_picked":["Replay:Drink Me","hubris:RunicObelisk"],"picked":"REME_LowDesire"}],"items_purged_floors":[6,6,6,6,6,6,12,21,21,21,21,21,21,53,53],"is_endless":false,"potions_floor_spawned":[3,9,14,15,16,22,26,30,31,46,48],"killed_by":"downfall:NeowBossFinal","ascension_level":0}}