{"host":"4pckc3u5mqcilakq","time":1612125750,"event":{"mods":["AchievementEnabler","BaseMod","Bestiary","Colored Map","Colored Powertips","Highlight Path","Minty Spire (QoL Compilation)","Quick Restart","Relic Stats"],"gold_per_floor":[99,52,52,52,52,52,52,52,52,52,52,52,52,52,52,52,52,52,52,52,30,30,30,30,30,30,30,30,30,30,30,30,30,30,30,30,30,30,30,30,30,30,30,30,30,30,30,30,30,30],"floor_reached":51,"language":"ENG","playtime":2991,"items_purged":[],"score":947,"play_id":"12122729-4125-441e-bb79-ca8c775bf401","local_time":"20210131234230","is_ascension_mode":true,"campfire_choices":[{"data":"Bash","floor":7,"key":"SMITH"},{"data":"Shrug It Off","floor":15,"key":"SMITH"},{"data":"Flame Barrier","floor":24,"key":"SMITH"},{"data":"Evolve","floor":32,"key":"SMITH"},{"data":"Brutality","floor":40,"key":"SMITH"},{"data":"Burning Pact","floor":42,"key":"SMITH"},{"floor":49,"key":"REST"}],"circlet_count":0,"master_deck":["Defend_R","Defend_R","Defend_R","Defend_R","Bash+1","Pommel Strike+1","Shrug It Off+1","Pommel Strike+1","Cleave+1","Fiend Fire+1","Sever Soul+1","Twin Strike+1","Heavy Blade+1","Flame Barrier+1","Burning Pact+1","Reaper+1","Uppercut+1","Iron Wave+1","Pommel Strike+1","Brutality+1","Whirlwind+1","Bite+1","Bite+1","Bite+1","Bite+1","Bite+1","Rupture+1","Evolve+1","Impervious","Iron Wave+1","Iron Wave+1","Sword Boomerang+1","Dark Embrace+1","Dark Embrace","Feel No Pain+1"],"relics":["Ectoplasm","Molten Egg 2","Lizard Tail","Pear","Self Forming Clay","Velvet Choker","Ornamental Fan","MawBank","Whetstone","Mark of Pain","Toy Ornithopter","Omamori","Dream Catcher","Bag of Marbles"],"acts_visited":["Exordium","TheCity","TheBeyond"],"potions_floor_usage":[23,30,44,48,50,50,50],"damage_taken":[{"damage":7,"enemies":"Jaw Worm","floor":1,"turns":3},{"damage":0,"enemies":"Cultist","floor":4,"turns":3},{"damage":2,"enemies":"Small Slimes","floor":5,"turns":3},{"damage":10,"enemies":"Gremlin Nob","floor":6,"turns":3},{"damage":15,"enemies":"3 Sentries","floor":8,"turns":5},{"damage":8,"enemies":"Gremlin Nob","floor":10,"turns":3},{"damage":3,"enemies":"Blue Slaver","floor":12,"turns":2},{"damage":0,"enemies":"2 Fungi Beasts","floor":13,"turns":2},{"damage":12,"enemies":"Lagavulin","floor":14,"turns":5},{"damage":21,"enemies":"The Guardian","floor":16,"turns":9},{"damage":0,"enemies":"Chosen","floor":18,"turns":3},{"damage":7,"enemies":"3 Byrds","floor":19,"turns":4},{"damage":24,"enemies":"Snake Plant","floor":20,"turns":3},{"damage":27,"enemies":"Slavers","floor":23,"turns":5},{"damage":22,"enemies":"Book of Stabbing","floor":28,"turns":4},{"damage":17,"enemies":"Cultist and Chosen","floor":29,"turns":3},{"damage":6,"enemies":"Snecko","floor":30,"turns":3},{"damage":15,"enemies":"3 Cultists","floor":31,"turns":5},{"damage":57,"enemies":"Automaton","floor":33,"turns":7},{"damage":2,"enemies":"Orb Walker","floor":35,"turns":3},{"damage":0,"enemies":"3 Shapes","floor":36,"turns":3},{"damage":20,"enemies":"3 Darklings","floor":37,"turns":4},{"damage":38,"enemies":"Nemesis","floor":41,"turns":5},{"damage":41,"enemies":"Giant Head","floor":44,"turns":6},{"damage":23,"enemies":"Writhing Mass","floor":45,"turns":6},{"damage":16,"enemies":"Maw","floor":48,"turns":5},{"damage":67,"enemies":"Time Eater","floor":50,"turns":10}],"seed_played":"5157434974009592245","potions_obtained":[{"floor":4,"key":"FairyPotion"},{"floor":5,"key":"Fire Potion"},{"floor":6,"key":"EntropicBrew"},{"floor":13,"key":"Weak Potion"},{"floor":23,"key":"Regen Potion"},{"floor":33,"key":"PowerPotion"},{"floor":45,"key":"Strength Potion"}],"is_trial":false,"path_per_floor":["M","$","?","M","M","E","R","E","T","E","?","M","M","E","R","B",null,"M","M","M","$","?","E","R","?","T","?","E","M","M","M","R","B",null,"M","M","M","?","?","R","E","R","T","E","M","T","?","M","R","B",null],"character_chosen":"IRONCLAD","items_purchased":["Shrug It Off","Pommel Strike+1"],"campfire_rested":1,"item_purchase_floors":[2,21],"current_hp_per_floor":[73,73,73,73,71,61,61,46,46,48,48,45,45,33,33,12,90,90,83,68,68,68,53,53,53,53,53,43,48,59,51,51,20,62,62,62,62,62,59,59,25,25,25,12,7,7,7,20,37,9],"gold":30,"neow_bonus":"BOSS_RELIC","is_daily":false,"chose_seed":false,"campfire_upgraded":6,"win_rate":0.0,"timestamp":1612125750,"path_taken":["M","$","?","M","M","E","R","E","T","E","?","?","M","E","R","BOSS","M","M","M","$","?","E","R","?","T","?","E","?","?","M","R","BOSS","M","M","M","?","?","R","E","R","T","E","M","?","?","?","R","BOSS"],"items_purchased_type":["Card","Card"],"build_version":"2020-12-22","purchased_purges":0,"victory":true,"max_hp_per_floor":[80,80,80,80,80,80,80,80,80,90,90,90,90,90,90,90,90,90,90,90,90,90,90,90,90,90,62,62,62,62,62,62,62,62,62,62,62,62,59,59,59,59,59,59,59,59,59,59,59,59],"relic_stats":{"Lizard Tail":0,"Dream Catcher":1,"counters":[27,117],"Self Forming Clay":[240],"Ornamental Fan":[144],"Ectoplasm":1047,"Whetstone":["Pommel Strike","Cleave"],"MawBank":0,"obtain_stats":[{"Pear":10,"Self Forming Clay":14,"Velvet Choker":17,"Omamori":43,"Whetstone":28,"MawBank":26,"Burning Blood":0,"Lizard Tail":8,"Dream Catcher":44,"Ornamental Fan":23,"Molten Egg 2":6,"Ectoplasm":0,"Mark of Pain":34,"Bag of Marbles":46,"Toy Ornithopter":41},{"Pear":6,"Self Forming Clay":9,"Velvet Choker":10,"Omamori":23,"Whetstone":15,"MawBank":14,"Burning Blood":0,"Lizard Tail":5,"Dream Catcher":24,"Ornamental Fan":14,"Molten Egg 2":4,"Ectoplasm":0,"Mark of Pain":19,"Bag of Marbles":25,"Toy Ornithopter":23},{"Pear":20,"Self Forming Clay":29,"Velvet Choker":38,"Omamori":90,"Whetstone":57,"MawBank":53,"Burning Blood":0,"Lizard Tail":17,"Dream Catcher":96,"Ornamental Fan":53,"Molten Egg 2":12,"Ectoplasm":0,"Mark of Pain":75,"Bag of Marbles":102,"Toy Ornithopter":90}],"Toy Ornithopter":25},"card_choices":[{"not_picked":["Sword Boomerang","Havoc"],"picked":"Pommel Strike","floor":1},{"not_picked":["Combust","Havoc"],"picked":"Pommel Strike","floor":4},{"not_picked":["Dropkick","Iron Wave"],"picked":"Cleave","floor":5},{"not_picked":["Feel No Pain","Anger+1"],"picked":"Fiend Fire+1","floor":6},{"not_picked":["Flex","Armaments"],"picked":"Sever Soul+1","floor":8},{"not_picked":["Perfected Strike+1","Body Slam+1"],"picked":"Twin Strike+1","floor":10},{"not_picked":["Armaments","Fire Breathing"],"picked":"Heavy Blade+1","floor":12},{"not_picked":["Bloodletting","Heavy Blade+1"],"picked":"Flame Barrier","floor":13},{"not_picked":["Second Wind","True Grit"],"picked":"Burning Pact","floor":14},{"not_picked":["Barricade","Bludgeon+1"],"picked":"Reaper+1","floor":16},{"not_picked":["Pummel+1","Hemokinesis+1"],"picked":"Uppercut+1","floor":18},{"not_picked":["Armaments","Body Slam+1"],"picked":"Spot Weakness","floor":19},{"not_picked":["Flex","Sever Soul+1"],"picked":"Iron Wave+1","floor":20},{"not_picked":["Sword Boomerang+1","Impervious"],"picked":"Brutality","floor":23},{"not_picked":["Wild Strike+1","Heavy Blade+1","Cleave+1"],"picked":"SKIP","floor":28},{"not_picked":["Flex+1","Rage"],"picked":"Rupture+1","floor":29},{"not_picked":["Rampage+1","Dropkick+1","Heavy Blade+1"],"picked":"SKIP","floor":30},{"not_picked":["Anger+1","Reckless Charge+1"],"picked":"Evolve","floor":31},{"not_picked":["Offering","Fiend Fire+1"],"picked":"Impervious","floor":33},{"not_picked":["Havoc+1","Reckless Charge+1"],"picked":"Iron Wave+1","floor":35},{"not_picked":["True Grit","Headbutt+1"],"picked":"Iron Wave+1","floor":36},{"not_picked":["Body Slam+1","Cleave+1","Perfected Strike+1"],"picked":"SKIP","floor":37},{"not_picked":["Clothesline+1","Inflame"],"picked":"Sword Boomerang+1","floor":41},{"not_picked":["Combust","Feel No Pain+1"],"picked":"Dark Embrace+1","floor":44},{"not_picked":["Shrug It Off","Sword Boomerang+1","Second Wind"],"picked":"SKIP","floor":45},{"not_picked":["Ghostly Armor","Combust+1"],"picked":"Dark Embrace","floor":48},{"not_picked":["Evolve+1","Spot Weakness+1"],"picked":"Feel No Pain+1","floor":49}],"player_experience":237736,"relics_obtained":[{"floor":6,"key":"Molten Egg 2"},{"floor":8,"key":"Lizard Tail"},{"floor":10,"key":"Pear"},{"floor":14,"key":"Self Forming Clay"},{"floor":23,"key":"Ornamental Fan"},{"floor":26,"key":"MawBank"},{"floor":28,"key":"Whetstone"},{"floor":41,"key":"Toy Ornithopter"},{"floor":43,"key":"Omamori"},{"floor":44,"key":"Dream Catcher"},{"floor":46,"key":"Bag of Marbles"}],"event_choices":[{"damage_healed":0,"gold_gain":0,"player_choice":"Ignored","damage_taken":0,"max_hp_gain":0,"max_hp_loss":0,"event_name":"Golden Idol","floor":3,"gold_loss":0},{"damage_healed":0,"gold_gain":0,"player_choice":"Forge","damage_taken":0,"max_hp_gain":0,"max_hp_loss":0,"event_name":"Accursed Blacksmith","floor":11,"gold_loss":0,"cards_upgraded":["Pommel Strike"]},{"damage_healed":0,"gold_gain":0,"player_choice":"Obtain J.A.X.","damage_taken":0,"max_hp_gain":0,"max_hp_loss":0,"event_name":"Drug Dealer","floor":22,"gold_loss":0,"cards_obtained":["J.A.X."]},{"damage_healed":0,"gold_gain":0,"player_choice":"Read","damage_taken":0,"max_hp_gain":0,"max_hp_loss":0,"event_name":"The Library","floor":25,"gold_loss":0,"cards_obtained":["Whirlwind"]},{"damage_healed":0,"gold_gain":0,"player_choice":"Became a vampire","damage_taken":0,"max_hp_gain":0,"max_hp_loss":28,"event_name":"Vampires","floor":27,"gold_loss":0,"cards_obtained":["Bite","Bite","Bite","Bite","Bite"]},{"cards_removed":["Spot Weakness"],"damage_healed":0,"gold_gain":0,"player_choice":"Removed Skill","damage_taken":0,"max_hp_gain":0,"max_hp_loss":0,"event_name":"Falling","floor":38,"gold_loss":0},{"damage_healed":0,"gold_gain":0,"player_choice":"Max HP","damage_taken":0,"max_hp_gain":0,"max_hp_loss":3,"event_name":"Winding Halls","floor":39,"gold_loss":0},{"cards_removed":["J.A.X."],"damage_healed":0,"gold_gain":0,"player_choice":"Card Removal","damage_taken":0,"max_hp_gain":0,"max_hp_loss":0,"event_name":"Wheel of Change","floor":47,"gold_loss":0}],"is_beta":false,"boss_relics":[{"not_picked":["SlaversCollar","Sozu"],"picked":"Velvet Choker"},{"not_picked":["SacredBark","Cursed Key"],"picked":"Mark of Pain"}],"items_purged_floors":[],"is_endless":false,"potions_floor_spawned":[4,5,6,12,13,18,23,28,33,35,36,45],"ascension_level":4}}