{"host":"2tgyrzvaa7l04o2e","time":1612095833,"event":{"mods":["BaseMod","Highlight Path","Minty Spire (QoL Compilation)","Permanent Neow","Relic Stats"],"gold_per_floor":[110,126,126,145,156,156,174,204,230,230,249,249,249,249,249],"floor_reached":14,"language":"ENG","playtime":527,"items_purged":[],"score":184,"play_id":"60aa40bc-921d-4198-a6f7-f99af448fce1","local_time":"20210131132353","is_ascension_mode":true,"campfire_choices":[{"data":"Glass Knife","floor":6,"key":"SMITH"},{"floor":13,"key":"REST"}],"circlet_count":0,"master_deck":["AscendersBane","Strike_G","Strike_G","Strike_G","Strike_G","Strike_G","Defend_G","Defend_G","Defend_G","Defend_G","Defend_G","Survivor","Neutralize","Glass Knife+1","Backflip","Deadly Poison","Slice","Bouncing Flask","Burst","Deflect"],"relics":["Ring of the Snake","CaptainsWheel","Juzu Bracelet","GremlinMask"],"acts_visited":["Exordium"],"potions_floor_usage":[7,8,14],"damage_taken":[{"damage":3,"enemies":"2 Louse","floor":1,"turns":3},{"damage":0,"enemies":"Cultist","floor":2,"turns":3},{"damage":0,"enemies":"Jaw Worm","floor":4,"turns":4},{"damage":27,"enemies":"Large Slime","floor":5,"turns":9},{"damage":1,"enemies":"Gremlin Gang","floor":7,"turns":4},{"damage":10,"enemies":"Lagavulin","floor":8,"turns":4},{"damage":3,"enemies":"Looter","floor":11,"turns":3},{"damage":34,"enemies":"Gremlin Nob","floor":14,"turns":3}],"seed_played":"-8434110412237553798","potions_obtained":[{"floor":1,"key":"LiquidMemories"},{"floor":5,"key":"AttackPotion"},{"floor":7,"key":"Energy Potion"},{"floor":10,"key":"Ancient Potion"}],"is_trial":false,"path_per_floor":["M","M","?","M","M","R","M","E","T","?","M","?","R","E"],"character_chosen":"THE_SILENT","items_purchased":[],"campfire_rested":1,"item_purchase_floors":[],"current_hp_per_floor":[56,56,45,45,18,18,17,7,7,7,4,4,22,0,0],"gold":249,"neow_bonus":"THREE_RARE_CARDS","is_daily":false,"chose_seed":false,"campfire_upgraded":1,"win_rate":0.0,"timestamp":1612095833,"path_taken":["M","M","?","M","M","R","M","E","T","?","M","?","R","E"],"items_purchased_type":[],"build_version":"2020-12-22","purchased_purges":0,"victory":false,"max_hp_per_floor":[60,60,60,60,60,60,60,60,60,60,60,60,60,60,60],"relic_stats":{"counters":[8,33],"Juzu Bracelet":1,"obtain_stats":[{"CaptainsWheel":3,"GremlinMask":12,"Juzu Bracelet":8,"Ring of the Snake":0},{"CaptainsWheel":2,"GremlinMask":7,"Juzu Bracelet":6,"Ring of the Snake":0},{"CaptainsWheel":6,"GremlinMask":30,"Juzu Bracelet":27,"Ring of the Snake":0}],"Ring of the Snake":[16]},"card_choices":[{"not_picked":["Malaise","Die Die Die"],"picked":"Glass Knife","floor":0},{"not_picked":["Heel Hook","Prepared","Choke"],"picked":"SKIP","floor":1},{"not_picked":["Prepared","Cloak And Dagger"],"picked":"Backflip","floor":2},{"not_picked":["Poisoned Stab","Distraction"],"picked":"Deadly Poison","floor":4},{"not_picked":["Dagger Throw","Quick Slash"],"picked":"Slice","floor":5},{"not_picked":["Heel Hook","Flechettes"],"picked":"Bouncing Flask","floor":7},{"not_picked":["Poisoned Stab","Dagger Spray"],"picked":"Burst","floor":8},{"not_picked":["Setup","Well Laid Plans"],"picked":"Deflect","floor":11}],"player_experience":668029,"relics_obtained":[{"floor":8,"key":"Juzu Bracelet"}],"event_choices":[{"damage_healed":0,"gold_gain":0,"player_choice":"Success","damage_taken":11,"relics_obtained":["CaptainsWheel"],"max_hp_gain":0,"max_hp_loss":0,"event_name":"Scrap Ooze","floor":3,"gold_loss":0},{"damage_healed":0,"gold_gain":0,"player_choice":"Got Potions","damage_taken":0,"max_hp_gain":0,"max_hp_loss":0,"event_name":"Lab","floor":10,"gold_loss":0},{"damage_healed":0,"gold_gain":0,"player_choice":"Trade","damage_taken":0,"relics_obtained":["GremlinMask"],"max_hp_gain":0,"max_hp_loss":0,"event_name":"FaceTrader","floor":12,"gold_loss":0}],"is_beta":false,"boss_relics":[],"items_purged_floors":[],"is_endless":false,"potions_floor_spawned":[1,5,7],"killed_by":"Gremlin Nob","ascension_level":20}}