{"host":"v9ordiuf4xzdpttp","time":1612067201,"event":{"mods":["AchievementEnabler","Act Like it!","Aspiration","BaseMod","Better Third Choice","Better Vampires","BetterRewards","CCEM2","Colored Map","Gold Saver","Halation","Hubris","Infinite Spire","Jedi Mod","Marked Mod","Minty Spire (QoL Compilation)","Reliquary","Remove Card Discount Mod","Replay The Spire","Shop Mod","Spicy Shops","StSLib"],"gold_per_floor":[939,939,5,5,5,35,35,65,140,170,170,200,215,10,10,110,110,125,125,140,155,170,170,200,200,200,200,215,215,215],"floor_reached":29,"language":"ENG","playtime":1884,"items_purged":["ReplayTheSpireMod:Doomed","Defend_G","Defend_G","Shame","ReplayTheSpireMod:Uncanny Aura","Strike_G","Strike_G","Defend_G","Strike_G","Defend_G"],"score":469,"play_id":"dacf7feb-9357-4754-8c47-2b9fe8389d07","local_time":"20210130232641","daily_mods":["Allstar","Diverse","Elite Swarm"],"is_ascension_mode":false,"campfire_choices":[{"data":"Bloodletting","floor":7.0,"key":"SMITH"},{"floor":11.0,"key":"REST"},{"floor":15.0,"key":"REST"},{"floor":23.0,"key":"REST"},{"floor":25.0,"key":"REST"},{"floor":27.0,"key":"REST"}],"circlet_count":0,"master_deck":["Strike_G","Strike_G","Defend_G","Survivor","Neutralize","Master of Strategy","Master of Strategy","Secret Technique","hubris:Insight","theextravagant:PerfectTheBasics","Bloodletting+1","Wireheading","Panache","theextravagant:SpontaneousStrike","Offering","Offering","After Image","After Image","Armaments","Hidden Blade","Devotion","theextravagant:Tension+1","Combust+1","Envenom","theextravagant:ShootingStar","theextravagant:ShootingStar","theextravagant:ShootingStar","theextravagant:ShootingStar","theextravagant:ShootingStar","theextravagant:ShootingStar","theextravagant:ShootingStar","theextravagant:ShootingStar","theextravagant:ShootingStar","theextravagant:ShootingStar","theextravagant:ShootingStar","theextravagant:ShootingStar","theextravagant:ShootingStar","theextravagant:ShootingStar","theextravagant:ShootingStar","theextravagant:ShootingStar","theextravagant:ShootingStar","theextravagant:ShootingStar","theextravagant:ShootingStar","theextravagant:ShootingStar","theextravagant:ShootingStar","theextravagant:ShootingStar","theextravagant:ShootingStar","theextravagant:ShootingStar","theextravagant:ShootingStar","theextravagant:ShootingStar","theextravagant:ShootingStar","theextravagant:ShootingStar","theextravagant:ShootingStar","theextravagant:ShootingStar","theextravagant:ShootingStar","theextravagant:ShootingStar","theextravagant:ShootingStar","theextravagant:ShootingStar","theextravagant:ShootingStar","theextravagant:ShootingStar","theextravagant:ShootingStar","theextravagant:ShootingStar","theextravagant:ShootingStar"],"relics":["Ring of the Snake","hubris:Towel","MerchantsRug","reliquary:SharkskinSheath","ReplayTheSpireMod:CursedCoin","halation:NonexistentMirror","Lizard Tail","reliquary:HotPoker","reliquary:WeakTea","hubris:DeckOfHolding","reliquary:Boomerang","reliquary:IridiumChain","CCEMRelics:BiPhaseBiplane","Black Star","Nunchaku","Philosopher\u0027s Stone","Pondfish Scales","CCEMRelics:FryingPan","hubris:SlimyHat"],"acts_visited":["Exordium","TheCity"],"potions_floor_usage":[],"damage_taken":[{"damage":0.0,"enemies":"Small Slimes","floor":1.0,"turns":4.0},{"damage":11.0,"enemies":"Lagavulin","floor":6.0,"turns":4.0},{"damage":18.0,"enemies":"3 Sentries","floor":8.0,"turns":2.0},{"damage":3.0,"enemies":"Gremlin Nob","floor":10.0,"turns":2.0},{"damage":15.0,"enemies":"Lagavulin","floor":12.0,"turns":2.0},{"damage":14.0,"enemies":"Jaw Worm","floor":13.0,"turns":2.0},{"damage":21.0,"enemies":"The Guardian","floor":16.0,"turns":3.0},{"damage":18.0,"enemies":"Chosen","floor":18.0,"turns":1.0},{"damage":19.0,"enemies":"Shell Parasite","floor":20.0,"turns":2.0},{"damage":19.0,"enemies":"Centurion and Healer","floor":21.0,"turns":2.0},{"damage":6.0,"enemies":"Shelled Parasite and Fungi","floor":22.0,"turns":1.0},{"damage":19.0,"enemies":"Book of Stabbing","floor":24.0,"turns":2.0},{"damage":18.0,"enemies":"Chosen and Byrds","floor":28.0,"turns":3.0},{"damage":0,"enemies":"Slavers","floor":29,"turns":1}],"seed_played":"7510361231737359051","potions_obtained":[{"floor":8.0,"key":"LifebloodPotion"},{"floor":10.0,"key":"SteroidPotion"},{"floor":13.0,"key":"SteroidPotion"},{"floor":18.0,"key":"Explosive Potion"},{"floor":21.0,"key":"FearPotion"},{"floor":28,"key":"SteroidPotion"}],"is_trial":false,"path_per_floor":["M","?","$","?","?","E","R","E","T","E","R","E","M","$","R","B",null,"M","AVR","M","M","M","R","E","R","T","R","M","E"],"character_chosen":"THE_SILENT","items_purchased":["MerchantsRug","Bloodletting","reliquary:SharkskinSheath","Wireheading","Panache","theextravagant:SpontaneousStrike","ReplayTheSpireMod:CursedCoin","halation:NonexistentMirror","Lizard Tail","Hidden Blade","CCEMRelics:BiPhaseBiplane"],"campfire_rested":5,"item_purchase_floors":[3,3,3,3,3,3,3,3,3,14,14],"current_hp_per_floor":[70,70,70,70,70,59,59,41,41,38,59,44,30,30,51,30,70,52,52,33,14,8,29,10,31,31,52,34,34,34],"gold":215,"neow_bonus":"","is_daily":true,"chose_seed":false,"campfire_upgraded":1,"win_rate":0.0,"timestamp":1612067201,"path_taken":["M","?","$","?","?","E","R","E","T","E","R","E","M","$","R","BOSS","M","AVR","?","M","?","R","E","R","T","R","M","E"],"items_purchased_type":["Relic","Card","Relic","Card","Card","Card","Relic","Relic","Relic","Card","Relic"],"build_version":"2020-12-22","purchased_purges":10,"victory":false,"max_hp_per_floor":[70,70,70,70,70,70,70,70,70,70,70,70,70,70,70,70,70,70,70,70,70,70,70,70,70,70,70,70,70,70],"card_choices":[{"not_picked":["theextravagant:ZeroHero","jedi:blockon"],"picked":"theextravagant:PerfectTheBasics","floor":1.0},{"not_picked":["Buffer","After Image"],"picked":"Offering","floor":6.0},{"not_picked":["theextravagant:Erase","theextravagant:DAMNATION","theextravagant:RisingPhoenix"],"picked":"SKIP","floor":8.0},{"not_picked":["Alpha","aspiration:Lunge","Ragnarok"],"picked":"SKIP","floor":10.0},{"not_picked":["Rainbow","Bludgeon"],"picked":"After Image","floor":12.0},{"not_picked":["FollowUp","SignatureMove"],"picked":"Armaments","floor":13.0},{"not_picked":["jedi:studyfrost","Establishment"],"picked":"Devotion","floor":16.0},{"not_picked":["Fluid Movement","Acrobatics"],"picked":"theextravagant:Tension+1","floor":18.0},{"not_picked":["Armaments","EmptyBody","theextravagant:Cutthroat"],"picked":"SKIP","floor":20.0},{"not_picked":["Crescendo","jedi:blockon"],"picked":"Combust+1","floor":21.0},{"not_picked":["Underhanded Strike","jedi:markofdeath","Glacier"],"picked":"SKIP","floor":22.0},{"not_picked":["Tools of the Trade","infinitespire:Neurotoxin"],"picked":"Envenom","floor":24.0},{"not_picked":["Clash","Chaos"],"picked":"theextravagant:ShootingStar","floor":28}],"player_experience":241062,"relics_obtained":[{"floor":6.0,"key":"reliquary:HotPoker"},{"floor":8.0,"key":"reliquary:WeakTea"},{"floor":9.0,"key":"hubris:DeckOfHolding"},{"floor":10.0,"key":"reliquary:Boomerang"},{"floor":12.0,"key":"reliquary:IridiumChain"},{"floor":24.0,"key":"Pondfish Scales"},{"floor":24.0,"key":"CCEMRelics:FryingPan"},{"floor":26.0,"key":"hubris:SlimyHat"}],"event_choices":[{"damage_healed":0.0,"max_hp_gain":0.0,"max_hp_loss":0.0,"gold_gain":0.0,"event_name":"Match and Keep!","player_choice":"0 cards matched","floor":5.0,"gold_loss":0.0,"damage_taken":0.0,"cards_obtained":[]}],"is_beta":false,"boss_relics":[{"not_picked":["Tiny House","hubris:Backtick"],"picked":"Black Star"}],"items_purged_floors":[3,3,3,3,3,14,14,14,14,14],"is_endless":false,"potions_floor_spawned":[8,10,13,18,21,28],"killed_by":"Slavers","ascension_level":0}}