{"host":"Ringo","time":1612101982,"event":{"mods":["BaseMod","Colored Map","Conspire","Dota2Spire","Hubris","Minty Spire (QoL Compilation)","Replay The Spire","StSLib","The Construct","[IsaacMod]ÒÔÈö¼âËþ","¡¾ÒÅÎï¿¨ÅÆ¡¿REMEMod"],"gold_per_floor":[117,133,146,165,175,209,240,269,317,345,365,406,425,44,44,127,127,143,86,106,125,151,183,235,276,288,329,374,412,450,137,137,218,218,236,296,320,333,351,383,419,459,486,201,226,263,302,342,342,363,377],"floor_reached":52,"language":"ZHS","playtime":1586,"items_purged":["Shrug It Off","Infernal Blade+1"],"score":3781,"play_id":"eeb353ea-4e8e-463f-8d3e-1243a184bb9a","local_time":"20210131220622","daily_mods":["SealedDeck","Vintage","Heirloom","Time Dilation","Flight","DeadlyEvents","Elite Swarm","Lethality","Binary"],"is_ascension_mode":true,"campfire_choices":[{"data":"Seeing Red","floor":15.0,"key":"SMITH"},{"data":"Armaments","floor":32.0,"key":"SMITH"},{"data":"Rage","floor":49,"key":"SMITH"}],"circlet_count":0,"master_deck":["AscendersBane","Inflame","REME_Scribble","Iron Wave","Dropkick","Uppercut","Twin Strike","Seeing Red+1","Thunderclap","Sword Boomerang","Pummel","Master of Strategy","Armaments+1","ReplayTheSpireMod:Limb From Limb","Shrug It Off","REME_Cut","Rage+1","ReplayTheSpireMod:Private Reserves+1"],"relics":["Black Blood","Busted Crown","HushsDoor","REME_ComplimentaryCards","replay:Trail_Library","Champion Belt","BookOfRevelations","GnawedLeaf","Dota2Spire:LotusOrb","StrikeDummy","DoctorsRemote","Eternal Feather","DeathBook","Boot","hubris:DeckOfHolding","Pen Nib","SalivaCoin","hubris:BottledRain","conspire:Flyswatter","Akabeko","Another Sword","Coffee Dripper","GuppysHead","Bird Faced Urn","Toy Ornithopter","Meat on the Bone","Red Skull","MawBank","Omamori","Dota2Spire:AssaultCuirass","Mango","GuppysPaw","Dota2Spire:DrumOfEndurance","Oddly Smooth Stone","REME_HandOfSuture","Strange Spoon","Toxic Egg 2","hubris:TenFootPole","SteamSale","ReplayTheSpireMod:Spearhead","Replay:Bottled Flurry","Dota2Spire:PowerTreads","Pet Ghost","hubris:MedicalManual","Dota2Spire:MantaStyle","TheBean","hubris:Spice"],"acts_visited":["Exordium","TheCity","TheBeyond"],"potions_floor_usage":[50],"damage_taken":[{"damage":0.0,"enemies":"Cultist","floor":1.0,"turns":2.0},{"damage":0.0,"enemies":"Small Slimes","floor":2.0,"turns":1.0},{"damage":0.0,"enemies":"Jaw Worm","floor":3.0,"turns":1.0},{"damage":0.0,"enemies":"Exordium Thugs","floor":4.0,"turns":2.0},{"damage":0.0,"enemies":"Gremlin Gang","floor":5.0,"turns":2.0},{"damage":2.0,"enemies":"Lagavulin","floor":6.0,"turns":2.0},{"damage":0.0,"enemies":"3 Sentries","floor":7.0,"turns":1.0},{"damage":0.0,"enemies":"Lagavulin","floor":8.0,"turns":2.0},{"damage":0.0,"enemies":"3 Sentries","floor":10.0,"turns":2.0},{"damage":0.0,"enemies":"Looter","floor":11.0,"turns":1.0},{"damage":0.0,"enemies":"Lagavulin","floor":12.0,"turns":1.0},{"damage":2.0,"enemies":"Lots of Slimes","floor":13.0,"turns":2.0},{"damage":0.0,"enemies":"Slime Boss","floor":16.0,"turns":2.0},{"damage":0.0,"enemies":"Spheric Guardian","floor":18.0,"turns":1.0},{"damage":0.0,"enemies":"2 Thieves","floor":20.0,"turns":2.0},{"damage":0.0,"enemies":"Snake Plant","floor":21.0,"turns":1.0},{"damage":0.0,"enemies":"Centurion and Healer","floor":22.0,"turns":2.0},{"damage":2.0,"enemies":"Slavers","floor":23.0,"turns":2.0},{"damage":0.0,"enemies":"Book of Stabbing","floor":24.0,"turns":2.0},{"damage":0.0,"enemies":"Gremlin Leader","floor":25.0,"turns":1.0},{"damage":0.0,"enemies":"REME_1_Revenger","floor":27.0,"turns":1.0},{"damage":0.0,"enemies":"Gremlin Leader","floor":28.0,"turns":1.0},{"damage":0.0,"enemies":"Cultist and Chosen","floor":29.0,"turns":2.0},{"damage":0.0,"enemies":"Snecko","floor":30.0,"turns":1.0},{"damage":0.0,"enemies":"Collector","floor":33.0,"turns":2.0},{"damage":0,"enemies":"Orb Walker","floor":35,"turns":1},{"damage":0,"enemies":"3 Shapes","floor":36,"turns":1},{"damage":0,"enemies":"Sphere and 2 Shapes","floor":37,"turns":1},{"damage":0,"enemies":"Spire Growth","floor":38,"turns":1},{"damage":0,"enemies":"Maw","floor":39,"turns":2},{"damage":0,"enemies":"R_Hoarder","floor":40,"turns":4},{"damage":0,"enemies":"Giant Head","floor":41,"turns":3},{"damage":0,"enemies":"R_Hoarder","floor":42,"turns":2},{"damage":0,"enemies":"Sphere and 2 Shapes","floor":45,"turns":1},{"damage":0,"enemies":"Nemesis","floor":46,"turns":1},{"damage":0,"enemies":"R_Hoarder","floor":47,"turns":2},{"damage":0,"enemies":"Giant Head","floor":48,"turns":2},{"damage":0,"enemies":"Donu and Deca","floor":50,"turns":4},{"damage":2,"enemies":"Awakened One","floor":51,"turns":4}],"seed_played":"-882333699961144536","potions_obtained":[{"floor":1.0,"key":"EssenceOfSteel"},{"floor":5.0,"key":"Block Potion"},{"floor":20.0,"key":"Flashbang"},{"floor":22.0,"key":"BlessingOfTheForge"},{"floor":33.0,"key":"FearPotion"}],"is_trial":true,"path_per_floor":["M","M","M","M","M","E","E","E","T","E","M","E","M","$","R","B",null,"M","$","M","M","M","E","E","E","T","E","E","M","M","$","R","B",null,"M","M","M","M","M","E","E","E","T","$","M","E","E","E","R","B","B",null],"character_chosen":"IRONCLAD","items_purchased":["Another Sword","Armaments","GuppysHead","ReplayTheSpireMod:Limb From Limb","Shrug It Off","Strange Spoon","REME_Cut","Rage","ReplayTheSpireMod:Private Reserves+1","Dota2Spire:MantaStyle"],"campfire_rested":0,"item_purchase_floors":[14,14,17,17,19,31,31,34,44,44],"current_hp_per_floor":[76,79,81,83,85,87,89,91,91,93,95,97,99,99,99,101,89,89,89,91,94,97,99,102,102,116,116,110,112,114,114,114,104,101,101,101,103,103,105,108,110,112,112,112,115,117,127,137,137,141,140],"gold":377,"neow_bonus":"","is_daily":false,"chose_seed":false,"campfire_upgraded":3,"win_rate":0.0,"timestamp":1612101982,"path_taken":["M","M","M","M","M","E","E","E","T","E","M","E","M","$","R","BOSS","M","?","M","M","M","E","E","E","T","E","E","M","M","$","R","BOSS","M","M","M","M","M","E","E","E","T","$","M","E","E","E","R","BOSS","BOSS"],"items_purchased_type":["Relic","Card","Relic","Card","Card","Relic","Card","Card","Card","Relic"],"build_version":"2020-12-18","purchased_purges":2,"victory":true,"max_hp_per_floor":[77,79,81,83,85,87,89,91,91,93,95,97,99,99,99,101,89,89,89,91,94,97,99,102,102,116,116,110,112,114,114,114,104,101,101,101,103,103,105,108,110,112,112,112,115,117,127,137,137,141,140],"card_choices":[],"player_experience":601031,"relics_obtained":[{"floor":1.0,"key":"GnawedLeaf"},{"floor":2.0,"key":"Dota2Spire:LotusOrb"},{"floor":3.0,"key":"StrikeDummy"},{"floor":4.0,"key":"DoctorsRemote"},{"floor":5.0,"key":"Eternal Feather"},{"floor":6.0,"key":"DeathBook"},{"floor":7.0,"key":"Boot"},{"floor":8.0,"key":"hubris:DeckOfHolding"},{"floor":9.0,"key":"Pen Nib"},{"floor":10.0,"key":"SalivaCoin"},{"floor":11.0,"key":"hubris:BottledRain"},{"floor":12.0,"key":"conspire:Flyswatter"},{"floor":13.0,"key":"Akabeko"},{"floor":18.0,"key":"Bird Faced Urn"},{"floor":20.0,"key":"Toy Ornithopter"},{"floor":21.0,"key":"Meat on the Bone"},{"floor":22.0,"key":"Red Skull"},{"floor":23.0,"key":"MawBank"},{"floor":24.0,"key":"Omamori"},{"floor":25.0,"key":"Dota2Spire:AssaultCuirass"},{"floor":26.0,"key":"Mango"},{"floor":27.0,"key":"GuppysPaw"},{"floor":28.0,"key":"Dota2Spire:DrumOfEndurance"},{"floor":29.0,"key":"Oddly Smooth Stone"},{"floor":30.0,"key":"REME_HandOfSuture"},{"floor":35,"key":"Toxic Egg 2"},{"floor":36,"key":"hubris:TenFootPole"},{"floor":37,"key":"SteamSale"},{"floor":38,"key":"ReplayTheSpireMod:Spearhead"},{"floor":39,"key":"Replay:Bottled Flurry"},{"floor":40,"key":"Dota2Spire:PowerTreads"},{"floor":41,"key":"Pet Ghost"},{"floor":42,"key":"hubris:MedicalManual"},{"floor":45,"key":"TheBean"},{"floor":47,"key":"hubris:Spice"},{"floor":48,"key":"hubris:Spice"}],"event_choices":[],"is_beta":true,"boss_relics":[{"not_picked":["hubris:HollowSoul","hubris:GrandSneckoEye"],"picked":"Coffee Dripper"},{"not_picked":[]},{"not_picked":["Kintsugi","Sozu"],"picked":"Black Blood"},{"not_picked":[]}],"items_purged_floors":[31,44],"is_endless":false,"potions_floor_spawned":[1,5,6,8,16,18,20,22,24,28,33,37,38,41,42,47,48],"ascension_level":20}}