{"host":"tzyzz5n7hg2ni9q2","time":1612057581,"event":{"mods":["BaseMod","Minty Spire (QoL Compilation)","Quick Restart"],"gold_per_floor":[115,115,131,141,151,151,167,182,182,182,215,292,292,319,319,319,319],"floor_reached":16,"language":"ENG","playtime":539,"items_purged":[],"score":146,"play_id":"7d010e7f-1edb-4336-aacf-fed500cd60dd","local_time":"20210131024621","is_ascension_mode":true,"campfire_choices":[{"floor":6.0,"key":"REST"},{"floor":10.0,"key":"REST"},{"data":"After Image","floor":13.0,"key":"SMITH"},{"data":"Sucker Punch","floor":15.0,"key":"SMITH"}],"circlet_count":0,"master_deck":["Strike_G","Strike_G","Strike_G","Strike_G","Defend_G","Defend_G","Defend_G","Defend_G","Defend_G","Survivor","Neutralize","Sucker Punch+1","Quick Slash","After Image+1","Backstab","Backflip"],"relics":["Ring of the Snake","NeowsBlessing","Strawberry","StrikeDummy","Ornamental Fan","Bronze Scales"],"acts_visited":["Exordium"],"potions_floor_usage":[16,16],"damage_taken":[{"damage":0.0,"enemies":"Jaw Worm","floor":1.0,"turns":1.0},{"damage":0.0,"enemies":"Cultist","floor":3.0,"turns":1.0},{"damage":0.0,"enemies":"Small Slimes","floor":4.0,"turns":1.0},{"damage":39.0,"enemies":"Exordium Thugs","floor":5.0,"turns":8.0},{"damage":1.0,"enemies":"Blue Slaver","floor":7.0,"turns":4.0},{"damage":3.0,"enemies":"Exordium Wildlife","floor":8.0,"turns":4.0},{"damage":14.0,"enemies":"3 Sentries","floor":11.0,"turns":12.0},{"damage":14.0,"enemies":"Gremlin Nob","floor":14.0,"turns":4.0},{"damage":54,"enemies":"Slime Boss","floor":16,"turns":15}],"seed_played":"-2382030305042712737","potions_obtained":[{"floor":4.0,"key":"Energy Potion"},{"floor":5.0,"key":"Regen Potion"},{"floor":8.0,"key":"EssenceOfSteel"},{"floor":11.0,"key":"Poison Potion"}],"is_trial":false,"path_per_floor":["M","?","M","M","M","R","M","M","T","R","E","T","R","E","R","B"],"character_chosen":"THE_SILENT","items_purchased":[],"campfire_rested":2,"item_purchase_floors":[],"current_hp_per_floor":[63,63,63,63,24,45,44,41,48,71,57,57,57,43,43,4,4],"gold":319,"neow_bonus":"THREE_ENEMY_KILL","is_daily":false,"chose_seed":false,"campfire_upgraded":2,"win_rate":0.0,"timestamp":1612057581,"path_taken":["M","?","M","M","?","R","M","M","T","R","E","?","R","E","R","BOSS"],"items_purchased_type":[],"build_version":"2020-12-22","purchased_purges":0,"victory":false,"max_hp_per_floor":[70,70,70,70,70,70,70,70,77,77,77,77,77,77,77,77,77],"card_choices":[{"not_picked":["Crippling Poison","Deflect"],"picked":"Sucker Punch","floor":1.0},{"not_picked":["Flying Knee","Dodge and Roll"],"picked":"Quick Slash","floor":3.0},{"not_picked":["Sucker Punch","Dagger Throw","Deadly Poison"],"picked":"SKIP","floor":4.0},{"not_picked":["Deflect","Setup"],"picked":"After Image","floor":5.0},{"not_picked":["Outmaneuver","Prepared","Skewer"],"picked":"SKIP","floor":7.0},{"not_picked":["Heel Hook","Deflect"],"picked":"Backstab","floor":8.0},{"not_picked":["Finisher","Poisoned Stab"],"picked":"Backflip","floor":11.0},{"not_picked":["Dagger Throw","Poisoned Stab","Slice"],"picked":"SKIP","floor":14.0}],"player_experience":292308,"relics_obtained":[{"floor":9.0,"key":"Strawberry"},{"floor":11.0,"key":"StrikeDummy"},{"floor":12.0,"key":"Ornamental Fan"},{"floor":14.0,"key":"Bronze Scales"}],"event_choices":[{"cards_removed":["Strike_G"],"damage_healed":0.0,"max_hp_gain":0.0,"max_hp_loss":0.0,"gold_gain":0.0,"event_name":"Bonfire Elementals","player_choice":"Offered Basic","floor":2.0,"gold_loss":0.0,"damage_taken":0.0}],"is_beta":false,"boss_relics":[],"items_purged_floors":[],"is_endless":false,"potions_floor_spawned":[4,5,8,11],"killed_by":"Slime Boss","ascension_level":6}}