{"host":"xnmm48bggm313m0r","time":1612133991,"event":{"mods":["BaseMod","Bestiary","Infinite Spire","KOR Keyword Fix","Minty Spire (QoL Compilation)","StSLib"],"gold_per_floor":[109,120,25,25,42,74,74,27,27,44,60,60,80,99,99,196,196,206,206,223,242,242,242,242,242,242,254,254],"floor_reached":27,"language":"KOR","playtime":951,"items_purged":[],"score":235,"play_id":"042594f7-cac0-4d4c-aaef-d353b668bdec","local_time":"20210201075951","is_ascension_mode":false,"campfire_choices":[{"data":"Whirlwind","floor":12,"key":"SMITH"},{"data":"Impervious","floor":15,"key":"SMITH"},{"floor":23,"key":"REST"},{"floor":25,"key":"REST"}],"circlet_count":0,"master_deck":["Strike_R","Strike_R","Strike_R","Strike_R","Strike_R","Defend_R+1","Defend_R","Defend_R","Bash","Cleave","Blood for Blood","Whirlwind+1","Heavy Blade+1","Flex","Armaments","Flex","Entrench","Impervious+1","Pommel Strike","Body Slam","Double Tap","Shrug It Off+1","Ghostly Armor+1","Thunderclap"],"relics":["Burning Blood","NeowsBlessing","Pear","Blood Vial","Question Card","Black Star","Darkstone Periapt","MawBank"],"acts_visited":["Exordium","TheCity"],"potions_floor_usage":[6,16,21,24,24],"damage_taken":[{"damage":0,"enemies":"Cultist","floor":1,"turns":1},{"damage":0,"enemies":"2 Louse","floor":2,"turns":1},{"damage":0,"enemies":"Small Slimes","floor":5,"turns":1},{"damage":31,"enemies":"3 Sentries","floor":6,"turns":5},{"damage":16,"enemies":"Blue Slaver","floor":10,"turns":3},{"damage":0,"enemies":"Lots of Slimes","floor":11,"turns":1},{"damage":10,"enemies":"Looter","floor":13,"turns":2},{"damage":7,"enemies":"Blue Slaver","floor":14,"turns":3},{"damage":43,"enemies":"Slime Boss","floor":16,"turns":7},{"damage":0,"enemies":"Chosen","floor":18,"turns":4},{"damage":12,"enemies":"Spheric Guardian","floor":20,"turns":5},{"damage":90,"enemies":"Chosen and Byrds","floor":21,"turns":9},{"damage":46,"enemies":"Nightmare","floor":24,"turns":13},{"damage":57,"enemies":"Cultist and Chosen","floor":27,"turns":6}],"seed_played":"-3278687205273998286","potions_obtained":[{"floor":1,"key":"FearPotion"},{"floor":2,"key":"SmokeBomb"},{"floor":11,"key":"DistilledChaos"},{"floor":14,"key":"BlessingOfTheForge"},{"floor":18,"key":"BloodPotion"}],"is_trial":false,"path_per_floor":["M","M","$","?","M","E","?","$","T","M","M","R","M","M","R","B",null,"M","?","M","M","AVR","R","NM","R","T","M"],"character_chosen":"IRONCLAD","items_purchased":["Whirlwind","Heavy Blade","Flex"],"campfire_rested":2,"item_purchase_floors":[3,3,8],"current_hp_per_floor":[80,80,80,64,70,55,55,55,55,47,55,55,53,54,54,19,90,90,90,84,20,20,47,9,36,36,0,0],"gold":254,"neow_bonus":"THREE_ENEMY_KILL","is_daily":false,"chose_seed":false,"campfire_upgraded":2,"win_rate":0.0,"timestamp":1612133991,"path_taken":["M","M","?","?","M","E","?","?","T","M","M","R","M","M","R","BOSS","M","?","M","M","AVR","R","NM","R","T","?"],"items_purchased_type":["Card","Card","Card"],"build_version":"2020-12-22","purchased_purges":0,"victory":false,"max_hp_per_floor":[80,80,80,80,80,90,90,90,90,90,90,90,90,90,90,90,90,90,90,90,90,90,90,90,90,90,90,90],"card_choices":[{"not_picked":["Power Through","Perfected Strike"],"picked":"Cleave","floor":1},{"not_picked":["True Grit","Shrug It Off"],"picked":"Blood for Blood","floor":2},{"not_picked":["Cleave","Anger"],"picked":"Flex","floor":5},{"not_picked":["Cleave","Twin Strike"],"picked":"Armaments","floor":6},{"not_picked":["Infernal Blade","Rage","Uppercut"],"picked":"Entrench","floor":10},{"not_picked":["Combust","Dual Wield","Thunderclap"],"picked":"Impervious","floor":11},{"not_picked":["Heavy Blade","Burning Pact","Perfected Strike"],"picked":"Pommel Strike","floor":13},{"not_picked":["Sentinel","Rampage","Pommel Strike"],"picked":"Body Slam","floor":14},{"not_picked":["Juggernaut","Limit Break","Feed"],"picked":"Double Tap","floor":16},{"not_picked":["Sword Boomerang","Twin Strike","True Grit"],"picked":"Shrug It Off+1","floor":18},{"not_picked":["Clothesline+1","Pommel Strike","Fire Breathing"],"picked":"Ghostly Armor+1","floor":20},{"not_picked":["Entrench","Power Through","Rampage"],"picked":"Thunderclap","floor":21}],"player_experience":161197,"relics_obtained":[{"floor":6,"key":"Pear"},{"floor":7,"key":"Blood Vial"},{"floor":9,"key":"Question Card"},{"floor":26,"key":"MawBank"}],"event_choices":[{"damage_healed":0,"gold_gain":0,"player_choice":"Entered Light","damage_taken":16,"max_hp_gain":0,"max_hp_loss":0,"event_name":"Shining Light","floor":4,"gold_loss":0,"cards_upgraded":["Heavy Blade","Defend_R"]},{"cards_removed":["Defend_R"],"damage_healed":0,"gold_gain":0,"player_choice":"Purged","damage_taken":0,"max_hp_gain":0,"max_hp_loss":0,"event_name":"Purifier","floor":19,"gold_loss":0}],"is_beta":false,"boss_relics":[{"not_picked":["Cursed Key","Philosopher\u0027s Stone"],"picked":"Black Star"}],"items_purged_floors":[],"is_endless":false,"potions_floor_spawned":[1,2,11,14,18],"killed_by":"Cultist and Chosen","ascension_level":0}}