{"host":"ewn058xs2vaj5uc6","time":1612104252,"event":{"mods":["ATMod(??Mod)","Act Like it!","Aspiration","BaseMod","BetterRewards","Colored Map","Colored Powertips","Conspire","Gensokyo","Highlight Path","Lobotomy","Minty Spire (QoL Compilation)","Quick Restart","Reliquary","Replay The Spire","RumiaBox-????????","Shop Mod","StSLib","SuperFastMode","UnlockEverythingMod","??????REMEMod","????"],"gold_per_floor":[11111,11130,11130,10213,10223,10249,10260,9769,9769,8819,8837,7709,7726,6867,5952,6129,6129,6139,6139,6159,5399,5416,4739,4756,3937,3960,3978,3993,3507,3507,3521,2934,2826,2826,2717,2627,2627,2602,2232,1852,1801,1801,1801,1718,1848,1848,1739,1412,87921,88051,88016],"floor_reached":52,"language":"ZHS","playtime":2502,"items_purged":["Gensokyo:DepletedGenerator","Strike_P","Strike_P","Strike_P","Defend_P","Doppelganger","Vigilance","PiercingWail","Eruption+1","SpiritShield"],"score":2383,"play_id":"098af6ed-f1c2-4a42-b989-728e50b239d3","local_time":"20210131224412","is_ascension_mode":true,"campfire_choices":[],"circlet_count":1,"master_deck":["AscendersBane","AT_DrawKnifeCut+1","ReplayTheSpireMod:Private Reserves","REME_Flogging","AT_RealColorLess","ReplayTheSpireMod:The Works","Replay:DivineShield","SpiritShield","Devotion","Gensokyo:CustomPotion","Prostrate","Replay:AtTheReady","Replay:AtTheReady","Pot Of Greed","Pot Of Greed"],"relics":["PureWater","AT_ATBox","REME_ComplimentaryCards","Toolbox","Frozen Eye","Medical Kit","MagicDraw1","Nunchaku","Replay:Mystery Machine","Counterbalance","MerchantsRug","ClockworkSouvenir","Mirror","Shuriken","conspire:Flyswatter","reliquary:Bookmark","Strawberry","aspiration:DSix","TheAbacus","reliquary:Buckler","AT_TheCollector","DollysMirror","Thread and Needle","Coffee Dripper","Sling","HandDrill","REME_CardOfGreed","OrangePellets","Toy Ornithopter","reliquary:SilkGlove","Chemical X","reliquary:PurpleTingedLeaf","GodSword7","Membership Card","Replay:Rubber Ducky","AT_RedTearstoneRing","AT_LudenTempest","Strange Spoon","AT_ForceNature","Peace Pipe","REME_OnlineShoppingPlatform","conspire:RoyalGoblet","Pondfish Scales","Damaru","BargainBundle","conspire:DeflatedDodgeball","reliquary:PartyBalloon","conspire:GiftBox","The Courier","Kunai","PrismaticShard","reliquary:WeakTea","Bronze Scales","Blue Doll","Gremlin Food","Garlic","Ccalipers","Centennial Puzzle","Orichalcum","TungstenRod","reliquary:RosewoodLute","Letter Opener","aspiration:SeaSaltIceCream","Circlet","FossilizedHelix","Replay:Mystery Machine","Replay:Bandana","HornCleat","Durian","reliquary:IvoryTrinket","CaptainsWheel","REME_HandOfSuture","GodSword5","AT_SunfireAegis","aspiration:AnachronicSnailShell","Dead Branch","REME_LimitBreaker","AT_EbonyIvory","HandDrill","Grinning Jar"],"acts_visited":["Exordium","Gensokyo:Gensokyo","Gensokyo:Gensokyoer"],"potions_floor_usage":[33,33,33,33,33,33,33,33,33,33,33,33,33,33,33,33,33,33,33,35,35,35,35,35,35,38,38,41,41,41,41,41,41,41,41,41,44,44,44,44,44,47,47,47,47,47,47,51,51,51,51,51,51,51,51,51,51,51,51,51,51],"damage_taken":[{"damage":0.0,"enemies":"Gensokyo:Python","floor":1.0,"turns":2.0},{"damage":0.0,"enemies":"Gensokyo:2_Kodama","floor":2.0,"turns":2.0},{"damage":0.0,"enemies":"Gensokyo:Gryphon","floor":5.0,"turns":2.0},{"damage":29.0,"enemies":"Gensokyo:Aya","floor":6.0,"turns":4.0},{"damage":9.0,"enemies":"Gensokyo:2_Rabbits","floor":7.0,"turns":5.0},{"damage":0.0,"enemies":"Gensokyo:Gryphon_and_Rabbit","floor":11.0,"turns":2.0},{"damage":0.0,"enemies":"Gensokyo:5_Fairies","floor":13.0,"turns":2.0},{"damage":0.0,"enemies":"Gensokyo:Reimu","floor":16.0,"turns":3.0},{"damage":0.0,"enemies":"Gensokyo:CosmicMonolith","floor":18.0,"turns":3.0},{"damage":0.0,"enemies":"Gensokyo:2_Gloops","floor":20.0,"turns":2.0},{"damage":0.0,"enemies":"Gensokyo:Wraith","floor":22.0,"turns":2.0},{"damage":18.0,"enemies":"Gensokyo:Mirror_and_Dog","floor":24.0,"turns":2.0},{"damage":0,"enemies":"Gensokyo:3_Gloops","floor":27,"turns":1},{"damage":42,"enemies":"Gensokyo:Swordslinger","floor":28,"turns":3},{"damage":0,"enemies":"Gensokyo:Slime_Group","floor":31,"turns":1},{"damage":32,"enemies":"Gensokyo:Eternal_Rivals","floor":33,"turns":3},{"damage":0,"enemies":"Gensokyo:3_Bats","floor":35,"turns":1},{"damage":0,"enemies":"Gensokyo:AncientGuardian","floor":38,"turns":1},{"damage":0,"enemies":"Gensokyo:Kasen","floor":41,"turns":1},{"damage":0,"enemies":"Gensokyo:Dusk_and_Dawn","floor":44,"turns":1},{"damage":0,"enemies":"Gensokyo:Doremy","floor":45,"turns":1},{"damage":0,"enemies":"Gensokyo:Sharpion","floor":47,"turns":1},{"damage":0,"enemies":"Gensokyo:Yuyuko","floor":50,"turns":1},{"damage":0,"enemies":"Gensokyo:Shinki","floor":51,"turns":3}],"seed_played":"-8629442685483336271","potions_obtained":[{"floor":1.0,"key":"Flashbang"},{"floor":6.0,"key":"AttackPotion"},{"floor":20.0,"key":"Doom Potion"}],"is_trial":false,"path_per_floor":["M","M","?","COS","M","E","M","R","T","$","M","R","M","$","R","B",null,"M","?","M","COS","M","R","M","R","T","M","M","R","?","M","R_BF","B",null,"M","?","?","M","$","R","E","?","T","M","E","?","M","COS","R","B","B",null],"character_chosen":"WATCHER","items_purchased":["Nunchaku","Replay:Mystery Machine","Orrery","Ancient Tea Set","MerchantsRug","ClockworkSouvenir","Mirror","ReplayTheSpireMod:Private Reserves","Explosive Potion","SteroidPotion","Shuriken","conspire:Flyswatter","reliquary:Bookmark","REME_Flogging","Ambrosia","Strawberry","aspiration:DSix","TheAbacus","DistilledChaos","reliquary:Buckler","AT_TheCollector","DollysMirror","FairyPotion","Toy Ornithopter","reliquary:SilkGlove","Chemical X","reliquary:PurpleTingedLeaf","GodSword7","Membership Card","AT_LudenTempest","Whetstone","Strange Spoon","Replay:DivineShield","AT_ForceNature","Peace Pipe","REME_OnlineShoppingPlatform","SpiritShield","Pondfish Scales","Damaru","BargainBundle","conspire:DeflatedDodgeball","reliquary:PartyBalloon","reliquary:WeakTea","Bronze Scales","Blue Doll","Gremlin Food","Garlic","Ccalipers","Centennial Puzzle","Orichalcum","TungstenRod","reliquary:RosewoodLute","Letter Opener","aspiration:SeaSaltIceCream","Replay:AtTheReady","FossilizedHelix","Replay:Mystery Machine","Replay:Bandana","HornCleat","Durian","reliquary:IvoryTrinket","CaptainsWheel","REME_HandOfSuture","GodSword5","AT_SunfireAegis","aspiration:AnachronicSnailShell","Dead Branch","REME_LimitBreaker","AT_EbonyIvory","reliquary:SculptingSteel","Grinning Jar"],"campfire_rested":0,"item_purchase_floors":[8,8,8,10,10,10,10,10,10,10,12,12,12,12,12,14,14,14,14,15,15,15,15,23,23,23,25,25,25,29,29,29,29,32,32,32,32,39,39,39,40,40,49,49,49,49,49,49,49,49,49,49,49,49,49,49,49,49,49,49,49,49,49,49,49,49,49,49,49,49,49],"current_hp_per_floor":[61,61,61,61,61,32,23,23,23,23,23,23,23,30,30,30,64,64,64,64,64,64,64,46,46,46,47,6,6,10,11,11,75,75,75,75,75,75,75,75,75,75,75,75,75,75,75,75,80,80,80],"gold":88016,"neow_bonus":"TRANSFORM_CARD","is_daily":false,"chose_seed":false,"campfire_upgraded":0,"win_rate":0.0,"timestamp":1612104252,"path_taken":["M","M","?","COS","?","E","M","R","T","$","M","R","M","$","R","BOSS","M","?","?","COS","M","R","M","R","T","M","M","R","?","?","R_BF","BOSS","M","?","?","?","?","R","E","?","T","?","E","?","M","COS","R","BOSS","BOSS"],"items_purchased_type":["Relic","Relic","Relic","Relic","Relic","Relic","Relic","Card","Potion","Potion","Relic","Relic","Relic","Card","Potion","Relic","Relic","Relic","Potion","Relic","Relic","Relic","Potion","Relic","Relic","Relic","Relic","Relic","Relic","Relic","Relic","Relic","Card","Relic","Relic","Relic","Card","Relic","Relic","Relic","Relic","Relic","Relic","Relic","Relic","Relic","Relic","Relic","Relic","Relic","Relic","Relic","Relic","Relic","Card","Relic","Relic","Relic","Relic","Relic","Relic","Relic","Relic","Relic","Relic","Relic","Relic","Relic","Relic","Relic","Relic"],"build_version":"2020-12-22","purchased_purges":10,"victory":true,"max_hp_per_floor":[68,68,68,68,68,68,68,68,68,68,68,68,68,75,75,75,75,75,75,75,75,75,75,75,75,75,75,75,75,75,75,75,75,75,75,75,75,75,75,75,75,75,75,75,75,75,75,75,80,80,80],"card_choices":[{"not_picked":["Replay:ManipulateFuture","TalkToTheHand","Conclude"],"picked":"SKIP","floor":1.0},{"not_picked":["Protect","Halt","CrushJoints"],"picked":"SKIP","floor":2.0},{"not_picked":["BattleHymn","PathToVictory","JustLucky"],"picked":"SKIP","floor":5.0},{"not_picked":["AT_OneInchPunch","ClearTheMind","ForeignInfluence"],"picked":"SKIP","floor":6.0},{"not_picked":["Sanctity","Crescendo","Replay:BluntJabs"],"picked":"SKIP","floor":7.0},{"not_picked":["ClearTheMind","Judgement","EmptyBody"],"picked":"SKIP","floor":11.0},{"not_picked":["AT_OneInchPunch","PathToVictory","Consecrate"],"picked":"SKIP","floor":13.0},{"not_picked":["ConjureBlade","DevaForm"],"picked":"AT_RealColorLess","floor":16.0},{"not_picked":["Replay:Cycle","EmptyFist","EmptyBody"],"picked":"SKIP","floor":18.0},{"not_picked":["CrushJoints","Replay:Anticipation","FlurryOfBlows"],"picked":"SKIP","floor":20.0},{"not_picked":["Crescendo+1","EmptyFist","Evaluate+1"],"picked":"SKIP","floor":22.0},{"not_picked":["Crescendo","ForeignInfluence","JustLucky"],"picked":"SKIP","floor":24.0},{"not_picked":["SashWhip","Establishment","EmptyFist"],"picked":"SKIP","floor":27},{"not_picked":["CrushJoints","PathToVictory","SandsOfTime"],"picked":"SKIP","floor":28},{"not_picked":["BowlingBash","Replay:AtTheReady","Evaluate"],"picked":"SKIP","floor":31},{"not_picked":["AT_RealColorLess","Brilliance"],"picked":"Devotion","floor":33},{"not_picked":["BattleHymn","BowlingBash","EmptyMind"],"picked":"SKIP","floor":35},{"not_picked":["Replay:Vibes","Collect"],"picked":"Prostrate","floor":38},{"not_picked":["CrushJoints+1","Consecrate","ClearTheMind"],"picked":"SKIP","floor":41},{"not_picked":["CarveReality","Crescendo","FlyingSleeves"],"picked":"SKIP","floor":44},{"not_picked":["Protect","InnerPeace","Swivel"],"picked":"SKIP","floor":45},{"not_picked":["CutThroughFate","WreathOfFlame+1","CrushJoints"],"picked":"SKIP","floor":47}],"player_experience":98234,"relics_obtained":[{"floor":6.0,"key":"MagicDraw1"},{"floor":9.0,"key":"Counterbalance"},{"floor":26.0,"key":"Replay:Rubber Ducky"},{"floor":41,"key":"conspire:GiftBox"},{"floor":43,"key":"The Courier"},{"floor":45,"key":"Kunai"}],"event_choices":[],"is_beta":false,"boss_relics":[{"not_picked":["Black Star","Ectoplasm"],"picked":"Coffee Dripper"},{"not_picked":["aspiration:PoetsPen","Tiny House"],"picked":"conspire:RoyalGoblet"}],"items_purged_floors":[10,12,14,15,23,25,29,32,39,40],"is_endless":false,"potions_floor_spawned":[1,6,11,20,24,27,28,38,41],"ascension_level":20}}