{"host":"c97twqu0op5dg8i4","time":1612101179,"event":{"mods":["AchievementEnabler","BaseMod","Colored Map","Minty Spire (QoL Compilation)","Permanent Neow"],"gold_per_floor":[114,114,124,136,156,156,484,484,484,484,484,19,37,212,223,53,53,156,206,196,123,48,48,67,99,99,99,99],"floor_reached":27,"language":"ENG","playtime":757,"items_purged":["Strike_B","Doubt"],"score":422,"play_id":"db12154b-7cad-4d6d-a3ba-f1a3725fb1a5","local_time":"20210131085259","is_ascension_mode":true,"campfire_choices":[{"data":"Ball Lightning","floor":6.0,"key":"SMITH"},{"floor":8.0,"key":"REST"},{"floor":10.0,"key":"REST"},{"data":"Buffer","floor":17.0,"key":"SMITH"}],"circlet_count":0,"master_deck":["AscendersBane","Strike_B+1","Strike_B+1","Defend_B+1","Defend_B+1","Defend_B+1","Defend_B+1","Zap","Dualcast","Turbo","Ball Lightning+1","Auto Shields","Turbo","Conserve Battery","Buffer+1","Cold Snap","Tempest","Cold Snap","Capacitor","Rainbow","Ball Lightning","Defragment","Biased Cognition"],"relics":["Cracked Core","Letter Opener","PreservedInsect","Tiny House","Nloth\u0027s Gift","Blue Candle"],"acts_visited":["Exordium","TheCity"],"potions_floor_usage":[18,25],"damage_taken":[{"damage":4.0,"enemies":"Jaw Worm","floor":1.0,"turns":4.0},{"damage":4.0,"enemies":"2 Louse","floor":3.0,"turns":3.0},{"damage":4.0,"enemies":"Small Slimes","floor":4.0,"turns":3.0},{"damage":25.0,"enemies":"3 Louse","floor":5.0,"turns":3.0},{"damage":33.0,"enemies":"Gremlin Nob","floor":7.0,"turns":4.0},{"damage":33.0,"enemies":"Lots of Slimes","floor":13.0,"turns":4.0},{"damage":7.0,"enemies":"Exordium Wildlife","floor":15.0,"turns":5.0},{"damage":0,"enemies":"Slime Boss","floor":18,"turns":7},{"damage":6,"enemies":"2 Thieves","floor":20,"turns":4},{"damage":12,"enemies":"Shell Parasite","floor":24,"turns":6},{"damage":28,"enemies":"Gremlin Leader","floor":25,"turns":7},{"damage":0,"enemies":"Slavers","floor":27,"turns":1}],"seed_played":"-1955589379907370011","potions_obtained":[{"floor":3.0,"key":"Energy Potion"},{"floor":5.0,"key":"Fire Potion"},{"floor":7.0,"key":"EssenceOfDarkness"},{"floor":19,"key":"PowerPotion"},{"floor":24,"key":"BlessingOfTheForge"},{"floor":25,"key":"PotionOfCapacity"}],"is_trial":false,"path_per_floor":["M","?","M","M","M","R","E","R","?","R","T","$","M","?","M","$","R","B",null,"M","$","?","?","M","E","?","E"],"character_chosen":"DEFECT","items_purchased":["Buffer","Cold Snap","PreservedInsect","Tempest","Capacitor","Defragment"],"campfire_rested":2,"item_purchase_floors":[12,12,12,12,16,21],"current_hp_per_floor":[71,71,67,63,38,38,5,29,29,53,53,53,20,20,13,13,13,13,70,64,64,64,64,52,24,24,24,24],"gold":99,"neow_bonus":"TEN_PERCENT_HP_BONUS","is_daily":false,"chose_seed":false,"campfire_upgraded":2,"win_rate":0.0,"timestamp":1612101179,"path_taken":["M","?","M","M","M","R","E","R","?","R","T","$","M","?","M","$","R","BOSS","M","$","?","?","?","E","?","E"],"items_purchased_type":["Card","Card","Relic","Card","Card","Card"],"build_version":"2020-12-22","purchased_purges":2,"victory":false,"max_hp_per_floor":[82,82,82,82,82,82,82,82,82,82,82,82,82,82,82,82,82,82,87,87,87,87,87,87,87,87,87,87],"card_choices":[{"not_picked":["Heatsinks","Beam Cell"],"picked":"Turbo","floor":1.0},{"not_picked":["Beam Cell","Streamline"],"picked":"Ball Lightning","floor":3.0},{"not_picked":["Beam Cell","Compile Driver"],"picked":"Auto Shields","floor":4.0},{"not_picked":["Recycle","Barrage"],"picked":"Turbo","floor":5.0},{"not_picked":["Capacitor","Redo"],"picked":"Conserve Battery","floor":7.0},{"not_picked":["Turbo","Fusion","Undo"],"picked":"SKIP","floor":13.0},{"not_picked":["Stack","Steam"],"picked":"Cold Snap","floor":15.0},{"not_picked":["Machine Learning","Thunder Strike"],"picked":"Rainbow","floor":18},{"not_picked":["Genetic Algorithm","Barrage"],"picked":"Ball Lightning","floor":20},{"not_picked":["Rip and Tear","Go for the Eyes"],"picked":"Biased Cognition","floor":24},{"not_picked":["Steam","Hologram","Recycle+1"],"picked":"SKIP","floor":25}],"player_experience":333679,"relics_obtained":[{"floor":7.0,"key":"Old Coin"},{"floor":11.0,"key":"Letter Opener"},{"floor":25,"key":"Blue Candle"}],"event_choices":[{"damage_healed":0.0,"max_hp_gain":0.0,"max_hp_loss":0.0,"gold_gain":0.0,"event_name":"The Cleric","player_choice":"Leave","floor":2.0,"gold_loss":0.0,"damage_taken":0.0},{"damage_healed":0.0,"max_hp_gain":0.0,"max_hp_loss":0.0,"gold_gain":0.0,"event_name":"Dead Adventurer","player_choice":"Searched \u00270\u0027 times","floor":9.0,"gold_loss":0.0,"damage_taken":0.0},{"damage_healed":0.0,"max_hp_gain":0.0,"max_hp_loss":0.0,"gold_gain":175.0,"event_name":"Liars Game","player_choice":"AGREE","floor":14.0,"gold_loss":0.0,"damage_taken":0.0,"cards_obtained":["Doubt"]},{"cards_removed":["Strike_B"],"damage_healed":0,"gold_gain":0,"player_choice":"Gave Gold","damage_taken":0,"max_hp_gain":0,"max_hp_loss":0,"event_name":"Beggar","floor":22,"gold_loss":75},{"damage_healed":0,"gold_gain":0,"player_choice":"Traded Relic","damage_taken":0,"relics_obtained":["Nloth\u0027s Gift"],"max_hp_gain":0,"max_hp_loss":0,"event_name":"N\u0027loth","floor":23,"relics_lost":["Old Coin"],"gold_loss":0},{"damage_healed":0,"gold_gain":0,"player_choice":"Simplicity","damage_taken":0,"max_hp_gain":0,"max_hp_loss":0,"event_name":"Back to Basics","floor":26,"gold_loss":0,"cards_upgraded":["Strike_B","Defend_B","Defend_B","Defend_B","Defend_B"]}],"is_beta":false,"boss_relics":[{"not_picked":["FrozenCore","Snecko Eye"],"picked":"Tiny House"}],"items_purged_floors":[12,16],"is_endless":false,"potions_floor_spawned":[3,5,7,24,25],"killed_by":"Slavers","ascension_level":10}}