{"host":"l6vifo5ajdb3p20b","time":1612129586,"event":{"mods":["2.2 Compatiblity","BaseMod","Better Altar","Better Sensory Stone","Better Skull","Better Third Choice","BetterRewards","Block Reminder","Booster Modes","Card Forge","Colored Map","Defuse TimeMaze Blight","Energized Spire","Evolution","Marisa????????","Minty Spire (QoL Compilation)","Relic Stats","StSLib","The Blackbeard"],"gold_per_floor":[16,29,47,58,77,103,103,113,113,128,154,34,34,59,59,176,176,204,204,204,39,53,53,129,129,180,228,284,284,29,66,66,202,202,241,330,343,343,432,481,481,542,569,604,638,688,49,0,0,150],"floor_reached":51,"language":"ENG","playtime":5634,"items_purged":["Strike_MRS","UnstableBomb","WitchOfGreed"],"score":947,"play_id":"92f16819-0ab6-4d8f-adeb-bd054de5f017","local_time":"20210201044626","is_ascension_mode":true,"campfire_choices":[{"data":"PulseMagic","floor":7.0,"key":"SMITH"},{"data":"MaximisePower","floor":13.0,"key":"SMITH"},{"data":"EarthLightRay","floor":15.0,"key":"SMITH"},{"floor":23.0,"key":"REST"},{"data":"AsteroidBelt","floor":25.0,"key":"SMITH"},{"data":"EnergyFlow","floor":29.0,"key":"SMITH"},{"floor":32.0,"key":"DIG"},{"floor":41,"key":"DIG"},{"floor":49,"key":"REST"}],"circlet_count":0,"master_deck":["Defend_MRS","Defend_MRS","Defend_MRS","Defend_MRS","MasterSpark","UpSweep","MaximisePower+1","RefractionSpark","MysteriousBeam+1","EnergyFlow+1","EarthLightRay+1","PulseMagic+1","MagicAbsorber","Acceleration","6A","ShootingEcho","ShootTheMoon","SporeBomb","TreasureHunter","AsteroidBelt+1","RitualDagger","Robbery","GalacticHalo","OortCloud","OrrerysSun","ManaConvection+1","PulseMagic+1","BlazeAway+1","UltimateShortwave+1","ShootingEcho+1","MagicAbsorber+1","FinalSpark","EarthLightRay+1","PropBag+1","SprinkleStarSeal+1","EnergyRecoil+1","Secret Technique+1"],"relics":["MiniHakkero","Hammer of Thor","Seething Fire","Anvil of the Gods","EVO:Axolotl","Bag of Marbles","Question Card","Oddly Smooth Stone","Runic Pyramid","Bloody Idol","Juzu Bracelet","Gremlin Horn","Pen Nib","Art of War","Omamori","DollysMirror","Blood Vial","Shovel","Toxic Egg 2","MagicBroom","Sozu","Calipers","Singing Bowl","White Beast Statue","Regal Pillow","Frozen Egg 2","ShroomBag","Ancient Tea Set","Toy Ornithopter","AmplifyWand","Red Mask"],"acts_visited":["Exordium","TheCity","TheBeyond"],"potions_floor_usage":[50],"damage_taken":[{"damage":0.0,"enemies":"2 Louse","floor":1.0,"turns":2.0},{"damage":0.0,"enemies":"Jaw Worm","floor":2.0,"turns":1.0},{"damage":2.0,"enemies":"Small Slimes","floor":3.0,"turns":3.0},{"damage":0.0,"enemies":"Red Slaver","floor":4.0,"turns":1.0},{"damage":11.0,"enemies":"Large Slime","floor":5.0,"turns":2.0},{"damage":0.0,"enemies":"Lagavulin","floor":6.0,"turns":4.0},{"damage":0.0,"enemies":"Exordium Wildlife","floor":8.0,"turns":4.0},{"damage":0.0,"enemies":"Gremlin Gang","floor":10.0,"turns":3.0},{"damage":1.0,"enemies":"3 Sentries","floor":11.0,"turns":4.0},{"damage":0.0,"enemies":"3 Louse","floor":14.0,"turns":3.0},{"damage":42.0,"enemies":"The Guardian","floor":16.0,"turns":9.0},{"damage":21.0,"enemies":"3 Byrds","floor":18.0,"turns":5.0},{"damage":0.0,"enemies":"Spheric Guardian","floor":22.0,"turns":3.0},{"damage":6.0,"enemies":"Book of Stabbing","floor":24.0,"turns":5.0},{"damage":0.0,"enemies":"Centurion and Healer","floor":27.0,"turns":6.0},{"damage":18.0,"enemies":"Gremlin Leader","floor":28.0,"turns":7.0},{"damage":15.0,"enemies":"Slavers","floor":31.0,"turns":4.0},{"damage":29.0,"enemies":"Collector","floor":33.0,"turns":10.0},{"damage":9,"enemies":"3 Shapes","floor":35,"turns":3},{"damage":37,"enemies":"2 Orb Walkers","floor":36,"turns":5},{"damage":7,"enemies":"Orb Walker","floor":37,"turns":4},{"damage":7,"enemies":"Spire Growth","floor":39,"turns":6},{"damage":18,"enemies":"Reptomancer","floor":40,"turns":3},{"damage":33,"enemies":"Sphere and 2 Shapes","floor":42,"turns":3},{"damage":24,"enemies":"Giant Head","floor":44,"turns":7},{"damage":0,"enemies":"3 Darklings","floor":45,"turns":2},{"damage":43,"enemies":"Nemesis","floor":46,"turns":6},{"damage":4,"enemies":"Awakened One","floor":50,"turns":10}],"seed_played":"1117474209174615552","potions_obtained":[{"floor":3.0,"key":"BottledSpark"},{"floor":4.0,"key":"AttackPotion"},{"floor":8.0,"key":"BlessingOfTheForge"},{"floor":10.0,"key":"DuplicationPotion"},{"floor":11.0,"key":"SkillPotion"},{"floor":14.0,"key":"PowerPotion"},{"floor":14.0,"key":"Swift Potion"},{"floor":16.0,"key":"PowerPotion"},{"floor":18.0,"key":"Regen Potion"},{"floor":24.0,"key":"FearPotion"},{"floor":27.0,"key":"SteroidPotion"},{"floor":27.0,"key":"SneckoOil"},{"floor":28.0,"key":"PowerPotion"},{"floor":31.0,"key":"ShroomBrew"},{"floor":33.0,"key":"CultistPotion"}],"is_trial":false,"path_per_floor":["M","M","M","M","M","E","R","M","T","M","E","$","R","M","R","B",null,"M","?","?","$","M","R","E","R","T","M","E","R","$","E","R","B",null,"M","?","M","?","M","E","R","M","T","E","M","E","$","?","R","B",null],"character_chosen":"MARISA","items_purchased":["WitchOfGreed","Robbery","GalacticHalo","Energy Potion","DollysMirror","AmplifyWand","EnergyRecoil+1","Secret Technique+1"],"campfire_rested":2,"item_purchase_floors":[12,21,21,21,30,47,47,47],"current_hp_per_floor":[75,75,73,75,64,68,68,72,72,75,75,75,75,75,75,33,75,57,51,13,13,27,49,59,59,64,75,62,62,62,63,63,51,75,75,53,59,59,70,61,61,40,45,40,53,36,36,36,74,79],"gold":150,"neow_bonus":"TRANSFORM_TWO_CARDS","is_daily":false,"chose_seed":false,"campfire_upgraded":5,"win_rate":0.0,"timestamp":1612129586,"path_taken":["M","M","M","M","M","E","R","M","T","M","E","$","R","M","R","BOSS","M","?","?","$","M","R","E","R","T","M","E","R","$","E","R","BOSS","M","?","M","?","M","E","R","M","T","E","M","E","$","?","R","BOSS"],"items_purchased_type":["Card","Card","Card","Potion","Relic","Relic","Card","Card"],"build_version":"2020-12-22","purchased_purges":3,"victory":true,"max_hp_per_floor":[75,75,75,75,75,75,75,75,75,75,75,75,75,75,75,75,75,75,75,75,75,75,75,75,75,75,75,75,75,75,75,75,75,75,75,75,75,75,75,77,77,77,77,77,77,79,79,79,79,79],"relic_stats":{"Regal Pillow":15,"Gremlin Horn":[22,23],"Singing Bowl":4,"counters":[28,125],"Pen Nib":[15],"Juzu Bracelet":1,"Question Card":20,"Blood Vial":18,"Sozu":10,"Shovel":2,"Bloody Idol":122,"Art of War":[12],"obtain_stats":[{"AmplifyWand":47,"Regal Pillow":43,"Calipers":36,"Gremlin Horn":24,"Singing Bowl":40,"Hammer of Thor":0,"Juzu Bracelet":24,"EVO:Axolotl":0,"Ancient Tea Set":46,"Blood Vial":31,"Sozu":34,"Shovel":31,"DollysMirror":30,"Red Mask":48,"Kunai":46,"Toxic Egg 2":32,"Runic Pyramid":17,"MagicBroom":33,"Oddly Smooth Stone":11,"Pen Nib":26,"Omamori":28,"Seething Fire":0,"Letter Opener":45,"Frozen Egg 2":44,"Question Card":9,"White Beast Statue":41,"ShroomBag":44,"Anvil of the Gods":0,"Ornamental Fan":50,"Bloody Idol":20,"Bag of Marbles":6,"Art of War":28,"MiniHakkero":0,"Toy Ornithopter":46},{"AmplifyWand":27,"Regal Pillow":24,"Calipers":20,"Gremlin Horn":14,"Singing Bowl":23,"Hammer of Thor":0,"Juzu Bracelet":14,"EVO:Axolotl":0,"Ancient Tea Set":27,"Blood Vial":17,"Sozu":18,"Shovel":17,"DollysMirror":16,"Red Mask":27,"Kunai":27,"Toxic Egg 2":17,"Runic Pyramid":11,"MagicBroom":18,"Oddly Smooth Stone":9,"Pen Nib":14,"Omamori":16,"Seething Fire":0,"Letter Opener":26,"Frozen Egg 2":25,"Question Card":7,"White Beast Statue":23,"ShroomBag":25,"Anvil of the Gods":0,"Ornamental Fan":28,"Bloody Idol":12,"Bag of Marbles":6,"Art of War":16,"MiniHakkero":0,"Toy Ornithopter":27},{"AmplifyWand":115,"Regal Pillow":100,"Calipers":84,"Gremlin Horn":49,"Singing Bowl":97,"Hammer of Thor":0,"Juzu Bracelet":49,"EVO:Axolotl":0,"Ancient Tea Set":115,"Blood Vial":66,"Sozu":76,"Shovel":66,"DollysMirror":62,"Red Mask":115,"Kunai":110,"Toxic Egg 2":66,"Runic Pyramid":36,"MagicBroom":76,"Oddly Smooth Stone":24,"Pen Nib":49,"Omamori":62,"Seething Fire":0,"Letter Opener":108,"Frozen Egg 2":107,"Question Card":17,"White Beast Statue":97,"ShroomBag":107,"Anvil of the Gods":0,"Ornamental Fan":116,"Bloody Idol":41,"Bag of Marbles":13,"Art of War":62,"MiniHakkero":0,"Toy Ornithopter":115}],"Toy Ornithopter":3},"card_choices":[{"not_picked":["WitchLeyline","Occultation"],"picked":"MysteriousBeam","floor":1.0},{"not_picked":["Occultation","StarlightTyphoon"],"picked":"EnergyFlow","floor":2.0},{"not_picked":["ChargingUp","DragonMeteor"],"picked":"EarthLightRay","floor":3.0},{"not_picked":["OneTimeOff","6A"],"picked":"PulseMagic","floor":4.0},{"not_picked":["UnstableBomb","AsteroidBelt"],"picked":"MagicAbsorber","floor":5.0},{"not_picked":["6A","SatelliteIllusion"],"picked":"Acceleration","floor":6.0},{"not_picked":["PowerUp","StarlightTyphoon"],"picked":"6A","floor":8.0},{"not_picked":["MagicAbsorber","GalacticHalo","DarkSpark"],"picked":"ShootingEcho","floor":10.0},{"not_picked":["IllusionStar","GasGiant","MagicChant"],"picked":"ShootTheMoon","floor":11.0},{"not_picked":["MilkyWay","DoubleSpark","DC"],"picked":"SporeBomb","floor":14.0},{"not_picked":["SatelliteIllusion","UltimateShortwave","BlazingStar"],"picked":"TreasureHunter","floor":16.0},{"not_picked":["IllusionStar","6A","LuminesStrike"],"picked":"AsteroidBelt","floor":18.0},{"not_picked":["AlicesGift","RefractionSpark","SuperPerseids","Acceleration+1"],"picked":"SKIP","floor":22.0},{"not_picked":["MilkyWay+1","AsteroidBelt","GravityBeat"],"picked":"OortCloud","floor":24.0},{"not_picked":["PulseMagic","Acceleration","LuminesStrike+1"],"picked":"OrrerysSun","floor":27.0},{"not_picked":["DarkMatter+1","TreasureHunter","GalacticHalo"],"picked":"ManaConvection+1","floor":28.0},{"not_picked":["OrrerysSun","MagicAbsorber+1","JA"],"picked":"BlazeAway+1","floor":31.0},{"not_picked":["MaximisePower+1","TreasureHunter","BinaryStars+1"],"picked":"UltimateShortwave+1","floor":33.0},{"not_picked":["GrandCross+1","StarBarrage","GravityBeat"],"picked":"ShootingEcho+1","floor":35},{"not_picked":["IllusionStar+1","WitchLeyline","DeepEcoloBomb+1"],"picked":"MagicAbsorber+1","floor":36},{"not_picked":["LuminesStrike+1","IllusionStar+1","UnstableBomb+1","WitchLeyline"],"picked":"SKIP","floor":37},{"not_picked":["AsteroidBelt+1","GalacticHalo+1","Acceleration+1"],"picked":"FinalSpark","floor":39},{"not_picked":["DarkMatter+1","GalacticHalo+1","6A","SporeBomb+1"],"picked":"Singing Bowl","floor":40},{"not_picked":["RefractionSpark","ManaConvection+1","MaximisePower+1"],"picked":"EarthLightRay+1","floor":42},{"not_picked":["DeepEcoloBomb","GalacticHalo+1","GasGiant+1"],"picked":"PropBag+1","floor":44},{"not_picked":["SporeBomb+1","UnstableBomb+1","GravityBeat"],"picked":"SprinkleStarSeal+1","floor":45},{"not_picked":["DoubleSpark+1","BinaryStars+1","Robbery","StarlightTyphoon+1"],"picked":"Singing Bowl","floor":46}],"player_experience":926008,"relics_obtained":[{"floor":6.0,"key":"Bag of Marbles"},{"floor":9.0,"key":"Question Card"},{"floor":11.0,"key":"Oddly Smooth Stone"},{"floor":24.0,"key":"Juzu Bracelet"},{"floor":24.0,"key":"Gremlin Horn"},{"floor":26.0,"key":"Pen Nib"},{"floor":28.0,"key":"Art of War"},{"floor":28.0,"key":"Omamori"},{"floor":31.0,"key":"Blood Vial"},{"floor":31.0,"key":"Shovel"},{"floor":32.0,"key":"Toxic Egg 2"},{"floor":33.0,"key":"MagicBroom"},{"floor":36,"key":"Calipers"},{"floor":40,"key":"Singing Bowl"},{"floor":41,"key":"White Beast Statue"},{"floor":43,"key":"Regal Pillow"},{"floor":44,"key":"Frozen Egg 2"},{"floor":44,"key":"ShroomBag"},{"floor":46,"key":"Ancient Tea Set"},{"floor":46,"key":"Toy Ornithopter"}],"event_choices":[{"damage_healed":0.0,"max_hp_gain":0.0,"max_hp_loss":0.0,"gold_gain":0.0,"event_name":"betterThird:BetterNest","player_choice":"Dagger","floor":19.0,"gold_loss":0.0,"damage_taken":6.0,"cards_obtained":["RitualDagger"]},{"damage_healed":0.0,"max_hp_gain":51.0,"max_hp_loss":13.0,"gold_gain":0.0,"event_name":"betterAltar:BetterAltar","player_choice":" Idol ","floor":20.0,"potions_obtained":[],"relics_lost":[],"gold_loss":0.0,"damage_taken":38.0,"relics_obtained":["Bloody Idol"]},{"damage_healed":0,"gold_gain":0,"player_choice":"Fight","damage_taken":0,"max_hp_gain":0,"max_hp_loss":0,"event_name":"Mysterious Sphere","floor":36,"gold_loss":0},{"damage_healed":0,"gold_gain":0,"player_choice":"Upgraded","damage_taken":0,"max_hp_gain":0,"max_hp_loss":0,"event_name":"Upgrade Shrine","floor":38,"gold_loss":0,"cards_upgraded":["MysteriousBeam"]},{"damage_healed":0,"gold_gain":0,"player_choice":"Paid","damage_taken":0,"relics_obtained":["Red Mask"],"max_hp_gain":0,"max_hp_loss":0,"event_name":"Tomb of Lord Red Mask","floor":48,"gold_loss":49}],"is_beta":false,"boss_relics":[{"not_picked":["Calling Bell","Philosopher\u0027s Stone"],"picked":"Runic Pyramid"},{"not_picked":["Runic Dome","Empty Cage"],"picked":"Sozu"}],"items_purged_floors":[12,30,47],"is_endless":false,"potions_floor_spawned":[3,4,8,10,11,14,27,31,35,36,42,44,45,46],"ascension_level":1}}