{"host":"6xsbn6ynqlzwllfm","time":1612102911,"event":{"mods":["2.2 Compatiblity","BaseMod","Bestiary","Colored Map","Colored Powertips","Curses Come First","Highlight Path","Keyboard Shortcuts","Minty Spire (QoL Compilation)","Relic Stats","Slay the Relics Exporter","StSLib","SuperFastMode"],"gold_per_floor":[114,114,125,175,192,227,51,77,77,77,77],"floor_reached":10,"language":"ENG","playtime":218,"items_purged":["Strike_P"],"score":152,"play_id":"f8313971-b92a-439e-be45-573a5402caad","local_time":"20210131092151","is_ascension_mode":true,"campfire_choices":[],"circlet_count":0,"master_deck":["AscendersBane","Strike_P","Strike_P","Strike_P","Defend_P","Defend_P","Defend_P","Defend_P","Eruption","Vigilance","FlyingSleeves","FollowUp","BowlingBash","SandsOfTime","EmptyBody","Brilliance"],"relics":["PureWater","NeowsBlessing","Gremlin Horn","Prayer Wheel","TeardropLocket","GoldenEye"],"acts_visited":["Exordium"],"potions_floor_usage":[6,6],"damage_taken":[{"damage":0.0,"enemies":"2 Louse","floor":1.0,"turns":2.0},{"damage":0.0,"enemies":"Cultist","floor":3.0,"turns":1.0},{"damage":0.0,"enemies":"Jaw Worm","floor":5.0,"turns":1.0},{"damage":7,"enemies":"Lagavulin","floor":6,"turns":5},{"damage":16,"enemies":"Gremlin Nob","floor":8,"turns":3},{"damage":39,"enemies":"Lagavulin","floor":10,"turns":7}],"seed_played":"4345999075485323083","potions_obtained":[{"floor":3.0,"key":"Weak Potion"},{"floor":5.0,"key":"FearPotion"}],"is_trial":false,"path_per_floor":["M","?","M","?","M","E","$","E","T","E"],"character_chosen":"WATCHER","items_purchased":["SandsOfTime","EmptyBody"],"campfire_rested":0,"item_purchase_floors":[7,7],"current_hp_per_floor":[61,61,61,61,61,54,54,38,38,0,0],"gold":77,"neow_bonus":"THREE_ENEMY_KILL","is_daily":false,"chose_seed":false,"campfire_upgraded":0,"win_rate":0.0,"timestamp":1612102911,"path_taken":["M","?","?","?","M","E","$","E","T","E"],"items_purchased_type":["Card","Card"],"build_version":"2020-12-22","purchased_purges":1,"victory":false,"max_hp_per_floor":[68,68,68,68,68,68,68,68,68,68,68],"relic_stats":{"Gremlin Horn":[0,0],"counters":[6,19],"Prayer Wheel":0,"GoldenEye":[0],"obtain_stats":[{"NeowsBlessing":0,"Gremlin Horn":2,"Prayer Wheel":6,"TeardropLocket":8,"PureWater":0,"GoldenEye":9},{"NeowsBlessing":0,"Gremlin Horn":1,"Prayer Wheel":4,"TeardropLocket":5,"PureWater":0,"GoldenEye":5},{"NeowsBlessing":0,"Gremlin Horn":2,"Prayer Wheel":9,"TeardropLocket":12,"PureWater":0,"GoldenEye":12}]},"card_choices":[{"not_picked":["JustLucky","WindmillStrike"],"picked":"Halt","floor":1.0},{"not_picked":["SignatureMove","Nirvana"],"picked":"FlyingSleeves","floor":3.0},{"not_picked":["FlyingSleeves","Protect"],"picked":"FollowUp","floor":5.0},{"not_picked":["FlyingSleeves","DeceiveReality"],"picked":"BowlingBash","floor":6},{"not_picked":["Halt","FlurryOfBlows"],"picked":"Brilliance","floor":8}],"player_experience":1351058,"relics_obtained":[{"floor":6,"key":"Prayer Wheel"},{"floor":8,"key":"TeardropLocket"},{"floor":9,"key":"GoldenEye"}],"event_choices":[{"cards_removed":["Halt"],"damage_healed":0.0,"max_hp_gain":0.0,"max_hp_loss":0.0,"gold_gain":0.0,"event_name":"WeMeetAgain","player_choice":"Gave Card","floor":2.0,"gold_loss":0.0,"damage_taken":0.0,"relics_obtained":["Gremlin Horn"]},{"damage_healed":0.0,"max_hp_gain":0.0,"max_hp_loss":0.0,"gold_gain":50.0,"event_name":"Golden Shrine","player_choice":"Pray","floor":4.0,"gold_loss":0.0,"damage_taken":0.0}],"is_beta":false,"boss_relics":[],"items_purged_floors":[7],"is_endless":false,"potions_floor_spawned":[3,5],"killed_by":"Lagavulin","ascension_level":20}}