{"host":"kdt6w7ix8lwe69i9","time":1612076232,"event":{"mods":["100% Spire Juice","BaseMod","ChefMod","Evolution","Minty Spire (QoL Compilation)","Poor People Problems","Reimu（博丽灵梦）","Robot Space Explorer","Shade Mod","StSLib","The Dragonkin","The Gatherer","TheSurvivalist"],"gold_per_floor":[111,129,129,141,154,183,203,216,295,310,328,328,328,26,26,26,26],"floor_reached":16,"language":"ENG","playtime":6107,"items_purged":[],"score":156,"play_id":"fd9a97e8-4bd4-4144-a807-4e1a2ecf01c4","local_time":"20210131015712","is_ascension_mode":false,"campfire_choices":[{"floor":15,"key":"REST"}],"circlet_count":0,"master_deck":["survmod:PinningSnipe","survmod:PinningSnipe","survmod:PinningSnipe+1","survmod:PinningSnipe","survmod:DuckAndFlare","survmod:DuckAndFlare","survmod:DuckAndFlare","survmod:DuckAndFlare","survmod:VersatileOffense+1","survmod:Sprint","survmod:NockAnArrow","survmod:FlashbangShot","survmod:QuickDash","survmod:FocusedFire","survmod:AcidArrow","survmod:SwiftKick+1","survmod:SwiftKick","survmod:FocusedFire","survmod:GoForFace","survmod:NockAnArrow","survmod:PersonalMark","survmod:Marksmanship"],"relics":["EVO:Axolotl","Sozu","Anchor","Mummified Hand","Ginger","Whetstone"],"acts_visited":["Exordium"],"potions_floor_usage":[],"damage_taken":[{"damage":0,"enemies":"Cultist","floor":1,"turns":3},{"damage":2,"enemies":"Jaw Worm","floor":2,"turns":2},{"damage":0,"enemies":"2 Louse","floor":4,"turns":3},{"damage":0,"enemies":"Exordium Wildlife","floor":5,"turns":3},{"damage":13,"enemies":"Lagavulin","floor":6,"turns":6},{"damage":0,"enemies":"Blue Slaver","floor":7,"turns":3},{"damage":0,"enemies":"Red Slaver","floor":8,"turns":2},{"damage":0,"enemies":"Looter","floor":10,"turns":2},{"damage":2,"enemies":"Large Slime","floor":11,"turns":6},{"damage":30,"enemies":"The Guardian","floor":16,"turns":10}],"seed_played":"-5720852404730386949","potions_obtained":[],"is_trial":false,"path_per_floor":["M","M","?","M","M","E","M","M","T","M","M","T","?","$","R","B"],"character_chosen":"THE_SURVIVOR","items_purchased":["survmod:NockAnArrow","Whetstone","survmod:PersonalMark","survmod:Marksmanship"],"campfire_rested":1,"item_purchase_floors":[14,14,14,14],"current_hp_per_floor":[54,52,52,52,52,39,39,39,39,39,37,37,12,12,28,0,0],"gold":26,"neow_bonus":"BOSS_RELIC","is_daily":false,"chose_seed":false,"campfire_upgraded":0,"win_rate":0.0,"timestamp":1612076232,"path_taken":["M","?","?","?","M","E","M","M","T","M","M","?","?","$","R","BOSS"],"items_purchased_type":["Card","Relic","Card","Card"],"build_version":"2020-12-22","purchased_purges":0,"victory":false,"max_hp_per_floor":[54,54,54,54,54,54,54,54,54,54,54,54,54,54,54,54,54],"card_choices":[{"not_picked":["survmod:DuckAndFlare","survmod:FocusedFire"],"picked":"survmod:NockAnArrow","floor":1},{"not_picked":["survmod:PenetratingShot","survmod:SimpleMutation"],"picked":"survmod:FlashbangShot","floor":2},{"not_picked":["survmod:DuckAndFlare","survmod:WalledOffTraps"],"picked":"survmod:QuickDash","floor":4},{"not_picked":["survmod:SwiftKick","survmod:BendAndBow"],"picked":"survmod:FocusedFire","floor":5},{"not_picked":["survmod:MarkedForDeath","survmod:LongShot"],"picked":"survmod:AcidArrow","floor":6},{"not_picked":["survmod:OverwhelmingAssault","survmod:UnfortunateEscape"],"picked":"survmod:SwiftKick","floor":7},{"not_picked":["survmod:NockAnArrow","survmod:BearTrap"],"picked":"survmod:SwiftKick","floor":8},{"not_picked":["survmod:FindCover","survmod:WalledOffTraps"],"picked":"survmod:FocusedFire","floor":10},{"not_picked":["survmod:DuckAndFlare","survmod:FocusedFire"],"picked":"survmod:GoForFace","floor":11}],"player_experience":1156764,"relics_obtained":[{"floor":6,"key":"Anchor"},{"floor":9,"key":"Mummified Hand"}],"event_choices":[{"damage_healed":0,"gold_gain":0,"player_choice":"Upgraded","damage_taken":0,"max_hp_gain":0,"max_hp_loss":0,"event_name":"Upgrade Shrine","floor":3,"gold_loss":0,"cards_upgraded":["survmod:VersatileOffense"]},{"damage_healed":0,"gold_gain":0,"player_choice":"Success","damage_taken":25,"relics_obtained":["Ginger"],"max_hp_gain":0,"max_hp_loss":0,"event_name":"Scrap Ooze","floor":13,"gold_loss":0}],"is_beta":false,"boss_relics":[],"items_purged_floors":[],"is_endless":false,"potions_floor_spawned":[5,7,8],"killed_by":"The Guardian","ascension_level":0}}