{"host":"nug5xkek4sujf8as","time":1612074354,"event":{"mods":["Act Like it!","Aspiration","BaseMod","Booster Modes","CapriCore","Colored Powertips","Conspire","Energized Spire","Gensokyo","Minty Spire (QoL Compilation)","Permanent Neow","Quick Restart","Replay The Spire","Shop Mod","Spicy Shops","StSLib","【功能Mod】混沌之环修复补丁","【遗物卡牌】REMEMod","篝火指南"],"gold_per_floor":[117,192,45,45,58,58,88,88,88,123,123,139,24,24,24],"floor_reached":14,"language":"ZHS","playtime":455,"items_purged":[],"score":154,"play_id":"5550f4dd-914d-41d7-af1e-ee0c9116effc","local_time":"20210131142554","is_ascension_mode":true,"campfire_choices":[{"floor":6.0,"key":"RECALL"},{"data":"Gensokyo:RisingWorld","floor":8.0,"key":"SMITH"}],"circlet_count":0,"master_deck":["AscendersBane","Strike_B","Strike_B","Strike_B","Defend_B","Defend_B","Defend_B","Defend_B","Zap","Dualcast","Gensokyo:RisingWorld+1","Consume","Loop","Writhe"],"relics":["Cracked Core","REME_ComplimentaryCards","aspiration:Nostalgia","Sizzling Blood","Orichalcum","aspiration:BabyByrd","Replay:Accelerometer","Singing Bowl","Toxic Egg 2","conspire:IceCreamScoop"],"acts_visited":["Exordium"],"potions_floor_usage":[],"damage_taken":[{"damage":3.0,"enemies":"2 Louse","floor":1.0,"turns":3.0},{"damage":7.0,"enemies":"Jaw Worm","floor":5.0,"turns":3.0},{"damage":26.0,"enemies":"3 Sentries","floor":7.0,"turns":10.0},{"damage":32.0,"enemies":"Gremlin Nob","floor":10.0,"turns":5.0},{"damage":1.0,"enemies":"Small Slimes","floor":12.0,"turns":4.0},{"damage":15,"enemies":"Lagavulin","floor":14,"turns":4}],"seed_played":"-2103242758858387377","potions_obtained":[{"floor":1.0,"key":"Fruit Juice"},{"floor":10.0,"key":"Weak Potion"},{"floor":12.0,"key":"AttackPotion"}],"is_trial":false,"path_per_floor":["M","?","$","?","M","R","E","R","T","E","?","M","$","E"],"character_chosen":"DEFECT","items_purchased":["Orichalcum","conspire:IceCreamScoop"],"campfire_rested":0,"item_purchase_floors":[3,13],"current_hp_per_floor":[73,62,62,62,59,59,37,37,37,11,4,14,14,0,0],"gold":24,"neow_bonus":"NOSTALGIA","is_daily":false,"chose_seed":false,"campfire_upgraded":1,"win_rate":0.0,"timestamp":1612074354,"path_taken":["M","?","$","?","M","R","E","R","T","E","?","M","$","E"],"items_purchased_type":["Relic","Relic"],"build_version":"2020-12-22","purchased_purges":0,"victory":false,"max_hp_per_floor":[79,79,79,79,79,79,79,79,79,81,81,88,88,88,88],"card_choices":[{"not_picked":["Steam","Auto Shields"],"picked":"Consume","floor":1.0},{"not_picked":["Aggregate","Conserve Battery","ReplayGash"],"picked":"SKIP","floor":5.0},{"not_picked":["Aggregate","Conserve Battery","ReplayGash"],"picked":"SKIP","floor":5.0},{"not_picked":["Streamline","REME_Whirling"],"picked":"Loop","floor":7.0},{"not_picked":["Sweeping Beam","Go for the Eyes","Steam+1"],"picked":"Singing Bowl","floor":10.0},{"not_picked":["ReplayGash","ReplaySolidLightProjector+1","Beam Cell"],"picked":"Singing Bowl","floor":12.0}],"player_experience":757090,"relics_obtained":[{"floor":7.0,"key":"Replay:Accelerometer"},{"floor":9.0,"key":"Singing Bowl"},{"floor":10.0,"key":"Toxic Egg 2"}],"event_choices":[{"damage_healed":0.0,"max_hp_gain":0.0,"max_hp_loss":0.0,"gold_gain":75.0,"event_name":"World of Goop","player_choice":"Gather Gold","floor":2.0,"gold_loss":0.0,"damage_taken":11.0},{"cards_removed":["Strike_B"],"damage_healed":0.0,"max_hp_gain":0.0,"max_hp_loss":0.0,"gold_gain":0.0,"event_name":"Golden Wing","player_choice":"Card Removal","floor":11.0,"gold_loss":0.0,"damage_taken":7.0}],"is_beta":false,"boss_relics":[],"items_purged_floors":[],"is_endless":false,"potions_floor_spawned":[1,10,12],"killed_by":"Lagavulin","ascension_level":12}}