{"host":"clf2hd4adhiiw0zf","time":1612066775,"event":{"mods":["AchievementEnabler","BaseMod","Beaked The Cultist","Bestiary","Dark Map","Downfall","Gremlin Mod","Hermit","Jorbs\u0027s Wanderer Trilogy","Marisa????????","Minty Spire (QoL Compilation)","Shop Mod","StSLib","The Cursed","The Servant 0.9.4","Wide Potions"],"gold_per_floor":[99,112,212,228,328,356,356,367,378,410,421,433,433,883,903,998,998,798,818,836,836,854,854,854,864,217,250,270,318,418,418,436,539,539,539,556,572,221,221,221,221,236,236,236,255,265,284,284,295,295,295,330,39,39,39,39],"floor_reached":57,"language":"ENG","playtime":8604,"items_purged":["Normality"],"score":1415,"play_id":"8006165c-c3d3-433f-8c87-fe79dfbd8b67","local_time":"20210130211935","is_ascension_mode":false,"campfire_choices":[{"floor":1.0,"key":"RECALL"},{"data":"sneckomod:UnknownRarePower","floor":18.0,"key":"SMITH"},{"data":"sneckomod:UnknownRareSkill","floor":35.0,"key":"SMITH"},{"floor":54,"key":"REST"}],"circlet_count":0,"master_deck":["sneckomod:Strike","sneckomod:Strike","sneckomod:Strike","sneckomod:Defend","sneckomod:Defend","sneckomod:Defend","sneckomod:TailWhip","sneckomod:SnekBite","sneckomod:Unknown","sneckomod:UnlimitedRolls","sneckomod:UnknownBlock","sneckomod:Unknown2Cost","sneckomod:UnknownBoss+1","sneckomod:RainOfDice","sneckomod:SnekBeam","sneckomod:IronFang","sneckomod:PureSnecko","downfall:Icky","downfall:Icky","downfall:Icky","sneckomod:UnknownClassGUARDIAN+1","sneckomod:UnknownCommonSkill","sneckomod:SlitherStrike+1","stsjorbsmod:Withering","sneckomod:WideSting","sneckomod:MorePower+1","beaked:AwakenedForm+1","sneckomod:SnakeSap+1","sneckomod:UnknownWeak+1","Shame","beaked:WarriorSpirit+1","sneckomod:UnknownRareSkill+1","sneckomod:UnknownBoss+1","PendulumOfEternity","downfall:Bewildered","Rearm+1","Pain","sneckomod:UnknownUncommonPower+1","sneckomod:UnknownVulnerable","stsjorbsmod:Procrastination","beaked:KnowThyFoe+1","sneckomod:SerpentMind","sneckomod:UnknownRareSkill+1","sneckomod:Unknown3Cost+1","sneckomod:UnknownRarePower+1","sneckomod:UnknownRareSkill"],"relics":["sneckomod:SneckoSoul","downfall:GremlinWheel","Akabeko","Calipers","Tiny Chest","Shuriken","Cursed Key","downfall:HeartBlessingGreen","downfall:HeartBlessingRed","sneckomod:ConfusingCodex","Pantograph","Medical Kit","Toy Ornithopter","Centennial Puzzle","downfall:HeartBlessingBlue","SlaversCollar","Mummified Hand","Bottled Lightning","White Beast Statue","Sundial","Du-Vu Doll"],"acts_visited":["Exordium","TheCity","TheBeyond","TheEnding"],"potions_floor_usage":[52,52,56],"damage_taken":[{"damage":7.0,"enemies":"2 Louse","floor":2.0,"turns":4.0},{"damage":5.0,"enemies":"Small Slimes","floor":4.0,"turns":3.0},{"damage":39.0,"enemies":"Small Slimes","floor":5.0,"turns":6.0},{"damage":0.0,"enemies":"Lagavulin","floor":6.0,"turns":4.0},{"damage":2.0,"enemies":"Cultist","floor":8.0,"turns":4.0},{"damage":4.0,"enemies":"Lots of Slimes","floor":9.0,"turns":4.0},{"damage":0.0,"enemies":"3 Sentries","floor":10.0,"turns":2.0},{"damage":10.0,"enemies":"Blue Slaver","floor":11.0,"turns":4.0},{"damage":5.0,"enemies":"Exordium Thugs","floor":12.0,"turns":3.0},{"damage":0.0,"enemies":"2 Fungi Beasts","floor":15.0,"turns":3.0},{"damage":14.0,"enemies":"SI_SHIV_ARCHETYPE","floor":16.0,"turns":7.0},{"damage":45.0,"enemies":"3 Byrds","floor":19.0,"turns":8.0},{"damage":21.0,"enemies":"Shelled Parasite and Fungi","floor":20.0,"turns":6.0},{"damage":16.0,"enemies":"Centurion and Healer","floor":22.0,"turns":7.0},{"damage":18.0,"enemies":"Chosen and Byrds","floor":25.0,"turns":7.0},{"damage":0.0,"enemies":"downfall:FleeingMerchant","floor":26.0,"turns":4.0},{"damage":8.0,"enemies":"Gremlin Leader","floor":27.0,"turns":6.0},{"damage":19.0,"enemies":"Snecko","floor":28.0,"turns":5.0},{"damage":9.0,"enemies":"Snake Plant","floor":32.0,"turns":2.0},{"damage":70.0,"enemies":"WA_ARCHETYPE_CALM","floor":33.0,"turns":9.0},{"damage":0.0,"enemies":"Orb Walker","floor":36.0,"turns":2.0},{"damage":23.0,"enemies":"3 Shapes","floor":37.0,"turns":6.0},{"damage":0.0,"enemies":"downfall:FleeingMerchant","floor":38.0,"turns":4.0},{"damage":9.0,"enemies":"Jaw Worm Horde","floor":42.0,"turns":5.0},{"damage":0.0,"enemies":"Writhing Mass","floor":45.0,"turns":2.0},{"damage":6.0,"enemies":"Sphere and 2 Shapes","floor":46.0,"turns":3.0},{"damage":18.0,"enemies":"Transient","floor":47.0,"turns":3.0},{"damage":14.0,"enemies":"Jaw Worm Horde","floor":49.0,"turns":2.0},{"damage":52.0,"enemies":"IC_BLOCK_ARCHETYPE","floor":50.0,"turns":6.0},{"damage":35,"enemies":"downfall:CharBossMerchant","floor":52,"turns":7},{"damage":8,"enemies":"downfall:NeowBoss","floor":55,"turns":6},{"damage":95,"enemies":"downfall:NeowBossFinal","floor":56,"turns":8}],"seed_played":"-6084076948695946059","potions_obtained":[{"floor":9.0,"key":"Explosive Potion"},{"floor":10.0,"key":"Strength Potion"},{"floor":12.0,"key":"Strength Potion"},{"floor":27.0,"key":"FearPotion"},{"floor":28.0,"key":"Strength Potion"},{"floor":32.0,"key":"Energy Potion"},{"floor":45.0,"key":"Fire Potion"},{"floor":46.0,"key":"sneckomod:DiceRollPotion"},{"floor":47.0,"key":"Swift Potion"},{"floor":49.0,"key":"Fire Potion"},{"floor":52,"key":"SkillPotion"}],"is_trial":false,"path_per_floor":["R","M","?","M","?","E","T","M","M","E","M","M","?","?","M","B",null,"R","M","M","T","M","?","T","M","$","E","M","T","R","?","M","B",null,"R","M","M","$","?","R","T","M","T","R","M","M","M","?","M","B",null,"E","$","R","B","B",null],"character_chosen":"THE_SNECKO","items_purchased":["Pantograph","Medical Kit","sneckomod:MorePower","Mummified Hand","Fruit Juice","Du-Vu Doll"],"campfire_rested":1,"item_purchase_floors":[26,26,26,38,38,53],"current_hp_per_floor":[90,83,83,78,39,39,39,37,33,33,23,18,18,18,18,4,90,90,45,24,24,8,8,8,20,20,12,16,16,26,100,91,30,100,100,100,77,87,87,87,87,78,78,78,78,72,64,64,50,105,108,73,73,105,106,13],"gold":39,"neow_bonus":"ONE_RANDOM_RARE_CARD","is_daily":false,"chose_seed":false,"campfire_upgraded":2,"win_rate":0.0,"timestamp":1612066775,"path_taken":["R","M","?","M","?","E","T","?","M","E","?","M","?","?","M","BOSS","R","M","M","?","M","?","T","M","?","E","?","?","R","?","M","BOSS","R","M","M","$","?","R","T","?","?","R","M","M","M","?","M","BOSS","E","$","R","BOSS","BOSS"],"items_purchased_type":["Relic","Relic","Card","Relic","Potion","Relic"],"build_version":"2020-12-22","purchased_purges":1,"victory":true,"max_hp_per_floor":[90,90,90,90,90,90,90,90,90,90,90,90,90,90,90,90,90,90,90,90,90,90,90,90,90,90,90,90,90,100,100,100,100,100,100,100,100,105,105,105,105,105,105,105,105,105,105,105,105,108,108,108,108,108,108,108],"card_choices":[{"not_picked":["sneckomod:SoulRoll","sneckomod:PureSnecko"],"picked":"sneckomod:UnknownBlock","floor":2.0},{"not_picked":["sneckomod:UnknownBlock","sneckomod:SoulDraw"],"picked":"sneckomod:Unknown2Cost","floor":4.0},{"not_picked":["sneckomod:DiceCrush","sneckomod:WideSting"],"picked":"sneckomod:UnknownBoss","floor":6.0},{"not_picked":["sneckomod:UnknownCommonAttack","sneckomod:Unknown1Cost"],"picked":"sneckomod:RainOfDice","floor":8.0},{"not_picked":["sneckomod:PureSnecko","sneckomod:WideSting"],"picked":"sneckomod:SnekBeam","floor":9.0},{"not_picked":["sneckomod:Nope","sneckomod:UnknownCommonAttack"],"picked":"sneckomod:MasterEye","floor":10.0},{"not_picked":["sneckomod:ImprovisedGuard","sneckomod:UnknownClassSILVER"],"picked":"sneckomod:IronFang","floor":11.0},{"not_picked":["sneckomod:DiceBoulder","sneckomod:DiceBlock"],"picked":"sneckomod:PureSnecko","floor":12.0},{"not_picked":["sneckomod:Unknown2Cost","sneckomod:Unknown0Cost"],"picked":"sneckomod:UnknownVulnerable","floor":15.0},{"not_picked":["sneckomod:UnknownBoss","sneckomod:SerpentMind"],"picked":"sneckomod:UnknownRarePower","floor":16.0},{"not_picked":["sneckomod:UnknownUncommonPower","sneckomod:SoulRoll+1"],"picked":"sneckomod:UnknownClassGUARDIAN+1","floor":19.0},{"not_picked":["sneckomod:UnknownDraw","sneckomod:Nope"],"picked":"sneckomod:UnknownCommonSkill","floor":20.0},{"not_picked":["sneckomod:Nope","sneckomod:UnknownUncommonPower"],"picked":"sneckomod:SlitherStrike+1","floor":22.0},{"not_picked":["sneckomod:QuickMove+1","sneckomod:ImprovisedAttack"],"picked":"sneckomod:Memorize","floor":25.0},{"not_picked":["sneckomod:DiceCrush","sneckomod:SlitherStrike"],"picked":"sneckomod:WideSting","floor":26.0},{"not_picked":["sneckomod:UnknownClassSILVER","sneckomod:UnknownExhaust"],"picked":"sneckomod:SnakeSap+1","floor":27.0},{"not_picked":["sneckomod:UnknownVulnerable+1","sneckomod:UnknownStrike+1"],"picked":"sneckomod:Unknown3Cost+1","floor":27.0},{"not_picked":["sneckomod:UnknownDraw+1","sneckomod:UnknownBlock+1"],"picked":"sneckomod:UnknownWeak+1","floor":28.0},{"not_picked":["sneckomod:Rotation","sneckomod:SlitherStrike"],"picked":"sneckomod:UnknownDraw+1","floor":28.0},{"not_picked":["sneckomod:Unknown1Cost","sneckomod:QuickBite"],"picked":"sneckomod:Memorize+1","floor":32.0},{"not_picked":["sneckomod:MorePower","sneckomod:UnknownRareAttack"],"picked":"sneckomod:UnknownRareSkill","floor":33.0},{"not_picked":["sneckomod:UnknownVulnerable+1","sneckomod:UnknownCommonAttack+1"],"picked":"sneckomod:UnknownBoss+1","floor":33.0},{"not_picked":["sneckomod:DiceBoulder","sneckomod:Nope","sneckomod:IronFang+1"],"picked":"SKIP","floor":36.0},{"not_picked":["sneckomod:SoulDraw","sneckomod:UnknownClassGUARDIAN","sneckomod:Memorize"],"picked":"SKIP","floor":37.0},{"not_picked":["sneckomod:IronFang","sneckomod:DiceCrush+1","sneckomod:UnknownStrike+1"],"picked":"SKIP","floor":38.0},{"not_picked":["sneckomod:UnknownCommonAttack+1","sneckomod:UnknownUncommonSkill+1"],"picked":"sneckomod:UnknownUncommonPower+1","floor":42.0},{"not_picked":["sneckomod:QuickMove+1","sneckomod:WideSting"],"picked":"sneckomod:UnknownVulnerable","floor":42.0},{"not_picked":["sneckomod:UnknownUncommonPower+1","sneckomod:UnknownDraw+1"],"picked":"sneckomod:SerpentMind","floor":45.0},{"not_picked":["sneckomod:UnknownBlock+1","sneckomod:UnknownX+1"],"picked":"sneckomod:UnknownRareSkill+1","floor":46.0},{"not_picked":["sneckomod:UnknownClassSILVER+1","sneckomod:UnknownCommonSkill+1","sneckomod:QuickMove"],"picked":"SKIP","floor":46.0},{"not_picked":["sneckomod:Unknown2Cost+1","sneckomod:UnknownStrike+1"],"picked":"sneckomod:Unknown3Cost+1","floor":47.0},{"not_picked":["sneckomod:UnknownX+1","sneckomod:UnknownWeak","sneckomod:SnekBeam"],"picked":"SKIP","floor":47.0},{"not_picked":["sneckomod:Unknown0Cost+1","sneckomod:UnknownClassGUARDIAN+1"],"picked":"sneckomod:UnknownRarePower+1","floor":49.0},{"not_picked":["sneckomod:QuickBite","sneckomod:DiceBlock"],"picked":"sneckomod:UnknownRareSkill","floor":49.0},{"not_picked":["sneckomod:UnknownClassSILVER","sneckomod:DefensiveFlair+1","sneckomod:DiceBlock"],"picked":"SKIP","floor":52}],"player_experience":150184,"relics_obtained":[{"floor":5.0,"key":"downfall:GremlinWheel"},{"floor":6.0,"key":"Akabeko"},{"floor":7.0,"key":"Calipers"},{"floor":10.0,"key":"Tiny Chest"},{"floor":24.0,"key":"sneckomod:ConfusingCodex"},{"floor":27.0,"key":"Toy Ornithopter"},{"floor":29.0,"key":"Centennial Puzzle"},{"floor":41.0,"key":"Bottled Lightning"},{"floor":43.0,"key":"White Beast Statue"},{"floor":52,"key":"Sundial"}],"event_choices":[{"damage_healed":0.0,"max_hp_gain":0.0,"max_hp_loss":0.0,"gold_gain":0.0,"event_name":"Vampires","player_choice":"Ignored","floor":23.0,"gold_loss":0.0,"damage_taken":0.0},{"damage_healed":0.0,"max_hp_gain":0.0,"max_hp_loss":0.0,"gold_gain":200.0,"event_name":"Wheel of Change","player_choice":"Gold","floor":30.0,"gold_loss":0.0,"damage_taken":0.0},{"cards_removed":["sneckomod:MasterEye"],"damage_healed":74.0,"max_hp_gain":0.0,"max_hp_loss":0.0,"gold_gain":0.0,"event_name":"Bonfire Elementals","player_choice":"Offered Uncommon","floor":31.0,"gold_loss":0.0,"damage_taken":0.0},{"damage_healed":0.0,"max_hp_gain":0.0,"max_hp_loss":0.0,"gold_gain":0.0,"event_name":"Accursed Blacksmith","player_choice":"Forge","floor":48.0,"gold_loss":0.0,"damage_taken":0.0,"cards_upgraded":["sneckomod:UnknownBoss"]}],"is_beta":false,"boss_relics":[{"not_picked":["Pandora\u0027s Box","beaked:SacredDeck"],"picked":"Cursed Key"},{"not_picked":["Empty Cage","beaked:MawFillet"],"picked":"SlaversCollar"}],"items_purged_floors":[26],"is_endless":false,"potions_floor_spawned":[9,10,12,15,27,28,32,42,45,46,47,49,52],"ascension_level":0}}