{"host":"kh6fvhxn285ncg0o","time":1612058675,"event":{"mods":["Act Like it!","BaseMod","Colored Map","Friendly Minions","Keyboard Shortcuts","Minty Spire (QoL Compilation)","Quick Restart","Relic Stats","StSLib","SuperFastMode","UnlockEverythingMod"],"gold_per_floor":[132,168,93,93,150,204,204,257,257,284,319,319,58,72,72,168,168,182,212,264,314,331,331,160,160,160,160,212,212,212,261,261,358,358,395,466,148,197,419,466,466,511,511,560,630,670,768,768,768,808,828,828,828,179,207,207],"floor_reached":57,"language":"KOR","playtime":1990,"items_purged":["Regret","Strike_R","Bash","HandOfGreed"],"score":3563,"play_id":"887b9479-76ba-45aa-88ae-a82cbbee5222","local_time":"20210131110435","is_ascension_mode":true,"campfire_choices":[{"floor":7.0,"key":"REST"},{"data":"Fire Breathing","floor":15.0,"key":"SMITH"},{"data":"Body Slam","floor":23,"key":"SMITH"},{"data":"Power Through","floor":25,"key":"SMITH"},{"data":"Evolve","floor":27,"key":"SMITH"},{"floor":30,"key":"REST"},{"data":"Second Wind","floor":32,"key":"SMITH"},{"data":"Strike_R","floor":41,"key":"PURGE"},{"floor":49,"key":"RECALL"},{"data":"Headbutt","floor":53,"key":"PURGE"}],"circlet_count":0,"master_deck":["AscendersBane","Defend_R","Defend_R","Defend_R","Defend_R","Power Through+1","Fire Breathing+1","Evolve+1","Battle Trance+1","Barricade","Body Slam+1","Shrug It Off+1","Berserk","Second Wind+1","Offering","Impervious","Secret Technique"],"relics":["Burning Blood","MealTicket","Paper Frog","PreservedInsect","HornCleat","ClockworkSouvenir","Empty Cage","Red Mask","Ancient Tea Set","Pantograph","Lantern","Enchiridion","War Paint","Mark of Pain","Membership Card","Centennial Puzzle","Peace Pipe","Red Skull","Anchor","Mummified Hand","Self Forming Clay","Ornamental Fan","InkBottle","Toolbox","Bottled Lightning","Whetstone"],"acts_visited":["Exordium","TheCity","TheBeyond","TheEnding"],"potions_floor_usage":[28,31,35,54,56,56],"damage_taken":[{"damage":4.0,"enemies":"Cultist","floor":1.0,"turns":3.0},{"damage":15.0,"enemies":"Jaw Worm","floor":2.0,"turns":3.0},{"damage":7.0,"enemies":"Small Slimes","floor":5.0,"turns":5.0},{"damage":37.0,"enemies":"Lagavulin","floor":6.0,"turns":8.0},{"damage":5.0,"enemies":"3 Sentries","floor":8.0,"turns":5.0},{"damage":29.0,"enemies":"Lagavulin","floor":10.0,"turns":7.0},{"damage":6.0,"enemies":"Red Slaver","floor":11.0,"turns":5.0},{"damage":6.0,"enemies":"Looter","floor":14.0,"turns":4.0},{"damage":8.0,"enemies":"The Guardian","floor":16.0,"turns":12.0},{"damage":28.0,"enemies":"Shell Parasite","floor":18.0,"turns":9.0},{"damage":0,"enemies":"Chosen","floor":19,"turns":5},{"damage":33,"enemies":"Masked Bandits","floor":20,"turns":5},{"damage":31,"enemies":"3 Cultists","floor":22,"turns":6},{"damage":4,"enemies":"Slavers","floor":28,"turns":4},{"damage":13,"enemies":"Book of Stabbing","floor":31,"turns":4},{"damage":0,"enemies":"Automaton","floor":33,"turns":7},{"damage":0,"enemies":"Orb Walker","floor":35,"turns":4},{"damage":0,"enemies":"3 Shapes","floor":36,"turns":4},{"damage":16,"enemies":"2 Orb Walkers","floor":38,"turns":4},{"damage":6,"enemies":"Giant Head","floor":40,"turns":3},{"damage":6,"enemies":"Nemesis","floor":42,"turns":5},{"damage":0,"enemies":"Giant Head","floor":44,"turns":6},{"damage":0,"enemies":"Spire Growth","floor":46,"turns":5},{"damage":0,"enemies":"4 Shapes","floor":47,"turns":7},{"damage":0,"enemies":"Donu and Deca","floor":50,"turns":6},{"damage":6,"enemies":"Time Eater","floor":51,"turns":7},{"damage":6,"enemies":"Shield and Spear","floor":55,"turns":2},{"damage":6,"enemies":"The Heart","floor":56,"turns":6}],"seed_played":"1863036400790953231","potions_obtained":[{"floor":2.0,"key":"Swift Potion"},{"floor":6.0,"key":"LiquidMemories"},{"floor":8.0,"key":"SkillPotion"},{"floor":10.0,"key":"Regen Potion"},{"floor":16.0,"key":"Strength Potion"},{"floor":20,"key":"ElixirPotion"},{"floor":22,"key":"Energy Potion"},{"floor":28,"key":"LiquidBronze"},{"floor":31,"key":"GamblersBrew"},{"floor":35,"key":"LiquidBronze"},{"floor":38,"key":"Fire Potion"},{"floor":44,"key":"BloodPotion"},{"floor":55,"key":"Block Potion"}],"is_trial":false,"path_per_floor":["M","M","$","?","M","E","R","E","T","E","M","?","$","M","R","B",null,"M","M","?","?","M","R","$","R","T","R","E","?","R","E","R","B",null,"M","M","$","?","?","E","R","E","T","E","T","M","M","T","R","B","B",null,"R","$","E","B",null],"character_chosen":"IRONCLAD","items_purchased":["ClockworkSouvenir","Ancient Tea Set","Membership Card","Centennial Puzzle","InkBottle","Toolbox","Impervious","Bottled Lightning","Secret Technique","Weak Potion"],"campfire_rested":2,"item_purchase_floors":[13,24,37,37,54,54,54,54,54,54],"current_hp_per_floor":[70,61,61,61,60,29,51,52,52,29,29,29,44,44,44,42,67,60,66,39,39,14,14,29,29,29,29,31,10,32,25,25,56,70,75,75,75,65,65,65,65,65,65,71,71,75,75,75,75,75,75,75,75,75,75,75],"gold":207,"neow_bonus":"RANDOM_COLORLESS_2","is_daily":false,"chose_seed":false,"campfire_upgraded":5,"win_rate":0.0,"timestamp":1612058675,"path_taken":["M","?","$","?","M","E","R","E","T","E","?","?","$","M","R","BOSS","M","M","?","?","?","R","$","R","T","R","E","?","R","E","R","BOSS","M","M","$","?","?","E","R","E","T","E","?","?","M","?","R","BOSS","BOSS","R","$","E","BOSS"],"items_purchased_type":["Relic","Relic","Relic","Relic","Relic","Relic","Card","Relic","Card","Potion"],"build_version":"2020-12-22","purchased_purges":4,"victory":true,"max_hp_per_floor":[75,75,75,75,75,75,75,75,75,75,75,75,75,75,75,75,75,75,75,75,75,75,75,75,75,75,75,75,75,75,75,75,75,75,75,75,75,75,75,75,75,75,75,75,75,75,75,75,75,75,75,75,75,75,75,75],"relic_stats":{"counters":[28,151],"Self Forming Clay":[9],"PreservedInsect":499,"Whetstone":[],"War Paint":["Battle Trance","Shrug It Off"],"Burning Blood":147,"Peace Pipe":2,"Centennial Puzzle":[18],"Mummified Hand":[28],"Ornamental Fan":[12],"Pantograph":25,"MealTicket":30,"obtain_stats":[{"Lantern":28,"Enchiridion":29,"Whetstone":55,"Empty Cage":17,"Ancient Tea Set":24,"Burning Blood":0,"ClockworkSouvenir":13,"Centennial Puzzle":37,"HornCleat":10,"Mummified Hand":44,"Pantograph":26,"Toolbox":54,"MealTicket":6,"Red Mask":20,"Red Skull":40,"InkBottle":54,"Paper Frog":8,"Self Forming Clay":45,"PreservedInsect":9,"War Paint":31,"Peace Pipe":38,"Anchor":42,"Ornamental Fan":48,"Mark of Pain":34,"Membership Card":37,"Bottled Lightning":54},{"Lantern":14,"Enchiridion":14,"Whetstone":27,"Empty Cage":9,"Ancient Tea Set":13,"Burning Blood":0,"ClockworkSouvenir":7,"Centennial Puzzle":18,"HornCleat":6,"Mummified Hand":22,"Pantograph":13,"Toolbox":26,"MealTicket":4,"Red Mask":12,"Red Skull":20,"InkBottle":26,"Paper Frog":5,"Self Forming Clay":22,"PreservedInsect":5,"War Paint":15,"Peace Pipe":19,"Anchor":21,"Ornamental Fan":24,"Mark of Pain":16,"Membership Card":18,"Bottled Lightning":26},{"Lantern":81,"Enchiridion":81,"Whetstone":145,"Empty Cage":52,"Ancient Tea Set":77,"Burning Blood":0,"ClockworkSouvenir":36,"Centennial Puzzle":100,"HornCleat":31,"Mummified Hand":118,"Pantograph":77,"Toolbox":143,"MealTicket":19,"Red Mask":71,"Red Skull":107,"InkBottle":143,"Paper Frog":24,"Self Forming Clay":118,"PreservedInsect":24,"War Paint":85,"Peace Pipe":104,"Anchor":112,"Ornamental Fan":130,"Mark of Pain":92,"Membership Card":100,"Bottled Lightning":143}],"InkBottle":[1]},"card_choices":[{"not_picked":["Secret Technique","Panache"],"picked":"HandOfGreed","floor":0.0},{"not_picked":["Combust","Infernal Blade"],"picked":"Power Through","floor":2.0},{"not_picked":["Twin Strike","Perfected Strike"],"picked":"Evolve","floor":5.0},{"not_picked":["Flex","Thunderclap","Dual Wield"],"picked":"SKIP","floor":6.0},{"not_picked":["Reaper","Rupture","Perfected Strike"],"picked":"SKIP","floor":8.0},{"not_picked":["Clash","Dropkick","Juggernaut"],"picked":"SKIP","floor":10.0},{"not_picked":["Heavy Blade","Ghostly Armor"],"picked":"Battle Trance","floor":14.0},{"not_picked":["Double Tap","Demon Form"],"picked":"Barricade","floor":16.0},{"not_picked":["Thunderclap","Wild Strike+1"],"picked":"Body Slam","floor":18.0},{"not_picked":["Heavy Blade","Power Through"],"picked":"Shrug It Off","floor":19},{"not_picked":["Heavy Blade","Perfected Strike"],"picked":"Berserk","floor":22},{"not_picked":["Pommel Strike","Heavy Blade+1","Intimidate"],"picked":"SKIP","floor":28},{"not_picked":["Dark Embrace","Flex+1"],"picked":"Second Wind","floor":31},{"not_picked":["Limit Break","Immolate"],"picked":"Offering","floor":33},{"not_picked":["Infernal Blade","Sever Soul+1","Rampage"],"picked":"SKIP","floor":35},{"not_picked":["Wild Strike","Rampage","Pommel Strike"],"picked":"SKIP","floor":36},{"not_picked":["Bludgeon","Body Slam","Twin Strike"],"picked":"SKIP","floor":40},{"not_picked":["Dual Wield","Iron Wave","Sword Boomerang+1"],"picked":"SKIP","floor":42},{"not_picked":["Armaments","Bludgeon","Anger"],"picked":"SKIP","floor":44},{"not_picked":["Anger+1","Sword Boomerang","Wild Strike"],"picked":"SKIP","floor":46},{"not_picked":["Searing Blow","Shrug It Off","Reckless Charge"],"picked":"SKIP","floor":47},{"not_picked":["Wild Strike","Cleave+1","Combust+1"],"picked":"SKIP","floor":55}],"player_experience":1308171,"relics_obtained":[{"floor":6.0,"key":"MealTicket"},{"floor":8.0,"key":"Paper Frog"},{"floor":9.0,"key":"PreservedInsect"},{"floor":10.0,"key":"HornCleat"},{"floor":20,"key":"Red Mask"},{"floor":26,"key":"Pantograph"},{"floor":28,"key":"Lantern"},{"floor":29,"key":"Enchiridion"},{"floor":31,"key":"War Paint"},{"floor":38,"key":"Peace Pipe"},{"floor":40,"key":"Red Skull"},{"floor":42,"key":"Anchor"},{"floor":44,"key":"Mummified Hand"},{"floor":45,"key":"Self Forming Clay"},{"floor":48,"key":"Ornamental Fan"},{"floor":55,"key":"Whetstone"}],"event_choices":[{"damage_healed":0.0,"max_hp_gain":0.0,"max_hp_loss":0.0,"gold_gain":0.0,"event_name":"Match and Keep!","player_choice":"2 cards matched","floor":4.0,"gold_loss":0.0,"damage_taken":0.0,"cards_obtained":["Headbutt","Fire Breathing"]},{"cards_removed":["Strike_R"],"damage_healed":0.0,"max_hp_gain":0.0,"max_hp_loss":0.0,"gold_gain":0.0,"event_name":"Purifier","player_choice":"Purged","floor":12.0,"gold_loss":0.0,"damage_taken":0.0},{"damage_healed":0,"gold_gain":0,"player_choice":"Fought Bandits","damage_taken":0,"max_hp_gain":0,"max_hp_loss":0,"event_name":"Masked Bandits","floor":20,"gold_loss":0},{"damage_healed":0,"gold_gain":100,"player_choice":"Bet on Murderer","damage_taken":0,"max_hp_gain":0,"max_hp_loss":0,"event_name":"The Joust","floor":21,"gold_loss":50},{"damage_healed":0,"gold_gain":0,"player_choice":"Obtained Book","damage_taken":21,"max_hp_gain":0,"max_hp_loss":0,"event_name":"Cursed Tome","floor":29,"gold_loss":0},{"damage_healed":0,"gold_gain":0,"player_choice":"Fight","damage_taken":0,"max_hp_gain":0,"max_hp_loss":0,"event_name":"Mysterious Sphere","floor":38,"gold_loss":0},{"damage_healed":0,"gold_gain":222,"player_choice":"Wore Mask","damage_taken":0,"max_hp_gain":0,"max_hp_loss":0,"event_name":"Tomb of Lord Red Mask","floor":39,"gold_loss":0}],"is_beta":false,"boss_relics":[{"not_picked":["Fusion Hammer","SacredBark"],"picked":"Empty Cage"},{"not_picked":["Coffee Dripper","Sozu"],"picked":"Mark of Pain"}],"items_purged_floors":[3,13,37,54],"is_endless":false,"potions_floor_spawned":[2,6,8,10,16,20,22,28,31,35,38,40,44,47,55],"ascension_level":20}}