{"host":"xg4r5pv6chpuampg","time":1612107838,"event":{"mods":["AchievementEnabler","BaseMod","Googly Eyes","Minty Spire (QoL Compilation)"],"gold_per_floor":[119,119,92,57,6,6,35,65,65,82,82,111,111,122,122,222,222,232,331,14,214,201,201,220,235,262,282,307,232,232,243,243,341,341,353,167,167,178,178,178,197,197,220,0,0,0],"floor_reached":45,"language":"ENG","playtime":2329,"items_purged":["Strike_G"],"score":439,"play_id":"348a453b-f321-4fa5-b67d-4c82393e9b1e","local_time":"20210131184358","is_ascension_mode":false,"campfire_choices":[{"data":"Noxious Fumes","floor":6,"key":"SMITH"},{"floor":11,"key":"REST"},{"floor":13,"key":"REST"},{"floor":15,"key":"REST"},{"floor":23,"key":"REST"},{"floor":30,"key":"REST"},{"floor":32,"key":"REST"},{"floor":40,"key":"REST"},{"floor":42,"key":"REST"}],"circlet_count":0,"master_deck":["Strike_G","Strike_G","Strike_G","Strike_G","Defend_G","Defend_G","Defend_G","Survivor","Neutralize","Noxious Fumes+1","Quick Slash","PiercingWail","Reflex","Burst","Poisoned Stab","PiercingWail","Terror","Envenom","CurseOfTheBell","Bouncing Flask","Flying Knee+1","Bane+1","Bane+1","Predator+1","Endless Agony+1","Backstab+1","Eviscerate+1","Backflip","The Bomb","Enlightenment","Noxious Fumes+1"],"relics":["Snecko Eye","Odd Mushroom","Nunchaku","Question Card","Bag of Marbles","Calling Bell","Orichalcum","Eternal Feather","The Specimen","Membership Card","Molten Egg 2","Anchor","Lizard Tail","Fusion Hammer","Boot","Juzu Bracelet","Red Mask"],"acts_visited":["Exordium","TheCity","TheBeyond"],"potions_floor_usage":[16,16,28,31,33],"damage_taken":[{"damage":16,"enemies":"Jaw Worm","floor":1,"turns":7},{"damage":9,"enemies":"The Mushroom Lair","floor":7,"turns":4},{"damage":27,"enemies":"3 Sentries","floor":8,"turns":6},{"damage":0,"enemies":"Small Slimes","floor":10,"turns":4},{"damage":25,"enemies":"Gremlin Nob","floor":12,"turns":5},{"damage":11,"enemies":"2 Louse","floor":14,"turns":2},{"damage":45,"enemies":"The Guardian","floor":16,"turns":12},{"damage":33,"enemies":"Spheric Guardian","floor":18,"turns":6},{"damage":17,"enemies":"2 Thieves","floor":22,"turns":4},{"damage":9,"enemies":"Snake Plant","floor":24,"turns":3},{"damage":10,"enemies":"Snecko","floor":25,"turns":4},{"damage":3,"enemies":"Cultist and Chosen","floor":27,"turns":4},{"damage":25,"enemies":"Slavers","floor":28,"turns":4},{"damage":23,"enemies":"Sentry and Sphere","floor":31,"turns":4},{"damage":93,"enemies":"Automaton","floor":33,"turns":9},{"damage":4,"enemies":"Orb Walker","floor":35,"turns":3},{"damage":9,"enemies":"3 Darklings","floor":38,"turns":6},{"damage":61,"enemies":"4 Shapes","floor":41,"turns":4},{"damage":50,"enemies":"Giant Head","floor":45,"turns":6}],"seed_played":"874977207679550515","potions_obtained":[{"floor":1,"key":"LiquidBronze"},{"floor":8,"key":"Explosive Potion"},{"floor":22,"key":"BlessingOfTheForge"},{"floor":24,"key":"Energy Potion"},{"floor":33,"key":"SteroidPotion"},{"floor":38,"key":"Strength Potion"},{"floor":41,"key":"DistilledChaos"}],"is_trial":false,"path_per_floor":["M","?","$","?","$","R","?","E","T","M","R","E","R","M","R","B",null,"M","?","$","?","M","R","M","M","T","M","E","?","R","M","R","B",null,"M","$","?","M","?","R","M","R","T","?","E"],"character_chosen":"THE_SILENT","items_purchased":["Quick Slash","PiercingWail","Membership Card","Molten Egg 2","Flying Knee+1","BlessingOfTheForge","Boot","Backflip","SmokeBomb"],"campfire_rested":8,"item_purchase_floors":[3,5,20,20,20,20,36,36,36],"current_hp_per_floor":[54,54,54,70,70,70,61,34,34,34,55,30,51,40,61,16,70,37,37,37,37,20,56,47,37,37,34,9,9,45,22,58,22,70,66,66,66,57,52,70,9,48,48,48,0,0],"gold":0,"neow_bonus":"BOSS_RELIC","is_daily":false,"chose_seed":false,"campfire_upgraded":1,"win_rate":0.0,"timestamp":1612107838,"path_taken":["M","?","$","?","$","R","?","E","T","M","R","E","R","M","R","BOSS","M","?","$","?","?","R","M","M","T","M","E","?","R","M","R","BOSS","M","$","?","M","?","R","M","R","T","?","E"],"items_purchased_type":["Card","Card","Relic","Relic","Card","Potion","Relic","Card","Potion"],"build_version":"2020-12-22","purchased_purges":1,"victory":false,"max_hp_per_floor":[70,70,70,70,70,70,70,70,70,70,70,70,70,70,70,70,70,70,70,70,70,70,70,70,70,70,70,70,70,70,70,70,70,70,70,70,70,70,70,70,70,70,70,70,70,70],"card_choices":[{"not_picked":["Slice","Riddle With Holes"],"picked":"Noxious Fumes","floor":1},{"not_picked":["Slice","Prepared"],"picked":"Reflex","floor":7},{"not_picked":["Sucker Punch","Accuracy"],"picked":"Burst","floor":8},{"not_picked":["Deadly Poison","Dodge and Roll","Slice"],"picked":"Poisoned Stab","floor":10},{"not_picked":["Underhanded Strike","Accuracy","Poisoned Stab"],"picked":"PiercingWail","floor":12},{"not_picked":["Infinite Blades","PiercingWail","Riddle With Holes"],"picked":"Terror","floor":14},{"not_picked":["Glass Knife","Doppelganger","A Thousand Cuts"],"picked":"Envenom","floor":16},{"not_picked":["Reflex","Dagger Throw","Outmaneuver"],"picked":"Bouncing Flask","floor":18},{"not_picked":["Blur","Crippling Poison","Dodge and Roll+1"],"picked":"Bane+1","floor":22},{"not_picked":["Backflip+1","Prepared","Quick Slash+1"],"picked":"Bane+1","floor":24},{"not_picked":["Infinite Blades","Skewer+1","Prepared"],"picked":"Predator+1","floor":25},{"not_picked":["PiercingWail","Underhanded Strike+1","Accuracy"],"picked":"Endless Agony+1","floor":27},{"not_picked":["Footwork","Tools of the Trade","Dagger Spray+1","Caltrops"],"picked":"SKIP","floor":28},{"not_picked":["Outmaneuver","Dodge and Roll","Endless Agony+1"],"picked":"Backstab+1","floor":31},{"not_picked":["Caltrops+1","Slice+1","Dodge and Roll"],"picked":"Eviscerate+1","floor":35},{"not_picked":["Dagger Spray+1","Blur+1","Dagger Throw+1","Cloak And Dagger+1"],"picked":"SKIP","floor":38},{"not_picked":["Flash of Steel+1","Magnetism","Purity"],"picked":"The Bomb","floor":39},{"not_picked":["Blind","Mind Blast+1","Trip"],"picked":"Enlightenment","floor":39},{"not_picked":["Deflect+1","Expertise+1","Blade Dance+1"],"picked":"Noxious Fumes+1","floor":41}],"player_experience":24937,"relics_obtained":[{"floor":7,"key":"Odd Mushroom"},{"floor":8,"key":"Nunchaku"},{"floor":9,"key":"Question Card"},{"floor":12,"key":"Bag of Marbles"},{"floor":17,"key":"Orichalcum"},{"floor":17,"key":"Eternal Feather"},{"floor":17,"key":"The Specimen"},{"floor":26,"key":"Anchor"},{"floor":28,"key":"Lizard Tail"},{"floor":43,"key":"Juzu Bracelet"}],"event_choices":[{"damage_healed":0,"gold_gain":0,"player_choice":"Ignored","damage_taken":0,"max_hp_gain":0,"max_hp_loss":0,"event_name":"Golden Wing","floor":2,"gold_loss":0},{"damage_healed":17,"gold_gain":0,"player_choice":"Healed","damage_taken":0,"max_hp_gain":0,"max_hp_loss":0,"event_name":"The Cleric","floor":4,"gold_loss":35},{"damage_healed":0,"gold_gain":0,"player_choice":"Fought Mushrooms","damage_taken":0,"max_hp_gain":0,"max_hp_loss":0,"event_name":"Mushrooms","floor":7,"gold_loss":0},{"damage_healed":0,"gold_gain":99,"player_choice":"Stole From Cult","damage_taken":0,"max_hp_gain":0,"max_hp_loss":0,"event_name":"Nest","floor":19,"gold_loss":0},{"damage_healed":0,"gold_gain":200,"player_choice":"Gold","damage_taken":0,"max_hp_gain":0,"max_hp_loss":0,"event_name":"Wheel of Change","floor":21,"gold_loss":0},{"cards_removed":["Defend_G"],"damage_healed":0,"gold_gain":0,"player_choice":"Gave Gold","damage_taken":0,"max_hp_gain":0,"max_hp_loss":0,"event_name":"Beggar","floor":29,"gold_loss":75},{"cards_removed":["Defend_G"],"damage_healed":0,"gold_gain":0,"player_choice":"Removed Skill","damage_taken":0,"max_hp_gain":0,"max_hp_loss":0,"event_name":"Falling","floor":37,"gold_loss":0},{"damage_healed":0,"gold_gain":0,"player_choice":"Memory 2","damage_taken":5,"max_hp_gain":0,"max_hp_loss":0,"event_name":"SensoryStone","floor":39,"gold_loss":0},{"damage_healed":0,"gold_gain":0,"player_choice":"Paid","damage_taken":0,"relics_obtained":["Red Mask"],"max_hp_gain":0,"max_hp_loss":0,"event_name":"Tomb of Lord Red Mask","floor":44,"gold_loss":220}],"is_beta":false,"boss_relics":[{"not_picked":["Runic Pyramid","SacredBark"],"picked":"Calling Bell"},{"not_picked":["WristBlade","Cursed Key"],"picked":"Fusion Hammer"}],"items_purged_floors":[36],"is_endless":false,"potions_floor_spawned":[1,8,22,24,25,33,38,41],"killed_by":"Giant Head","ascension_level":0}}