{"host":"a5lz0e76zb3fcwkm","time":1612102587,"event":{"mods":["AchievementEnabler","BaseMod","Colored Map","Colored Powertips","Minty Spire (QoL Compilation)","StSLib","SuperFastMode"],"gold_per_floor":[117,133,133,143,143,143,4,4,27,63,63,77,113,126,126,221,221,239,239,3,23,23,23,35,53,78,113,131,147,147,147,147,219,219,238,257,273,283,283,314,326,350,386,409,73,73,87,119,119,119,119,119,119,34,66,66],"floor_reached":57,"language":"KOR","playtime":2495,"items_purged":["Strike_G","Strike_G"],"score":2967,"play_id":"6dc8b252-3929-456e-b1c5-f9c6116d0274","local_time":"20210131231627","is_ascension_mode":true,"campfire_choices":[{"data":"Concentrate","floor":6,"key":"SMITH"},{"data":"Deadly Poison","floor":8,"key":"SMITH"},{"data":"Footwork","floor":11,"key":"SMITH"},{"data":"Noxious Fumes","floor":15,"key":"SMITH"},{"data":"Acrobatics","floor":23,"key":"SMITH"},{"data":"Burst","floor":30,"key":"SMITH"},{"data":"Bouncing Flask","floor":32,"key":"SMITH"},{"floor":41,"key":"RECALL"},{"data":"Calculated Gamble","floor":46,"key":"SMITH"},{"data":"Catalyst","floor":49,"key":"SMITH"},{"data":"PiercingWail","floor":53,"key":"SMITH"}],"circlet_count":0,"master_deck":["AscendersBane","Strike_G","Strike_G","Defend_G","Defend_G","Defend_G","Defend_G","Survivor","Neutralize","Concentrate+1","Die Die Die","Backflip","Escape Plan","Footwork+1","Deadly Poison+1","Acrobatics+1","Corpse Explosion","Noxious Fumes+1","Blur","After Image+1","Bouncing Flask+1","Acrobatics+1","Burst+1","Concentrate+1","Acrobatics+1","Prepared+1","Acrobatics+1","Catalyst+1","Calculated Gamble+1","PiercingWail+1"],"relics":["Ring of the Serpent","Eternal Feather","Bloody Idol","Bag of Marbles","Art of War","Bottled Lightning","Lantern","TwistedFunnel","Happy Flower","Tough Bandages","HoveringKite","MawBank","TheAbacus","Orichalcum","Boot"],"acts_visited":["Exordium","TheCity","TheBeyond","TheEnding"],"potions_floor_usage":[10,13,27,33,33,56,56],"damage_taken":[{"damage":0,"enemies":"Cultist","floor":1,"turns":4},{"damage":9,"enemies":"Jaw Worm","floor":2,"turns":6},{"damage":1,"enemies":"Small Slimes","floor":4,"turns":2},{"damage":13,"enemies":"Lagavulin","floor":10,"turns":5},{"damage":0,"enemies":"Blue Slaver","floor":12,"turns":4},{"damage":41,"enemies":"Gremlin Nob","floor":13,"turns":4},{"damage":1,"enemies":"Red Slaver","floor":14,"turns":3},{"damage":4,"enemies":"Hexaghost","floor":16,"turns":9},{"damage":15,"enemies":"Chosen","floor":18,"turns":7},{"damage":8,"enemies":"2 Thieves","floor":21,"turns":4},{"damage":18,"enemies":"Snecko","floor":24,"turns":5},{"damage":4,"enemies":"Cultist and Chosen","floor":25,"turns":5},{"damage":3,"enemies":"Book of Stabbing","floor":27,"turns":7},{"damage":15,"enemies":"Shelled Parasite and Fungi","floor":28,"turns":5},{"damage":16,"enemies":"Snecko","floor":29,"turns":5},{"damage":9,"enemies":"Automaton","floor":33,"turns":8},{"damage":2,"enemies":"Orb Walker","floor":35,"turns":4},{"damage":2,"enemies":"3 Darklings","floor":36,"turns":5},{"damage":0,"enemies":"Sphere and 2 Shapes","floor":37,"turns":4},{"damage":1,"enemies":"Transient","floor":38,"turns":6},{"damage":6,"enemies":"Reptomancer","floor":40,"turns":6},{"damage":0,"enemies":"Writhing Mass","floor":42,"turns":4},{"damage":0,"enemies":"3 Darklings","floor":44,"turns":5},{"damage":0,"enemies":"Spire Growth","floor":47,"turns":3},{"damage":0,"enemies":"Giant Head","floor":48,"turns":7},{"damage":0,"enemies":"Awakened One","floor":50,"turns":10},{"damage":0,"enemies":"Donu and Deca","floor":51,"turns":4},{"damage":7,"enemies":"Shield and Spear","floor":55,"turns":4},{"damage":45,"enemies":"The Heart","floor":56,"turns":9}],"seed_played":"-5448130704905921295","potions_obtained":[{"floor":2,"key":"LiquidMemories"},{"floor":10,"key":"Strength Potion"},{"floor":14,"key":"FearPotion"},{"floor":21,"key":"GhostInAJar"},{"floor":24,"key":"PowerPotion"},{"floor":28,"key":"PowerPotion"},{"floor":33,"key":"BlessingOfTheForge"},{"floor":35,"key":"SkillPotion"},{"floor":38,"key":"Dexterity Potion"}],"is_trial":false,"path_per_floor":["M","M","?","M","?","R","$","R","T","E","R","M","E","M","R","B",null,"M","?","$","M","?","R","M","M","T","E","M","M","R","?","R","B",null,"M","M","M","M","?","E","R","M","T","M","$","R","M","E","R","B","B",null,"R","$","E","B",null],"character_chosen":"THE_SILENT","items_purchased":["Footwork","Deadly Poison","TwistedFunnel","Calculated Gamble","TheAbacus","Ancient Potion"],"campfire_rested":0,"item_purchase_floors":[7,7,20,45,45,54],"current_hp_per_floor":[44,35,30,29,29,38,38,47,47,34,43,43,2,1,13,9,47,32,32,32,24,24,36,23,24,29,31,21,10,25,25,40,36,54,57,60,60,60,60,59,60,60,60,60,60,60,60,60,60,60,60,60,60,60,58,13],"gold":66,"neow_bonus":"TRANSFORM_TWO_CARDS","is_daily":false,"chose_seed":false,"campfire_upgraded":10,"win_rate":0.0,"timestamp":1612102587,"path_taken":["M","?","?","M","?","R","?","R","T","E","R","M","E","M","R","BOSS","M","?","$","?","?","R","M","M","T","E","M","M","R","?","R","BOSS","M","M","?","M","?","E","R","M","T","?","?","R","?","E","R","BOSS","BOSS","R","$","E","BOSS"],"items_purchased_type":["Card","Card","Relic","Card","Relic","Potion"],"build_version":"2020-12-22","purchased_purges":2,"victory":true,"max_hp_per_floor":[66,66,66,66,60,60,60,60,60,60,60,60,60,60,60,60,60,60,60,60,60,60,60,60,60,60,60,60,60,60,60,60,60,60,60,60,60,60,60,60,60,60,60,60,60,60,60,60,60,60,60,60,60,60,60,60],"card_choices":[{"not_picked":["Underhanded Strike","Heel Hook"],"picked":"Backflip","floor":1},{"not_picked":["Dagger Spray","Prepared"],"picked":"Escape Plan","floor":2},{"not_picked":["Deflect","Bane","Skewer"],"picked":"SKIP","floor":4},{"not_picked":["Accuracy","Slice"],"picked":"Acrobatics","floor":10},{"not_picked":["Blur","Escape Plan"],"picked":"Corpse Explosion","floor":12},{"not_picked":["Sucker Punch","Terror"],"picked":"Noxious Fumes","floor":13},{"not_picked":["Underhanded Strike","All Out Attack"],"picked":"Blur","floor":14},{"not_picked":["Glass Knife","A Thousand Cuts"],"picked":"After Image","floor":16},{"not_picked":["Infinite Blades","Slice"],"picked":"Bouncing Flask","floor":18},{"not_picked":["Flechettes","Underhanded Strike+1"],"picked":"Acrobatics","floor":21},{"not_picked":["Dagger Spray","Prepared"],"picked":"Burst","floor":24},{"not_picked":["Acrobatics","Sucker Punch","Deadly Poison"],"picked":"SKIP","floor":25},{"not_picked":["Acrobatics","Underhanded Strike","Footwork"],"picked":"SKIP","floor":27},{"not_picked":["Footwork","Masterful Stab","Cloak And Dagger"],"picked":"SKIP","floor":28},{"not_picked":["Setup","Quick Slash"],"picked":"Concentrate+1","floor":29},{"not_picked":["Backflip","Outmaneuver+1"],"picked":"Acrobatics+1","floor":35},{"not_picked":["Deflect","Deadly Poison","Die Die Die"],"picked":"SKIP","floor":36},{"not_picked":["Choke","Poisoned Stab"],"picked":"Prepared+1","floor":37},{"not_picked":["Poisoned Stab+1","Bane"],"picked":"Acrobatics+1","floor":38},{"not_picked":["Flying Knee","Noxious Fumes","Acrobatics"],"picked":"SKIP","floor":40},{"not_picked":["PiercingWail","Malaise"],"picked":"Catalyst","floor":42},{"not_picked":["Dagger Spray","Deadly Poison","Bane"],"picked":"SKIP","floor":44},{"not_picked":["Cloak And Dagger","Slice"],"picked":"PiercingWail","floor":47},{"not_picked":["Flechettes","Outmaneuver","Slice"],"picked":"SKIP","floor":48},{"not_picked":["Masterful Stab","Die Die Die","Deadly Poison"],"picked":"SKIP","floor":55}],"player_experience":1825720,"relics_obtained":[{"floor":9,"key":"Bag of Marbles"},{"floor":10,"key":"Art of War"},{"floor":13,"key":"Bottled Lightning"},{"floor":26,"key":"Happy Flower"},{"floor":27,"key":"Tough Bandages"},{"floor":40,"key":"MawBank"},{"floor":48,"key":"Orichalcum"},{"floor":55,"key":"Boot"}],"event_choices":[{"damage_healed":0,"gold_gain":0,"player_choice":"Success","damage_taken":5,"relics_obtained":["Eternal Feather"],"max_hp_gain":0,"max_hp_loss":0,"event_name":"Scrap Ooze","floor":3,"gold_loss":0},{"damage_healed":0,"gold_gain":0,"player_choice":"Lose Max HP","damage_taken":0,"relics_obtained":["Golden Idol"],"max_hp_gain":0,"max_hp_loss":6,"event_name":"Golden Idol","floor":5,"gold_loss":0},{"damage_healed":0,"gold_gain":0,"player_choice":"Gave Potion","damage_taken":0,"relics_obtained":["Lantern"],"max_hp_gain":0,"max_hp_loss":0,"event_name":"WeMeetAgain","floor":19,"gold_loss":0},{"damage_healed":0,"gold_gain":0,"player_choice":"Gave Idol","damage_taken":0,"relics_obtained":["Bloody Idol"],"max_hp_gain":0,"max_hp_loss":0,"event_name":"Forgotten Altar","floor":22,"relics_lost":["Golden Idol"],"gold_loss":0},{"damage_healed":0,"gold_gain":0,"player_choice":"Forge","damage_taken":0,"max_hp_gain":0,"max_hp_loss":0,"event_name":"Accursed Blacksmith","floor":31,"gold_loss":0,"cards_upgraded":["Acrobatics"]},{"damage_healed":0,"gold_gain":0,"player_choice":"Upgraded","damage_taken":0,"max_hp_gain":0,"max_hp_loss":0,"event_name":"Upgrade Shrine","floor":39,"gold_loss":0,"cards_upgraded":["After Image"]}],"is_beta":false,"boss_relics":[{"not_picked":["Busted Crown","Philosopher\u0027s Stone"],"picked":"Ring of the Serpent"},{"not_picked":["Runic Dome","SacredBark"],"picked":"HoveringKite"}],"items_purged_floors":[20,45],"is_endless":false,"potions_floor_spawned":[2,10,14,21,24,28,33,35,37,38,44,55],"ascension_level":20}}