{"host":"vyiqbz5w606ur92t","time":1612066511,"event":{"mods":["BaseMod","Downfall","Minty Spire (QoL Compilation)","StSLib"],"gold_per_floor":[99,110,110,126,234,275,301,301,301,451,492,492,513,556,578,682,682,582,601,601,268,286,394,448,486,504,504,504,504],"floor_reached":27,"language":"ENG","playtime":2437,"items_purged":["downfall:Icky"],"score":274,"play_id":"9200dd80-3258-4e54-b88b-7effc4c29400","local_time":"20210131041511","is_ascension_mode":true,"campfire_choices":[{"data":"hexamod:Float","floor":1,"key":"SMITH"},{"floor":9,"key":"REST"},{"floor":12,"key":"RECALL"},{"data":"hexamod:HeatShield","floor":18,"key":"SMITH"}],"circlet_count":0,"master_deck":["hexamod:Strike","hexamod:Strike+1","hexamod:Strike+1","hexamod:Defend+1","hexamod:Defend","hexamod:Defend+1","hexamod:Defend+1","hexamod:Sear","hexamod:Float+1","hexamod:Incineration+1","hexamod:SecondSeal","hexamod:SuperheatedStrike+1","hexamod:CatchUp+1","hexamod:FirstSeal","hexamod:ThirdSeal","hexamod:FourthSeal","hexamod:SixthSeal","hexamod:AdvancingGuard+1","hexamod:GiftsFromTheDead+1","hexamod:HeatShield+1","hexamod:RecurringNightmare+1","hexamod:ThermalTransfer","hexamod:TimeWarp","hexamod:ApocalypseNow","hexamod:HeatCrush+1","hexamod:StepThrough","hexamod:NightmareGuise","hexamod:GhostflameBarrier","hexamod:Firestarter+1","hexamod:GhostLash+1","Pain","hexamod:NecessarySacrifice","hexamod:SpectralSpark","hexamod:SuperheatedStrike+1"],"relics":["Runic Dome","Lantern","Vajra","Frozen Egg 2","Blood Vial","Cursed Key","downfall:HeartBlessingRed","Molten Egg 2","Prayer Wheel","Singing Bowl","Regal Pillow"],"acts_visited":["Exordium","TheCity"],"potions_floor_usage":[14,16,16,21],"damage_taken":[{"damage":2,"enemies":"Jaw Worm","floor":2,"turns":3},{"damage":0,"enemies":"Small Slimes","floor":4,"turns":3},{"damage":27,"enemies":"downfall:Heads","floor":5,"turns":5},{"damage":16,"enemies":"Lagavulin","floor":6,"turns":5},{"damage":5,"enemies":"Gremlin Nob","floor":11,"turns":3},{"damage":1,"enemies":"Cultist","floor":13,"turns":3},{"damage":6,"enemies":"Lagavulin","floor":14,"turns":7},{"damage":19,"enemies":"Exordium Thugs","floor":15,"turns":4},{"damage":36,"enemies":"DF_ARCHETYPE_STREAMLINE","floor":16,"turns":11},{"damage":0,"enemies":"Spheric Guardian","floor":19,"turns":3},{"damage":10,"enemies":"downfall:FleeingMerchant","floor":21,"turns":4},{"damage":0,"enemies":"Chosen","floor":22,"turns":3},{"damage":23,"enemies":"Colosseum Nobs","floor":23,"turns":5},{"damage":29,"enemies":"Book of Stabbing","floor":25,"turns":5},{"damage":36,"enemies":"Centurion and Healer","floor":26,"turns":5},{"damage":38,"enemies":"Gremlin Leader","floor":27,"turns":5}],"seed_played":"-6818763779663065250","potions_obtained":[{"floor":4,"key":"BlessingOfTheForge"},{"floor":11,"key":"Block Potion"},{"floor":11,"key":"SteroidPotion"},{"floor":13,"key":"SkillPotion"},{"floor":14,"key":"FairyPotion"},{"floor":15,"key":"DistilledChaos"},{"floor":16,"key":"SkillPotion"},{"floor":19,"key":"Strength Potion"},{"floor":21,"key":"bronze:BurnAndBuffPotion"},{"floor":23,"key":"DuplicationPotion"}],"is_trial":false,"path_per_floor":["R","M","?","M","?","E","T","?","R","?","E","R","M","E","M","B",null,"R","M","?","$","M","?","T","E","M","E"],"character_chosen":"THE_SPIRIT","items_purchased":["Molten Egg 2"],"campfire_rested":1,"item_purchase_floors":[21],"current_hp_per_floor":[70,68,68,68,41,25,25,18,39,39,41,41,47,48,38,11,70,70,70,70,60,69,56,56,38,11,0,0,0],"gold":504,"neow_bonus":"BOSS_RELIC","is_daily":false,"chose_seed":false,"campfire_upgraded":2,"win_rate":0.0,"timestamp":1612066511,"path_taken":["R","M","?","M","?","E","T","?","R","?","E","R","M","E","M","BOSS","R","M","?","$","M","?","T","E","M","E"],"items_purchased_type":["Relic"],"build_version":"2020-12-22","purchased_purges":1,"victory":false,"max_hp_per_floor":[70,70,70,70,70,70,70,70,70,70,70,70,70,70,70,70,70,70,70,70,70,70,72,72,74,74,74,74,74],"card_choices":[{"not_picked":["hexamod:SwordOfDarkness","hexamod:StepThrough"],"picked":"hexamod:Incineration","floor":2},{"not_picked":["hexamod:FlamesFromBeyond","hexamod:HeatMetal"],"picked":"hexamod:SecondSeal","floor":4},{"not_picked":["hexamod:GhostShield","hexamod:GhostLash"],"picked":"hexamod:SuperheatedStrike","floor":5},{"not_picked":["hexamod:NightmareStrike","hexamod:HauntingEcho"],"picked":"hexamod:CatchUp","floor":6},{"not_picked":["hexamod:PhantomFireball","hexamod:SpectersWail"],"picked":"hexamod:SixthSeal","floor":11},{"not_picked":["hexamod:Firestarter","hexamod:FourthSeal"],"picked":"hexamod:AdvancingGuard","floor":11},{"not_picked":["hexamod:ChargedBarrage","hexamod:ShieldOfDarkness"],"picked":"hexamod:GiftsFromTheDead+1","floor":13},{"not_picked":["hexamod:AdvancingGuard","hexamod:FlamesFromBeyond","hexamod:InspiringFlames"],"picked":"SKIP","floor":13},{"not_picked":["hexamod:Toasty","hexamod:BacktrackSmack"],"picked":"hexamod:HeatShield","floor":14},{"not_picked":["hexamod:HeatMetal","hexamod:SkipABeat"],"picked":"hexamod:RecurringNightmare","floor":14},{"not_picked":["hexamod:SpectralAdrenaline","hexamod:Again"],"picked":"hexamod:ThermalTransfer","floor":15},{"not_picked":["hexamod:HauntingEcho","hexamod:AdvancingGuard","hexamod:FastForward"],"picked":"SKIP","floor":15},{"not_picked":["hexamod:GiftsFromTheDead+1","hexamod:GhostflameInferno"],"picked":"hexamod:TimeWarp","floor":16},{"not_picked":["hexamod:UnleashSpirits","hexamod:SixthSeal"],"picked":"hexamod:ApocalypseNow","floor":16},{"not_picked":["hexamod:AdvancingGuard+1","hexamod:BacktrackSmack+1"],"picked":"hexamod:HeatCrush","floor":19},{"not_picked":["hexamod:NightmareStrike","hexamod:HauntingEcho"],"picked":"hexamod:StepThrough","floor":19},{"not_picked":["hexamod:ApocalypticArmor+1","hexamod:SpectersWail"],"picked":"hexamod:NightmareGuise","floor":21},{"not_picked":["hexamod:Rewind","hexamod:SpectersWail"],"picked":"hexamod:GhostflameBarrier","floor":21},{"not_picked":["hexamod:SwordOfDarkness+1","hexamod:GhostflameBarrier"],"picked":"hexamod:Firestarter+1","floor":22},{"not_picked":["hexamod:Again+1","hexamod:ThirdSeal"],"picked":"hexamod:GhostLash+1","floor":23},{"not_picked":["hexamod:FlamesFromBeyond","hexamod:InspiringFlames","hexamod:AdvancingGuard+1"],"picked":"Singing Bowl","floor":23},{"not_picked":["hexamod:ChargedBarrage+1","hexamod:FourthSeal","hexamod:Firestarter+1"],"picked":"Singing Bowl","floor":25},{"not_picked":["hexamod:GhostShield","hexamod:CatchUp"],"picked":"hexamod:NecessarySacrifice","floor":25},{"not_picked":["hexamod:AdvancingGuard","hexamod:HeatMetal+1"],"picked":"hexamod:SpectralSpark","floor":26},{"not_picked":["hexamod:AdvancingGuard","hexamod:DynamicBlow+1"],"picked":"hexamod:SuperheatedStrike+1","floor":26}],"player_experience":1292179,"relics_obtained":[{"floor":6,"key":"Lantern"},{"floor":7,"key":"Vajra"},{"floor":11,"key":"Frozen Egg 2"},{"floor":14,"key":"Blood Vial"},{"floor":23,"key":"Prayer Wheel"},{"floor":23,"key":"Singing Bowl"},{"floor":25,"key":"Regal Pillow"}],"event_choices":[],"is_beta":false,"boss_relics":[{"not_picked":["Philosopher\u0027s Stone","Coffee Dripper"],"picked":"Cursed Key"}],"items_purged_floors":[21],"is_endless":false,"potions_floor_spawned":[4,11,13,15,19,23,26],"killed_by":"Gremlin Leader","ascension_level":2}}