{"host":"d2y4rmbezebiv8aj","time":1612055246,"event":{"mods":["AchievementEnabler","BaseMod","Bestiary","BetterRewards","Colored Map","Colored Powertips","Custom Start","Highlight Path","Minty Spire (QoL Compilation)","Quick Restart","Rare Cards Sparkle","Relic Sorter","Relic Stats","Shop Mod","Slay-I","StSLib","SuperFastMode"],"gold_per_floor":[118,138,138,138,313,340,340,373,399,412,424,435,435,445,445,541,541,524,535,73,73,73,73],"floor_reached":22,"language":"DEU","playtime":562,"items_purged":["Regret"],"score":332,"play_id":"c6d27c80-e582-4257-b4f1-4d3bfbd220ca","local_time":"20210131020726","is_ascension_mode":true,"campfire_choices":[{"floor":7.0,"key":"REST"},{"floor":15,"key":"REST"}],"circlet_count":0,"master_deck":["AscendersBane","Strike_G","Strike_G","Strike_G","Strike_G+1","Strike_G","Defend_G","Defend_G","Defend_G","Defend_G","Defend_G+1","Survivor","Neutralize","Poisoned Stab","Backstab","Doubt","Sucker Punch","Flying Knee","Blur","Bane","Backstab","Poisoned Stab","A Thousand Cuts","Envenom","Blade Dance","Prepared","Backflip","Accuracy","J.A.X."],"relics":["Ring of the Serpent","NeowsBlessing","Potion Belt","Ornamental Fan","Orichalcum","Dream Catcher","Tough Bandages","The Specimen"],"acts_visited":["TheCity"],"potions_floor_usage":[8,8,16,19,19],"damage_taken":[{"damage":0.0,"enemies":"Jaw Worm","floor":1.0,"turns":1.0},{"damage":0.0,"enemies":"Small Slimes","floor":2.0,"turns":1.0},{"damage":0.0,"enemies":"3 Sentries","floor":6.0,"turns":1.0},{"damage":16,"enemies":"Gremlin Nob","floor":8,"turns":5},{"damage":0,"enemies":"2 Louse","floor":10,"turns":2},{"damage":0,"enemies":"Looter","floor":11,"turns":3},{"damage":0,"enemies":"3 Louse","floor":12,"turns":4},{"damage":0,"enemies":"Blue Slaver","floor":14,"turns":2},{"damage":47,"enemies":"The Guardian","floor":16,"turns":15},{"damage":7,"enemies":"2 Thieves","floor":18,"turns":4},{"damage":7,"enemies":"3 Byrds","floor":19,"turns":5},{"damage":46,"enemies":"Shelled Parasite and Fungi","floor":22,"turns":5}],"seed_played":"-5781755436047408394","potions_obtained":[{"floor":2.0,"key":"Strength Potion"},{"floor":6.0,"key":"Block Potion"},{"floor":8,"key":"Fruit Juice"},{"floor":10,"key":"FearPotion"},{"floor":16,"key":"DistilledChaos"}],"is_trial":false,"path_per_floor":["M","M","?","?","?","E","R","E","T","M","M","M","?","M","R","B",null,"M","M","$","?","M"],"character_chosen":"THE_SILENT","items_purchased":["The Specimen","Backflip","Accuracy"],"campfire_rested":2,"item_purchase_floors":[20,20,20],"current_hp_per_floor":[63,63,49,31,31,31,52,36,36,36,36,36,36,36,57,15,60,53,46,46,46,0,0],"gold":73,"neow_bonus":"THREE_ENEMY_KILL","is_daily":false,"chose_seed":false,"campfire_upgraded":0,"win_rate":0.0,"timestamp":1612055246,"path_taken":["M","M","?","?","?","E","R","E","T","M","M","M","?","M","R","BOSS","M","M","$","?","M"],"items_purchased_type":["Relic","Card","Card"],"build_version":"2020-12-22","purchased_purges":1,"victory":false,"max_hp_per_floor":[70,70,70,70,70,70,70,70,70,70,70,70,70,70,70,75,75,75,75,75,75,75,75],"relic_stats":{"Dream Catcher":1,"Tough Bandages":[18],"counters":[12,48],"Ornamental Fan":[80],"Orichalcum":[6],"obtain_stats":[{"Potion Belt":4,"Dream Catcher":9,"Tough Bandages":13,"NeowsBlessing":0,"The Specimen":20,"Ornamental Fan":6,"Orichalcum":8,"Ring of the Serpent":17,"Ring of the Snake":0},{"Potion Belt":2,"Dream Catcher":4,"Tough Bandages":7,"NeowsBlessing":0,"The Specimen":11,"Ornamental Fan":3,"Orichalcum":4,"Ring of the Serpent":9,"Ring of the Snake":0},{"Potion Belt":2,"Dream Catcher":8,"Tough Bandages":17,"NeowsBlessing":0,"The Specimen":43,"Ornamental Fan":3,"Orichalcum":8,"Ring of the Serpent":34,"Ring of the Snake":0}]},"card_choices":[{"not_picked":["Cloak And Dagger","Deadly Poison"],"picked":"Poisoned Stab","floor":1.0},{"not_picked":["Dash","Accuracy"],"picked":"Backstab","floor":2.0},{"not_picked":["PiercingWail","Cloak And Dagger"],"picked":"Sucker Punch","floor":6.0},{"not_picked":["Cloak And Dagger","Acrobatics"],"picked":"Flying Knee","floor":8},{"not_picked":["Outmaneuver","Predator"],"picked":"Blur","floor":10},{"not_picked":["PiercingWail","Dash"],"picked":"Bane","floor":11},{"not_picked":["Dagger Spray","Cloak And Dagger"],"picked":"Backstab","floor":12},{"not_picked":["Distraction","Setup"],"picked":"Poisoned Stab","floor":14},{"not_picked":["Eviscerate","Deflect"],"picked":"A Thousand Cuts","floor":15},{"not_picked":["Night Terror","Doppelganger"],"picked":"Envenom","floor":16},{"not_picked":["Deadly Poison","Reflex"],"picked":"Blade Dance","floor":18},{"not_picked":["Underhanded Strike","Bouncing Flask+1"],"picked":"Prepared","floor":19}],"player_experience":388687,"relics_obtained":[{"floor":6.0,"key":"Ornamental Fan"},{"floor":8,"key":"Orichalcum"},{"floor":9,"key":"Dream Catcher"}],"event_choices":[{"damage_healed":0.0,"max_hp_gain":0.0,"max_hp_loss":0.0,"gold_gain":0.0,"event_name":"Shining Light","player_choice":"Entered Light","floor":3.0,"gold_loss":0.0,"damage_taken":14.0,"cards_upgraded":["Strike_G","Defend_G"]},{"damage_healed":0.0,"max_hp_gain":0.0,"max_hp_loss":0.0,"gold_gain":0.0,"event_name":"Scrap Ooze","player_choice":"Success","floor":4.0,"gold_loss":0.0,"damage_taken":18.0,"relics_obtained":["Potion Belt"]},{"damage_healed":0.0,"max_hp_gain":0.0,"max_hp_loss":0.0,"gold_gain":175.0,"event_name":"Liars Game","player_choice":"AGREE","floor":5.0,"gold_loss":0.0,"damage_taken":0.0,"cards_obtained":["Doubt"]},{"damage_healed":0,"gold_gain":0,"player_choice":"Box","damage_taken":0,"relics_obtained":["Tough Bandages"],"max_hp_gain":0,"max_hp_loss":0,"event_name":"Big Fish","floor":13,"gold_loss":0,"cards_obtained":["Regret"]},{"damage_healed":0,"gold_gain":0,"player_choice":"Obtain J.A.X.","damage_taken":0,"max_hp_gain":0,"max_hp_loss":0,"event_name":"Drug Dealer","floor":21,"gold_loss":0,"cards_obtained":["J.A.X."]}],"is_beta":false,"boss_relics":[{"not_picked":["Astrolabe","Ectoplasm"],"picked":"Ring of the Serpent"}],"items_purged_floors":[20],"is_endless":false,"potions_floor_spawned":[2,6,8,10,16],"killed_by":"Shelled Parasite and Fungi","ascension_level":10}}