{"host":"Tuck","time":1612079558,"event":{"mods":["BaseMod","Minty Spire (QoL Compilation)","StSLib"],"gold_per_floor":[114,125,125,125,125,163,163,206,230,265,288,309,388,414,414,540,540,554,575,598,618,618,649,649,683,764,764,764,777,818,831,831,961,961,980,1080,1105,937,1270,1270,1305,1305,1305,1355,910,943,348,377,377,377,377,377,1,26,26],"floor_reached":56,"language":"ENG","playtime":6679,"items_purged":["Defend_G"],"score":1854,"play_id":"49d2fc42-b0c3-4525-88ef-0afff673fcea","local_time":"20210131005238","is_ascension_mode":true,"campfire_choices":[{"data":"Dash","floor":7,"key":"SMITH"},{"data":"A Thousand Cuts","floor":15,"key":"SMITH"},{"data":"Footwork","floor":24,"key":"SMITH"},{"data":"Malaise","floor":27,"key":"SMITH"},{"data":"Calculated Gamble","floor":32,"key":"SMITH"},{"data":"Reflex","floor":40,"key":"SMITH"},{"data":"Leg Sweep","floor":42,"key":"SMITH"},{"floor":49,"key":"RECALL"},{"data":"Dash","floor":52,"key":"SMITH"}],"circlet_count":0,"master_deck":["Defend_G","Defend_G","Defend_G","Defend_G","Survivor","Neutralize","Calculated Gamble+1","Infinite Blades+1","Dash+1","Poisoned Stab","A Thousand Cuts+1","PiercingWail","Dash+1","Backflip","Cloak And Dagger","Backflip","PiercingWail","Bite+1","Bite+1","Bite+1","Bite+1","Bite+1","Footwork+1","Malaise+1","Well Laid Plans+1","Poisoned Stab+1","Tools of the Trade+1","Leg Sweep+1","Noxious Fumes+1","Reflex+1","Poisoned Stab+1","Footwork+1","Crippling Poison+1","Sadistic Nature+1","Caltrops+1","Accuracy+1","Noxious Fumes+1","Well Laid Plans+1","Backflip","Adrenaline"],"relics":["Ring of the Snake","Dead Branch","Lantern","Blue Candle","Potion Belt","Bag of Preparation","Juzu Bracelet","Odd Mushroom","HoveringKite","Molten Egg 2","Regal Pillow","MealTicket","Frozen Egg 2","Pen Nib","Coffee Dripper","Snake Skull","Pocketwatch","Prayer Wheel","Bronze Scales","Medical Kit","Ornamental Fan","Turnip","Orrery","Oddly Smooth Stone","Anchor"],"acts_visited":["Exordium","TheCity","TheBeyond","TheEnding"],"potions_floor_usage":[41,55,55],"damage_taken":[{"damage":0,"enemies":"Small Slimes","floor":1,"turns":3},{"damage":0,"enemies":"2 Louse","floor":2,"turns":3},{"damage":5,"enemies":"3 Sentries","floor":6,"turns":8},{"damage":0,"enemies":"Gremlin Nob","floor":8,"turns":4},{"damage":0,"enemies":"3 Sentries","floor":10,"turns":6},{"damage":0,"enemies":"Jaw Worm","floor":11,"turns":2},{"damage":0,"enemies":"2 Fungi Beasts","floor":12,"turns":3},{"damage":4,"enemies":"3 Sentries","floor":13,"turns":6},{"damage":0,"enemies":"The Mushroom Lair","floor":14,"turns":2},{"damage":0,"enemies":"Hexaghost","floor":16,"turns":9},{"damage":0,"enemies":"Chosen","floor":18,"turns":6},{"damage":0,"enemies":"Shell Parasite","floor":19,"turns":4},{"damage":0,"enemies":"Snake Plant","floor":20,"turns":5},{"damage":0,"enemies":"Chosen and Byrds","floor":21,"turns":4},{"damage":0,"enemies":"Book of Stabbing","floor":23,"turns":6},{"damage":0,"enemies":"Gremlin Leader","floor":25,"turns":4},{"damage":0,"enemies":"Shelled Parasite and Fungi","floor":29,"turns":8},{"damage":0,"enemies":"Slavers","floor":30,"turns":4},{"damage":0,"enemies":"Cultist and Chosen","floor":31,"turns":4},{"damage":0,"enemies":"Automaton","floor":33,"turns":11},{"damage":0,"enemies":"3 Shapes","floor":35,"turns":2},{"damage":0,"enemies":"3 Darklings","floor":37,"turns":3},{"damage":0,"enemies":"Giant Head","floor":41,"turns":6},{"damage":0,"enemies":"Mind Bloom Boss Battle","floor":44,"turns":6},{"damage":0,"enemies":"Nemesis","floor":46,"turns":8},{"damage":0,"enemies":"Reptomancer","floor":48,"turns":4},{"damage":0,"enemies":"Awakened One","floor":50,"turns":10},{"damage":0,"enemies":"Shield and Spear","floor":54,"turns":5},{"damage":2,"enemies":"The Heart","floor":55,"turns":6}],"seed_played":"-1440783281826990192","potions_obtained":[{"floor":1,"key":"DuplicationPotion"},{"floor":2,"key":"EssenceOfSteel"},{"floor":6,"key":"Explosive Potion"},{"floor":12,"key":"Energy Potion"},{"floor":14,"key":"SkillPotion"},{"floor":21,"key":"PowerPotion"},{"floor":41,"key":"Explosive Potion"}],"is_trial":false,"path_per_floor":["M","M","?","?","?","E","R","E","T","E","M","M","?","?","R","B",null,"M","M","M","M","?","E","R","E","T","R","?","M","E","M","R","B",null,"M","?","M","$","?","R","E","R","T","?","$","E","$","E","R","B",null,"R","$","E","B",null],"character_chosen":"THE_SILENT","items_purchased":["Noxious Fumes+1","Reflex","Poisoned Stab+1","Footwork+1","Prayer Wheel","Medical Kit","Ornamental Fan","Sadistic Nature+1","Caltrops+1","Orrery","Oddly Smooth Stone"],"campfire_rested":0,"item_purchase_floors":[38,38,38,45,45,47,47,47,53,53,53],"current_hp_per_floor":[49,49,35,40,22,17,17,17,17,17,17,17,13,13,13,13,75,75,75,75,75,52,52,52,52,52,52,52,52,52,52,52,52,52,52,52,52,52,52,52,52,52,52,52,52,52,52,52,52,52,52,52,52,52,50],"gold":26,"neow_bonus":"ONE_RARE_RELIC","is_daily":false,"chose_seed":false,"campfire_upgraded":8,"win_rate":0.0,"timestamp":1612079558,"path_taken":["M","M","?","?","?","E","R","E","T","E","?","M","?","?","R","BOSS","M","M","M","M","?","E","R","E","T","R","?","M","E","M","R","BOSS","M","?","M","$","?","R","E","R","T","?","$","E","?","E","R","BOSS","R","$","E","BOSS"],"items_purchased_type":["Card","Card","Card","Card","Relic","Relic","Relic","Card","Card","Relic","Relic"],"build_version":"2020-12-18","purchased_purges":1,"victory":true,"max_hp_per_floor":[70,70,70,75,75,75,75,75,75,75,75,75,75,75,75,75,75,75,75,75,75,52,52,52,52,52,52,52,52,52,52,52,52,52,52,52,52,52,52,52,52,52,52,52,52,52,52,52,52,52,52,52,52,52,52],"card_choices":[{"not_picked":["Dagger Throw","Heel Hook"],"picked":"Calculated Gamble","floor":1},{"not_picked":["Backstab","Acrobatics"],"picked":"Infinite Blades","floor":2},{"not_picked":["Choke","Quick Slash"],"picked":"Dash","floor":6},{"not_picked":["Dodge and Roll","Setup"],"picked":"Poisoned Stab","floor":8},{"not_picked":["Accuracy","Finisher"],"picked":"A Thousand Cuts","floor":10},{"not_picked":["Flying Knee","Distraction"],"picked":"PiercingWail","floor":11},{"not_picked":["Deflect","Distraction"],"picked":"Dash","floor":12},{"not_picked":["Dash","Dagger Spray"],"picked":"Backflip","floor":14},{"not_picked":["Dagger Throw","Heel Hook"],"picked":"Cloak And Dagger","floor":18},{"not_picked":["Choke","Quick Slash"],"picked":"Backflip","floor":19},{"not_picked":["Infinite Blades+1","Prepared+1","Deflect"],"picked":"SKIP","floor":20},{"not_picked":["Bane","Flying Knee+1"],"picked":"PiercingWail","floor":21},{"not_picked":["Calculated Gamble+1","Night Terror"],"picked":"Footwork","floor":23},{"not_picked":["Riddle With Holes+1","Sucker Punch+1"],"picked":"Malaise","floor":25},{"not_picked":["Slice+1","Acrobatics","Dodge and Roll+1"],"picked":"SKIP","floor":29},{"not_picked":["Dagger Spray+1","All Out Attack+1","Blade Dance"],"picked":"SKIP","floor":30},{"not_picked":["Underhanded Strike+1","Slice+1"],"picked":"Poisoned Stab+1","floor":31},{"not_picked":["Malaise","Doppelganger"],"picked":"Tools of the Trade+1","floor":33},{"not_picked":["Finisher+1","Dash+1","Quick Slash+1"],"picked":"SKIP","floor":35},{"not_picked":["All Out Attack+1","Expertise"],"picked":"Leg Sweep","floor":37},{"not_picked":["Dodge and Roll","Prepared+1","Riddle With Holes+1"],"picked":"SKIP","floor":41},{"not_picked":["Venomology","Endless Agony+1"],"picked":"Crippling Poison+1","floor":46},{"not_picked":["Poisoned Stab+1","Deadly Poison+1","Terror"],"picked":"SKIP","floor":48},{"not_picked":["Cloak And Dagger+1","Reflex"],"picked":"Accuracy+1","floor":53},{"not_picked":["Leg Sweep+1","Distraction+1"],"picked":"Noxious Fumes+1","floor":53},{"not_picked":["Bane+1","Quick Slash+1"],"picked":"Well Laid Plans+1","floor":53},{"not_picked":["Blade Dance","Sucker Punch+1"],"picked":"Backflip","floor":53},{"not_picked":["Poisoned Stab+1","Underhanded Strike+1"],"picked":"Adrenaline","floor":54}],"player_experience":2325066,"relics_obtained":[{"floor":6,"key":"Lantern"},{"floor":8,"key":"Blue Candle"},{"floor":9,"key":"Potion Belt"},{"floor":10,"key":"Bag of Preparation"},{"floor":13,"key":"Juzu Bracelet"},{"floor":14,"key":"Odd Mushroom"},{"floor":23,"key":"Regal Pillow"},{"floor":25,"key":"MealTicket"},{"floor":26,"key":"Frozen Egg 2"},{"floor":30,"key":"Pen Nib"},{"floor":41,"key":"Snake Skull"},{"floor":44,"key":"Pocketwatch"},{"floor":46,"key":"Bronze Scales"},{"floor":48,"key":"Turnip"},{"floor":54,"key":"Anchor"}],"event_choices":[{"damage_healed":0,"gold_gain":0,"player_choice":"Entered Light","damage_taken":14,"max_hp_gain":0,"max_hp_loss":0,"event_name":"Shining Light","floor":3,"gold_loss":0,"cards_upgraded":["Infinite Blades","Strike_G"]},{"damage_healed":0,"gold_gain":0,"player_choice":"Donut","damage_taken":0,"max_hp_gain":5,"max_hp_loss":0,"event_name":"Big Fish","floor":4,"gold_loss":0},{"damage_healed":0,"gold_gain":0,"player_choice":"Take Damage","damage_taken":18,"relics_obtained":["Golden Idol"],"max_hp_gain":0,"max_hp_loss":0,"event_name":"Golden Idol","floor":5,"gold_loss":0},{"damage_healed":0,"gold_gain":0,"player_choice":"Searched \u00271\u0027 times","damage_taken":0,"max_hp_gain":0,"max_hp_loss":0,"event_name":"Dead Adventurer","floor":13,"gold_loss":0},{"damage_healed":0,"gold_gain":0,"player_choice":"Fought Mushrooms","damage_taken":0,"max_hp_gain":0,"max_hp_loss":0,"event_name":"Mushrooms","floor":14,"gold_loss":0},{"damage_healed":0,"gold_gain":0,"player_choice":"Became a vampire","damage_taken":0,"max_hp_gain":0,"max_hp_loss":23,"event_name":"Vampires","floor":22,"gold_loss":0,"cards_obtained":["Bite","Bite","Bite","Bite","Bite"]},{"damage_healed":0,"gold_gain":0,"player_choice":"Read","damage_taken":0,"max_hp_gain":0,"max_hp_loss":0,"event_name":"The Library","floor":28,"gold_loss":0,"cards_obtained":["Well Laid Plans"]},{"damage_healed":0,"gold_gain":100,"player_choice":"Pray","damage_taken":0,"max_hp_gain":0,"max_hp_loss":0,"event_name":"Golden Shrine","floor":36,"gold_loss":0},{"damage_healed":0,"gold_gain":333,"player_choice":"Gave Idol","damage_taken":0,"max_hp_gain":0,"max_hp_loss":0,"event_name":"The Moai Head","floor":39,"relics_lost":["Golden Idol"],"gold_loss":0},{"damage_healed":0,"gold_gain":0,"player_choice":"Fight","damage_taken":0,"max_hp_gain":0,"max_hp_loss":0,"event_name":"MindBloom","floor":44,"gold_loss":0}],"is_beta":true,"boss_relics":[{"not_picked":["Tiny House","Fusion Hammer","Ectoplasm"]},{"not_picked":["Runic Pyramid","Black Star"],"picked":"Coffee Dripper"}],"items_purged_floors":[45],"is_endless":false,"potions_floor_spawned":[1,2,6,12,14,19,21,30,35,41,46],"ascension_level":1}}