{"host":"cnq91ghfhf6lz0gv","time":1612058878,"event":{"mods":["BaseMod","Clockwork Mod","Colored Map","Colored Powertips","Conspire","Downfall","Googly Eyes","Highlight Path","Minty Spire (QoL Compilation)","Replay The Spire","StSLib","SuperFastMode","The IronCluck","The Showman","slay the spire mod where everything is the same but ironclad has a cowboy hat"],"gold_per_floor":[118,178,188,188,73,73,73,108,108,126,145,165,165,176,176,271,371,387,387,387,407,423,423,441,441,515,528,557,576,606,622,622,723,723,742,382,395,407,457,490,490,501,582,610,610,622,622,635,635,635,635,635,515,546,546],"floor_reached":56,"language":"ENG","playtime":3602,"items_purged":["Strike_P","Hallucinations"],"score":1578,"play_id":"e42f686b-33fa-49a7-b71d-a3d1c5b898d9","local_time":"20210130210758","is_ascension_mode":false,"campfire_choices":[{"data":"Eruption","floor":6,"key":"SMITH"},{"data":"LikeWater","floor":15,"key":"SMITH"},{"data":"LikeWater","floor":23,"key":"SMITH"},{"floor":25,"key":"RECALL"},{"data":"WaveOfTheHand","floor":32,"key":"SMITH"},{"data":"DeusExMachina+1","floor":45,"key":"PURGE"},{"data":"DeusExMachina+1","floor":47,"key":"PURGE"},{"data":"Replay:Battleflow+1","floor":49,"key":"PURGE"},{"data":"Replay:Battleflow+1","floor":52,"key":"PURGE"}],"circlet_count":0,"master_deck":["Strike_P+1","Defend_P+1","Defend_P+1","Defend_P+1","Eruption+1","Vigilance+1","Consecrate","FlyingSleeves+1","LikeWater+1","SandsOfTime+1","LikeWater+1","Vault","ThirdEye+1","Omniscience+1","ThirdEye","ClearTheMind+1","Perseverance","WaveOfTheHand+1","LikeWater+1","Ragnarok+1","FollowUp+1","CutThroughFate+1","Replay:Vibes","Strike_P+1","Defend_P+1","Defend_P+1","Defend_P+1","Eruption+1","Vigilance+1","Consecrate+1","FlyingSleeves+1","LikeWater+1","SandsOfTime+1","LikeWater+1","Vault","ThirdEye+1","Omniscience+1","ThirdEye","ClearTheMind+1","Perseverance","WaveOfTheHand+1","LikeWater+1","Ragnarok+1","FollowUp+1","CutThroughFate+1","Replay:Vibes","Fasting2+1"],"relics":["ChewingGum","Molten Egg 2","Replay:Rubber Ducky","Chameleon Ring","Ring of Fury","Replay:Grab Bag","Replay:Wanted Poster","Runic Dome","Runic Pyramid","War Paint","Tiny Chest","Astrolabe","conspire:Dentures","Peace Pipe","Shuriken","Divine Protection","Pondfish Scales","Iron Hammer"],"acts_visited":["Exordium","TheCity","TheBeyond","TheEnding"],"potions_floor_usage":[28,33,55,55],"damage_taken":[{"damage":0,"enemies":"Small Slimes","floor":1,"turns":2},{"damage":0,"enemies":"Jaw Worm","floor":3,"turns":1},{"damage":1,"enemies":"3 Sentries","floor":8,"turns":3},{"damage":0,"enemies":"Cultist","floor":10,"turns":2},{"damage":0,"enemies":"Large Slime","floor":11,"turns":2},{"damage":0,"enemies":"Exordium Thugs","floor":12,"turns":3},{"damage":0,"enemies":"Exordium Wildlife","floor":14,"turns":4},{"damage":2,"enemies":"Slime Boss","floor":16,"turns":6},{"damage":4,"enemies":"Shell Parasite","floor":18,"turns":2},{"damage":18,"enemies":"Chosen","floor":21,"turns":2},{"damage":0,"enemies":"Centurion and Healer","floor":22,"turns":3},{"damage":0,"enemies":"Snecko","floor":24,"turns":4},{"damage":0,"enemies":"Sentry and Sphere","floor":27,"turns":1},{"damage":8,"enemies":"Slavers","floor":28,"turns":5},{"damage":0,"enemies":"Shelled Parasite and Fungi","floor":29,"turns":3},{"damage":0,"enemies":"Gremlin Leader","floor":30,"turns":4},{"damage":0,"enemies":"3 Cultists","floor":31,"turns":6},{"damage":0,"enemies":"Champ","floor":33,"turns":25},{"damage":0,"enemies":"Orb Walker","floor":35,"turns":4},{"damage":0,"enemies":"3 Darklings","floor":37,"turns":7},{"damage":8,"enemies":"Jaw Worm Horde","floor":38,"turns":4},{"damage":0,"enemies":"Mind Bloom Boss Battle","floor":39,"turns":4},{"damage":0,"enemies":"Reptomancer","floor":40,"turns":8},{"damage":2,"enemies":"4 Shapes","floor":42,"turns":2},{"damage":8,"enemies":"Giant Head","floor":44,"turns":5},{"damage":0,"enemies":"Writhing Mass","floor":46,"turns":4},{"damage":0,"enemies":"Transient","floor":48,"turns":6},{"damage":0,"enemies":"Donu and Deca","floor":50,"turns":9},{"damage":0,"enemies":"Shield and Spear","floor":54,"turns":2},{"damage":0,"enemies":"The Heart","floor":55,"turns":12}],"seed_played":"6858943176614694376","potions_obtained":[{"floor":2,"key":"Swift Potion"},{"floor":10,"key":"SteroidPotion"},{"floor":14,"key":"Elixir"},{"floor":16,"key":"Adrenaline Potion"},{"floor":21,"key":"FearPotion"},{"floor":30,"key":"SpeedPotion"},{"floor":33,"key":"BlessingOfTheForge"},{"floor":38,"key":"Adrenaline Potion"}],"is_trial":false,"path_per_floor":["M","?","M","?","$","R","$","E","T","M","M","M","?","M","R","B",null,"M","?","?","M","M","R","M","R","T","M","E","M","E","M","R","B",null,"M","$","M","M","?","E","?","M","T","E","R","M","R","M","R","B",null,"R","$","E","B",null],"character_chosen":"WATCHER","items_purchased":["SandsOfTime+1","conspire:Dentures","DuplicationPotion","Adrenaline Potion"],"campfire_rested":0,"item_purchase_floors":[5,36,53,53],"current_hp_per_floor":[72,54,54,40,40,40,40,39,39,39,39,39,39,39,39,37,72,68,68,68,50,50,50,50,50,50,50,42,42,42,42,42,42,72,72,72,72,64,64,64,64,62,62,54,54,54,54,54,54,54,72,72,72,72,72],"gold":546,"neow_bonus":"BOSS_RELIC","is_daily":false,"chose_seed":false,"campfire_upgraded":4,"win_rate":0.0,"timestamp":1612058878,"path_taken":["M","?","?","?","$","R","?","E","T","M","M","?","?","M","R","BOSS","M","?","?","M","M","R","M","R","T","M","E","?","E","M","R","BOSS","M","$","M","M","?","E","?","M","T","E","R","?","R","M","R","BOSS","R","$","E","BOSS"],"items_purchased_type":["Card","Relic","Potion","Potion"],"build_version":"2020-12-22","purchased_purges":2,"victory":true,"max_hp_per_floor":[72,72,72,72,72,72,72,72,72,72,72,72,72,72,72,72,72,72,72,72,72,72,72,72,72,72,72,72,72,72,72,72,72,72,72,72,72,72,72,72,72,72,72,72,72,72,72,72,72,72,72,72,72,72,72],"card_choices":[{"not_picked":["CrushJoints","EmptyBody"],"picked":"Consecrate","floor":1},{"not_picked":["PathToVictory","EmptyBody"],"picked":"FlyingSleeves+1","floor":2},{"not_picked":["Prostrate","Replay:AtTheReady"],"picked":"LikeWater","floor":3},{"not_picked":["Replay:BluntJabs+1","Replay:ManipulateFuture","Prostrate"],"picked":"SKIP","floor":8},{"not_picked":["CutThroughFate+1","FlyingSleeves+1"],"picked":"LikeWater","floor":10},{"not_picked":["SashWhip+1","ThirdEye"],"picked":"Vault","floor":11},{"not_picked":["EmptyFist+1","EmptyBody","Halt"],"picked":"SKIP","floor":12},{"not_picked":["Replay:AtTheReady","Replay:BluntJabs+1"],"picked":"ThirdEye","floor":14},{"not_picked":["ConjureBlade","Blasphemy"],"picked":"Omniscience","floor":16},{"not_picked":["Pray","Prostrate","Replay:Battleflow+1"],"picked":"SKIP","floor":18},{"not_picked":["FlyingSleeves+1","Consecrate+1"],"picked":"ThirdEye","floor":21},{"not_picked":["Prostrate","FlurryOfBlows+1","JustLucky+1"],"picked":"SKIP","floor":22},{"not_picked":["Evaluate","Replay:BluntJabs+1"],"picked":"ClearTheMind","floor":24},{"not_picked":["Replay:BluntJabs+1","BowlingBash+1","SashWhip+1"],"picked":"SKIP","floor":27},{"not_picked":["JustLucky+1","Sanctity+1"],"picked":"Perseverance","floor":28},{"not_picked":["Replay:AtTheReady","Vengeance","Replay:BluntJabs+1"],"picked":"SKIP","floor":29},{"not_picked":["ForeignInfluence","Replay:Cycle+1"],"picked":"WaveOfTheHand","floor":30},{"not_picked":["ForeignInfluence","DeceiveReality"],"picked":"LikeWater+1","floor":31},{"not_picked":["MasterReality","LessonLearned+1"],"picked":"Ragnarok+1","floor":33},{"not_picked":["EmptyMind","Replay:ManipulateFuture","Prostrate"],"picked":"SKIP","floor":35},{"not_picked":["Replay:Battleflow+1","JustLucky+1"],"picked":"CutThroughFate+1","floor":37},{"not_picked":["CrushJoints+1","Replay:DivineShield+1","ClearTheMind"],"picked":"SKIP","floor":38},{"not_picked":["Replay:AtTheReady","Crescendo"],"picked":"Replay:Vibes","floor":40},{"not_picked":["FollowUp+1","Pray+1","Sanctity+1"],"picked":"SKIP","floor":42},{"not_picked":["Blasphemy","SashWhip+1","Scrawl"],"picked":"SKIP","floor":44},{"not_picked":["ThirdEye","Halt+1","ClearTheMind"],"picked":"SKIP","floor":46},{"not_picked":["ClearTheMind+1","CrushJoints+1","SashWhip+1"],"picked":"SKIP","floor":48},{"not_picked":["DeceiveReality+1","Fasting2+1","ThirdEye"],"picked":"SKIP","floor":54},{"not_picked":["DeceiveReality+1","ThirdEye"],"picked":"Fasting2+1","floor":54}],"player_experience":197023,"relics_obtained":[{"floor":2,"key":"Molten Egg 2"},{"floor":8,"key":"Replay:Rubber Ducky"},{"floor":9,"key":"Chameleon Ring"},{"floor":13,"key":"Ring of Fury"},{"floor":28,"key":"War Paint"},{"floor":30,"key":"Tiny Chest"},{"floor":39,"key":"Peace Pipe"},{"floor":40,"key":"Shuriken"},{"floor":43,"key":"Divine Protection"},{"floor":44,"key":"Pondfish Scales"},{"floor":54,"key":"Iron Hammer"}],"event_choices":[{"damage_healed":0,"gold_gain":0,"player_choice":"Entered Light","damage_taken":14,"max_hp_gain":0,"max_hp_loss":0,"event_name":"Shining Light","floor":4,"gold_loss":0,"cards_upgraded":["Defend_P","Vigilance"]},{"damage_healed":0,"gold_gain":0,"player_choice":"Simplicity","damage_taken":0,"max_hp_gain":0,"max_hp_loss":0,"event_name":"Back to Basics","floor":19,"gold_loss":0,"cards_upgraded":["Strike_P","Strike_P","Strike_P","Defend_P","Defend_P","Defend_P"]},{"damage_healed":0,"gold_gain":0,"player_choice":"Upgraded","damage_taken":0,"max_hp_gain":0,"max_hp_loss":0,"event_name":"Upgrade Shrine","floor":20,"gold_loss":0,"cards_upgraded":["Omniscience"]},{"damage_healed":0,"gold_gain":0,"player_choice":"Fight","damage_taken":0,"max_hp_gain":0,"max_hp_loss":0,"event_name":"MindBloom","floor":39,"gold_loss":0}],"is_beta":false,"boss_relics":[{"not_picked":["Pandora\u0027s Box","Abe\u0027s Treasure"],"picked":"Replay:Grab Bag"},{"not_picked":["Sozu","Philosopher\u0027s Stone"],"picked":"Replay:Wanted Poster"},{"not_picked":["conspire:SlowCooker","Fusion Hammer"],"picked":"Runic Dome"},{"not_picked":["Kintsugi","Replay:Drink Me"],"picked":"Runic Pyramid"},{"not_picked":["Replay:Ancient Bell","Honey Jar"],"picked":"Astrolabe"}],"items_purged_floors":[5,36],"is_endless":false,"potions_floor_spawned":[10,14,16,18,21,22,30,33,38,39,42,48],"ascension_level":0}}