{"host":"farxtl2u8hmkbdo2","time":1612118939,"event":{"mods":["A Magickal Journey","BaseMod","Better Altar","Better Note","Better Sensory Stone","Better Skull","Better Third Choice","Challenge The Spire","Colored Map","Colored Powertips","Current Relic Mod","Energized Spire","Fox Events","Gremlin Mod","Hermit","Hubris","Mimic Mod","Minty Spire (QoL Compilation)","Quick Restart","READ ME - Guardian Mod","READ ME - Snecko Mod","Rare Cards Sparkle","StSLib","The Bladedancer","The Bug Knight","The Cursed","The Disciple","The Hierophant","The Marked","The Necromancer","The Runesmith","Transform Curses"],"gold_per_floor":[110,133,153,153,153,179,179,206,206,206,227,227,234,74,74,142,142,164,94,94,60,60,80,143,141,153,186,186,163,171,171],"floor_reached":30,"language":"SPA","playtime":6848,"items_purged":[],"score":409,"play_id":"c37e35b1-c11d-4bc6-aef8-8c1f11bc85c8","local_time":"20210131154859","is_ascension_mode":true,"campfire_choices":[{"data":"hubris:DuctTapeCard","floor":7,"key":"SMITH"},{"data":"hierophant:Kindle","floor":10,"key":"SMITH"},{"data":"hierophant:TollTheBells","floor":15,"key":"SMITH"}],"circlet_count":0,"master_deck":["hierophant:Strike_Hierophant+1","hierophant:Strike_Hierophant","hierophant:Strike_Hierophant","hierophant:Punish","hierophant:Defend_Hierophant","hierophant:Defend_Hierophant","hierophant:Defend_Hierophant","hierophant:Doubloon","hierophant:Smite","hierophant:Kindle+1","hierophant:Doubloon","hubris:DuctTapeCard+2","hierophant:TollTheBells+1","hierophant:SolarFlare","hierophant:DivineIntervention+1","hierophant:Smite","hierophant:Kindle","hierophant:DivineIntervention","hierophant:Bribe+1","hierophant:Mercenaries","hierophant:Prophecy","hierophant:Determination","hierophant:Repentance","hierophant:Doomsaying+1","hierophant:Doubloon","hierophant:Flagellation","hierophant:Doubloon","hierophant:Dazzle"],"relics":["hierophant:PropheticMaskRelic","MealTicket","hubris:DuctTape","Shuriken","Sundial","energizedSpire:EnergizedDie","MawBank","Pen Nib","hubris:Metronome","Calipers"],"acts_visited":["Exordium","TheCity"],"potions_floor_usage":[6,6,6,8,16,18,24,24,25],"damage_taken":[{"damage":1,"enemies":"Cultist","floor":1,"turns":4},{"damage":4,"enemies":"Jaw Worm","floor":2,"turns":5},{"damage":0,"enemies":"Small Slimes","floor":3,"turns":2},{"damage":1,"enemies":"Gremlin Nob","floor":6,"turns":3},{"damage":0,"enemies":"3 Louse","floor":8,"turns":1},{"damage":23,"enemies":"Lagavulin","floor":11,"turns":6},{"damage":0,"enemies":"Large Slime","floor":13,"turns":3},{"damage":13,"enemies":"The Guardian","floor":16,"turns":5},{"damage":0,"enemies":"Spheric Guardian","floor":18,"turns":2},{"damage":12,"enemies":"Shell Parasite","floor":19,"turns":3},{"damage":7,"enemies":"Shelled Parasite and Fungi","floor":21,"turns":2},{"damage":6,"enemies":"Chosen and Byrds","floor":23,"turns":2},{"damage":0,"enemies":"Book of Stabbing","floor":24,"turns":1},{"damage":19,"enemies":"Snecko","floor":25,"turns":4},{"damage":50,"enemies":"Slavers","floor":27,"turns":4},{"damage":0,"enemies":"Cultist and Chosen","floor":28,"turns":1},{"damage":0,"enemies":"Sentry and Sphere","floor":29,"turns":3},{"damage":21,"enemies":"Centurion and Healer","floor":30,"turns":2}],"seed_played":"-2463735809346029843","potions_obtained":[{"floor":1,"key":"EntropicBrew"},{"floor":3,"key":"DuplicationPotion"},{"floor":11,"key":"Fire Potion"},{"floor":13,"key":"Strength Potion"},{"floor":16,"key":"Explosive Potion"},{"floor":21,"key":"Strength Potion"},{"floor":23,"key":"Energy Potion"},{"floor":29,"key":"Dexterity Potion"}],"is_trial":false,"path_per_floor":["M","M","M","?","?","E","R","M","T","R","E","?","M","$","R","B",null,"M","M","?","M","?","M","E","M","T","E","M","M","M"],"character_chosen":"HIEROPHANT","items_purchased":["hierophant:Kindle"],"campfire_rested":0,"item_purchase_floors":[14],"current_hp_per_floor":[74,70,70,63,48,47,47,47,47,47,24,24,24,39,39,26,75,75,63,63,56,56,50,50,40,40,13,13,18,0,0],"gold":171,"neow_bonus":"RANDOM_COMMON_RELIC","is_daily":false,"chose_seed":false,"campfire_upgraded":3,"win_rate":0.0,"timestamp":1612118939,"path_taken":["M","M","?","?","?","E","R","M","T","R","E","?","M","$","R","BOSS","M","M","?","?","?","M","E","M","T","E","?","M","M"],"items_purchased_type":["Card"],"build_version":"2020-12-22","purchased_purges":0,"victory":false,"max_hp_per_floor":[75,75,75,75,75,75,75,75,75,75,75,75,75,75,75,75,75,75,75,75,75,75,75,75,75,75,75,75,75,75,75],"card_choices":[{"not_picked":["hierophant:Charity","hierophant:PassingBell"],"picked":"hierophant:Dazzle","floor":1},{"not_picked":["hierophant:MirrorShield","hierophant:RustyCrate"],"picked":"hierophant:Smite","floor":2},{"not_picked":["hierophant:Remorse","hierophant:HammerAndAnvil","hierophant:Purify"],"picked":"SKIP","floor":3},{"not_picked":["hierophant:Zeal","hierophant:Empathy"],"picked":"hierophant:Kindle","floor":6},{"not_picked":["hierophant:PassingBell","hierophant:Encroach"],"picked":"hierophant:TollTheBells","floor":8},{"not_picked":["hierophant:FieryStrike","hierophant:Glossolalia"],"picked":"hierophant:SolarFlare","floor":11},{"not_picked":["hierophant:HammerAndAnvil","hierophant:DisplayOfPower"],"picked":"hierophant:Smite","floor":13},{"not_picked":["hierophant:DeathKnell","hierophant:MintersHammer"],"picked":"hierophant:DivineIntervention","floor":16},{"not_picked":["hierophant:PassingBell","hierophant:Sermon"],"picked":"hierophant:Bribe+1","floor":18},{"not_picked":["hierophant:OrnateBuckler","hierophant:Encroach"],"picked":"hierophant:Mercenaries","floor":19},{"not_picked":["hierophant:Refuge","hierophant:RecallFunds+1"],"picked":"hierophant:Prophecy","floor":21},{"not_picked":["hierophant:AuricShield","hierophant:HolyVerse"],"picked":"hierophant:Determination","floor":23},{"not_picked":["hierophant:Empathy","hierophant:Encroach"],"picked":"hierophant:Repentance","floor":24},{"not_picked":["hierophant:Sermon","hierophant:RepressedViolence+1"],"picked":"hierophant:Doomsaying+1","floor":25},{"not_picked":["hierophant:FieryStrike","hierophant:Sermon"],"picked":"hierophant:Doubloon","floor":27},{"not_picked":["hierophant:SealAway","hierophant:Remorse"],"picked":"hierophant:Flagellation","floor":28},{"not_picked":["hierophant:Shelter","hierophant:FlamingChariot+1"],"picked":"hierophant:Dazzle","floor":29}],"player_experience":1990561,"relics_obtained":[{"floor":6,"key":"hubris:DuctTape"},{"floor":9,"key":"Shuriken"},{"floor":11,"key":"Sundial"},{"floor":24,"key":"Pen Nib"},{"floor":26,"key":"hubris:Metronome"},{"floor":27,"key":"Calipers"}],"event_choices":[{"cards_removed":["hierophant:Defend_Hierophant"],"damage_healed":0,"gold_gain":0,"player_choice":"Card Removal","damage_taken":7,"max_hp_gain":0,"max_hp_loss":0,"event_name":"Golden Wing","floor":4,"gold_loss":0},{"damage_healed":63,"gold_gain":0,"player_choice":"Upgrade","damage_taken":15,"max_hp_gain":0,"max_hp_loss":75,"event_name":"betterThird:BetterShining","floor":5,"gold_loss":0,"cards_upgraded":["hierophant:Strike_Hierophant","hierophant:ChurchCoffers"]},{"damage_healed":0,"gold_gain":1,"player_choice":"4","damage_taken":0,"max_hp_gain":0,"max_hp_loss":0,"event_name":"betterStone:BetterStone","floor":12,"gold_loss":0,"cards_obtained":["hierophant:DivineIntervention"]},{"cards_removed":["hierophant:Strike_Hierophant"],"damage_healed":0,"gold_gain":0,"player_choice":"Purged","damage_taken":0,"max_hp_gain":0,"max_hp_loss":0,"event_name":"Purifier","floor":20,"gold_loss":0},{"damage_healed":0,"gold_gain":0,"player_choice":"Gave Potion","damage_taken":0,"relics_obtained":["MawBank"],"max_hp_gain":0,"max_hp_loss":0,"event_name":"WeMeetAgain","floor":22,"gold_loss":0}],"is_beta":false,"boss_relics":[{"not_picked":["energizedSpire:SpiderWeb","Tiny House"],"picked":"energizedSpire:EnergizedDie"}],"items_purged_floors":[],"is_endless":false,"potions_floor_spawned":[1,3,11,13,16,21,23,24,29],"killed_by":"Centurion and Healer","ascension_level":3}}