{"host":"5cnm2qapaqj5mmu7","time":1612108299,"event":{"mods":["BaseMod","Bestiary","Colored Map","Filter the Spire","Minty Spire (QoL Compilation)","StSLib"],"gold_per_floor":[117,129,129,140,140,172,172,182,182,182,257,257,257,276,276,371,371,371,45,45,15,15,15,15,15,15,15,15,15,15,15,15,15,15,15,15,15,15,15,15,15,15],"floor_reached":41,"language":"ENG","playtime":1437,"items_purged":["Defend_P"],"score":519,"play_id":"a6a5cc93-8372-4c4c-ab30-bc5d1ca912a0","local_time":"20210131165139","is_ascension_mode":true,"campfire_choices":[{"floor":7.0,"key":"REST"},{"data":"FlyingSleeves","floor":10.0,"key":"SMITH"},{"floor":13.0,"key":"RECALL"},{"floor":15.0,"key":"REST"},{"floor":23,"key":"REST"},{"data":"SashWhip","floor":29,"key":"SMITH"},{"floor":32,"key":"REST"},{"data":"TalkToTheHand","floor":40,"key":"SMITH"}],"circlet_count":0,"master_deck":["Strike_P+1","Strike_P","Strike_P","Strike_P","Defend_P","Defend_P","Defend_P","Eruption+1","Vigilance","CurseOfTheBell","FlurryOfBlows","EmptyMind","Consecrate+1","Protect","FlyingSleeves+1","FollowUp","Vault+1","Master of Strategy","Swivel","BowlingBash","Tantrum","Protect","SashWhip+1","Halt","Conclude","Wish","FlyingSleeves+1","TalkToTheHand+1","Trip"],"relics":["Calling Bell","Boot","InkBottle","Du-Vu Doll","Omamori","Shuriken","Bottled Flame","Ectoplasm","Ice Cream","VioletLotus"],"acts_visited":["Exordium","TheCity","TheBeyond"],"potions_floor_usage":[33,33,33,39],"damage_taken":[{"damage":5.0,"enemies":"Cultist","floor":1.0,"turns":4.0},{"damage":2.0,"enemies":"2 Louse","floor":2.0,"turns":2.0},{"damage":0.0,"enemies":"Jaw Worm","floor":4.0,"turns":1.0},{"damage":32.0,"enemies":"Lagavulin","floor":6.0,"turns":8.0},{"damage":8.0,"enemies":"Blue Slaver","floor":8.0,"turns":3.0},{"damage":9.0,"enemies":"Exordium Thugs","floor":14.0,"turns":2.0},{"damage":28,"enemies":"Hexaghost","floor":16,"turns":8},{"damage":7,"enemies":"Chosen","floor":18,"turns":3},{"damage":12,"enemies":"2 Thieves","floor":21,"turns":3},{"damage":15,"enemies":"Snake Plant","floor":22,"turns":3},{"damage":7,"enemies":"3 Cultists","floor":24,"turns":3},{"damage":13,"enemies":"Centurion and Healer","floor":27,"turns":3},{"damage":1,"enemies":"Shelled Parasite and Fungi","floor":28,"turns":2},{"damage":22,"enemies":"Slavers","floor":30,"turns":5},{"damage":0,"enemies":"Snake Plant","floor":31,"turns":2},{"damage":1,"enemies":"Champ","floor":33,"turns":5},{"damage":19,"enemies":"3 Darklings","floor":35,"turns":4},{"damage":12,"enemies":"3 Shapes","floor":36,"turns":1},{"damage":2,"enemies":"Maw","floor":39,"turns":6},{"damage":107,"enemies":"Writhing Mass","floor":41,"turns":2}],"seed_played":"7731045356172551299","potions_obtained":[{"floor":2.0,"key":"BottledMiracle"},{"floor":4.0,"key":"Fruit Juice"},{"floor":6.0,"key":"FearPotion"},{"floor":8.0,"key":"Regen Potion"},{"floor":27,"key":"Block Potion"},{"floor":33,"key":"Block Potion"},{"floor":35,"key":"FearPotion"}],"is_trial":false,"path_per_floor":["M","M","?","M","?","E","R","M","T","R","?","T","R","M","R","B",null,"M","$","?","M","M","R","M","$","T","M","M","R","E","M","R","B",null,"M","M","?","?","M","R","M"],"character_chosen":"WATCHER","items_purchased":["Master of Strategy","Swivel","BowlingBash"],"campfire_rested":4,"item_purchase_floors":[19,19,19],"current_hp_per_floor":[67,65,51,51,51,19,40,37,37,37,26,26,26,17,40,12,61,54,54,54,42,27,50,43,43,43,30,29,29,7,7,30,29,65,46,34,67,67,65,65,0,0],"gold":15,"neow_bonus":"BOSS_RELIC","is_daily":false,"chose_seed":false,"campfire_upgraded":3,"win_rate":0.0,"timestamp":1612108299,"path_taken":["M","M","?","M","?","E","R","?","T","R","?","?","R","M","R","BOSS","M","$","?","M","M","R","M","?","T","?","M","R","E","M","R","BOSS","M","M","?","?","M","R","M"],"items_purchased_type":["Card","Card","Card"],"build_version":"2020-12-22","purchased_purges":1,"victory":false,"max_hp_per_floor":[72,72,72,72,72,72,72,77,77,77,77,77,77,77,77,77,77,77,77,77,77,77,77,77,77,77,77,77,77,77,77,77,77,77,77,77,67,67,67,67,67,67],"card_choices":[{"not_picked":["JustLucky","EmptyBody"],"picked":"FlurryOfBlows","floor":1.0},{"not_picked":["PathToVictory","Prostrate"],"picked":"EmptyMind","floor":2.0},{"not_picked":["ThirdEye","Adaptation"],"picked":"Consecrate","floor":4.0},{"not_picked":["Worship","Crescendo"],"picked":"Protect","floor":6.0},{"not_picked":["CrushJoints","FlurryOfBlows"],"picked":"FlyingSleeves","floor":8.0},{"not_picked":["Halt","EmptyFist"],"picked":"FollowUp","floor":14.0},{"not_picked":["Establishment","Scrawl"],"picked":"Vault","floor":16},{"not_picked":["Perseverance+1","FlyingSleeves+1","Prostrate"],"picked":"SKIP","floor":18},{"not_picked":["FollowUp+1","Crescendo+1"],"picked":"Tantrum","floor":21},{"not_picked":["JustLucky","Consecrate","EmptyBody"],"picked":"SKIP","floor":22},{"not_picked":["Evaluate","MentalFortress"],"picked":"Protect","floor":24},{"not_picked":["CutThroughFate","CarveReality","FollowUp"],"picked":"SKIP","floor":27},{"not_picked":["DeusExMachina","Protect"],"picked":"SashWhip","floor":28},{"not_picked":["Crescendo+1","Collect"],"picked":"Halt","floor":30},{"not_picked":["Protect","ClearTheMind"],"picked":"Conclude","floor":31},{"not_picked":["Alpha","MasterReality"],"picked":"Wish","floor":33},{"not_picked":["Perseverance+1","Nirvana+1"],"picked":"FlyingSleeves+1","floor":35},{"not_picked":["Study+1","ClearTheMind+1"],"picked":"TalkToTheHand","floor":36},{"not_picked":["Chrysalis","Purity"],"picked":"Trip","floor":38},{"not_picked":["BowlingBash+1","EmptyBody+1","Halt"],"picked":"SKIP","floor":39}],"player_experience":586551,"relics_obtained":[{"floor":0.0,"key":"Boot"},{"floor":0.0,"key":"InkBottle"},{"floor":0.0,"key":"Du-Vu Doll"},{"floor":6.0,"key":"Omamori"},{"floor":9.0,"key":"Shuriken"},{"floor":12.0,"key":"Bottled Flame"},{"floor":30,"key":"Ice Cream"}],"event_choices":[{"damage_healed":0.0,"max_hp_gain":0.0,"max_hp_loss":0.0,"gold_gain":0.0,"event_name":"Shining Light","player_choice":"Entered Light","floor":3.0,"gold_loss":0.0,"damage_taken":14.0,"cards_upgraded":["Eruption","Strike_P"]},{"damage_healed":0.0,"max_hp_gain":0.0,"max_hp_loss":0.0,"gold_gain":0.0,"event_name":"Living Wall","player_choice":"Grow","floor":5.0,"gold_loss":0.0,"damage_taken":0.0,"cards_upgraded":["Consecrate"]},{"damage_healed":0.0,"max_hp_gain":0.0,"max_hp_loss":0.0,"gold_gain":75.0,"event_name":"World of Goop","player_choice":"Gather Gold","floor":11.0,"gold_loss":0.0,"damage_taken":11.0},{"damage_healed":0,"gold_gain":0,"player_choice":"Forge","damage_taken":0,"max_hp_gain":0,"max_hp_loss":0,"event_name":"Accursed Blacksmith","floor":20,"gold_loss":0,"cards_upgraded":["Vault"]},{"damage_healed":67,"gold_gain":0,"player_choice":"Heal","damage_taken":0,"max_hp_gain":0,"max_hp_loss":10,"event_name":"The Moai Head","floor":37,"gold_loss":0},{"damage_healed":0,"gold_gain":0,"player_choice":"Memory 1","damage_taken":0,"max_hp_gain":0,"max_hp_loss":0,"event_name":"SensoryStone","floor":38,"gold_loss":0}],"is_beta":false,"boss_relics":[{"not_picked":["Philosopher\u0027s Stone","Coffee Dripper"],"picked":"Ectoplasm"},{"not_picked":["SlaversCollar","Snecko Eye"],"picked":"VioletLotus"}],"items_purged_floors":[19],"is_endless":false,"potions_floor_spawned":[2,4,6,8,27,28,31,33,35],"killed_by":"Writhing Mass","ascension_level":5}}