{"host":"9n6i2vl93jt4o42q","time":1612121585,"event":{"mods":["BaseMod","Minty Spire (QoL Compilation)","Relic Stats"],"gold_per_floor":[111,261,261,279,29,29,48,48,75,108,121,121,121,138,138,210,210,230,230,35,35,48,48,66,66,66,86,98,98,123,141,141,218,218,231,285,310,310,310,310,322,38,116,146,146,171,56,76,76,76,76],"floor_reached":50,"language":"ENG","playtime":3208,"items_purged":["Parasite"],"score":1036,"play_id":"bdf91a2c-a332-4434-9914-84c512f7ddc4","local_time":"20210131203305","is_ascension_mode":true,"campfire_choices":[{"data":"Eviscerate","floor":6.0,"key":"SMITH"},{"data":"Neutralize","floor":8.0,"key":"SMITH"},{"floor":12.0,"key":"REST"},{"data":"Crippling Poison","floor":15,"key":"SMITH"},{"data":"Deadly Poison","floor":23,"key":"SMITH"},{"floor":25,"key":"REST"},{"floor":32,"key":"REST"},{"floor":40,"key":"RECALL"},{"floor":45,"key":"REST"},{"floor":49,"key":"REST"}],"circlet_count":0,"master_deck":["AscendersBane","Strike_G+1","Strike_G+1","Strike_G+1","Strike_G+1","Defend_G+1","Defend_G+1","Defend_G+1","Defend_G+1","Defend_G+1","Survivor","Neutralize+1","Master of Strategy","Eviscerate+1","Dagger Throw","Leg Sweep","Slice","Poisoned Stab","Flying Knee","Crippling Poison+1","After Image","Deadly Poison+1","PiercingWail","Neutralize","PiercingWail","Prepared","Deadly Poison+1","Wraith Form v2","Backflip","Panache","Deep Breath","Expertise"],"relics":["Ring of the Snake","Anchor","Pen Nib","Akabeko","Busted Crown","TwistedFunnel","Art of War","Blood Vial","Cursed Key","WingedGreaves","Incense Burner","Paper Crane","Snake Skull","Potion Belt"],"acts_visited":["Exordium","TheCity","TheBeyond"],"potions_floor_usage":[16,16,31,33,36],"damage_taken":[{"damage":1.0,"enemies":"Small Slimes","floor":1.0,"turns":3.0},{"damage":6.0,"enemies":"Jaw Worm","floor":4.0,"turns":6.0},{"damage":0.0,"enemies":"Cultist","floor":7.0,"turns":2.0},{"damage":8.0,"enemies":"3 Sentries","floor":10.0,"turns":9.0},{"damage":6.0,"enemies":"3 Louse","floor":11.0,"turns":3.0},{"damage":0,"enemies":"Lots of Slimes","floor":14,"turns":4},{"damage":41,"enemies":"Hexaghost","floor":16,"turns":10},{"damage":16,"enemies":"Shell Parasite","floor":18,"turns":4},{"damage":0,"enemies":"Spheric Guardian","floor":22,"turns":3},{"damage":2,"enemies":"Centurion and Healer","floor":24,"turns":6},{"damage":3,"enemies":"Snake Plant","floor":27,"turns":3},{"damage":0,"enemies":"3 Cultists","floor":28,"turns":3},{"damage":8,"enemies":"Book of Stabbing","floor":30,"turns":5},{"damage":6,"enemies":"Cultist and Chosen","floor":31,"turns":5},{"damage":65,"enemies":"Automaton","floor":33,"turns":11},{"damage":1,"enemies":"Orb Walker","floor":35,"turns":2},{"damage":40,"enemies":"2 Orb Walkers","floor":36,"turns":7},{"damage":0,"enemies":"Mind Bloom Boss Battle","floor":37,"turns":6},{"damage":2,"enemies":"3 Shapes","floor":41,"turns":6},{"damage":59,"enemies":"Giant Head","floor":44,"turns":10},{"damage":4,"enemies":"Reptomancer","floor":46,"turns":6},{"damage":8,"enemies":"Transient","floor":48,"turns":6},{"damage":48,"enemies":"Awakened One","floor":50,"turns":6}],"seed_played":"5217691888297252107","potions_obtained":[{"floor":1.0,"key":"EntropicBrew"},{"floor":10.0,"key":"Fruit Juice"},{"floor":16,"key":"Fire Potion"},{"floor":22,"key":"DuplicationPotion"},{"floor":30,"key":"SkillPotion"},{"floor":31,"key":"Swift Potion"},{"floor":33,"key":"FairyPotion"},{"floor":41,"key":"FearPotion"},{"floor":46,"key":"SpeedPotion"},{"floor":48,"key":"Poison Potion"}],"is_trial":false,"path_per_floor":["M","?","?","M","$","R","M","R","T","E","M","R","?","M","R","B",null,"M","?","$","?","M","R","M","R","T","M","M","?","E","M","R","B",null,"M","?","?","?","?","R","M","$","T","E","R","E","$","M","R","B"],"character_chosen":"THE_SILENT","items_purchased":["Anchor","Leg Sweep","TwistedFunnel","PiercingWail","Paper Crane","Expertise"],"campfire_rested":5,"item_purchase_floors":[5,5,20,20,42,47],"current_hp_per_floor":[43,43,43,37,37,37,37,37,37,29,23,42,42,42,42,6,55,39,39,39,39,39,39,37,58,58,55,55,55,47,43,64,1,54,55,17,19,58,48,48,48,48,48,17,34,32,32,26,42,0,0],"gold":76,"neow_bonus":"RANDOM_COLORLESS_2","is_daily":false,"chose_seed":false,"campfire_upgraded":4,"win_rate":0.0,"timestamp":1612121585,"path_taken":["M","?","?","M","$","R","M","R","T","E","M","R","?","M","R","BOSS","M","?","?","?","M","R","M","R","T","?","?","?","E","M","R","BOSS","M","?","?","?","?","R","M","$","T","E","R","E","$","M","R","BOSS"],"items_purchased_type":["Relic","Card","Relic","Card","Relic","Card"],"build_version":"2020-12-22","purchased_purges":1,"victory":false,"max_hp_per_floor":[66,66,66,66,66,66,66,66,66,66,66,66,66,66,66,71,71,71,71,71,71,71,71,71,71,71,71,71,71,71,71,71,71,71,71,71,71,58,58,58,58,58,58,58,58,58,55,55,55,55,55],"relic_stats":{"Blood Vial":20,"Busted Crown":36,"counters":[23,126],"Pen Nib":[23],"Snake Skull":[21],"Art of War":[9],"Cursed Key":1,"obtain_stats":[{"TwistedFunnel":20,"Potion Belt":46,"Pen Nib":9,"Snake Skull":44,"Incense Burner":37,"Paper Crane":42,"Cursed Key":34,"Akabeko":10,"Blood Vial":30,"Anchor":5,"Busted Crown":17,"WingedGreaves":36,"Art of War":26,"Ring of the Snake":0},{"TwistedFunnel":8,"Potion Belt":21,"Pen Nib":3,"Snake Skull":20,"Incense Burner":18,"Paper Crane":19,"Cursed Key":15,"Akabeko":4,"Blood Vial":13,"Anchor":2,"Busted Crown":7,"WingedGreaves":17,"Art of War":10,"Ring of the Snake":0},{"TwistedFunnel":41,"Potion Belt":114,"Pen Nib":11,"Snake Skull":108,"Incense Burner":92,"Paper Crane":98,"Cursed Key":77,"Akabeko":20,"Blood Vial":61,"Anchor":9,"Busted Crown":37,"WingedGreaves":86,"Art of War":50,"Ring of the Snake":0}],"Ring of the Snake":[46]},"card_choices":[{"not_picked":["Violence","Secret Technique"],"picked":"Master of Strategy","floor":0.0},{"not_picked":["Escape Plan","Tactician"],"picked":"Eviscerate","floor":1.0},{"not_picked":["Crippling Poison","Outmaneuver"],"picked":"Dagger Throw","floor":4.0},{"not_picked":["Poisoned Stab","Deadly Poison"],"picked":"Slice","floor":7.0},{"not_picked":["Quick Slash","Cloak And Dagger"],"picked":"Poisoned Stab","floor":10.0},{"not_picked":["Acrobatics","Masterful Stab"],"picked":"Flying Knee","floor":11.0},{"not_picked":["Dagger Throw","Deflect"],"picked":"Crippling Poison","floor":14},{"not_picked":["A Thousand Cuts","Malaise"],"picked":"After Image","floor":16},{"not_picked":[],"picked":"Deadly Poison","floor":18},{"not_picked":["Distraction"],"picked":"SKIP","floor":22},{"not_picked":["PiercingWail"],"picked":"SKIP","floor":24},{"not_picked":[],"picked":"Prepared","floor":27},{"not_picked":["Outmaneuver"],"picked":"SKIP","floor":28},{"not_picked":["Outmaneuver"],"picked":"SKIP","floor":28},{"not_picked":[],"picked":"Deadly Poison+1","floor":30},{"not_picked":["Concentrate"],"picked":"SKIP","floor":31},{"not_picked":[],"picked":"Wraith Form v2","floor":33},{"not_picked":[],"picked":"Backflip","floor":35},{"not_picked":[],"picked":"Panache","floor":39},{"not_picked":[],"picked":"Deep Breath","floor":39},{"not_picked":["Accuracy"],"picked":"SKIP","floor":41},{"not_picked":["Accuracy+1"],"picked":"SKIP","floor":44},{"not_picked":["Slice+1"],"picked":"SKIP","floor":46},{"not_picked":["Underhanded Strike"],"picked":"SKIP","floor":48}],"player_experience":2364397,"relics_obtained":[{"floor":9.0,"key":"Pen Nib"},{"floor":10.0,"key":"Akabeko"},{"floor":26,"key":"Art of War"},{"floor":30,"key":"Blood Vial"},{"floor":36,"key":"WingedGreaves"},{"floor":37,"key":"Incense Burner"},{"floor":44,"key":"Snake Skull"},{"floor":46,"key":"Potion Belt"}],"event_choices":[{"damage_healed":0.0,"max_hp_gain":0.0,"max_hp_loss":0.0,"gold_gain":150.0,"event_name":"Liars Game","player_choice":"AGREE","floor":2.0,"gold_loss":0.0,"damage_taken":0.0,"cards_obtained":["Doubt"]},{"cards_removed":["Doubt"],"damage_healed":0.0,"max_hp_gain":0.0,"max_hp_loss":0.0,"gold_gain":0.0,"event_name":"Living Wall","player_choice":"Forget","floor":3.0,"gold_loss":0.0,"damage_taken":0.0},{"damage_healed":0,"gold_gain":0,"player_choice":"Fled","damage_taken":0,"max_hp_gain":0,"max_hp_loss":0,"event_name":"Scrap Ooze","floor":13,"gold_loss":0},{"cards_removed":["Strike_G"],"damage_healed":0,"gold_gain":0,"player_choice":"Purged","damage_taken":0,"max_hp_gain":0,"max_hp_loss":0,"event_name":"Purifier","floor":19,"gold_loss":0},{"damage_healed":0,"gold_gain":0,"player_choice":"2 cards matched","damage_taken":0,"max_hp_gain":0,"max_hp_loss":0,"event_name":"Match and Keep!","floor":21,"gold_loss":0,"cards_obtained":["Neutralize","PiercingWail"]},{"damage_healed":0,"gold_gain":0,"player_choice":"Simplicity","damage_taken":0,"max_hp_gain":0,"max_hp_loss":0,"event_name":"Back to Basics","floor":29,"gold_loss":0,"cards_upgraded":["Strike_G","Strike_G","Strike_G","Strike_G","Defend_G","Defend_G","Defend_G","Defend_G","Defend_G"]},{"damage_healed":0,"gold_gain":0,"player_choice":"Fight","damage_taken":0,"max_hp_gain":0,"max_hp_loss":0,"event_name":"Mysterious Sphere","floor":36,"gold_loss":0},{"damage_healed":0,"gold_gain":0,"player_choice":"Fight","damage_taken":0,"max_hp_gain":0,"max_hp_loss":0,"event_name":"MindBloom","floor":37,"gold_loss":0},{"damage_healed":58,"gold_gain":0,"player_choice":"Heal","damage_taken":0,"max_hp_gain":0,"max_hp_loss":13,"event_name":"The Moai Head","floor":38,"gold_loss":0},{"damage_healed":0,"gold_gain":0,"player_choice":"Memory 3","damage_taken":10,"max_hp_gain":0,"max_hp_loss":0,"event_name":"SensoryStone","floor":39,"gold_loss":0}],"is_beta":false,"boss_relics":[{"not_picked":["Sozu","Velvet Choker"],"picked":"Busted Crown"},{"not_picked":["Coffee Dripper","Tiny House"],"picked":"Cursed Key"}],"items_purged_floors":[47],"is_endless":false,"potions_floor_spawned":[1,10,16,22,28,30,31,33,35,41,46,48],"killed_by":"Awakened One","ascension_level":20}}