{"host":"vb6wt0mawj2xz8v4","time":1612117641,"event":{"mods":["AchievementEnabler","Aspiration","BaseMod","Conspire","Hermit","Highlight Path","Hubris","Jorbs\u0027s Wanderer Trilogy","Minty Spire (QoL Compilation)","Quick Restart","Replay The Spire","Shop Mod","StSLib","SuperFastMode","The Cursed","The Disciple","The Hierophant","The Jungle","The Runesmith"],"gold_per_floor":[119,133,222,233,243,272,272,272,298,311,311,311,311,344,344,445,445,465,465,465,481,481,481,481,481],"floor_reached":24,"language":"ENG","playtime":1094,"items_purged":[],"score":229,"play_id":"35eb0018-009f-4daa-bf4d-0cbce3b7e81a","local_time":"20210131132721","is_ascension_mode":false,"campfire_choices":[{"data":"Runesmith:Firestorm","floor":7,"key":"SMITH"},{"data":"ReplayTheSpireMod:Armaments MK-II-B","floor":11,"key":"SMITH"},{"data":"Runesmith:HammerThrow","floor":13,"key":"SMITH"},{"data":"Runesmith:UnlimitedPower","floor":23,"key":"SMITH"}],"circlet_count":0,"master_deck":["Runesmith:Strike_RS","Runesmith:Strike_RS","Runesmith:Strike_RS","Runesmith:Strike_RS","Runesmith:Defend_RS","Runesmith:Defend_RS","Runesmith:Defend_RS","Runesmith:Defend_RS","Runesmith:Fortify","Runesmith:UnstableHammer","Runesmith:Firestorm+1","Runesmith:HammerThrow+1","Runesmith:CraftObretio+1","Runesmith:EnergizedChisel","Runesmith:Accelerate","Runesmith:Firewall","ReplayTheSpireMod:Armaments MK-II-B+1","Pot Of Greed","Pot Of Greed","Runesmith:GoWithTheFlow","Runesmith:HeatedChisel","Runesmith:UnlimitedPower+1","Runesmith:CraftProtectio+1","Normality","Runesmith:StaticCage+1"],"relics":["NeowsBlessing","aspiration:ChemicalBlood","Blue Candle","m_RuneBlood","Grinning Jar","ReplayTheSpireMod:TigerMarble","aspiration:PoetsPen_weak","theJungle:BirthdayCakeSlice","Ring of Hypnosis","Ring of Fangs"],"acts_visited":["Exordium","Exordium"],"potions_floor_usage":[6,6,6,16,18],"damage_taken":[{"damage":0,"enemies":"2 Louse","floor":1,"turns":2},{"damage":0,"enemies":"Cultist","floor":2,"turns":1},{"damage":0,"enemies":"Jaw Worm","floor":4,"turns":1},{"damage":11,"enemies":"Large Slime","floor":5,"turns":5},{"damage":5,"enemies":"3 Sentries","floor":6,"turns":7},{"damage":17,"enemies":"3 Louse","floor":10,"turns":5},{"damage":0,"enemies":"Lagavulin","floor":14,"turns":7},{"damage":6,"enemies":"The Guardian","floor":16,"turns":9},{"damage":4,"enemies":"Shell Parasite","floor":18,"turns":7},{"damage":5,"enemies":"theJungle:5_Spyders","floor":21,"turns":17},{"damage":25,"enemies":"theJungle:JungleHuntersEncounter","floor":24,"turns":6}],"seed_played":"-2569767956381565026","potions_obtained":[{"floor":1,"key":"EssenceOfSteel"},{"floor":4,"key":"Energy Potion"},{"floor":5,"key":"PowerPotion"},{"floor":10,"key":"Energy Potion"}],"is_trial":false,"path_per_floor":["M","M","?","M","M","E","R","?","T","M","R","?","R","E","R","B",null,"M","?","?","M","?","R","M"],"character_chosen":"RUNESMITH_CLASS","items_purchased":[],"campfire_rested":0,"item_purchase_floors":[],"current_hp_per_floor":[70,70,53,53,42,37,37,37,37,23,23,46,46,49,70,67,70,69,74,74,72,72,72,47,47],"gold":481,"neow_bonus":"THREE_ENEMY_KILL","is_daily":false,"chose_seed":false,"campfire_upgraded":4,"win_rate":0.0,"timestamp":1612117641,"path_taken":["M","M","?","?","M","E","R","?","T","M","R","?","R","E","R","BOSS","M","?","?","M","?","R","M"],"items_purchased_type":[],"build_version":"2020-12-22","purchased_purges":0,"victory":false,"max_hp_per_floor":[70,70,70,70,70,70,70,70,70,70,70,70,70,70,70,70,70,70,75,75,75,75,75,75,75],"card_choices":[{"not_picked":["Runesmith:Attraction","Runesmith:Grindstone"],"picked":"Runesmith:UnstableHammer","floor":1},{"not_picked":["Runesmith:MakeshiftArmor","Runesmith:Grindstone"],"picked":"Runesmith:Firestorm","floor":2},{"not_picked":["Runesmith:Malloc","Runesmith:RuneHurl"],"picked":"Runesmith:HammerThrow","floor":3},{"not_picked":["Runesmith:StaticCage","Runesmith:Repurpose"],"picked":"Runesmith:CraftObretio","floor":3},{"not_picked":["Runesmith:ChiselStab","Runesmith:ShiftingStrike"],"picked":"Runesmith:EnergizedChisel","floor":4},{"not_picked":["Runesmith:Repurpose","Runesmith:StaticCage"],"picked":"Runesmith:Accelerate","floor":5},{"not_picked":["Runesmith:ShiftingStrike","Runesmith:ReplicatingBarrier"],"picked":"Runesmith:Firewall","floor":6},{"not_picked":["Runesmith:CraftFirestone","Runesmith:ChiselStab"],"picked":"Runesmith:GoWithTheFlow","floor":10},{"not_picked":["Runesmith:Grindstone","Runesmith:Superposition"],"picked":"Runesmith:HeatedChisel","floor":14},{"not_picked":["Runesmith:FissionHammer","Runesmith:GenerateForcefield"],"picked":"Runesmith:UnlimitedPower","floor":16},{"not_picked":["Runesmith:CraftSpiculum","Runesmith:Refine+1"],"picked":"Runesmith:CraftProtectio+1","floor":18},{"not_picked":["Runesmith:PoweredAnvil","Runesmith:Firewall"],"picked":"Runesmith:StaticCage+1","floor":21}],"player_experience":453053,"relics_obtained":[{"floor":3,"key":"aspiration:ChemicalBlood"},{"floor":6,"key":"Blue Candle"},{"floor":9,"key":"Grinning Jar"},{"floor":14,"key":"ReplayTheSpireMod:TigerMarble"},{"floor":20,"key":"Ring of Hypnosis"},{"floor":20,"key":"Ring of Fangs"}],"event_choices":[{"damage_healed":23,"gold_gain":0,"player_choice":"Banana","damage_taken":0,"max_hp_gain":0,"max_hp_loss":0,"event_name":"Big Fish","floor":12,"gold_loss":0}],"is_beta":false,"boss_relics":[{"not_picked":["Runesmith:PocketReactor","conspire:RunicOctahedron"],"picked":"aspiration:PoetsPen_weak"}],"items_purged_floors":[],"is_endless":false,"potions_floor_spawned":[1,4,5,10],"killed_by":"theJungle:JungleHuntersEncounter","ascension_level":0}}