{"host":"3498uni0c31c9bdm","time":1612128246,"event":{"mods":["BaseMod","Better Third Choice","Minty Spire (QoL Compilation)","Replay The Spire","StSLib"],"gold_per_floor":[118,118,118,118,136,136,136,161,161,197,472,512,531,546,546,665,665,684,684,609,169,169,178,178,201,224,224,237,269,269,269,269,398,398,421,430,459,419,419,419,419,419,444,477,477,477],"floor_reached":45,"language":"ENG","playtime":1732,"items_purged":["Regret"],"score":734,"play_id":"c53474e0-d00a-4480-a610-c247d386464b","local_time":"20210201082406","is_ascension_mode":true,"campfire_choices":[{"floor":6,"key":"RECALL"},{"floor":24,"key":"REST"},{"floor":30,"key":"REST"},{"floor":32,"key":"REST"},{"floor":40,"key":"REST"},{"floor":42,"key":"REST"}],"circlet_count":0,"master_deck":["AscendersBane","Strike_P+1","Strike_P+1","Strike_P+1","Defend_P+1","Defend_P+1","Defend_P+1","Eruption","Vigilance","SashWhip","ForeignInfluence+1","Steam","Injury","ThirdEye","CrushJoints","Replay:DivineShield+1","Perseverance+1","FlurryOfBlows","Prostrate+1","Devotion+1","Study","Wireheading","Shame","Evaluate","CommonCold","DevaForm","Alpha+1","Replay:Vibes","Bandage Up","PathToVictory","ReachHeaven"],"relics":["HolyWater","NeowsBlessing","Juzu Bracelet","Golden Idol","InkBottle","ReplayTheSpireMod:TigerMarble","Potion Belt","SacredBark","Spirit Poop","Onion Ring","Guide Book","CeramicFish","ReplayTheSpireMod:CursedCoin","Replay:Baseball","Replay:Bottled Eggs","PreservedInsect"],"acts_visited":["Exordium","TheCity","TheBeyond"],"potions_floor_usage":[12,29,33,44,45],"damage_taken":[{"damage":0,"enemies":"Small Slimes","floor":1,"turns":2},{"damage":0,"enemies":"Jaw Worm","floor":5,"turns":1},{"damage":0,"enemies":"Cultist","floor":8,"turns":1},{"damage":0,"enemies":"Gremlin Nob","floor":10,"turns":1},{"damage":33,"enemies":"3 Sentries","floor":12,"turns":10},{"damage":1,"enemies":"Lots of Slimes","floor":13,"turns":2},{"damage":5,"enemies":"Red Slaver","floor":14,"turns":4},{"damage":30,"enemies":"Slime Boss","floor":16,"turns":8},{"damage":23,"enemies":"Shell Parasite","floor":18,"turns":8},{"damage":6,"enemies":"Spheric Guardian","floor":25,"turns":6},{"damage":22,"enemies":"Snake Plant","floor":29,"turns":6},{"damage":61,"enemies":"Automaton","floor":33,"turns":13},{"damage":3,"enemies":"3 Shapes","floor":35,"turns":6},{"damage":36,"enemies":"3 Darklings","floor":37,"turns":6},{"damage":45,"enemies":"Jaw Worm Horde","floor":44,"turns":5},{"damage":57,"enemies":"Reptomancer","floor":45,"turns":5}],"seed_played":"-5101611559377499125","potions_obtained":[{"floor":8,"key":"SpeedPotion"},{"floor":10,"key":"Fire Potion"},{"floor":16,"key":"Adrenaline Potion"},{"floor":25,"key":"EssenceOfSteel"},{"floor":33,"key":"Weak Potion"},{"floor":37,"key":"Regen Potion"}],"is_trial":false,"path_per_floor":["M","?","?","?","M","R","?","M","T","E","?","E","M","M","R","B",null,"M","?","$","$","?","?","R","M","T","?","$","M","R","?","R","B",null,"M","?","M","?","?","R","T","R","T","M","E"],"character_chosen":"WATCHER","items_purchased":["Onion Ring","Guide Book","Wireheading","ReplayTheSpireMod:CursedCoin","Replay:Baseball"],"campfire_rested":5,"item_purchase_floors":[21,21,21,28,28],"current_hp_per_floor":[65,65,65,65,65,65,65,65,65,65,65,32,31,26,47,17,58,35,35,35,35,35,35,56,50,50,50,50,28,49,49,70,9,56,53,53,21,21,21,42,42,63,63,49,0,0],"gold":477,"neow_bonus":"THREE_ENEMY_KILL","is_daily":false,"chose_seed":false,"campfire_upgraded":0,"win_rate":0.0,"timestamp":1612128246,"path_taken":["M","?","?","?","M","R","?","M","T","E","?","E","M","M","R","BOSS","M","?","?","$","?","?","R","M","T","?","$","M","R","?","R","BOSS","M","?","M","?","?","R","?","R","T","M","E"],"items_purchased_type":["Relic","Relic","Card","Relic","Relic"],"build_version":"2020-12-22","purchased_purges":1,"victory":false,"max_hp_per_floor":[72,72,72,72,72,72,72,72,72,72,72,72,72,72,72,72,72,72,72,72,72,72,72,72,72,72,72,72,72,72,72,72,72,72,72,72,72,72,72,72,72,72,72,72,72,72],"card_choices":[{"not_picked":["Meditate","Evaluate"],"picked":"SashWhip","floor":1},{"not_picked":["Replay:ManipulateFuture","Meditate"],"picked":"ThirdEye","floor":5},{"not_picked":["Replay:ManipulateFuture","JustLucky"],"picked":"CrushJoints","floor":8},{"not_picked":["JustLucky","SignatureMove"],"picked":"Replay:DivineShield","floor":10},{"not_picked":["Fasting2","Replay:AtTheReady"],"picked":"Perseverance","floor":12},{"not_picked":["Replay:BluntJabs","EmptyFist"],"picked":"FlurryOfBlows","floor":13},{"not_picked":["Vault","Protect"],"picked":"Prostrate","floor":14},{"not_picked":["Brilliance","Omniscience"],"picked":"Devotion","floor":16},{"not_picked":["Nirvana","Halt+1"],"picked":"Study","floor":18},{"not_picked":["Protect","FlurryOfBlows"],"picked":"Evaluate","floor":25},{"not_picked":["Swivel","DeceiveReality"],"picked":"DevaForm","floor":29},{"not_picked":["Omniscience","Replay:LoomingThreat"],"picked":"Alpha","floor":33},{"not_picked":["Sanctity","ForeignInfluence"],"picked":"Replay:Vibes","floor":35},{"not_picked":["Finesse","Deep Breath"],"picked":"Bandage Up","floor":36},{"not_picked":["Replay:ManipulateFuture+1","Replay:Cycle"],"picked":"PathToVictory","floor":37},{"not_picked":["Replay:AtTheReady","Replay:ManipulateFuture+1"],"picked":"ReachHeaven","floor":44}],"player_experience":784060,"relics_obtained":[{"floor":9,"key":"InkBottle"},{"floor":10,"key":"ReplayTheSpireMod:TigerMarble"},{"floor":12,"key":"Potion Belt"},{"floor":41,"key":"Replay:Bottled Eggs"},{"floor":43,"key":"PreservedInsect"}],"event_choices":[{"damage_healed":0,"gold_gain":0,"player_choice":"Box","damage_taken":0,"relics_obtained":["Juzu Bracelet"],"max_hp_gain":0,"max_hp_loss":0,"event_name":"Big Fish","floor":3,"gold_loss":0,"cards_obtained":["Regret"]},{"damage_healed":0,"gold_gain":0,"player_choice":"Take Wound","damage_taken":0,"relics_obtained":["Golden Idol"],"max_hp_gain":0,"max_hp_loss":0,"event_name":"Golden Idol","floor":4,"gold_loss":0,"cards_obtained":["Injury"]},{"damage_healed":0,"gold_gain":0,"player_choice":"Upgraded","damage_taken":0,"max_hp_gain":0,"max_hp_loss":0,"event_name":"Upgrade Shrine","floor":7,"gold_loss":0,"cards_upgraded":["ForeignInfluence"]},{"damage_healed":0,"gold_gain":275,"player_choice":"Desecrate","damage_taken":0,"max_hp_gain":0,"max_hp_loss":0,"event_name":"Golden Shrine","floor":11,"gold_loss":0,"cards_obtained":["Regret"]},{"cards_removed":["Regret"],"damage_healed":0,"gold_gain":0,"player_choice":"Offered Curse","damage_taken":0,"relics_obtained":["Spirit Poop"],"max_hp_gain":0,"max_hp_loss":0,"event_name":"Bonfire Elementals","floor":19,"gold_loss":0},{"damage_healed":0,"gold_gain":0,"player_choice":"Simplicity","damage_taken":0,"max_hp_gain":0,"max_hp_loss":6,"event_name":"betterThird:BetterWriting","floor":22,"gold_loss":0},{"damage_healed":0,"gold_gain":0,"player_choice":"Stole Relic","damage_taken":0,"relics_obtained":["CeramicFish"],"max_hp_gain":0,"max_hp_loss":0,"event_name":"Addict","floor":23,"gold_loss":0,"cards_obtained":["Shame"]},{"damage_healed":0,"gold_gain":0,"player_choice":"Ignored","damage_taken":0,"max_hp_gain":0,"max_hp_loss":0,"event_name":"Beggar","floor":27,"gold_loss":0},{"damage_healed":0,"gold_gain":0,"player_choice":"Ignored","damage_taken":0,"max_hp_gain":0,"max_hp_loss":0,"event_name":"Ghosts","floor":31,"gold_loss":0},{"damage_healed":0,"gold_gain":0,"player_choice":"Memory 1","damage_taken":0,"max_hp_gain":0,"max_hp_loss":0,"event_name":"SensoryStone","floor":36,"gold_loss":0},{"damage_healed":0,"gold_gain":0,"player_choice":"Upgrade","damage_taken":0,"max_hp_gain":0,"max_hp_loss":0,"event_name":"Designer","floor":38,"gold_loss":40,"cards_upgraded":["Alpha"]},{"damage_healed":0,"gold_gain":0,"player_choice":"Random: Yellow","damage_taken":0,"max_hp_gain":0,"max_hp_loss":0,"event_name":"betterThird:BetterPortal","floor":39,"gold_loss":0},{"damage_healed":0,"gold_gain":0,"player_choice":"Ignored","damage_taken":0,"max_hp_gain":0,"max_hp_loss":0,"event_name":"NoteForYourself","floor":39,"gold_loss":0}],"is_beta":false,"boss_relics":[{"not_picked":["Velvet Choker","Painkiller Herb"],"picked":"SacredBark"},{"not_picked":["Tiny House","Abe\u0027s Treasure"],"picked":"HolyWater"}],"items_purged_floors":[20],"is_endless":false,"potions_floor_spawned":[8,10,16,25,33,37],"killed_by":"Reptomancer","ascension_level":11}}