{"host":"xmr2g8b7eju0288o","time":1612075280,"event":{"mods":["100% Spire Juice","AchievementEnabler","BaseMod","Colored Map","Colored Powertips","Infinite Spire","KOR Keyword Fix","Minty Spire (QoL Compilation)","Quick Restart","Spicy Shops","StSLib","SuperFastMode"],"gold_per_floor":[109,109,124,124,134,167,60,79,103,103,114,114,131,149,149,226,226,246,246,259,259,274,274,274],"floor_reached":23,"language":"KOR","playtime":507,"items_purged":[],"score":490,"play_id":"f9a16ba7-22c0-4596-893f-f38041d4aaa0","local_time":"20210131154120","daily_mods":["Heirloom","DeadlyEvents","Elite Swarm"],"is_ascension_mode":true,"campfire_choices":[{"data":"infinitespire:Punishment","floor":10.0,"key":"SMITH"},{"floor":15.0,"key":"REST"}],"circlet_count":0,"master_deck":["AscendersBane","Strike_R+1","Strike_R+1","Strike_R+1","Strike_R+1","Strike_R+1","Defend_R+1","Defend_R+1","Defend_R+1","Defend_R+1","Bash","Evolve","infinitespire:Punishment+1","Cleave","Demon Form","Injury","Infernal Blade","Flex","RitualDagger"],"relics":["Burning Blood","TungstenRod","Dream Catcher","Singing Bowl","infinitespire:Beetle Shell","SacredBark"],"acts_visited":["Exordium","TheCity"],"potions_floor_usage":[20,22],"damage_taken":[{"damage":13.0,"enemies":"Small Slimes","floor":1.0,"turns":3.0},{"damage":10.0,"enemies":"Cultist","floor":3.0,"turns":5.0},{"damage":5.0,"enemies":"2 Louse","floor":5.0,"turns":4.0},{"damage":23.0,"enemies":"Lagavulin","floor":6.0,"turns":5.0},{"damage":3.0,"enemies":"2 Fungi Beasts","floor":8.0,"turns":3.0},{"damage":7.0,"enemies":"3 Louse","floor":11.0,"turns":3.0},{"damage":15.0,"enemies":"Looter","floor":13.0,"turns":3.0},{"damage":7.0,"enemies":"Exordium Wildlife","floor":14.0,"turns":3.0},{"damage":0.0,"enemies":"Slime Boss","floor":16.0,"turns":6.0},{"damage":24,"enemies":"Spheric Guardian","floor":18,"turns":4},{"damage":20,"enemies":"Shell Parasite","floor":20,"turns":2},{"damage":21,"enemies":"Snake Plant","floor":22,"turns":4},{"damage":35,"enemies":"Slavers","floor":23,"turns":2}],"seed_played":"-1939822293709913242","potions_obtained":[{"floor":1.0,"key":"SkillPotion"},{"floor":6.0,"key":"Explosive Potion"}],"is_trial":true,"path_per_floor":["M","?","M","?","M","E","$","M","T","R","M","$","M","M","R","B",null,"M","?","M","?","M","E"],"character_chosen":"IRONCLAD","items_purchased":["Singing Bowl"],"campfire_rested":1,"item_purchase_floors":[7],"current_hp_per_floor":[61,66,62,45,46,29,29,34,34,34,35,35,28,27,51,59,77,61,56,44,44,31,0,0],"gold":274,"neow_bonus":"","is_daily":false,"chose_seed":false,"campfire_upgraded":1,"win_rate":0.0,"timestamp":1612075280,"path_taken":["M","?","?","?","M","E","$","M","T","R","M","?","?","M","R","BOSS","M","?","M","?","M","E"],"items_purchased_type":["Relic"],"build_version":"2020-12-22","purchased_purges":0,"victory":false,"max_hp_per_floor":[75,75,75,75,75,75,75,77,77,77,79,79,81,81,81,83,83,85,85,87,87,89,89,89],"card_choices":[{"not_picked":["Armaments","True Grit"],"picked":"Pommel Strike","floor":1.0},{"not_picked":["Shrug It Off","Second Wind"],"picked":"Evolve","floor":3.0},{"not_picked":["infinitespire:UltimateForm","infinitespire:FinalStrike"],"picked":"infinitespire:Punishment","floor":4.0},{"not_picked":["Sword Boomerang","Clothesline"],"picked":"Cleave","floor":5.0},{"not_picked":["Fiend Fire","Bludgeon"],"picked":"Demon Form","floor":6.0},{"not_picked":["Iron Wave","Shrug It Off","Whirlwind"],"picked":"Singing Bowl","floor":8.0},{"not_picked":["Dark Embrace","Disarm","Reckless Charge"],"picked":"Singing Bowl","floor":11.0},{"not_picked":["Iron Wave","Clothesline","Sentinel"],"picked":"Singing Bowl","floor":13.0},{"not_picked":["Headbutt","Sword Boomerang"],"picked":"Infernal Blade","floor":14.0},{"not_picked":["Body Slam","Rage"],"picked":"Flex","floor":15.0},{"not_picked":["Fiend Fire","Immolate","Offering"],"picked":"Singing Bowl","floor":16.0},{"not_picked":["Iron Wave","Blood for Blood","Power Through"],"picked":"Singing Bowl","floor":18},{"not_picked":["Wild Strike","Entrench","Pommel Strike"],"picked":"Singing Bowl","floor":20},{"not_picked":["Dark Embrace","Twin Strike","Hemokinesis"],"picked":"Singing Bowl","floor":22}],"player_experience":123798,"relics_obtained":[{"floor":6.0,"key":"Dream Catcher"},{"floor":9.0,"key":"infinitespire:Beetle Shell"}],"event_choices":[{"cards_removed":["Pommel Strike"],"damage_healed":5.0,"max_hp_gain":0.0,"max_hp_loss":0.0,"gold_gain":0.0,"event_name":"Bonfire Elementals","player_choice":"Offered Common","floor":2.0,"gold_loss":0.0,"damage_taken":0.0},{"cards_removed":["Pommel Strike"],"damage_healed":5.0,"max_hp_gain":0.0,"max_hp_loss":0.0,"gold_gain":0.0,"event_name":"Bonfire Elementals","player_choice":"Offered Special","floor":2.0,"gold_loss":0.0,"damage_taken":0.0},{"damage_healed":0,"gold_gain":0,"player_choice":"Joined the Cult","damage_taken":6,"max_hp_gain":0,"max_hp_loss":0,"event_name":"Nest","floor":19,"gold_loss":0,"cards_obtained":["RitualDagger"]},{"damage_healed":0,"gold_gain":0,"player_choice":"Simplicity","damage_taken":0,"max_hp_gain":0,"max_hp_loss":0,"event_name":"Back to Basics","floor":21,"gold_loss":0,"cards_upgraded":["Strike_R","Strike_R","Strike_R","Strike_R","Strike_R","Defend_R","Defend_R","Defend_R","Defend_R"]}],"is_beta":false,"boss_relics":[{"not_picked":["Snecko Eye","Runic Pyramid"],"picked":"SacredBark"}],"items_purged_floors":[],"is_endless":false,"potions_floor_spawned":[1,6,8,11,14,16,18],"killed_by":"Slavers","ascension_level":20}}