{"host":"Tuck","time":1612056294,"event":{"mods":["BaseMod","Minty Spire (QoL Compilation)","StSLib"],"gold_per_floor":[109,119,138,365,540,570,583,613,613,613,640,590,609,634,634,732,732,750,750,750,750,750,750,781,781,805,838,753,283,297,322,322,422,422,441,441,452,300,319,346,346,379,379,414,414,414,414,168,168,168,168,168,22,51,51],"floor_reached":56,"language":"ENG","playtime":3546,"items_purged":["Strike_R"],"score":1912,"play_id":"e8c17a20-491b-4329-b0a7-50aa70b5d015","local_time":"20210130182454","is_ascension_mode":true,"campfire_choices":[{"data":"Juggernaut","floor":10,"key":"SMITH"},{"data":"Feel No Pain","floor":15,"key":"SMITH"},{"data":"True Grit","floor":23,"key":"SMITH"},{"data":"Burning Pact","floor":25,"key":"SMITH"},{"data":"Feel No Pain","floor":32,"key":"SMITH"},{"data":"Discovery","floor":41,"key":"SMITH"},{"data":"Juggernaut","floor":46,"key":"SMITH"},{"data":"Apotheosis","floor":49,"key":"SMITH"},{"data":"Disarm","floor":52,"key":"SMITH"}],"circlet_count":0,"master_deck":["Defend_R+1","Defend_R+1","Defend_R+1","Defend_R+1","Bash","Master of Strategy","Shrug It Off","Clothesline","Burning Pact+1","Wild Strike","Juggernaut+1","Shrug It Off","Feel No Pain+1","Feed+1","True Grit+1","Shrug It Off+1","Flame Barrier","Feel No Pain+1","Sentinel+1","Juggernaut+1","Twin Strike+1","Shockwave+1","Juggernaut+1","Disarm+1","Discovery+1","Inflame","Barricade","Disarm+1","Entrench+1","Evolve","Apotheosis+1","Sentinel+1","Bloodletting+1","Seeing Red+1"],"relics":["Burning Blood","Bird Faced Urn","Medical Kit","Omamori","FossilizedHelix","Mummified Hand","Molten Egg 2","Matryoshka","Mango","Runic Pyramid","Strawberry","Toy Ornithopter","Blood Vial","Bottled Lightning","HornCleat","Tiny Chest","Anchor","Singing Bowl","Nunchaku","Astrolabe","Letter Opener","Question Card","White Beast Statue","Magic Flower","Bottled Tornado","DollysMirror"],"acts_visited":["Exordium","TheCity","TheBeyond","TheEnding"],"potions_floor_usage":[],"damage_taken":[{"damage":6,"enemies":"Cultist","floor":1,"turns":3},{"damage":9,"enemies":"Jaw Worm","floor":2,"turns":4},{"damage":0,"enemies":"Small Slimes","floor":3,"turns":5},{"damage":8,"enemies":"Lagavulin","floor":6,"turns":4},{"damage":0,"enemies":"Exordium Thugs","floor":7,"turns":2},{"damage":5,"enemies":"3 Sentries","floor":8,"turns":10},{"damage":0,"enemies":"Gremlin Nob","floor":11,"turns":2},{"damage":0,"enemies":"Blue Slaver","floor":13,"turns":3},{"damage":0,"enemies":"Lagavulin","floor":14,"turns":4},{"damage":0,"enemies":"Hexaghost","floor":16,"turns":8},{"damage":0,"enemies":"Chosen","floor":18,"turns":5},{"damage":0,"enemies":"Book of Stabbing","floor":24,"turns":3},{"damage":0,"enemies":"Slavers","floor":27,"turns":3},{"damage":0,"enemies":"Spheric Guardian","floor":30,"turns":4},{"damage":0,"enemies":"Book of Stabbing","floor":31,"turns":5},{"damage":0,"enemies":"Champ","floor":33,"turns":17},{"damage":0,"enemies":"Orb Walker","floor":35,"turns":3},{"damage":0,"enemies":"3 Shapes","floor":37,"turns":3},{"damage":0,"enemies":"Writhing Mass","floor":39,"turns":4},{"damage":0,"enemies":"Giant Head","floor":40,"turns":7},{"damage":0,"enemies":"Nemesis","floor":42,"turns":5},{"damage":0,"enemies":"Reptomancer","floor":44,"turns":3},{"damage":0,"enemies":"Donu and Deca","floor":50,"turns":10},{"damage":0,"enemies":"Shield and Spear","floor":54,"turns":6},{"damage":3,"enemies":"The Heart","floor":55,"turns":6}],"seed_played":"-4690569036081400196","potions_obtained":[{"floor":3,"key":"Ancient Potion"},{"floor":6,"key":"ElixirPotion"},{"floor":11,"key":"Swift Potion"},{"floor":24,"key":"Regen Potion"},{"floor":39,"key":"DuplicationPotion"}],"is_trial":false,"path_per_floor":["M","M","M","$","?","E","M","E","T","R","E","?","M","E","R","B",null,"M","?","?","?","?","R","E","R","T","E","?","$","M","E","R","B",null,"M","?","M","$","M","E","R","E","T","E","?","R","T","$","R","B",null,"R","$","E","B",null],"character_chosen":"IRONCLAD","items_purchased":["Bird Faced Urn","Medical Kit","Wild Strike","Feel No Pain","Anchor","Singing Bowl","Discovery","Inflame","Evolve","Apotheosis","DollysMirror"],"campfire_rested":0,"item_purchase_floors":[4,4,4,29,29,29,38,38,48,48,53],"current_hp_per_floor":[72,69,72,72,72,70,72,72,72,72,72,72,72,86,86,86,86,86,69,69,76,76,76,90,90,90,106,106,106,110,116,116,120,120,120,120,122,122,124,130,130,134,134,138,134,134,134,134,134,148,148,148,148,154,154],"gold":51,"neow_bonus":"RANDOM_COLORLESS_2","is_daily":false,"chose_seed":false,"campfire_upgraded":9,"win_rate":0.0,"timestamp":1612056294,"path_taken":["M","?","?","$","?","E","M","E","T","R","E","?","M","E","R","BOSS","M","?","?","?","?","R","E","R","T","E","?","?","M","E","R","BOSS","M","?","M","$","M","E","R","E","T","E","?","R","?","$","R","BOSS","R","$","E","BOSS"],"items_purchased_type":["Relic","Relic","Card","Card","Relic","Relic","Card","Card","Card","Card","Relic"],"build_version":"2020-12-18","purchased_purges":1,"victory":true,"max_hp_per_floor":[72,72,72,72,72,72,72,72,72,72,72,72,72,86,86,86,86,86,91,91,98,98,98,102,102,102,106,106,106,110,116,116,120,120,120,120,122,122,124,130,130,134,134,138,144,144,144,144,144,148,148,148,148,154,154],"card_choices":[{"not_picked":["Transmutation","Chrysalis"],"picked":"Master of Strategy","floor":0},{"not_picked":["Thunderclap","Clash"],"picked":"Shrug It Off","floor":1},{"not_picked":["Flex","Intimidate"],"picked":"Clothesline","floor":2},{"not_picked":["Body Slam","Headbutt"],"picked":"Burning Pact","floor":3},{"not_picked":["Body Slam","Twin Strike"],"picked":"Juggernaut","floor":6},{"not_picked":["Havoc","Iron Wave","Wild Strike"],"picked":"SKIP","floor":7},{"not_picked":["Reckless Charge","Ghostly Armor"],"picked":"Shrug It Off","floor":8},{"not_picked":["Thunderclap+1","Flex","Combust"],"picked":"SKIP","floor":11},{"not_picked":["Infernal Blade","Anger+1","Clash+1"],"picked":"SKIP","floor":13},{"not_picked":["Immolate+1","Fiend Fire+1"],"picked":"Feel No Pain","floor":14},{"not_picked":["Barricade","Corruption"],"picked":"Feed+1","floor":16},{"not_picked":["Pommel Strike+1","Heavy Blade+1","Clothesline+1"],"picked":"SKIP","floor":18},{"not_picked":["Iron Wave+1","Headbutt+1"],"picked":"Shrug It Off+1","floor":24},{"not_picked":["Havoc","Warcry"],"picked":"Flame Barrier","floor":27},{"not_picked":["Cleave+1","Sword Boomerang+1"],"picked":"Sentinel+1","floor":30},{"not_picked":["Warcry","Perfected Strike+1","Havoc"],"picked":"Singing Bowl","floor":31},{"not_picked":["Bludgeon+1","Feed+1"],"picked":"Juggernaut","floor":33},{"not_picked":["Wild Strike+1","Shrug It Off+1"],"picked":"Disarm","floor":35},{"not_picked":["Clash+1","Burning Pact+1","Wild Strike+1"],"picked":"Singing Bowl","floor":37},{"not_picked":["Hemokinesis+1","Twin Strike+1","Blood for Blood+1"],"picked":"Singing Bowl","floor":39},{"not_picked":["Perfected Strike+1","True Grit+1","Rage"],"picked":"Singing Bowl","floor":40},{"not_picked":["Disarm+1","Cleave+1"],"picked":"Barricade","floor":42},{"not_picked":["Shrug It Off+1","Flex","Wild Strike+1"],"picked":"Entrench+1","floor":44},{"not_picked":["Good Instincts","Mayhem","Deep Breath","Trip"],"picked":"Singing Bowl","floor":45},{"not_picked":["Impatience","Swift Strike+1","Mind Blast+1","Dark Shackles"],"picked":"Singing Bowl","floor":45},{"not_picked":["Magnetism","Blind","Deep Breath","Dramatic Entrance+1"],"picked":"Singing Bowl","floor":45},{"not_picked":["Cleave+1","Sword Boomerang+1","Perfected Strike+1","Warcry+1"],"picked":"Singing Bowl","floor":54}],"player_experience":2313133,"relics_obtained":[{"floor":6,"key":"FossilizedHelix"},{"floor":8,"key":"Mummified Hand"},{"floor":9,"key":"Molten Egg 2"},{"floor":11,"key":"Matryoshka"},{"floor":14,"key":"Mango"},{"floor":24,"key":"Toy Ornithopter"},{"floor":26,"key":"Blood Vial"},{"floor":26,"key":"Bottled Lightning"},{"floor":27,"key":"HornCleat"},{"floor":31,"key":"Nunchaku"},{"floor":40,"key":"Letter Opener"},{"floor":42,"key":"Question Card"},{"floor":43,"key":"White Beast Statue"},{"floor":44,"key":"Magic Flower"},{"floor":47,"key":"Bottled Tornado"}],"event_choices":[{"damage_healed":0,"gold_gain":175,"player_choice":"AGREE","damage_taken":0,"max_hp_gain":0,"max_hp_loss":0,"event_name":"Liars Game","floor":5,"gold_loss":0,"cards_obtained":["Doubt"]},{"cards_removed":["Strike_R"],"damage_healed":0,"gold_gain":0,"player_choice":"Card Removal","damage_taken":0,"max_hp_gain":0,"max_hp_loss":0,"event_name":"The Cleric","floor":12,"gold_loss":50},{"damage_healed":0,"gold_gain":0,"player_choice":"Shed Blood","damage_taken":22,"max_hp_gain":5,"max_hp_loss":0,"event_name":"Forgotten Altar","floor":19,"gold_loss":0},{"damage_healed":0,"gold_gain":0,"player_choice":"Simplicity","damage_taken":0,"max_hp_gain":0,"max_hp_loss":0,"event_name":"Back to Basics","floor":20,"gold_loss":0,"cards_upgraded":["Strike_R","Strike_R","Strike_R","Defend_R","Defend_R","Defend_R","Defend_R"]},{"damage_healed":0,"gold_gain":0,"player_choice":"Opened","damage_taken":0,"relics_obtained":["Strawberry"],"max_hp_gain":0,"max_hp_loss":0,"event_name":"The Mausoleum","floor":21,"gold_loss":0,"cards_obtained":["Writhe"]},{"damage_healed":0,"gold_gain":0,"player_choice":"Read","damage_taken":0,"max_hp_gain":0,"max_hp_loss":0,"event_name":"The Library","floor":22,"gold_loss":0,"cards_obtained":["True Grit"]},{"damage_healed":0,"gold_gain":0,"player_choice":"Obtained Relic","damage_taken":0,"relics_obtained":["Tiny Chest"],"max_hp_gain":0,"max_hp_loss":0,"event_name":"Addict","floor":28,"gold_loss":85},{"damage_healed":0,"gold_gain":0,"player_choice":"Ignored","damage_taken":0,"max_hp_gain":0,"max_hp_loss":0,"event_name":"Tomb of Lord Red Mask","floor":36,"gold_loss":0},{"damage_healed":0,"gold_gain":0,"player_choice":"Memory 3","damage_taken":10,"max_hp_gain":0,"max_hp_loss":0,"event_name":"SensoryStone","floor":45,"gold_loss":0}],"is_beta":true,"boss_relics":[{"not_picked":["Runic Cube","Busted Crown"],"picked":"Runic Pyramid"},{"not_picked":["Tiny House","Empty Cage"],"picked":"Astrolabe"}],"items_purged_floors":[4],"is_endless":false,"potions_floor_spawned":[3,6,11,14,16,24,35,39,40,44,54],"ascension_level":1}}