{"host":"hbel9g7s7ibv8po6","time":1612106210,"event":{"mods":["Act Like it!","BaseMod","Duelist Mod","Minty Spire (QoL Compilation)","StSLib"],"gold_per_floor":[17,17,32,32,50,50,77,93,93,107,107,32,32,32,32,133,133,148,148,148],"floor_reached":19,"language":"ENG","playtime":1009,"items_purged":["theDuelist:Sparks+1"],"score":336,"play_id":"6a99e4ea-b002-4136-bcd6-c6af11413733","local_time":"20210131231650","is_ascension_mode":true,"campfire_choices":[{"data":"theDuelist:PowerGiant","floor":6.0,"key":"SMITH"},{"data":"theDuelist:TurretWarrior","floor":11.0,"key":"SMITH"},{"data":"theDuelist:JunkKuriboh","floor":13.0,"key":"SMITH"},{"data":"theDuelist:Deskbot003","floor":15.0,"key":"SMITH"}],"circlet_count":0,"master_deck":["theDuelist:GreenGadget","theDuelist:PotGenerosity","theDuelist:Deskbot009","theDuelist:PowerGiant+1","theDuelist:JunkKuriboh+1","theDuelist:BlindDestruction+1","theDuelist:Tuningware","theDuelist:Deskbot003+1","theDuelist:PineappleBlast+1","theDuelist:Biofalcon+1","theDuelist:Deskbot005","theDuelist:Deskbot003+1","AscendersBane","theDuelist:TurretWarrior+1","theDuelist:Deskbot001","theDuelist:LightningDarts"],"relics":["theDuelist:MillenniumPuzzle","theDuelist:CardPoolRelic","theDuelist:CardPoolBasicRelic","theDuelist:BoosterPackPoolRelic","theDuelist:CardPoolAddRelic","theDuelist:CardPoolMinusRelic","theDuelist:CardPoolSaveRelic","theDuelist:CardPoolOptionsRelic","Whetstone","Potion Belt","Paper Frog","Astrolabe"],"acts_visited":["Exordium","TheCity"],"potions_floor_usage":[19],"damage_taken":[{"damage":0.0,"enemies":"Jaw Worm","floor":1.0,"turns":4.0},{"damage":0.0,"enemies":"Cultist","floor":3.0,"turns":3.0},{"damage":1.0,"enemies":"2 Louse","floor":5.0,"turns":2.0},{"damage":14.0,"enemies":"Gremlin Nob","floor":7.0,"turns":3.0},{"damage":5.0,"enemies":"Looter","floor":8.0,"turns":3.0},{"damage":18.0,"enemies":"Exordium Thugs","floor":10.0,"turns":4.0},{"damage":1.0,"enemies":"Slime Boss","floor":16.0,"turns":5.0},{"damage":0.0,"enemies":"Shell Parasite","floor":18.0,"turns":1.0},{"damage":69,"enemies":"Shell Parasite","floor":19,"turns":3}],"seed_played":"-6758084967796883033","potions_obtained":[{"floor":3.0,"key":"theDuelist:WaterBottle"},{"floor":16.0,"key":"theDuelist:GreasePot"}],"is_trial":false,"path_per_floor":["M","?","M","$","M","R","E","M","T","M","R","$","R","?","R","B",null,"M","?"],"character_chosen":"THE_DUELIST","items_purchased":[],"campfire_rested":0,"item_purchase_floors":[],"current_hp_per_floor":[72,72,72,72,71,71,57,52,52,34,34,34,34,34,34,33,68,68,0,0],"gold":148,"neow_bonus":"REMOVE_TWO","is_daily":false,"chose_seed":false,"campfire_upgraded":4,"win_rate":0.0,"timestamp":1612106210,"path_taken":["M","?","?","$","M","R","E","M","T","M","R","?","R","?","R","BOSS","M","?"],"items_purchased_type":[],"build_version":"2020-12-22","purchased_purges":1,"victory":false,"max_hp_per_floor":[80,80,80,80,80,80,80,80,80,80,80,80,80,80,80,80,80,80,80,80],"card_choices":[{"not_picked":["theDuelist:ParallelPortArmor","theDuelist:Hinotama+1","theDuelist:Wiretap","theDuelist:DianKeto+1"],"picked":"theDuelist:LightningDarts","floor":1.0},{"not_picked":["theDuelist:CardsFromTheSky","theDuelist:Deskbot002","theDuelist:Factory100Machines","theDuelist:ParallelPortArmor"],"picked":"theDuelist:JunkKuriboh","floor":3.0},{"not_picked":["theDuelist:JunkSpeeder","theDuelist:WingedKuriboh","theDuelist:WormWarlord","theDuelist:LightningVortex"],"picked":"theDuelist:PowerGiant","floor":5.0},{"not_picked":["theDuelist:OrcustCrescendo","theDuelist:SolemnStrike"],"picked":"theDuelist:TurretWarrior","floor":7.0},{"not_picked":["theDuelist:CannonSoldier","theDuelist:TokenVacuum","theDuelist:Deskbot005","theDuelist:AllyJustice"],"picked":"theDuelist:Deskbot003","floor":8.0},{"not_picked":["theDuelist:AncientGearChimera","theDuelist:JunkKuriboh","theDuelist:Tuningware","theDuelist:JadeKnight"],"picked":"theDuelist:Deskbot001","floor":10.0},{"not_picked":["theDuelist:GoldGadget","theDuelist:NightmareWheel","theDuelist:PlatinumGadget","theDuelist:SolemnWarning"],"picked":"theDuelist:Deskbot009","floor":16.0},{"not_picked":["theDuelist:WormWarlord","theDuelist:IronCall","theDuelist:YamiForm","theDuelist:TheCreator"],"picked":"theDuelist:PotGenerosity","floor":18.0}],"player_experience":180798,"relics_obtained":[{"floor":7.0,"key":"Whetstone"},{"floor":9.0,"key":"Potion Belt"}],"event_choices":[{"damage_healed":0.0,"max_hp_gain":0.0,"max_hp_loss":0.0,"gold_gain":0.0,"event_name":"Card Trader","player_choice":"Traded Castle Walls for Tuningware","duelist":true,"floor":2.0,"gold_loss":0.0,"damage_taken":0.0},{"damage_healed":0.0,"max_hp_gain":0.0,"max_hp_loss":0.0,"gold_gain":0.0,"event_name":"WeMeetAgain","player_choice":"Gave Potion","floor":14.0,"gold_loss":0.0,"damage_taken":0.0,"relics_obtained":["Paper Frog"]},{"damage_healed":0,"gold_gain":0,"player_choice":"Fight","duelist":true,"damage_taken":0,"max_hp_gain":0,"max_hp_loss":0,"event_name":"Battle City","floor":19,"gold_loss":0}],"is_beta":false,"boss_relics":[{"not_picked":["Calling Bell","Mark of Pain"],"picked":"Astrolabe"}],"items_purged_floors":[12],"is_endless":false,"potions_floor_spawned":[3,16],"killed_by":"Shell Parasite","ascension_level":11}}