{"host":"zfh44j5h77tkupss","time":1612095835,"event":{"mods":["AchievementEnabler","BaseMod","Bestiary","Better Skull","Better Third Choice","Better Vampires","Colored Map","Colored Powertips","Highlight Path","Minty Spire (QoL Compilation)","Permanent Neow","Quick Restart","Rare Cards Sparkle","Relic Stats","StSLib"],"gold_per_floor":[109,109,59,74,87,87,128,53,102,151,189,208,233,278,278,404,404,428,446,446,469,74,105,119,150,150,186,202,221,221,221,221,346,346,364,383,48,72,0,0,16,16,16,54,77,77,93,126,126,126],"floor_reached":51,"language":"ENG","playtime":2592,"items_purged":["Strike_G","Strike_G","Defend_G"],"score":1063,"play_id":"aa735c04-5a9e-40dc-9931-d22d570fe66f","local_time":"20210131132355","is_ascension_mode":true,"campfire_choices":[{"floor":6,"key":"REST"},{"floor":15,"key":"REST"},{"floor":30,"key":"REST"},{"data":"Envenom","floor":32,"key":"SMITH"},{"data":"Unload","floor":40,"key":"SMITH"},{"floor":42,"key":"REST"},{"floor":49,"key":"REST"}],"circlet_count":0,"master_deck":["Defend_G","Defend_G","Defend_G","Survivor","Neutralize+1","Backflip","Dagger Throw","Corpse Explosion","Predator","Envenom+1","CurseOfTheBell","Leg Sweep","Footwork","Infinite Blades","Flechettes+1","Heel Hook+1","Concentrate+1","Dodge and Roll+1","Bite","Bite","Bite","Unload+1","Slice+1","Noxious Fumes+1","Parasite","Expertise","Accuracy","Decay","Backflip+1","Cloak And Dagger+1","Madness","Madness"],"relics":["Philosopher\u0027s Stone","Golden Idol","Whetstone","Akabeko","Regal Pillow","Pen Nib","Vajra","Calling Bell","Ninja Scroll","FossilizedHelix","MutagenicStrength","Turnip","Mercury Hourglass","Toy Ornithopter","Dream Catcher","Pantograph","Cursed Key","Membership Card","Pear","Red Mask","Paper Crane","Juzu Bracelet","Shuriken"],"acts_visited":["Exordium","TheCity","TheBeyond"],"potions_floor_usage":[7,23,25,48,50,50],"damage_taken":[{"damage":0,"enemies":"Cultist","floor":1,"turns":4},{"damage":5,"enemies":"2 Louse","floor":4,"turns":3},{"damage":0,"enemies":"Jaw Worm","floor":5,"turns":4},{"damage":25,"enemies":"Gremlin Nob","floor":7,"turns":5},{"damage":14,"enemies":"Lagavulin","floor":11,"turns":6},{"damage":0,"enemies":"Blue Slaver","floor":12,"turns":3},{"damage":0,"enemies":"Gremlin Gang","floor":13,"turns":2},{"damage":16,"enemies":"Slime Boss","floor":16,"turns":8},{"damage":0,"enemies":"Spheric Guardian","floor":18,"turns":3},{"damage":0,"enemies":"Chosen","floor":19,"turns":4},{"damage":3,"enemies":"3 Cultists","floor":21,"turns":4},{"damage":19,"enemies":"Book of Stabbing","floor":23,"turns":6},{"damage":0,"enemies":"Cultist and Chosen","floor":24,"turns":5},{"damage":24,"enemies":"Gremlin Leader","floor":25,"turns":4},{"damage":0,"enemies":"Slavers","floor":27,"turns":1},{"damage":20,"enemies":"Chosen and Byrds","floor":28,"turns":5},{"damage":0,"enemies":"Snecko","floor":29,"turns":2},{"damage":32,"enemies":"Automaton","floor":33,"turns":7},{"damage":0,"enemies":"3 Shapes","floor":35,"turns":3},{"damage":0,"enemies":"Orb Walker","floor":36,"turns":2},{"damage":12,"enemies":"Sphere and 2 Shapes","floor":38,"turns":3},{"damage":22,"enemies":"Writhing Mass","floor":41,"turns":4},{"damage":12,"enemies":"Nemesis","floor":44,"turns":9},{"damage":21,"enemies":"Transient","floor":45,"turns":5},{"damage":0,"enemies":"4 Shapes","floor":47,"turns":2},{"damage":12,"enemies":"Giant Head","floor":48,"turns":7},{"damage":48,"enemies":"Awakened One","floor":50,"turns":9}],"seed_played":"-608122769681297798","potions_obtained":[{"floor":1,"key":"FearPotion"},{"floor":7,"key":"Poison Potion"},{"floor":13,"key":"Poison Potion"},{"floor":18,"key":"Dexterity Potion"},{"floor":19,"key":"ColorlessPotion"},{"floor":23,"key":"Energy Potion"},{"floor":24,"key":"FearPotion"},{"floor":27,"key":"Strength Potion"}],"is_trial":false,"path_per_floor":["M","?","?","M","M","R","E","$","T","T","E","M","M","T","R","B",null,"M","M","?","M","$","E","M","E","T","E","M","M","R","?","R","B",null,"M","M","$","M","?","R","M","R","T","E","M","?","M","E","R","B",null],"character_chosen":"THE_SILENT","items_purchased":["Turnip","Membership Card","Pear"],"campfire_rested":5,"item_purchase_floors":[22,37,37],"current_hp_per_floor":[63,46,46,41,41,62,37,37,37,37,23,23,23,23,59,43,63,65,67,67,66,66,49,51,29,29,31,13,15,51,51,51,48,65,67,70,80,68,68,68,52,80,80,70,55,45,47,46,80,52],"gold":126,"neow_bonus":"BOSS_RELIC","is_daily":false,"chose_seed":false,"campfire_upgraded":2,"win_rate":0.0,"timestamp":1612095835,"path_taken":["M","?","?","M","M","R","E","?","T","?","E","?","M","?","R","BOSS","M","M","?","M","$","E","M","E","T","E","M","M","R","?","R","BOSS","M","M","$","M","?","R","M","R","T","E","M","?","M","E","R","BOSS"],"items_purchased_type":["Relic","Relic","Relic"],"build_version":"2020-12-22","purchased_purges":3,"victory":true,"max_hp_per_floor":[70,70,70,70,70,70,70,70,70,70,70,70,70,70,70,70,70,70,70,70,70,70,70,70,70,70,70,70,70,70,70,70,70,70,70,70,80,80,80,80,80,80,80,80,80,80,80,80,80,80],"relic_stats":{"Regal Pillow":44,"counters":[27,119],"Golden Idol":189,"Pen Nib":[28],"Juzu Bracelet":0,"Whetstone":["Neutralize","Strike_G"],"Cursed Key":1,"Mercury Hourglass":[261],"Dream Catcher":3,"Shuriken":[9],"Pantograph":19,"Turnip":[5],"obtain_stats":[{"Regal Pillow":10,"Vajra":14,"Juzu Bracelet":44,"Whetstone":7,"Cursed Key":34,"Blood Vial":17,"Dream Catcher":26,"Ninja Scroll":17,"Pantograph":27,"Philosopher\u0027s Stone":0,"Red Mask":39,"Ring of the Snake":0,"Pear":37,"Golden Idol":2,"Pen Nib":11,"Paper Crane":43,"Akabeko":9,"Mercury Hourglass":23,"Calling Bell":17,"Shuriken":48,"MutagenicStrength":20,"Turnip":22,"Membership Card":37,"FossilizedHelix":17,"Toy Ornithopter":25},{"Regal Pillow":4,"Vajra":7,"Juzu Bracelet":23,"Whetstone":4,"Cursed Key":18,"Blood Vial":8,"Dream Catcher":14,"Ninja Scroll":8,"Pantograph":15,"Philosopher\u0027s Stone":0,"Red Mask":21,"Ring of the Snake":0,"Pear":20,"Golden Idol":1,"Pen Nib":5,"Paper Crane":22,"Akabeko":4,"Mercury Hourglass":12,"Calling Bell":8,"Shuriken":26,"MutagenicStrength":10,"Turnip":11,"Membership Card":20,"FossilizedHelix":8,"Toy Ornithopter":14},{"Regal Pillow":16,"Vajra":27,"Juzu Bracelet":96,"Whetstone":16,"Cursed Key":76,"Blood Vial":35,"Dream Catcher":61,"Ninja Scroll":35,"Pantograph":62,"Philosopher\u0027s Stone":0,"Red Mask":84,"Ring of the Snake":0,"Pear":81,"Golden Idol":4,"Pen Nib":22,"Paper Crane":88,"Akabeko":16,"Mercury Hourglass":52,"Calling Bell":35,"Shuriken":110,"MutagenicStrength":42,"Turnip":46,"Membership Card":81,"FossilizedHelix":35,"Toy Ornithopter":61}],"Toy Ornithopter":15},"card_choices":[{"not_picked":["Bouncing Flask","Distraction","Deadly Poison"],"picked":"SKIP","floor":1},{"not_picked":["Deadly Poison","Slice","Deflect"],"picked":"SKIP","floor":4},{"not_picked":["Prepared","Slice"],"picked":"Backflip","floor":5},{"not_picked":["Dodge and Roll","Sucker Punch"],"picked":"Dagger Throw","floor":7},{"not_picked":["Blur","Acrobatics"],"picked":"Corpse Explosion","floor":11},{"not_picked":["Backflip","Sucker Punch"],"picked":"Predator","floor":12},{"not_picked":["Reflex","PiercingWail","Dagger Spray"],"picked":"SKIP","floor":13},{"not_picked":["Tools of the Trade","Malaise"],"picked":"Envenom","floor":16},{"not_picked":["Cloak And Dagger","Prepared"],"picked":"Leg Sweep","floor":18},{"not_picked":["Sucker Punch","Crippling Poison+1"],"picked":"Footwork","floor":19},{"not_picked":["Calculated Gamble","Tactician+1","PiercingWail"],"picked":"SKIP","floor":21},{"not_picked":["Deflect","Concentrate+1"],"picked":"Infinite Blades","floor":23},{"not_picked":["Acrobatics","Dash"],"picked":"Flechettes+1","floor":24},{"not_picked":["Cloak And Dagger","Poisoned Stab"],"picked":"Heel Hook+1","floor":25},{"not_picked":["Acrobatics","Dagger Spray"],"picked":"Concentrate+1","floor":27},{"not_picked":["Dagger Throw+1","Well Laid Plans","Choke"],"picked":"SKIP","floor":28},{"not_picked":["Cloak And Dagger","Reflex"],"picked":"Dodge and Roll+1","floor":29},{"not_picked":["Glass Knife","Venomology"],"picked":"Unload","floor":33},{"not_picked":["PiercingWail","Bane","Dodge and Roll"],"picked":"SKIP","floor":35},{"not_picked":["Poisoned Stab+1","Deflect"],"picked":"Slice+1","floor":36},{"not_picked":["Acrobatics","Bane"],"picked":"Noxious Fumes+1","floor":38},{"not_picked":["Flying Knee","Outmaneuver+1"],"picked":"Expertise","floor":41},{"not_picked":["Heel Hook+1","Underhanded Strike"],"picked":"Accuracy","floor":42},{"not_picked":["Endless Agony","Expertise+1"],"picked":"Backflip+1","floor":44},{"not_picked":["Blade Dance+1","Slice+1"],"picked":"Cloak And Dagger+1","floor":45},{"not_picked":["Masterful Stab+1","Dash","Dagger Spray"],"picked":"SKIP","floor":47},{"not_picked":["Flying Knee","PiercingWail","Expertise+1"],"picked":"SKIP","floor":48}],"player_experience":322631,"relics_obtained":[{"floor":7,"key":"Whetstone"},{"floor":9,"key":"Akabeko"},{"floor":10,"key":"Regal Pillow"},{"floor":11,"key":"Pen Nib"},{"floor":14,"key":"Vajra"},{"floor":17,"key":"Blood Vial"},{"floor":17,"key":"Ninja Scroll"},{"floor":17,"key":"FossilizedHelix"},{"floor":23,"key":"Mercury Hourglass"},{"floor":25,"key":"Toy Ornithopter"},{"floor":26,"key":"Dream Catcher"},{"floor":27,"key":"Pantograph"},{"floor":43,"key":"Paper Crane"},{"floor":44,"key":"Juzu Bracelet"},{"floor":48,"key":"Shuriken"}],"event_choices":[{"damage_healed":0,"gold_gain":0,"player_choice":"Take Damage","damage_taken":17,"relics_obtained":["Golden Idol"],"max_hp_gain":0,"max_hp_loss":0,"event_name":"Golden Idol","floor":2,"gold_loss":0},{"cards_removed":["Defend_G"],"damage_healed":0,"gold_gain":0,"player_choice":"Card Removal","damage_taken":0,"max_hp_gain":0,"max_hp_loss":0,"event_name":"The Cleric","floor":3,"gold_loss":50},{"damage_healed":0,"gold_gain":0,"player_choice":"Inject Mutagens","damage_taken":0,"relics_obtained":["MutagenicStrength"],"max_hp_gain":0,"max_hp_loss":0,"event_name":"Drug Dealer","floor":20,"gold_loss":0},{"damage_healed":0,"gold_gain":0,"player_choice":"Became a vampire (Vial)","damage_taken":0,"max_hp_gain":0,"max_hp_loss":0,"event_name":"Vampires","floor":31,"relics_lost":["Blood Vial"],"gold_loss":0,"cards_obtained":["Bite","Bite","Bite"]},{"damage_healed":0,"gold_gain":0,"player_choice":"Paid","damage_taken":0,"relics_obtained":["Red Mask"],"max_hp_gain":0,"max_hp_loss":0,"event_name":"Tomb of Lord Red Mask","floor":39,"gold_loss":72},{"damage_healed":0,"gold_gain":0,"player_choice":"Embrace Madness","damage_taken":10,"max_hp_gain":0,"max_hp_loss":0,"event_name":"Winding Halls","floor":46,"gold_loss":0,"cards_obtained":["Madness","Madness"]}],"is_beta":false,"boss_relics":[{"not_picked":["Snecko Eye","Pandora\u0027s Box"],"picked":"Calling Bell"},{"not_picked":["SacredBark","Runic Dome"],"picked":"Cursed Key"}],"items_purged_floors":[8,22,37],"is_endless":false,"potions_floor_spawned":[1,7,13,18,19,23,24,27,33,35,36,44,47],"ascension_level":6}}