{"host":"2tgyrzvaa7l04o2e","time":1612113144,"event":{"mods":["BaseMod","Highlight Path","Minty Spire (QoL Compilation)","Permanent Neow","Relic Stats"],"gold_per_floor":[115,128,182,107,32,58,58,58,58],"floor_reached":8,"language":"ENG","playtime":276,"items_purged":["Strike_G"],"score":108,"play_id":"5ea13077-56eb-4c4c-927e-51621be5f891","local_time":"20210131181224","is_ascension_mode":true,"campfire_choices":[{"floor":7,"key":"REST"}],"circlet_count":0,"master_deck":["AscendersBane","Strike_G","Strike_G","Strike_G","Strike_G","Defend_G","Defend_G","Defend_G","Defend_G","Survivor","Neutralize","Bullet Time","Blade Dance","Predator","Poisoned Stab"],"relics":["Ring of the Snake","Gremlin Horn"],"acts_visited":["Exordium"],"potions_floor_usage":[6,8],"damage_taken":[{"damage":0,"enemies":"Small Slimes","floor":1,"turns":4},{"damage":0,"enemies":"2 Louse","floor":2,"turns":3},{"damage":37,"enemies":"Lagavulin","floor":6,"turns":7},{"damage":63,"enemies":"Gremlin Nob","floor":8,"turns":4}],"seed_played":"4749992258118837847","potions_obtained":[{"floor":1,"key":"CunningPotion"},{"floor":6,"key":"CultistPotion"}],"is_trial":false,"path_per_floor":["M","M","?","?","$","E","R","E"],"character_chosen":"THE_SILENT","items_purchased":[],"campfire_rested":1,"item_purchase_floors":[],"current_hp_per_floor":[59,59,59,59,59,22,40,0,0],"gold":58,"neow_bonus":"THREE_RARE_CARDS","is_daily":false,"chose_seed":false,"campfire_upgraded":0,"win_rate":0.0,"timestamp":1612113144,"path_taken":["M","M","?","?","$","E","R","E"],"items_purchased_type":[],"build_version":"2020-12-22","purchased_purges":1,"victory":false,"max_hp_per_floor":[60,60,60,60,60,60,60,60,60],"relic_stats":{"Gremlin Horn":[0,0],"counters":[4,18],"obtain_stats":[{"Gremlin Horn":6,"Ring of the Snake":0},{"Gremlin Horn":3,"Ring of the Snake":0},{"Gremlin Horn":14,"Ring of the Snake":0}],"Ring of the Snake":[8]},"card_choices":[{"not_picked":["Burst","Adrenaline"],"picked":"Bullet Time","floor":0},{"not_picked":["Finisher","Distraction"],"picked":"Blade Dance","floor":1},{"not_picked":["Outmaneuver","Finisher"],"picked":"Predator","floor":2},{"not_picked":["Caltrops","Prepared"],"picked":"Poisoned Stab","floor":6}],"player_experience":684806,"relics_obtained":[{"floor":6,"key":"Gremlin Horn"}],"event_choices":[{"damage_healed":0,"gold_gain":54,"player_choice":"Gained Gold","damage_taken":0,"max_hp_gain":0,"max_hp_loss":0,"event_name":"Golden Wing","floor":3,"gold_loss":0},{"cards_removed":["Defend_G"],"damage_healed":0,"gold_gain":0,"player_choice":"Card Removal","damage_taken":0,"max_hp_gain":0,"max_hp_loss":0,"event_name":"The Cleric","floor":4,"gold_loss":75}],"is_beta":false,"boss_relics":[],"items_purged_floors":[5],"is_endless":false,"potions_floor_spawned":[1,6],"killed_by":"Gremlin Nob","ascension_level":20}}