{"host":"p0aue7rxhhd16ni6","time":1612092322,"event":{"mods":["BaseMod","Minty Spire (QoL Compilation)","StSLib","The Bug Knight"],"gold_per_floor":[117,117,136,136,163,198,208,208,208,208,208,227,242,167,167,269,269,282,293,208,208,208,235,235,235],"floor_reached":24,"language":"ZHS","playtime":1248,"items_purged":[],"score":214,"play_id":"74ec0f5d-75fe-44ca-8708-ed09b5f721a8","local_time":"20210131192522","is_ascension_mode":false,"campfire_choices":[{"data":"HollowMod:CloakDash","floor":8,"key":"SMITH"},{"data":"HollowMod:FocusHealStart","floor":10,"key":"SMITH"},{"data":"HollowMod:TaintedHusks","floor":15,"key":"SMITH"}],"circlet_count":0,"master_deck":["HollowMod:NailStrikeStart","HollowMod:NailStrikeStart","HollowMod:NailStrikeStart","HollowMod:QuickDashStart","HollowMod:QuickDashStart","HollowMod:QuickDashStart","HollowMod:QuickDashStart","HollowMod:FocusHealStart+1","HollowMod:PogoStrike","HollowMod:NewGlowingWomb","HollowMod:CloakDash+1","HollowMod:SoulShaman","HollowMod:QuirrelsAssistance","HollowMod:TaintedHusks+1","HollowMod:InfectionAssault","HollowMod:SlysStrikes","HollowMod:CloakDash","HollowMod:InfectedAttack","HollowMod:InfectedAttack"],"relics":["HollowMod:VesselMask","Akabeko","Omamori","Anchor","Turnip","TungstenRod","Calling Bell","MealTicket","Mummified Hand","Calipers","Thread and Needle","Torii"],"acts_visited":["Exordium","TheCity"],"potions_floor_usage":[23,24],"damage_taken":[{"damage":0,"enemies":"2 Louse","floor":1,"turns":2},{"damage":0,"enemies":"Cultist","floor":3,"turns":3},{"damage":40,"enemies":"HollowMod:MossKnight","floor":6,"turns":13},{"damage":0,"enemies":"Jaw Worm","floor":7,"turns":3},{"damage":8,"enemies":"Exordium Wildlife","floor":12,"turns":5},{"damage":6,"enemies":"2 Fungi Beasts","floor":13,"turns":5},{"damage":70,"enemies":"Slime Boss","floor":16,"turns":15},{"damage":39,"enemies":"2 Thieves","floor":18,"turns":5},{"damage":19,"enemies":"Spheric Guardian","floor":19,"turns":6},{"damage":19,"enemies":"HollowMod:Nosk","floor":23,"turns":7},{"damage":26,"enemies":"Centurion and Healer","floor":24,"turns":4}],"seed_played":"-6374907106793865533","potions_obtained":[{"floor":1,"key":"EssenceOfSteel"},{"floor":3,"key":"ColorlessPotion"},{"floor":16,"key":"SteroidPotion"},{"floor":19,"key":"LiquidMemories"}],"is_trial":false,"path_per_floor":["M","?","M","?","T","E","M","R","T","R","?","M","M","?","R","B",null,"M","M","?","?","?","E","M"],"character_chosen":"THE_BUGKNIGHT","items_purchased":[],"campfire_rested":0,"item_purchase_floors":[],"current_hp_per_floor":[75,75,75,75,75,47,53,53,53,53,53,55,55,60,60,2,80,45,36,36,22,22,15,0,0],"gold":235,"neow_bonus":"RANDOM_COMMON_RELIC","is_daily":false,"chose_seed":false,"campfire_upgraded":3,"win_rate":0.0,"timestamp":1612092322,"path_taken":["M","?","?","?","?","E","M","R","T","R","?","M","?","?","R","BOSS","M","M","?","?","?","E","M"],"items_purchased_type":[],"build_version":"2020-12-22","purchased_purges":0,"victory":false,"max_hp_per_floor":[75,75,75,75,75,75,75,75,75,75,75,75,75,80,80,80,80,80,80,80,85,85,85,85,85],"card_choices":[{"not_picked":["HollowMod:FallenFury","HollowMod:TaintedHusks"],"picked":"HollowMod:NewGlowingWomb","floor":1},{"not_picked":["HollowMod:RecoilStrike","HollowMod:NewLittleFool"],"picked":"HollowMod:CloakDash","floor":3},{"not_picked":["HollowMod:SoulStrike","HollowMod:NewLittleFool"],"picked":"HollowMod:SoulShaman","floor":6},{"not_picked":["HollowMod:DescendingDark","HollowMod:FallenFury"],"picked":"HollowMod:QuirrelsAssistance","floor":7},{"not_picked":["HollowMod:WraithStrike","HollowMod:DescendingDark"],"picked":"HollowMod:TaintedHusks","floor":12},{"not_picked":["HollowMod:AbyssShriek","HollowMod:RecoilStrike"],"picked":"HollowMod:InfectionAssault","floor":13},{"not_picked":["HollowMod:Weaversong","HollowMod:MidwifesHunger"],"picked":"HollowMod:SlysStrikes","floor":16},{"not_picked":["HollowMod:NewLittleFool","HollowMod:DescendingDark+1"],"picked":"HollowMod:CloakDash","floor":18},{"not_picked":["HollowMod:NewJinnsSoul","HollowMod:CornifersMapStart"],"picked":"HollowMod:InfectedAttack","floor":19},{"not_picked":["HollowMod:SoulShaman","HollowMod:DoubleDash"],"picked":"HollowMod:InfectedAttack","floor":23}],"player_experience":471181,"relics_obtained":[{"floor":5,"key":"Omamori"},{"floor":6,"key":"Anchor"},{"floor":9,"key":"Turnip"},{"floor":17,"key":"MealTicket"},{"floor":17,"key":"Mummified Hand"},{"floor":17,"key":"Calipers"},{"floor":23,"key":"Torii"}],"event_choices":[{"cards_removed":["HollowMod:NailStrikeStart"],"damage_healed":0,"gold_gain":0,"player_choice":"Offered Basic","damage_taken":0,"max_hp_gain":0,"max_hp_loss":0,"event_name":"Bonfire Elementals","floor":2,"gold_loss":0},{"damage_healed":0,"gold_gain":0,"player_choice":"Leave","damage_taken":0,"max_hp_gain":0,"max_hp_loss":0,"event_name":"The Cleric","floor":4,"gold_loss":0},{"damage_healed":0,"gold_gain":0,"player_choice":"Gave Potion","damage_taken":0,"relics_obtained":["TungstenRod"],"max_hp_gain":0,"max_hp_loss":0,"event_name":"WeMeetAgain","floor":11,"gold_loss":0},{"damage_healed":0,"gold_gain":0,"player_choice":"Obtained Relic","damage_taken":0,"relics_obtained":["Thread and Needle"],"max_hp_gain":0,"max_hp_loss":0,"event_name":"Addict","floor":20,"gold_loss":85},{"damage_healed":0,"gold_gain":0,"player_choice":"Shed Blood","damage_taken":20,"max_hp_gain":5,"max_hp_loss":0,"event_name":"Forgotten Altar","floor":21,"gold_loss":0},{"damage_healed":0,"gold_gain":0,"player_choice":"Ignored","damage_taken":0,"max_hp_gain":0,"max_hp_loss":0,"event_name":"Vampires","floor":22,"gold_loss":0}],"is_beta":false,"boss_relics":[{"not_picked":["SacredBark","Runic Dome"],"picked":"Calling Bell"}],"items_purged_floors":[],"is_endless":false,"potions_floor_spawned":[1,3,16,19],"killed_by":"Centurion and Healer","ascension_level":0}}