{"host":"dowi7cgbhepuzvpj","time":1612098878,"event":{"mods":["AchievementEnabler","BaseMod","Keyboard Shortcuts","Minty Spire (QoL Compilation)","Permanent Neow","Quick Restart","StSLib","SuperFastMode"],"gold_per_floor":[115,132,325,325,379,379,379,379,379,446,548,609,609,728,728,728,728],"floor_reached":16,"language":"KOR","playtime":399,"items_purged":["Strike_R"],"score":180,"play_id":"ae771236-6a3e-4a29-91c0-e0d8939fb8a1","local_time":"20210131221438","is_ascension_mode":true,"campfire_choices":[{"data":"Apotheosis","floor":7,"key":"SMITH"},{"data":"Evolve","floor":13,"key":"SMITH"},{"floor":15,"key":"RECALL"}],"circlet_count":0,"master_deck":["AscendersBane","Strike_R","Strike_R","Strike_R","Defend_R","Defend_R","Defend_R","Defend_R","Bash","Apotheosis+1","HandOfGreed+1","Offering","Evolve+1"],"relics":["Burning Blood","Bottled Lightning","Membership Card","Bottled Flame","Odd Mushroom"],"acts_visited":["Exordium"],"potions_floor_usage":[11,14],"damage_taken":[{"damage":3,"enemies":"Cultist","floor":1,"turns":4},{"damage":9,"enemies":"Jaw Worm","floor":2,"turns":5},{"damage":7,"enemies":"2 Louse","floor":10,"turns":4},{"damage":15,"enemies":"The Mushroom Lair","floor":11,"turns":4},{"damage":4,"enemies":"2 Fungi Beasts","floor":12,"turns":6},{"damage":0,"enemies":"Lots of Slimes","floor":14,"turns":8},{"damage":73,"enemies":"Hexaghost","floor":16,"turns":9}],"seed_played":"-3009488132174929198","potions_obtained":[{"floor":2,"key":"DistilledChaos"},{"floor":10,"key":"Energy Potion"},{"floor":11,"key":"FearPotion"},{"floor":14,"key":"SteroidPotion"}],"is_trial":false,"path_per_floor":["M","M","$","?","T","?","R","?","T","M","?","M","R","M","R","B"],"character_chosen":"IRONCLAD","items_purchased":["Membership Card","HandOfGreed"],"campfire_rested":0,"item_purchase_floors":[3,3],"current_hp_per_floor":[71,68,68,68,68,73,73,73,73,72,63,65,65,71,71,0,0],"gold":728,"neow_bonus":"RANDOM_COLORLESS_2","is_daily":false,"chose_seed":false,"campfire_upgraded":2,"win_rate":0.0,"timestamp":1612098878,"path_taken":["M","?","$","?","?","?","R","?","T","?","?","M","R","M","R","BOSS"],"items_purchased_type":["Relic","Card"],"build_version":"2020-12-22","purchased_purges":1,"victory":false,"max_hp_per_floor":[75,75,75,75,75,80,80,80,80,80,80,80,80,80,80,80,80],"card_choices":[{"not_picked":["HandOfGreed","Secret Weapon"],"picked":"Apotheosis","floor":0},{"not_picked":["Anger","Clothesline","Pommel Strike"],"picked":"SKIP","floor":1},{"not_picked":["Heavy Blade","Fiend Fire","Dropkick"],"picked":"SKIP","floor":2},{"not_picked":["Carnage","Spot Weakness"],"picked":"Evolve","floor":10},{"not_picked":["Body Slam","Iron Wave","Havoc"],"picked":"SKIP","floor":12},{"not_picked":["Cleave","Heavy Blade","Clothesline"],"picked":"SKIP","floor":14}],"player_experience":859128,"relics_obtained":[{"floor":9,"key":"Bottled Flame"},{"floor":11,"key":"Odd Mushroom"}],"event_choices":[{"damage_healed":0,"gold_gain":0,"cards_transformed":["Strike_R"],"player_choice":"Change","damage_taken":0,"max_hp_gain":0,"max_hp_loss":0,"event_name":"Living Wall","floor":4,"gold_loss":0,"cards_obtained":["Offering"]},{"damage_healed":0,"gold_gain":0,"player_choice":"Donut","damage_taken":0,"max_hp_gain":5,"max_hp_loss":0,"event_name":"Big Fish","floor":6,"gold_loss":0},{"damage_healed":0,"gold_gain":0,"player_choice":"Upgraded","damage_taken":0,"max_hp_gain":0,"max_hp_loss":0,"event_name":"Upgrade Shrine","floor":8,"gold_loss":0,"cards_upgraded":["HandOfGreed"]},{"damage_healed":0,"gold_gain":0,"player_choice":"Fought Mushrooms","damage_taken":0,"max_hp_gain":0,"max_hp_loss":0,"event_name":"Mushrooms","floor":11,"gold_loss":0}],"is_beta":false,"boss_relics":[],"items_purged_floors":[3],"is_endless":false,"potions_floor_spawned":[2,10,11,14],"killed_by":"Hexaghost","ascension_level":20}}