{"host":"sian7qp8a9pc9xwd","time":1612053226,"event":{"mods":["BaseMod","Minty Spire (QoL Compilation)","StSLib","SuperFastMode"],"gold_per_floor":[18,31,47,58,58,58,58,58,58,85,102,124,148,22,22,22,22],"floor_reached":16,"language":"ENG","playtime":7913,"items_purged":["Strike_R"],"score":155,"play_id":"5fd1dde3-875e-4950-a6d2-959919554855","local_time":"20210130193346","is_ascension_mode":true,"campfire_choices":[{"data":"Body Slam","floor":6,"key":"SMITH"},{"data":"Infernal Blade","floor":8,"key":"SMITH"},{"data":"Infernal Blade","floor":15,"key":"SMITH"}],"circlet_count":0,"master_deck":["AscendersBane","Strike_R","Strike_R","Strike_R","Defend_R","Defend_R","Defend_R","Defend_R","Bash","Secret Technique","Shrug It Off","Body Slam+1","Infernal Blade+1","Infernal Blade+1","Iron Wave","Shrug It Off"],"relics":["Burning Blood","Boot","Paper Frog","Odd Mushroom","Toy Ornithopter"],"acts_visited":["Exordium"],"potions_floor_usage":[14,16,16],"damage_taken":[{"damage":6,"enemies":"Cultist","floor":1,"turns":4},{"damage":4,"enemies":"Small Slimes","floor":2,"turns":4},{"damage":16,"enemies":"Jaw Worm","floor":3,"turns":5},{"damage":40,"enemies":"Gremlin Gang","floor":4,"turns":9},{"damage":20,"enemies":"Gremlin Nob","floor":10,"turns":4},{"damage":11,"enemies":"Looter","floor":11,"turns":2},{"damage":10,"enemies":"The Mushroom Lair","floor":12,"turns":4},{"damage":44,"enemies":"Hexaghost","floor":16,"turns":14}],"seed_played":"6787866528313457958","potions_obtained":[{"floor":4,"key":"SpeedPotion"},{"floor":12,"key":"BloodPotion"}],"is_trial":false,"path_per_floor":["M","M","M","M","?","R","?","R","T","E","M","?","T","$","R","B"],"character_chosen":"IRONCLAD","items_purchased":["Block Potion"],"campfire_rested":0,"item_purchase_floors":[14],"current_hp_per_floor":[72,74,64,30,35,35,35,35,35,21,16,12,12,34,34,0,0],"gold":22,"neow_bonus":"RANDOM_COLORLESS_2","is_daily":false,"chose_seed":false,"campfire_upgraded":3,"win_rate":0.0,"timestamp":1612053226,"path_taken":["M","?","M","?","?","R","?","R","T","E","?","?","?","$","R","BOSS"],"items_purchased_type":["Potion"],"build_version":"2020-12-22","purchased_purges":1,"victory":false,"max_hp_per_floor":[80,80,80,80,85,85,85,85,85,85,85,85,85,85,85,85,85],"card_choices":[{"not_picked":["Magnetism","Thinking Ahead"],"picked":"Secret Technique","floor":0},{"not_picked":["True Grit","Bloodletting"],"picked":"Shrug It Off","floor":1},{"not_picked":["Flex","Cleave"],"picked":"Body Slam","floor":2},{"not_picked":["Blood for Blood","Thunderclap"],"picked":"Infernal Blade","floor":3},{"not_picked":["Corruption","Shockwave"],"picked":"Infernal Blade","floor":4},{"not_picked":["Flex","Uppercut","Dark Embrace"],"picked":"SKIP","floor":10},{"not_picked":["Clash","Perfected Strike","Wild Strike"],"picked":"SKIP","floor":11},{"not_picked":["Headbutt","Thunderclap"],"picked":"Shrug It Off","floor":12}],"player_experience":828360,"relics_obtained":[{"floor":9,"key":"Boot"},{"floor":10,"key":"Paper Frog"},{"floor":12,"key":"Odd Mushroom"},{"floor":13,"key":"Toy Ornithopter"}],"event_choices":[{"damage_healed":0,"gold_gain":0,"player_choice":"Donut","damage_taken":0,"max_hp_gain":5,"max_hp_loss":0,"event_name":"Big Fish","floor":5,"gold_loss":0},{"damage_healed":0,"gold_gain":0,"cards_transformed":["Strike_R"],"player_choice":"Transformed","damage_taken":0,"max_hp_gain":0,"max_hp_loss":0,"event_name":"Transmorgrifier","floor":7,"gold_loss":0,"cards_obtained":["Iron Wave"]},{"damage_healed":0,"gold_gain":0,"player_choice":"Fought Mushrooms","damage_taken":0,"max_hp_gain":0,"max_hp_loss":0,"event_name":"Mushrooms","floor":12,"gold_loss":0}],"is_beta":false,"boss_relics":[],"items_purged_floors":[14],"is_endless":false,"potions_floor_spawned":[4,12],"killed_by":"Hexaghost","ascension_level":11}}