{"host":"8p5c6x4qt9411139","time":1612137225,"event":{"mods":["Aspiration","BaseMod","BetterRewards","Friendly Minions","GungeonMod","Hubris","Infinite Spire","Minty Spire (QoL Compilation)","Quick Restart","Relic Stats","Replay The Spire","Shop Mod","StSLib","The Jungle"],"gold_per_floor":[114,64,64,64,82,82,82],"floor_reached":6,"language":"ENG","playtime":159,"items_purged":[],"score":34,"play_id":"c5ed32ac-c9f9-4a03-b3db-933889f30972","local_time":"20210131155345","daily_mods":["Heirloom"],"is_ascension_mode":false,"campfire_choices":[],"circlet_count":0,"master_deck":["DemoMod:Strike_Huntress","DemoMod:Strike_Huntress","DemoMod:Defend_Huntress","DemoMod:Defend_Huntress","DemoMod:Defend_Huntress","DemoMod:Defend_Huntress","DemoMod:Roll","DemoMod:ManualReload","DemoMod:RustySidearm","DemoMod:CrossBow","DemoMod:TeaPot"],"relics":["DemoMod:Dog","infinitespire:Lychee Nut"],"acts_visited":["Exordium"],"potions_floor_usage":[],"damage_taken":[{"damage":5.0,"enemies":"Small Slimes","floor":1.0,"turns":4.0},{"damage":0,"enemies":"2 Louse","floor":5,"turns":4},{"damage":2,"enemies":"Replay:BlueRogue","floor":6,"turns":2}],"seed_played":"7687916151119619730","potions_obtained":[{"floor":1,"key":"AttackPotion"}],"is_trial":true,"path_per_floor":["M","?","$","?","M","E"],"character_chosen":"HUNTRESS","items_purchased":[],"campfire_rested":0,"item_purchase_floors":[],"current_hp_per_floor":[47,47,47,47,52,50,50],"gold":82,"neow_bonus":"","is_daily":false,"chose_seed":false,"campfire_upgraded":0,"win_rate":0.0,"timestamp":1612137225,"path_taken":["M","?","$","?","M","E"],"items_purchased_type":[],"build_version":"2020-12-22","purchased_purges":0,"victory":false,"max_hp_per_floor":[52,52,52,52,52,52,52],"relic_stats":{"counters":[3,10],"obtain_stats":[{"DemoMod:Dog":0,"infinitespire:Lychee Nut":0,"DemoMod:GlassGuonStoneRelic":1},{"DemoMod:Dog":0,"infinitespire:Lychee Nut":0,"DemoMod:GlassGuonStoneRelic":1},{"DemoMod:Dog":0,"infinitespire:Lychee Nut":0,"DemoMod:GlassGuonStoneRelic":4}]},"card_choices":[{"not_picked":["DemoMod:FeignSurrender","DemoMod:GunstockTap"],"picked":"DemoMod:TeaPot","floor":1},{"not_picked":["DemoMod:SAA","DemoMod:ProbeStrike","DemoMod:ConditionalReflex"],"picked":"SKIP","floor":5}],"player_experience":415192,"relics_obtained":[],"event_choices":[{"cards_removed":["DemoMod:Strike_Huntress"],"damage_healed":0,"gold_gain":0,"player_choice":"Card Removal","damage_taken":0,"max_hp_gain":0,"max_hp_loss":0,"event_name":"The Cleric","floor":2,"gold_loss":50},{"damage_healed":0,"gold_gain":0,"player_choice":"Bought 0 Potions","damage_taken":0,"max_hp_gain":0,"max_hp_loss":0,"event_name":"The Woman in Blue","floor":4,"gold_loss":0}],"is_beta":false,"boss_relics":[],"items_purged_floors":[],"is_endless":false,"potions_floor_spawned":[1],"killed_by":"Replay:BlueRogue","ascension_level":0}}