{"host":"qga1dk0dpejsljfb","time":1612082906,"event":{"mods":["A Magickal Journey","Aspiration","BaseMod","Beaked The Cultist","Colored Map","Conspire","Curses Come First","DeckTracker","Downfall","Energized Spire","Glutton Mod","Halation","Hermit","Highlight Path","Hubris","Infinite Spire","Mad Scientist","Marisa????????","Mimic Mod","Minty Spire (QoL Compilation)","Relic Sorter","Replay The Spire","Shop Mod","StSLib","The Administrix","The Bug Knight","The Construct","The Cursed","The Disciple","The Mystic","The Necromancer","The Runesmith","The Servant 0.9.4"],"gold_per_floor":[99,119,119,131,142,142,165,197,197,107,121,153,167,184,204,307,307,307,323,10,10,28,28,28,0,0,19,19,19,35,67,82,82,82,82],"floor_reached":33,"language":"ENG","playtime":3003,"items_purged":["hexamod:Strike"],"score":284,"play_id":"93d22192-5a89-4f56-a706-26818b05e4dd","local_time":"20210131004826","is_ascension_mode":false,"campfire_choices":[{"data":"hexamod:Float","floor":1,"key":"SMITH"},{"data":"hexamod:ExtraCrispy","floor":9,"key":"SMITH"},{"data":"hexamod:Rewind","floor":18,"key":"SMITH"},{"data":"hexamod:FastForward","floor":23,"key":"SMITH"},{"data":"hexamod:EmpoweredFlame","floor":26,"key":"SMITH"},{"floor":28,"key":"REST"}],"circlet_count":0,"master_deck":["hexamod:Strike+1","hexamod:Strike+1","hexamod:Strike+1","hexamod:Defend","hexamod:Defend+1","hexamod:Defend","hexamod:Defend","hexamod:Sear+1","hexamod:Float+1","hexamod:HauntingEcho","hexamod:Firestarter","hexamod:HauntingEcho+1","hexamod:ExtraCrispy+1","hexamod:BurningTouch+1","hexamod:Rewind+1","hexamod:EmpoweredFlame+1","hexamod:SixthSeal","hexamod:ThirdSeal","hexamod:FastForward+1","hexamod:Hexaguard","hexamod:ForkedFlame+1"],"relics":["hexamod:SpiritBrand","hubris:Icosahedron","ReplayFunnel","hubris:SphereOfDissonance","Runesmith:AutoHammer","SlaversCollar","HollowMod:StagPassRelic","infinitespire:Lucky Rock","PrismaticShard","hubris:MobiusCoin"],"acts_visited":["Exordium","TheCity"],"potions_floor_usage":[27,33,33],"damage_taken":[{"damage":0,"enemies":"2 Louse","floor":2,"turns":5},{"damage":0,"enemies":"Cultist","floor":4,"turns":3},{"damage":0,"enemies":"Small Slimes","floor":5,"turns":3},{"damage":26,"enemies":"3 Sentries","floor":8,"turns":10},{"damage":0,"enemies":"downfall:FleeingMerchant","floor":10,"turns":4},{"damage":0,"enemies":"Exordium Wildlife","floor":11,"turns":3},{"damage":0,"enemies":"Gremlin Nob","floor":12,"turns":3},{"damage":13,"enemies":"Lots of Slimes","floor":13,"turns":5},{"damage":7,"enemies":"3 Louse","floor":14,"turns":3},{"damage":1,"enemies":"2 Fungi Beasts","floor":15,"turns":2},{"damage":13,"enemies":"IC_STATUS_ARCHETYPE","floor":16,"turns":6},{"damage":0,"enemies":"Chosen","floor":19,"turns":4},{"damage":5,"enemies":"downfall:FleeingMerchant","floor":20,"turns":4},{"damage":10,"enemies":"Snecko","floor":22,"turns":5},{"damage":7,"enemies":"downfall:FleeingMerchant","floor":25,"turns":4},{"damage":37,"enemies":"Sentry and Sphere","floor":27,"turns":7},{"damage":33,"enemies":"Centurion and Healer","floor":30,"turns":6},{"damage":1,"enemies":"Snecko","floor":31,"turns":4},{"damage":5,"enemies":"Snecko","floor":32,"turns":5},{"damage":26,"enemies":"SI_MIRROR_ARCHETYPE","floor":33,"turns":7}],"seed_played":"767690259843155113","potions_obtained":[{"floor":5,"key":"BlessingOfTheForge"},{"floor":8,"key":"Weak Potion"},{"floor":12,"key":"Regen Potion"},{"floor":30,"key":"EssenceOfSteel"}],"is_trial":false,"path_per_floor":["R","M","?","M","M","?","T","E","R","$","M","E","M","M","M","B",null,"R","M","$","?","M","R","T","$","R","M","R","AVR","M","MIM","M","B"],"character_chosen":"THE_SPIRIT","items_purchased":["HollowMod:StagPassRelic","hexamod:Hexaguard"],"campfire_rested":1,"item_purchase_floors":[20,20],"current_hp_per_floor":[77,77,77,77,77,77,77,51,51,51,51,51,38,31,30,17,77,77,77,72,72,67,67,67,60,60,38,61,61,28,27,22,0,0,0],"gold":82,"neow_bonus":"TEN_PERCENT_HP_BONUS","is_daily":false,"chose_seed":false,"campfire_upgraded":5,"win_rate":0.0,"timestamp":1612082906,"path_taken":["R","M","?","M","?","?","T","E","R","$","M","E","M","M","M","BOSS","R","M","$","?","M","R","T","$","R","M","R","AVR","M","?","M","BOSS"],"items_purchased_type":["Relic","Card"],"build_version":"2020-12-22","purchased_purges":1,"victory":false,"max_hp_per_floor":[77,77,77,77,77,77,77,77,77,77,77,77,77,77,77,77,77,77,77,77,77,77,77,77,77,77,77,77,77,77,77,77,77,77,77],"card_choices":[{"not_picked":["hexamod:PhantomFireball","hexamod:EtherealExpedition"],"picked":"hexamod:HauntingEcho","floor":2},{"not_picked":["hexamod:GhostLash","hexamod:GhostflameBarrier"],"picked":"hexamod:Firestarter","floor":4},{"not_picked":["hexamod:SpectersWail","hexamod:AdvancingGuard"],"picked":"hexamod:HauntingEcho","floor":5},{"not_picked":["hexamod:HauntingEcho","hexamod:SkipABeat"],"picked":"hexamod:ExtraCrispy","floor":8},{"not_picked":["hexamod:Firestarter","hexamod:GhostLash"],"picked":"hexamod:BurningTouch","floor":10},{"not_picked":["hexamod:GhostShield","hexamod:GhostLash","hexamod:FastForward"],"picked":"SKIP","floor":11},{"not_picked":["hexamod:GhostOfSpireFuture","hexamod:BurningTouch"],"picked":"hexamod:Rewind","floor":12},{"not_picked":["hexamod:Hexaguard","hexamod:NightmareStrike"],"picked":"hexamod:EmpoweredFlame","floor":13},{"not_picked":["hexamod:ShieldOfDarkness","hexamod:InspiringFlames","hexamod:CatchUp"],"picked":"SKIP","floor":14},{"not_picked":["hexamod:AdvancingGuard","hexamod:HeatMetal","hexamod:NightmareGuise"],"picked":"SKIP","floor":15},{"not_picked":["hexamod:GhostflameInferno","hexamod:ParanormalForm"],"picked":"hexamod:SixthSeal","floor":16},{"not_picked":["hexamod:BacktrackSmack","hexamod:HeatCrush+1"],"picked":"hexamod:ThirdSeal","floor":19},{"not_picked":["hexamod:GhostLash","hexamod:InspiringFlames"],"picked":"hexamod:FastForward","floor":20},{"not_picked":["hexamod:HeatMetal+1","hexamod:Haunt+1","hexamod:EmpoweredFlame"],"picked":"SKIP","floor":20},{"not_picked":["hexamod:RainOfEmbers","hexamod:FastForward","hexamod:GhostOfSpirePast"],"picked":"SKIP","floor":22},{"not_picked":["hexamod:RecurringNightmare","hexamod:GhostShield","hexamod:GhostLash"],"picked":"SKIP","floor":22},{"not_picked":["hexamod:InspiringFlames","hexamod:GhostflameBarrier"],"picked":"hexamod:ForkedFlame","floor":25},{"not_picked":["hexamod:PhantomFireball+1","hexamod:GhostOfSpireFuture","hexamod:HauntingEcho"],"picked":"SKIP","floor":25},{"not_picked":["hexamod:GhostShield","hexamod:InspiringFlames","hexamod:BacktrackSmack"],"picked":"SKIP","floor":27},{"not_picked":["GrandCross+1","construct:ForceCore+1","bronze:GetLatest"],"picked":"SKIP","floor":30},{"not_picked":["PrimeTime","Potential","mysticmod:PureInstinct+1"],"picked":"SKIP","floor":32}],"player_experience":132724,"relics_obtained":[{"floor":7,"key":"ReplayFunnel"},{"floor":8,"key":"hubris:SphereOfDissonance"},{"floor":12,"key":"Runesmith:AutoHammer"},{"floor":24,"key":"infinitespire:Lucky Rock"},{"floor":31,"key":"hubris:MobiusCoin"}],"event_choices":[{"cards_removed":["Iron Wave"],"damage_healed":0,"gold_gain":0,"player_choice":"Took Card","damage_taken":0,"max_hp_gain":0,"max_hp_loss":0,"event_name":"NoteForYourself","floor":3,"gold_loss":0,"cards_obtained":["Iron Wave"]},{"damage_healed":0,"gold_gain":0,"player_choice":"Grow","damage_taken":0,"max_hp_gain":0,"max_hp_loss":0,"event_name":"Living Wall","floor":6,"gold_loss":0,"cards_upgraded":["hexamod:Sear"]}],"is_beta":false,"boss_relics":[{"not_picked":["infinitespire:Cupcake","aspiration:FutureDiary"],"picked":"SlaversCollar"}],"items_purged_floors":[10],"is_endless":false,"potions_floor_spawned":[5,8,12,14,15,22,30,32],"killed_by":"SI_MIRROR_ARCHETYPE","ascension_level":0}}