{"host":"p0aue7rxhhd16ni6","time":1612071241,"event":{"mods":["BaseMod","Downfall","Minty Spire (QoL Compilation)","StSLib","The Bug Knight"],"gold_per_floor":[112,128,128,128,145,145,145],"floor_reached":6,"language":"ZHS","playtime":164,"items_purged":[],"score":36,"play_id":"1c186b3e-0493-46d2-9c76-0f8279c9a6ed","local_time":"20210131133401","is_ascension_mode":false,"campfire_choices":[],"circlet_count":0,"master_deck":["HollowMod:NailStrikeStart","HollowMod:NailStrikeStart","HollowMod:NailStrikeStart","HollowMod:NailStrikeStart","HollowMod:QuickDashStart","HollowMod:QuickDashStart","HollowMod:QuickDashStart","HollowMod:QuickDashStart","HollowMod:FocusHealStart","HollowMod:PogoStrike","HollowMod:MantisMark","HollowMod:VengefulVoid","Regret","HollowMod:SoulStrike"],"relics":["HollowMod:VesselMask","NeowsBlessing","Smiling Mask"],"acts_visited":["Exordium"],"potions_floor_usage":[6],"damage_taken":[{"damage":0,"enemies":"Cultist","floor":1,"turns":1},{"damage":0,"enemies":"2 Louse","floor":2,"turns":1},{"damage":0,"enemies":"Jaw Worm","floor":5,"turns":1},{"damage":18,"enemies":"Lagavulin","floor":6,"turns":3}],"seed_played":"-4179239217576978825","potions_obtained":[{"floor":1,"key":"champ:CounterPotion"},{"floor":2,"key":"EssenceOfSteel"}],"is_trial":false,"path_per_floor":["M","M","?","?","M","E"],"character_chosen":"THE_BUGKNIGHT","items_purchased":[],"campfire_rested":0,"item_purchase_floors":[],"current_hp_per_floor":[75,75,75,75,75,57,57],"gold":145,"neow_bonus":"THREE_ENEMY_KILL","is_daily":false,"chose_seed":false,"campfire_upgraded":0,"win_rate":0.0,"timestamp":1612071241,"path_taken":["M","M","?","?","M","E"],"items_purchased_type":[],"build_version":"2020-12-22","purchased_purges":0,"victory":false,"max_hp_per_floor":[75,75,75,75,75,75,75],"card_choices":[{"not_picked":["HollowMod:NewJinnsSoul","HollowMod:DreamGate"],"picked":"HollowMod:MantisMark","floor":1},{"not_picked":["HollowMod:HowlingWraiths","HollowMod:LifebloodCocoon"],"picked":"HollowMod:VengefulVoid","floor":2},{"not_picked":["HollowMod:CycloneSlash","HollowMod:InfectedCysts"],"picked":"HollowMod:SoulStrike","floor":5}],"player_experience":474686,"relics_obtained":[],"event_choices":[{"damage_healed":0,"gold_gain":0,"player_choice":"Box","damage_taken":0,"relics_obtained":["Smiling Mask"],"max_hp_gain":0,"max_hp_loss":0,"event_name":"Big Fish","floor":4,"gold_loss":0,"cards_obtained":["Regret"]}],"is_beta":false,"boss_relics":[],"items_purged_floors":[],"is_endless":false,"potions_floor_spawned":[1,2],"killed_by":"Lagavulin","ascension_level":0}}