{"host":"uv5ws9rdk87e8i5k","time":1612074767,"event":{"mods":["AchievementEnabler","BaseMod","Colored Map","Minty Spire (QoL Compilation)","Permanent Neow","Quick Restart","StSLib","SuperFastMode","The Necromancer"],"gold_per_floor":[111,122,137,62,75,108,124,153,190,236,320,349,378,35,35,111,111,128,143,158,176,188,188,188,188],"floor_reached":24,"language":"ENG","playtime":634,"items_purged":["Strike_W"],"score":392,"play_id":"1f6598c8-9223-49a7-a1c6-1f433d840adf","local_time":"20210131003247","is_ascension_mode":true,"campfire_choices":[{"floor":15.0,"key":"REST"},{"data":"Summon_Vampire_Lady","floor":23,"key":"SMITH"}],"circlet_count":0,"master_deck":["AscendersBane","Strike_W","Strike_W","Defend_W","Defend_W","Defend_W","Defend_W","Negative_Energy_Arrows","Bone_Wall","Grasp_Heart","Bone_Prison","Summon_Undead","Grasp_Heart","Death_Knell","Summon_Undead","Life_Drain","Summon_Vampire_Lady+1","Spectral_Armor+1","Spectral_Walk"],"relics":["Vampire_Amulet","Sundial","MawBank","Ancient Tea Set","MealTicket","Bottled Lightning","Black Star"],"acts_visited":["Exordium","TheCity"],"potions_floor_usage":[20,22],"damage_taken":[{"damage":2.0,"enemies":"2 Louse","floor":1.0,"turns":3.0},{"damage":7.0,"enemies":"Jaw Worm","floor":2.0,"turns":3.0},{"damage":5.0,"enemies":"Cultist","floor":3.0,"turns":4.0},{"damage":0.0,"enemies":"2 Fungi Beasts","floor":5.0,"turns":4.0},{"damage":26.0,"enemies":"Gremlin Nob","floor":6.0,"turns":4.0},{"damage":13.0,"enemies":"Large Slime","floor":7.0,"turns":6.0},{"damage":2.0,"enemies":"Lagavulin","floor":8.0,"turns":6.0},{"damage":27.0,"enemies":"3 Sentries","floor":10.0,"turns":7.0},{"damage":3.0,"enemies":"Looter","floor":12.0,"turns":3.0},{"damage":3.0,"enemies":"Blue Slaver","floor":13.0,"turns":3.0},{"damage":5.0,"enemies":"Slime Boss","floor":16.0,"turns":8.0},{"damage":13.0,"enemies":"Shell Parasite","floor":18.0,"turns":5.0},{"damage":46,"enemies":"Spheric Guardian","floor":19,"turns":6},{"damage":61,"enemies":"Shelled Parasite and Fungi","floor":20,"turns":6},{"damage":31,"enemies":"Centurion and Healer","floor":21,"turns":7},{"damage":41,"enemies":"Cultist and Chosen","floor":22,"turns":7},{"damage":54,"enemies":"Book of Stabbing","floor":24,"turns":6}],"seed_played":"-4872848629994439125","potions_obtained":[{"floor":1.0,"key":"SkillPotion"},{"floor":6.0,"key":"SteroidPotion"},{"floor":10.0,"key":"AttackPotion"},{"floor":12.0,"key":"Fruit Juice"},{"floor":16.0,"key":"ColorlessPotion"},{"floor":18.0,"key":"FearPotion"},{"floor":21,"key":"SmokeBomb"}],"is_trial":false,"path_per_floor":["M","M","M","?","M","E","M","E","T","E","?","M","M","$","R","B",null,"M","M","M","M","M","R","E"],"character_chosen":"NECROMANCER","items_purchased":["Bottled Lightning","Life_Drain"],"campfire_rested":1,"item_purchase_floors":[14,14],"current_hp_per_floor":[66,61,58,58,62,38,29,29,29,8,8,12,11,26,48,76,76,74,56,27,33,15,15,0,0],"gold":188,"neow_bonus":"ONE_RANDOM_RARE_CARD","is_daily":false,"chose_seed":false,"campfire_upgraded":1,"win_rate":0.0,"timestamp":1612074767,"path_taken":["M","M","M","?","M","E","M","E","T","E","?","?","M","$","R","BOSS","M","M","M","M","M","R","E"],"items_purchased_type":["Relic","Card"],"build_version":"2020-12-22","purchased_purges":1,"victory":false,"max_hp_per_floor":[71,71,71,71,71,71,71,71,71,71,71,76,76,76,76,76,76,76,76,76,76,76,76,76,76],"card_choices":[{"not_picked":["Bone_Armor","Toxic_Smoke_Screen","Death_Coil"],"picked":"SKIP","floor":1.0},{"not_picked":["Death_Coil","Vampiric_Strike"],"picked":"Bone_Prison","floor":2.0},{"not_picked":["Bone_Spikes","Negative_Energy_Mist"],"picked":"Summon_Undead","floor":3.0},{"not_picked":["Blood_Magic","Bone_Armor","Blood_Whip"],"picked":"SKIP","floor":5.0},{"not_picked":["Bone_Bullets","Negative_Energy_Shield","Consume_Illness"],"picked":"SKIP","floor":6.0},{"not_picked":["Negative_Energy_Sphere","Vampiric_Strike"],"picked":"Grasp_Heart","floor":7.0},{"not_picked":["Negative_Energy_Mist","Negative_Energy_Javelin","Negative_Energy_Shield"],"picked":"SKIP","floor":8.0},{"not_picked":["Negative_Energy_Mist","Blood_Curse"],"picked":"Death_Knell","floor":10.0},{"not_picked":["Bone_Spikes","Toxic_Smoke_Screen","Negative_Energy_Sphere"],"picked":"SKIP","floor":12.0},{"not_picked":["Bone_Armory","Consume_Illness"],"picked":"Summon_Undead","floor":13.0},{"not_picked":["Cloudkill","Blood_Wake"],"picked":"Summon_Vampire_Lady","floor":16.0},{"not_picked":["Bone_Spikes","Scare","Toxic_Smoke_Screen+1"],"picked":"SKIP","floor":18.0},{"not_picked":["Death_March_Dance","Epidemic","Consume_Illness"],"picked":"SKIP","floor":19},{"not_picked":["Blood_Curse+1","Acid_Javelin","Chill_Blood"],"picked":"SKIP","floor":20},{"not_picked":["Plague_Bolt","Thousand_Bone_Knives"],"picked":"Spectral_Armor+1","floor":21},{"not_picked":["Vampiric_Strike","Consume_Illness"],"picked":"Spectral_Walk","floor":22}],"player_experience":319817,"relics_obtained":[{"floor":6.0,"key":"Sundial"},{"floor":8.0,"key":"MawBank"},{"floor":9.0,"key":"Ancient Tea Set"},{"floor":10.0,"key":"MealTicket"}],"event_choices":[{"cards_removed":["Strike_W"],"damage_healed":0.0,"max_hp_gain":0.0,"max_hp_loss":0.0,"gold_gain":0.0,"event_name":"The Cleric","player_choice":"Card Removal","floor":4.0,"gold_loss":75.0,"damage_taken":0.0},{"damage_healed":0.0,"max_hp_gain":0.0,"max_hp_loss":0.0,"gold_gain":72.0,"event_name":"Golden Wing","player_choice":"Gained Gold","floor":11.0,"gold_loss":0.0,"damage_taken":0.0}],"is_beta":false,"boss_relics":[{"not_picked":["Empty Cage","Tiny House"],"picked":"Black Star"}],"items_purged_floors":[14],"is_endless":false,"potions_floor_spawned":[1,6,10,12,16,18,21],"killed_by":"Book of Stabbing","ascension_level":15}}