{"host":"kzpuingyul43kz0j","time":1612131743,"event":{"mods":["2.2 Compatiblity","BaseMod","Bestiary","Better Skull","BetterRewards","Colored Map","Colored Powertips","Curses Come First","Displayed Cursed Tome","Gold Saver","Highlight Path","Keyboard Shortcuts","Minty Spire (QoL Compilation)","Relic Stats","Remove Card Discount Mod","StSLib","Uncapped"],"gold_per_floor":[109,109,109,6,106,144,144,159,212,236,255,273,114,138,138,259,259,272,290,36,54,72,72,72,72,72,93,112,133,169,190,190,311,311,327,351,351,372,397,437,437,450,500,500,500,205,205,229,229,229,229],"floor_reached":50,"language":"ENG","playtime":2988,"items_purged":["Defend_B","Strike_B","Dualcast","Defend_B","Strike_B","Strike_B","Defend_B","Defend_B","Strike_B"],"score":550,"play_id":"3474a3d5-21fa-480c-8441-020672e35c80","local_time":"20210131232223","is_ascension_mode":false,"campfire_choices":[{"data":"Zap","floor":7,"key":"SMITH"},{"data":"Redo","floor":15,"key":"SMITH"},{"data":"Genetic Algorithm","floor":23,"key":"SMITH"},{"data":"Loop","floor":25,"key":"SMITH"},{"floor":32,"key":"REST"},{"floor":41,"key":"RECALL"},{"data":"Mayhem","floor":45,"key":"SMITH"},{"data":"Blizzard","floor":47,"key":"SMITH"},{"data":"Leap","floor":49,"key":"SMITH"}],"circlet_count":0,"master_deck":["Zap+1","Sweeping Beam","Leap+1","Cold Snap","Conserve Battery+1","Blizzard+1","Redo+1","Loop+1","Leap+1","Ball Lightning","Sweeping Beam","Ball Lightning+1","Sweeping Beam","Genetic Algorithm+1","Double Energy+1","Core Surge","BootSequence","Mayhem+1","Blizzard+1"],"relics":["FrozenCore","NeowsBlessing","Mercury Hourglass","Golden Idol","Kunai","Orichalcum","Philosopher\u0027s Stone","Membership Card","Bag of Preparation","Bronze Scales","War Paint","Ancient Tea Set","Juzu Bracelet","FossilizedHelix","Omamori","OrangePellets"],"acts_visited":["Exordium","TheCity","TheBeyond"],"potions_floor_usage":[16,16,27,30,33,33,38,38,38,39,40,48,50],"damage_taken":[{"damage":0,"enemies":"Cultist","floor":1,"turns":1},{"damage":0,"enemies":"Lagavulin","floor":6,"turns":1},{"damage":0,"enemies":"2 Louse","floor":8,"turns":1},{"damage":0,"enemies":"Jaw Worm","floor":10,"turns":3},{"damage":0,"enemies":"Gremlin Gang","floor":11,"turns":3},{"damage":0,"enemies":"Large Slime","floor":12,"turns":5},{"damage":4,"enemies":"2 Fungi Beasts","floor":14,"turns":3},{"damage":11,"enemies":"The Guardian","floor":16,"turns":7},{"damage":0,"enemies":"3 Byrds","floor":18,"turns":3},{"damage":5,"enemies":"Shell Parasite","floor":19,"turns":4},{"damage":19,"enemies":"Snake Plant","floor":21,"turns":3},{"damage":0,"enemies":"Cultist and Chosen","floor":22,"turns":3},{"damage":24,"enemies":"Centurion and Healer","floor":27,"turns":4},{"damage":0,"enemies":"Snecko","floor":28,"turns":3},{"damage":3,"enemies":"Snake Plant","floor":29,"turns":2},{"damage":0,"enemies":"Gremlin Leader","floor":30,"turns":4},{"damage":7,"enemies":"Centurion and Healer","floor":31,"turns":4},{"damage":32,"enemies":"Automaton","floor":33,"turns":8},{"damage":13,"enemies":"3 Shapes","floor":35,"turns":4},{"damage":6,"enemies":"Orb Walker","floor":36,"turns":3},{"damage":2,"enemies":"4 Shapes","floor":38,"turns":3},{"damage":10,"enemies":"Writhing Mass","floor":39,"turns":5},{"damage":43,"enemies":"Nemesis","floor":40,"turns":7},{"damage":12,"enemies":"Spire Growth","floor":42,"turns":5},{"damage":0,"enemies":"Maw","floor":48,"turns":6},{"damage":18,"enemies":"Awakened One","floor":50,"turns":7}],"seed_played":"-2095222448611313108","potions_obtained":[{"floor":1,"key":"SmokeBomb"},{"floor":11,"key":"ColorlessPotion"},{"floor":14,"key":"FocusPotion"},{"floor":16,"key":"Explosive Potion"},{"floor":21,"key":"LiquidBronze"},{"floor":22,"key":"ColorlessPotion"},{"floor":28,"key":"DistilledChaos"},{"floor":33,"key":"SpeedPotion"},{"floor":35,"key":"EntropicBrew"},{"floor":39,"key":"AttackPotion"},{"floor":40,"key":"AttackPotion"},{"floor":48,"key":"Weak Potion"}],"is_trial":false,"path_per_floor":["M","T","?","$","?","E","R","M","T","M","M","M","$","M","R","B",null,"M","M","$","M","M","R","?","R","T","M","M","M","E","M","R","B",null,"M","M","?","M","M","E","R","M","T","?","R","$","R","M","R","B"],"character_chosen":"DEFECT","items_purchased":["Leap","Cold Snap","Orichalcum","Membership Card","Bag of Preparation","Sweeping Beam","FossilizedHelix","Omamori","OrangePellets"],"campfire_rested":1,"item_purchase_floors":[4,4,13,20,20,20,46,46,46],"current_hp_per_floor":[75,75,57,57,57,57,57,57,57,57,57,57,57,53,53,42,75,75,70,70,51,51,51,51,51,51,27,27,24,24,17,39,7,75,62,56,56,54,44,1,1,15,15,15,15,15,15,15,15,0,0],"gold":229,"neow_bonus":"THREE_ENEMY_KILL","is_daily":false,"chose_seed":false,"campfire_upgraded":7,"win_rate":0.0,"timestamp":1612131743,"path_taken":["M","?","?","$","?","E","R","M","T","M","M","M","$","M","R","BOSS","M","?","$","M","M","R","?","R","T","M","M","M","E","M","R","BOSS","M","M","?","M","M","E","R","M","T","?","R","$","R","M","R","BOSS"],"items_purchased_type":["Card","Card","Relic","Relic","Relic","Card","Relic","Relic","Relic"],"build_version":"2020-12-22","purchased_purges":9,"victory":false,"max_hp_per_floor":[75,75,75,75,75,75,75,75,75,75,75,75,75,75,75,75,75,75,75,75,75,75,75,75,75,75,75,75,75,75,75,75,75,75,75,75,75,75,75,75,75,75,75,75,75,75,75,75,75,75,75],"relic_stats":{"OrangePellets":[2],"counters":[26,98],"Golden Idol":148,"Bronze Scales":[171],"Bag of Preparation":[32],"Juzu Bracelet":0,"Kunai":[46],"Orichalcum":[36],"War Paint":["Conserve Battery","Leap"],"obtain_stats":[{"NeowsBlessing":0,"Golden Idol":3,"Bag of Preparation":20,"Juzu Bracelet":43,"Omamori":46,"Orichalcum":13,"War Paint":30,"Ancient Tea Set":40,"Mercury Hourglass":2,"FrozenCore":34,"OrangePellets":46,"Bronze Scales":26,"Philosopher\u0027s Stone":17,"Kunai":6,"Membership Card":20,"Cracked Core":0,"FossilizedHelix":46},{"NeowsBlessing":0,"Golden Idol":1,"Bag of Preparation":10,"Juzu Bracelet":24,"Omamori":24,"Orichalcum":6,"War Paint":16,"Ancient Tea Set":23,"Mercury Hourglass":1,"FrozenCore":18,"OrangePellets":24,"Bronze Scales":12,"Philosopher\u0027s Stone":8,"Kunai":2,"Membership Card":10,"Cracked Core":0,"FossilizedHelix":24},{"NeowsBlessing":0,"Golden Idol":1,"Bag of Preparation":29,"Juzu Bracelet":85,"Omamori":85,"Orichalcum":13,"War Paint":48,"Ancient Tea Set":81,"Mercury Hourglass":1,"FrozenCore":60,"OrangePellets":85,"Bronze Scales":35,"Philosopher\u0027s Stone":22,"Kunai":2,"Membership Card":29,"Cracked Core":0,"FossilizedHelix":85}],"FrozenCore":[4],"Mercury Hourglass":[392]},"card_choices":[{"not_picked":["Reprogram","Glacier"],"picked":"Sweeping Beam","floor":1},{"not_picked":["Redo","Chill"],"picked":"Conserve Battery","floor":6},{"not_picked":["Hello World","Sweeping Beam"],"picked":"Blizzard","floor":8},{"not_picked":["Go for the Eyes","Consume"],"picked":"Redo","floor":10},{"not_picked":["Double Energy","Recycle"],"picked":"Loop","floor":11},{"not_picked":["Conserve Battery","Compile Driver"],"picked":"Leap","floor":12},{"not_picked":["Conserve Battery","Blizzard"],"picked":"Ball Lightning","floor":14},{"not_picked":["Coolheaded","Turbo"],"picked":"Sweeping Beam","floor":18},{"not_picked":["Hyperbeam","Gash"],"picked":"Ball Lightning+1","floor":19},{"not_picked":["Sweeping Beam","Coolheaded","Recycle"],"picked":"SKIP","floor":21},{"not_picked":["Redo+1","Barrage"],"picked":"Genetic Algorithm","floor":22},{"not_picked":["Fission","Conserve Battery"],"picked":"Double Energy+1","floor":27},{"not_picked":["Scrape","Ball Lightning","Streamline+1"],"picked":"SKIP","floor":28},{"not_picked":["Turbo","Ball Lightning","Steam Power"],"picked":"SKIP","floor":29},{"not_picked":["Reboot","Reprogram","Redo"],"picked":"SKIP","floor":30},{"not_picked":["Turbo","Streamline","Capacitor"],"picked":"SKIP","floor":31},{"not_picked":["Amplify","Biased Cognition"],"picked":"Core Surge","floor":33},{"not_picked":["Sweeping Beam","Leap","Stack"],"picked":"SKIP","floor":35},{"not_picked":["Barrage","Streamline+1","Stack+1"],"picked":"SKIP","floor":36},{"not_picked":["Coolheaded","Sweeping Beam","Ball Lightning+1"],"picked":"SKIP","floor":38},{"not_picked":["Static Discharge","Steam","Ball Lightning"],"picked":"SKIP","floor":39},{"not_picked":["Amplify","Steam Power+1"],"picked":"BootSequence","floor":40},{"not_picked":["Rebound+1","Compile Driver","Ball Lightning"],"picked":"SKIP","floor":42},{"not_picked":["Mind Blast","Forethought"],"picked":"Mayhem","floor":44},{"not_picked":["Steam+1","Lockon+1"],"picked":"Blizzard+1","floor":48}],"player_experience":89411,"relics_obtained":[{"floor":2,"key":"Mercury Hourglass"},{"floor":6,"key":"Kunai"},{"floor":26,"key":"Bronze Scales"},{"floor":30,"key":"War Paint"},{"floor":40,"key":"Ancient Tea Set"},{"floor":43,"key":"Juzu Bracelet"}],"event_choices":[{"damage_healed":0,"gold_gain":0,"player_choice":"Take Damage","damage_taken":18,"relics_obtained":["Golden Idol"],"max_hp_gain":0,"max_hp_loss":0,"event_name":"Golden Idol","floor":3,"gold_loss":0},{"damage_healed":0,"gold_gain":100,"player_choice":"Pray","damage_taken":0,"max_hp_gain":0,"max_hp_loss":0,"event_name":"Golden Shrine","floor":5,"gold_loss":0},{"damage_healed":0,"gold_gain":0,"player_choice":"Simplicity","damage_taken":0,"max_hp_gain":0,"max_hp_loss":0,"event_name":"Back to Basics","floor":24,"gold_loss":0,"cards_upgraded":[]},{"damage_healed":0,"gold_gain":0,"player_choice":"Ignored","damage_taken":0,"max_hp_gain":0,"max_hp_loss":0,"event_name":"Tomb of Lord Red Mask","floor":37,"gold_loss":0},{"damage_healed":0,"gold_gain":0,"player_choice":"Memory 1","damage_taken":0,"max_hp_gain":0,"max_hp_loss":0,"event_name":"SensoryStone","floor":44,"gold_loss":0}],"is_beta":false,"boss_relics":[{"not_picked":["Empty Cage","Velvet Choker"],"picked":"Philosopher\u0027s Stone"},{"not_picked":["Runic Pyramid","Snecko Eye"],"picked":"FrozenCore"}],"items_purged_floors":[4,4,4,4,4,4,13,13,20],"is_endless":false,"potions_floor_spawned":[1,11,14,16,21,22,28,33,35,39,40,48],"killed_by":"Awakened One","ascension_level":0}}