{"host":"59cc6k4ir9ghxqag","time":1612094035,"event":{"mods":["100% Spire Juice","Arknights","BaseMod","Colored Powertips","Downfall","Hermit","Lobotomy","Marisa£®ÏF”Í°°ƒß¿Ì…≥£©","Minty Spire (QoL Compilation)","Remilia£®¿Ÿ√◊¿Ú—«£©","Replay The Spire","Robot Space Explorer","Shop Mod","StSLib","The Bug Knight","The Cursed","The Dragon Tamer","°æ“≈ŒÔø®≈∆°øREMEMod"],"gold_per_floor":[117,392,404,5,16,16,16],"floor_reached":6,"language":"ZHS","playtime":345,"items_purged":["Regret"],"score":172,"play_id":"4f2459b7-f505-4c98-9d4a-c6fe252cda87","local_time":"20210131195355","daily_mods":["SealedDeck","Diverse","Heirloom","Flight","Lethality"],"is_ascension_mode":true,"campfire_choices":[],"circlet_count":0,"master_deck":["AscendersBane","Twin Strike","Moonworks:ExtendedPhotonRifle","Prostrate","ScarletImprint","hermit:BodyArmor","ThirdEye","Deflect","Slimebound:GoopSpray","Pummel","ScarletImprint","DeceiveReality"],"relics":["Unceasing Top","REME_ComplimentaryCards","StoneCalendar","Potion Belt","Omamori"],"acts_visited":["Exordium"],"potions_floor_usage":[],"damage_taken":[{"damage":0,"enemies":"Small Slimes","floor":1,"turns":2},{"damage":5,"enemies":"Cultist","floor":3,"turns":4},{"damage":1,"enemies":"Jaw Worm","floor":5,"turns":2},{"damage":16,"enemies":"Lagavulin","floor":6,"turns":7}],"seed_played":"1152134363477860648","potions_obtained":[{"floor":1,"key":"PowerPotion"}],"is_trial":true,"path_per_floor":["M","?","M","$","M","E"],"character_chosen":"IRONCLAD","items_purchased":["Potion Belt","Omamori"],"campfire_rested":0,"item_purchase_floors":[4,4],"current_hp_per_floor":[68,68,63,63,62,46,46],"gold":16,"neow_bonus":"","is_daily":false,"chose_seed":false,"campfire_upgraded":0,"win_rate":0.0,"timestamp":1612094035,"path_taken":["M","?","M","$","?","E"],"items_purchased_type":["Relic","Relic"],"build_version":"2020-12-22","purchased_purges":1,"victory":false,"max_hp_per_floor":[75,75,75,75,75,75,75],"card_choices":[{"not_picked":["ScarletSymphony","hexamod:HauntingEcho","hermit:Desperado"],"picked":"SKIP","floor":1},{"not_picked":["hermit:SprayPray","sneckomod:Unknown1Cost","TheCursedMod:SaltUponWound"],"picked":"SKIP","floor":3},{"not_picked":["HollowMod:WraithStrike","DTMod:Weaken","bronze:FollowUp"],"picked":"SKIP","floor":5}],"player_experience":550139,"relics_obtained":[],"event_choices":[{"damage_healed":0,"gold_gain":275,"player_choice":"Desecrate","damage_taken":0,"max_hp_gain":0,"max_hp_loss":0,"event_name":"Golden Shrine","floor":2,"gold_loss":0,"cards_obtained":["Regret"]}],"is_beta":false,"boss_relics":[],"items_purged_floors":[4],"is_endless":true,"potions_floor_spawned":[1],"killed_by":"Lagavulin","ascension_level":20}}