{"host":"x730sfaw5rd1mxd8","time":1612055836,"event":{"mods":["BaseMod","BetterRewards","Colored Powertips","Highlight Path","Minty Spire (QoL Compilation)","Relic Sorter","Relic Stats","Replay The Spire","StSLib"],"gold_per_floor":[113,133,143,143,163,191,204,238,265,279,306,306,320,334,334,436,436,448,75,85,85,105,131,148,183,207,217,244,244,244,256,256,355,355,366,416,436,454,469,494,549,575,575,605,605,712,724,740,740,740,740],"floor_reached":50,"language":"ENG","playtime":3596,"items_purged":["Strike_P","Defend_P","Strike_P","Strike_P"],"score":1319,"play_id":"1e202f79-ae86-47c2-b836-ec015cc3ec86","local_time":"20210130201716","is_ascension_mode":true,"campfire_choices":[{"data":"Eruption","floor":15,"key":"SMITH"},{"floor":29,"key":"REST"},{"data":"Protect","floor":32,"key":"SMITH"},{"floor":45,"key":"RECALL"},{"floor":49,"key":"REST"}],"circlet_count":0,"master_deck":["Defend_P+1","Defend_P+1","Defend_P+1","Eruption+1","Vigilance+1","FearNoEvil+1","Wireheading+1","Brilliance+1","ClearTheMind+1","WheelKick+1","WindmillStrike+1","Consecrate+1","LessonLearned","FlurryOfBlows+1","Crescendo+1","Halt+1","Ragnarok+1","Meditate+1","Protect+1","Replay:LoomingThreat+1","Wireheading+1","InnerPeace+1","ThirdEye+1","DeusExMachina","MentalFortress","Tantrum","Scrawl","CrushJoints+1","FlyingSleeves+1"],"relics":["PureWater","ReplayTheSpireMod:Lightbulb","PreservedInsect","Lee\u0027s Waffle","Happy Flower","Mirror","Bag of Marbles","Omamori","Vajra","ReplayFunnel","Sozu","Prayer Wheel","MealTicket","Blood Vial","Replay:Baseball","Strawberry","Ring of Chaos","GoldenEye","Replay:Bottled Eggs","Shovel","Bronze Scales","Smiling Mask"],"acts_visited":["Exordium","TheCity","TheBeyond"],"potions_floor_usage":[6,20,50,50],"damage_taken":[{"damage":0,"enemies":"Small Slimes","floor":1,"turns":2},{"damage":0,"enemies":"Jaw Worm","floor":2,"turns":3},{"damage":1,"enemies":"Cultist","floor":3,"turns":4},{"damage":0,"enemies":"Lots of Slimes","floor":5,"turns":3},{"damage":7,"enemies":"3 Sentries","floor":6,"turns":4},{"damage":0,"enemies":"Large Slime","floor":7,"turns":1},{"damage":0,"enemies":"Lagavulin","floor":8,"turns":2},{"damage":0,"enemies":"Gremlin Gang","floor":10,"turns":3},{"damage":0,"enemies":"Gremlin Nob","floor":11,"turns":2},{"damage":0,"enemies":"2 Fungi Beasts","floor":13,"turns":2},{"damage":0,"enemies":"3 Louse","floor":14,"turns":1},{"damage":0,"enemies":"The Guardian","floor":16,"turns":4},{"damage":0,"enemies":"Shell Parasite","floor":18,"turns":2},{"damage":0,"enemies":"2 Thieves","floor":20,"turns":1},{"damage":12,"enemies":"Cultist and Chosen","floor":22,"turns":3},{"damage":23,"enemies":"Book of Stabbing","floor":23,"turns":3},{"damage":14,"enemies":"Snecko","floor":24,"turns":3},{"damage":0,"enemies":"Gremlin Leader","floor":25,"turns":3},{"damage":0,"enemies":"Centurion and Healer","floor":27,"turns":4},{"damage":0,"enemies":"Replay:Snechameleon","floor":28,"turns":2},{"damage":16,"enemies":"Snake Plant","floor":31,"turns":2},{"damage":7,"enemies":"Champ","floor":33,"turns":4},{"damage":1,"enemies":"3 Shapes","floor":35,"turns":4},{"damage":0,"enemies":"Mind Bloom Boss Battle","floor":36,"turns":2},{"damage":2,"enemies":"Orb Walker","floor":37,"turns":2},{"damage":21,"enemies":"Writhing Mass","floor":38,"turns":4},{"damage":0,"enemies":"4 Shapes","floor":39,"turns":5},{"damage":0,"enemies":"R_Hoarder","floor":40,"turns":2},{"damage":16,"enemies":"2 Orb Walkers","floor":41,"turns":4},{"damage":0,"enemies":"Reptomancer","floor":42,"turns":2},{"damage":0,"enemies":"R_Hoarder","floor":44,"turns":2},{"damage":23,"enemies":"Sphere and 2 Shapes","floor":47,"turns":6},{"damage":0,"enemies":"3 Darklings","floor":48,"turns":2},{"damage":34,"enemies":"Donu and Deca","floor":50,"turns":4}],"seed_played":"-2665716412440799030","potions_obtained":[{"floor":3,"key":"Fire Potion"},{"floor":5,"key":"Elixir"},{"floor":10,"key":"AttackPotion"},{"floor":11,"key":"ColorlessPotion"},{"floor":14,"key":"StancePotion"},{"floor":16,"key":"BottledMiracle"}],"is_trial":false,"path_per_floor":["M","M","M","?","M","E","M","E","T","M","E","?","M","M","R","B",null,"M","$","M","?","M","E","M","E","T","M","E","R","$","M","R","B",null,"M","?","M","M","M","E","?","E","T","E","R","?","M","M","R","B"],"character_chosen":"WATCHER","items_purchased":["ReplayTheSpireMod:Lightbulb","PreservedInsect","Lee\u0027s Waffle","FearNoEvil","Wireheading","Brilliance","ClearTheMind","WheelKick","Happy Flower","WindmillStrike+1","Consecrate","LessonLearned","FlurryOfBlows","Crescendo","Prayer Wheel","Wireheading"],"campfire_rested":2,"item_purchase_floors":[0,0,0,0,0,0,0,0,0,0,0,0,0,0,19,19],"current_hp_per_floor":[79,79,78,53,53,46,46,46,46,46,46,46,46,46,46,46,71,71,71,71,71,59,36,22,22,22,24,33,58,73,59,59,54,78,79,81,81,62,64,66,52,54,54,56,56,22,1,3,28,0,0],"gold":740,"neow_bonus":"","is_daily":false,"chose_seed":false,"campfire_upgraded":2,"win_rate":0.0,"timestamp":1612055836,"path_taken":["M","M","M","?","M","E","M","E","T","M","E","?","M","?","R","BOSS","M","?","?","?","M","E","M","E","T","?","E","R","$","?","R","BOSS","M","?","M","M","M","E","?","E","T","E","R","?","M","?","R","BOSS"],"items_purchased_type":["Relic","Relic","Relic","Card","Card","Card","Card","Card","Relic","Card","Card","Card","Card","Card","Relic","Card"],"build_version":"2020-12-22","purchased_purges":4,"victory":false,"max_hp_per_floor":[79,79,79,79,79,79,79,79,79,79,79,79,79,79,79,79,79,79,79,79,79,79,79,79,79,79,79,86,86,86,86,86,86,86,86,86,86,86,86,86,86,86,86,86,86,86,86,86,86,86,86],"relic_stats":{"Lee\u0027s Waffle":14,"Happy Flower":[139],"counters":[353,1454],"PreservedInsect":408,"GoldenEye":[28],"Smiling Mask":0,"Sozu":20,"Blood Vial":32,"Shovel":0,"Bronze Scales":[15],"Prayer Wheel":11,"MealTicket":15,"obtain_stats":[{"Golden Egg":0,"Replay:Accelerometer":40,"Vampiric Spirits":0,"Whetstone":55,"Boot":55,"Sling":55,"Old Coin":37,"Blood Vial":20,"Replay:Bronze Core":17,"MealTicket":27,"Fusion Hammer":36,"Replay:Wax Seal":12,"Electric Blood":17,"Replay:Bottled Steam":43,"Pear":46,"Blue Candle":30,"Tingsha":0,"Eternal Feather":49,"Paper Crane":8,"Cables":54,"SlaversCollar":17,"Snecko Scales":34,"Bird Faced Urn":12,"Snecko Eye":17,"Mark of Pain":0,"StrikeDummy":6,"Abe\u0027s Treasure":17,"Regal Pillow":0,"Lantern":40,"Singing Bowl":10,"Magic Flower":11,"Painkiller Herb":19,"Blue Doll":23,"Bag of Preparation":55,"Replay:Multitool":44,"Cursed Key":34,"Smiling Mask":23,"Burning Blood":0,"Pet Ghost":23,"Replay:Rubber Ducky":55,"Matryoshka":0,"Shovel":41,"Replay:Bottled Eggs":40,"InkBottle":27,"Potion Belt":7,"Lee\u0027s Waffle":0,"The Specimen":25,"Golden Idol":11,"Basket Of Snakes":39,"Damaru":13,"Thread and Needle":47,"The Courier":14,"PreservedInsect":22,"Geode":40,"Omamori":31,"Frozen Egg 2":0,"MawBank":31,"GoldenEye":54,"Replay:Arrowhead":0,"Busted Crown":17,"Ornamental Fan":55,"Ring of Misfortune":2,"Turnip":46,"Art of War":40,"Garlic":13,"Bottled Lightning":53,"ReplayTheSpireMod:Ring of Challenge":38,"ReplayTheSpireMod:Lightbulb":0,"Toy Ornithopter":48,"Ice Cream":14,"Calipers":0,"Gremlin Horn":9,"Nilry\u0027s Codex":23,"CeramicFish":8,"Vajra":28,"Sozu":0,"Centennial Puzzle":9,"Lizard Tail":45,"HornCleat":0,"DollysMirror":0,"Strawberry":28,"Prayer Wheel":0,"Philosopher\u0027s Stone":34,"Iron Hammer":27,"Toxic Egg 2":0,"Byrd Skull":11,"Happy Flower":55,"Astrolabe":34,"Replay:Grab Bag":34,"Oddly Smooth Stone":26,"Ring of Chaos":47,"War Paint":23,"Question Card":0,"Du-Vu Doll":53,"OrangePellets":0,"Bottled Flame":15,"Replay:Baseball":0,"ReplayTheSpireMod:Shallot":26,"Shuriken":43,"Bronze Scales":12,"Simple Rune":55,"Onion Ring":8,"Mirror":0,"Pocketwatch":0,"Meat on the Bone":38,"Darkstone Periapt":5,"ReplayFunnel":55,"Mango":6,"Snake Skull":29,"Incense Burner":45,"Juzu Bracelet":48,"CloakClasp":43,"Dream Catcher":43,"Nunchaku":24,"Replay:Bandana":10,"TheAbacus":53,"Mummified Hand":5,"Pantograph":23,"Gambling Chip":24,"Tiny Chest":6,"Replay:Drink Me":17,"Red Skull":6,"Gremlin Food":44,"ReplayTheSpireMod:Ninjato":6,"Replay:Towering Pillar of Hats":10,"Quantum Egg":46,"Guide Book":0,"Replay:WaspNest":0,"Orichalcum":56,"Medical Kit":42,"Mercury Hourglass":0,"Peace Pipe":39,"Anchor":11,"CaptainsWheel":43,"Pondfish Scales":55,"DataDisk":0,"HolyWater":34,"ChewingGum":34,"Snack Pack":8,"Bag of Marbles":40,"Membership Card":0,"PureWater":0,"FossilizedHelix":48},{"Golden Egg":184,"Replay:Accelerometer":207,"Vampiric Spirits":61,"Whetstone":91,"Boot":91,"Sling":91,"Old Coin":308,"Blood Vial":26,"Replay:Bronze Core":134,"MealTicket":58,"Fusion Hammer":80,"Replay:Wax Seal":191,"Electric Blood":51,"Replay:Bottled Steam":119,"Pear":122,"Blue Candle":30,"Tingsha":93,"Eternal Feather":316,"Paper Crane":66,"Cables":153,"SlaversCollar":24,"Snecko Scales":115,"Bird Faced Urn":22,"Snecko Eye":222,"Mark of Pain":0,"StrikeDummy":98,"Abe\u0027s Treasure":265,"Regal Pillow":93,"Lantern":176,"Singing Bowl":21,"Magic Flower":49,"Painkiller Herb":72,"Blue Doll":196,"Bag of Preparation":91,"Replay:Multitool":120,"Cursed Key":31,"Smiling Mask":227,"Burning Blood":0,"Pet Ghost":56,"Replay:Rubber Ducky":91,"Matryoshka":61,"Shovel":348,"Replay:Bottled Eggs":347,"InkBottle":141,"Potion Belt":218,"Lee\u0027s Waffle":319,"The Specimen":76,"Golden Idol":5,"Basket Of Snakes":82,"Damaru":221,"Thread and Needle":180,"The Courier":7,"PreservedInsect":11,"Geode":146,"Omamori":202,"Frozen Egg 2":14,"MawBank":79,"GoldenEye":183,"Replay:Arrowhead":286,"Busted Crown":8,"Ornamental Fan":91,"Ring of Misfortune":257,"Turnip":38,"Art of War":36,"Garlic":250,"Bottled Lightning":182,"ReplayTheSpireMod:Ring of Challenge":81,"ReplayTheSpireMod:Lightbulb":319,"Toy Ornithopter":241,"Ice Cream":23,"Calipers":256,"Gremlin Horn":20,"Nilry\u0027s Codex":75,"CeramicFish":157,"Vajra":77,"Sozu":154,"Centennial Puzzle":5,"Lizard Tail":281,"HornCleat":286,"DollysMirror":286,"Strawberry":13,"Prayer Wheel":93,"Philosopher\u0027s Stone":232,"Iron Hammer":167,"Toxic Egg 2":286,"Byrd Skull":66,"Happy Flower":91,"Astrolabe":172,"Replay:Grab Bag":232,"Oddly Smooth Stone":57,"Ring of Chaos":122,"War Paint":139,"Question Card":244,"Du-Vu Doll":284,"OrangePellets":93,"Bottled Flame":70,"Replay:Baseball":93,"ReplayTheSpireMod:Shallot":269,"Shuriken":177,"Bronze Scales":6,"Simple Rune":91,"Onion Ring":292,"Mirror":244,"Pocketwatch":41,"Meat on the Bone":117,"Darkstone Periapt":18,"ReplayFunnel":91,"Mango":19,"Snake Skull":78,"Incense Burner":87,"Juzu Bracelet":181,"CloakClasp":208,"Dream Catcher":37,"Nunchaku":75,"Replay:Bandana":100,"TheAbacus":211,"Mummified Hand":290,"Pantograph":12,"Gambling Chip":27,"Tiny Chest":188,"Replay:Drink Me":161,"Red Skull":47,"Gremlin Food":87,"ReplayTheSpireMod:Ninjato":156,"Replay:Towering Pillar of Hats":66,"Quantum Egg":87,"Guide Book":93,"Replay:WaspNest":61,"Orichalcum":92,"Medical Kit":119,"Mercury Hourglass":61,"Peace Pipe":146,"Anchor":66,"CaptainsWheel":86,"Pondfish Scales":91,"DataDisk":126,"HolyWater":275,"ChewingGum":232,"Snack Pack":48,"Bag of Marbles":278,"Membership Card":61,"PureWater":0,"FossilizedHelix":151},{"Golden Egg":733,"Replay:Accelerometer":814,"Vampiric Spirits":244,"Whetstone":364,"Boot":364,"Sling":364,"Old Coin":1307,"Blood Vial":107,"Replay:Bronze Core":537,"MealTicket":230,"Fusion Hammer":315,"Replay:Wax Seal":750,"Electric Blood":208,"Replay:Bottled Steam":471,"Pear":484,"Blue Candle":123,"Tingsha":376,"Eternal Feather":1340,"Paper Crane":257,"Cables":637,"SlaversCollar":100,"Snecko Scales":459,"Bird Faced Urn":86,"Snecko Eye":881,"Mark of Pain":0,"StrikeDummy":392,"Abe\u0027s Treasure":1067,"Regal Pillow":376,"Lantern":706,"Singing Bowl":82,"Magic Flower":200,"Painkiller Herb":279,"Blue Doll":766,"Bag of Preparation":364,"Replay:Multitool":475,"Cursed Key":130,"Smiling Mask":896,"Burning Blood":0,"Pet Ghost":224,"Replay:Rubber Ducky":364,"Matryoshka":244,"Shovel":1438,"Replay:Bottled Eggs":1434,"InkBottle":568,"Potion Belt":860,"Lee\u0027s Waffle":1357,"The Specimen":292,"Golden Idol":17,"Basket Of Snakes":325,"Damaru":872,"Thread and Needle":718,"The Courier":25,"PreservedInsect":40,"Geode":594,"Omamori":790,"Frozen Egg 2":51,"MawBank":304,"GoldenEye":727,"Replay:Arrowhead":1198,"Busted Crown":30,"Ornamental Fan":364,"Ring of Misfortune":1014,"Turnip":156,"Art of War":146,"Garlic":986,"Bottled Lightning":724,"ReplayTheSpireMod:Ring of Challenge":318,"ReplayTheSpireMod:Lightbulb":1357,"Toy Ornithopter":957,"Ice Cream":93,"Calipers":1011,"Gremlin Horn":78,"Nilry\u0027s Codex":288,"CeramicFish":657,"Vajra":296,"Sozu":646,"Centennial Puzzle":17,"Lizard Tail":1164,"HornCleat":1198,"DollysMirror":1198,"Strawberry":48,"Prayer Wheel":376,"Philosopher\u0027s Stone":919,"Iron Hammer":681,"Toxic Egg 2":1198,"Byrd Skull":257,"Happy Flower":364,"Astrolabe":695,"Replay:Grab Bag":919,"Oddly Smooth Stone":226,"Ring of Chaos":484,"War Paint":559,"Question Card":970,"Du-Vu Doll":1182,"OrangePellets":376,"Bottled Flame":268,"Replay:Baseball":376,"ReplayTheSpireMod:Shallot":1091,"Shuriken":710,"Bronze Scales":20,"Simple Rune":364,"Onion Ring":1223,"Mirror":970,"Pocketwatch":170,"Meat on the Bone":463,"Darkstone Periapt":65,"ReplayFunnel":364,"Mango":73,"Snake Skull":300,"Incense Burner":344,"Juzu Bracelet":721,"CloakClasp":818,"Dream Catcher":151,"Nunchaku":288,"Replay:Bandana":399,"TheAbacus":834,"Mummified Hand":1211,"Pantograph":44,"Gambling Chip":111,"Tiny Chest":741,"Replay:Drink Me":667,"Red Skull":189,"Gremlin Food":344,"ReplayTheSpireMod:Ninjato":655,"Replay:Towering Pillar of Hats":257,"Quantum Egg":344,"Guide Book":376,"Replay:WaspNest":244,"Orichalcum":369,"Medical Kit":471,"Mercury Hourglass":244,"Peace Pipe":594,"Anchor":257,"CaptainsWheel":341,"Pondfish Scales":364,"DataDisk":505,"HolyWater":1128,"ChewingGum":919,"Snack Pack":196,"Bag of Marbles":1150,"Membership Card":244,"PureWater":0,"FossilizedHelix":621}]},"card_choices":[{"not_picked":["ThirdEye","FlyingSleeves"],"picked":"Halt","floor":1},{"not_picked":["EmptyBody","ThirdEye"],"picked":"Ragnarok","floor":2},{"not_picked":["Protect","ThirdEye","Replay:ManipulateFuture"],"picked":"SKIP","floor":3},{"not_picked":["Crescendo","Replay:ManipulateFuture"],"picked":"Meditate","floor":5},{"not_picked":["CutThroughFate","Omniscience","EmptyBody"],"picked":"SKIP","floor":6},{"not_picked":["Sanctity","Prostrate","ClearTheMind"],"picked":"SKIP","floor":7},{"not_picked":["ClearTheMind","Weave","Replay:BluntJabs"],"picked":"SKIP","floor":8},{"not_picked":["CutThroughFate","Sanctity"],"picked":"Protect","floor":10},{"not_picked":["Replay:Cycle","Weave","Replay:Hum"],"picked":"SKIP","floor":11},{"not_picked":["Crescendo","SashWhip","FlyingSleeves"],"picked":"SKIP","floor":13},{"not_picked":["Replay:ManipulateFuture","BowlingBash","WindmillStrike"],"picked":"SKIP","floor":14},{"not_picked":["Protect","Vengeance+1","Prostrate"],"picked":"SKIP","floor":18},{"not_picked":["SashWhip","FollowUp"],"picked":"InnerPeace+1","floor":20},{"not_picked":["Protect","CutThroughFate","Collect+1"],"picked":"SKIP","floor":20},{"not_picked":["SashWhip","Replay:Hum","CutThroughFate"],"picked":"SKIP","floor":22},{"not_picked":["Study+1","ClearTheMind","EmptyMind+1"],"picked":"SKIP","floor":22},{"not_picked":["Replay:ManipulateFuture+1","Replay:AtTheReady+1"],"picked":"ThirdEye+1","floor":23},{"not_picked":["Replay:ManipulateFuture+1","Protect"],"picked":"DeusExMachina","floor":24},{"not_picked":["Halt","SashWhip","Prostrate"],"picked":"SKIP","floor":24},{"not_picked":["Consecrate","BowlingBash+1"],"picked":"MentalFortress","floor":25},{"not_picked":["Worship","FlyingSleeves","Swivel"],"picked":"SKIP","floor":27},{"not_picked":["EmptyBody","LikeWater","Replay:Cycle"],"picked":"SKIP","floor":27},{"not_picked":["Halt","EmptyMind","CrushJoints+1"],"picked":"SKIP","floor":28},{"not_picked":["Replay:Vibes+1","Adaptation"],"picked":"Tantrum","floor":31},{"not_picked":["Blasphemy","Study","Protect+1"],"picked":"SKIP","floor":31},{"not_picked":["MasterReality","ConjureBlade"],"picked":"Scrawl","floor":33},{"not_picked":["ForeignInfluence","Protect+1","Perseverance"],"picked":"SKIP","floor":35},{"not_picked":["Replay:BluntJabs","Replay:Battleflow+1","Prostrate"],"picked":"SKIP","floor":35},{"not_picked":["Protect","LikeWater","Omniscience"],"picked":"SKIP","floor":37},{"not_picked":["WaveOfTheHand","Replay:ManipulateFuture","CutThroughFate"],"picked":"SKIP","floor":37},{"not_picked":["Consecrate+1","Judgement"],"picked":"CrushJoints+1","floor":38},{"not_picked":["FlyingSleeves","ClearTheMind","Nirvana"],"picked":"SKIP","floor":38},{"not_picked":["WreathOfFlame+1","MentalFortress+1","CrushJoints"],"picked":"SKIP","floor":39},{"not_picked":["PathToVictory","EmptyFist","FlyingSleeves+1"],"picked":"SKIP","floor":39},{"not_picked":["EmptyBody","Perseverance","Evaluate"],"picked":"SKIP","floor":40},{"not_picked":["Replay:Battleflow+1","EmptyBody+1"],"picked":"FlyingSleeves+1","floor":42},{"not_picked":["Evaluate+1","Wireheading+1","Perseverance+1"],"picked":"SKIP","floor":44},{"not_picked":["EmptyBody+1","FlyingSleeves","Conclude+1"],"picked":"SKIP","floor":47},{"not_picked":["Replay:Anticipation","MentalFortress","MasterReality"],"picked":"SKIP","floor":47},{"not_picked":["Wallop","LikeWater+1","Swivel"],"picked":"SKIP","floor":48},{"not_picked":["Replay:BluntJabs","Pray+1","SashWhip"],"picked":"SKIP","floor":48}],"player_experience":4053195,"relics_obtained":[{"floor":6,"key":"Bag of Marbles"},{"floor":8,"key":"Omamori"},{"floor":9,"key":"Vajra"},{"floor":11,"key":"ReplayFunnel"},{"floor":23,"key":"MealTicket"},{"floor":25,"key":"Blood Vial"},{"floor":26,"key":"Replay:Baseball"},{"floor":28,"key":"Strawberry"},{"floor":36,"key":"GoldenEye"},{"floor":40,"key":"Replay:Bottled Eggs"},{"floor":41,"key":"Shovel"},{"floor":42,"key":"Bronze Scales"},{"floor":44,"key":"Smiling Mask"}],"event_choices":[{"damage_healed":0,"gold_gain":0,"player_choice":"Success","damage_taken":25,"relics_obtained":["Mirror"],"max_hp_gain":0,"max_hp_loss":0,"event_name":"Scrap Ooze","floor":4,"gold_loss":0},{"damage_healed":0,"gold_gain":0,"cards_transformed":["Strike_P"],"player_choice":"Transformed","damage_taken":0,"max_hp_gain":0,"max_hp_loss":0,"event_name":"Transmorgrifier","floor":12,"gold_loss":0,"cards_obtained":["Replay:LoomingThreat"]},{"damage_healed":0,"gold_gain":0,"player_choice":"Forge","damage_taken":0,"max_hp_gain":0,"max_hp_loss":0,"event_name":"Accursed Blacksmith","floor":21,"gold_loss":0,"cards_upgraded":["Replay:LoomingThreat"]},{"damage_healed":0,"gold_gain":0,"player_choice":"Fight","damage_taken":0,"max_hp_gain":0,"max_hp_loss":0,"event_name":"MindBloom","floor":36,"gold_loss":0},{"damage_healed":0,"gold_gain":0,"player_choice":"Fight","damage_taken":0,"max_hp_gain":0,"max_hp_loss":0,"event_name":"Mysterious Sphere","floor":41,"gold_loss":0}],"is_beta":false,"boss_relics":[{"not_picked":["Ectoplasm","Empty Cage"],"picked":"Sozu"},{"not_picked":["HolyWater","Replay:Drink Me"],"picked":"Ring of Chaos"}],"items_purged_floors":[0,0,0,0],"is_endless":false,"potions_floor_spawned":[3,5,10,11,14,16,18,20,22,28,31,33,35,38,40,41,47,48],"killed_by":"Donu and Deca","ascension_level":6}}