{"host":"m4qpn8a4h7jhbw2f","time":1612072187,"event":{"mods":["BaseMod","Colored Map","Colored Powertips","Minty Spire (QoL Compilation)","Rare Cards Sparkle","Relic Stats"],"gold_per_floor":[110,128,128,145,145,180,180,195,195,195,207,51,65,65,65],"floor_reached":14,"language":"ENG","playtime":1031,"items_purged":["Shame"],"score":101,"play_id":"bffb0baf-f5a9-46f9-b3a7-8f51f49a95f1","local_time":"20210131004947","is_ascension_mode":true,"campfire_choices":[{"data":"Fire Breathing","floor":7,"key":"SMITH"},{"data":"Infernal Blade","floor":10,"key":"SMITH"}],"circlet_count":0,"master_deck":["Strike_R","Strike_R","Strike_R","Strike_R","Strike_R","Defend_R","Defend_R","Defend_R","Defend_R","Bash","Transmutation","Fire Breathing+1","Headbutt","Bash","Injury","Power Through","Headbutt","Infernal Blade+1","Iron Wave","Bloodletting","Battle Trance"],"relics":["Burning Blood","CaptainsWheel","Shuriken","Pear"],"acts_visited":["Exordium"],"potions_floor_usage":[6,11],"damage_taken":[{"damage":17,"enemies":"Cultist","floor":1,"turns":5},{"damage":0,"enemies":"Small Slimes","floor":2,"turns":4},{"damage":4,"enemies":"Jaw Worm","floor":4,"turns":4},{"damage":33,"enemies":"Lagavulin","floor":6,"turns":7},{"damage":23,"enemies":"3 Louse","floor":8,"turns":4},{"damage":32,"enemies":"Exordium Thugs","floor":11,"turns":6},{"damage":0,"enemies":"Large Slime","floor":13,"turns":5},{"damage":30,"enemies":"3 Sentries","floor":14,"turns":4}],"seed_played":"5146468982443042694","potions_obtained":[{"floor":2,"key":"FearPotion"},{"floor":6,"key":"Weak Potion"},{"floor":13,"key":"ElixirPotion"}],"is_trial":false,"path_per_floor":["M","M","?","M","?","E","R","M","T","R","M","$","M","E"],"character_chosen":"IRONCLAD","items_purchased":["Bloodletting"],"campfire_rested":0,"item_purchase_floors":[12],"current_hp_per_floor":[69,75,75,77,77,50,50,33,43,43,17,17,23,0,0],"gold":65,"neow_bonus":"RANDOM_COLORLESS_2","is_daily":false,"chose_seed":false,"campfire_upgraded":2,"win_rate":0.0,"timestamp":1612072187,"path_taken":["M","M","?","?","?","E","R","M","T","R","M","$","?","E"],"items_purchased_type":["Card"],"build_version":"2020-12-22","purchased_purges":1,"victory":false,"max_hp_per_floor":[80,80,80,80,80,80,80,80,90,90,90,90,90,90,90],"relic_stats":{"counters":[8,39],"Shuriken":[1],"obtain_stats":[{"CaptainsWheel":3,"Pear":9,"Shuriken":6,"Burning Blood":0},{"CaptainsWheel":2,"Pear":5,"Shuriken":4,"Burning Blood":0},{"CaptainsWheel":9,"Pear":24,"Shuriken":20,"Burning Blood":0}],"Burning Blood":42},"card_choices":[{"not_picked":["Magnetism","Thinking Ahead"],"picked":"Transmutation","floor":0},{"not_picked":["Pommel Strike","Armaments"],"picked":"Fire Breathing","floor":1},{"not_picked":["Sword Boomerang","True Grit"],"picked":"Headbutt","floor":2},{"not_picked":["Havoc","Warcry","Pommel Strike"],"picked":"SKIP","floor":4},{"not_picked":["Thunderclap","Spot Weakness"],"picked":"Headbutt","floor":6},{"not_picked":["Cleave","Brutality"],"picked":"Infernal Blade","floor":8},{"not_picked":["Body Slam","Inflame"],"picked":"Iron Wave","floor":11},{"not_picked":["Anger","Headbutt"],"picked":"Battle Trance","floor":13}],"player_experience":193952,"relics_obtained":[{"floor":3,"key":"CaptainsWheel"},{"floor":6,"key":"Shuriken"},{"floor":9,"key":"Pear"}],"event_choices":[{"damage_healed":0,"gold_gain":0,"player_choice":"Relic","damage_taken":0,"max_hp_gain":0,"max_hp_loss":0,"event_name":"Wheel of Change","floor":3,"gold_loss":0},{"damage_healed":0,"gold_gain":0,"player_choice":"3 cards matched","damage_taken":0,"max_hp_gain":0,"max_hp_loss":0,"event_name":"Match and Keep!","floor":5,"gold_loss":0,"cards_obtained":["Bash","Injury","Power Through"]},{"damage_healed":0,"gold_gain":0,"player_choice":"3 cards matched","damage_taken":0,"max_hp_gain":0,"max_hp_loss":0,"event_name":"Match and Keep!","floor":5,"gold_loss":0,"cards_obtained":["Bash","Injury","Power Through"]}],"is_beta":false,"boss_relics":[],"items_purged_floors":[12],"is_endless":false,"potions_floor_spawned":[2,6,13],"killed_by":"3 Sentries","ascension_level":2}}