{"host":"qy7jow5usmjkdnnq","time":1612051901,"event":{"mods":["BaseMod","Colored Map","Downfall","Minty Spire (QoL Compilation)","Permanent Neow","Relic Stats","StSLib"],"gold_per_floor":[99,109,119,119,138,157,157,221,252,252,152,177,177,209,220,315,315,315,332,342,360,360,380,380,380,380,411,166,201,230,242,265,378,390,402,414,1425,988,1003,1003,1029,929,955,966,981,1012,1029,289,309,309],"floor_reached":51,"language":"ENG","playtime":3750,"items_purged":["sneckomod:Unknown0Cost","Normality","Normality"],"score":1333,"play_id":"c11b461e-3a83-4cc1-89a8-03d2e6a9aef6","local_time":"20210131011141","is_ascension_mode":true,"campfire_choices":[{"data":"sneckomod:TailWhip","floor":1,"key":"SMITH"},{"floor":11,"key":"REST"},{"data":"sneckomod:QuickMove","floor":13,"key":"SMITH"},{"data":"sneckomod:UnknownRareAttack","floor":18,"key":"SMITH"},{"data":"sneckomod:UnknownX","floor":25,"key":"SMITH"},{"data":"sneckomod:UnknownX","floor":26,"key":"SMITH"},{"floor":35,"key":"RECALL"},{"data":"sneckomod:Unknown3Cost","floor":42,"key":"SMITH"}],"circlet_count":0,"master_deck":["sneckomod:Strike","sneckomod:Defend","sneckomod:Defend","sneckomod:TailWhip+1","sneckomod:SnekBite","sneckomod:Unknown","sneckomod:Unknown+1","sneckomod:ImprovisedAttack+1","sneckomod:IronFang+1","sneckomod:UnknownDraw+1","sneckomod:Nope","Pain","sneckomod:QuickBite","sneckomod:QuickMove+1","sneckomod:UnknownVulnerable","sneckomod:UnknownRareAttack+1","sneckomod:UnknownClassTHE_BRONZE_AUTOMATON","sneckomod:UnknownX+1","sneckomod:UnknownX+1","sneckomod:UnknownBlock","sneckomod:SoulExchange","sneckomod:UnknownClassRED+1","sneckomod:DiceBlock+1","sneckomod:Rotation","sneckomod:Unknown3Cost+1","sneckomod:UnknownRarePower","sneckomod:SoulRoll","bronze:FunctionCard","bronze:FunctionCard","sneckomod:Unknown2Cost+1","sneckomod:SoulRoll+1","Demon Form","sneckomod:UnknownDexterity+1","sneckomod:UnknownDraw+1","sneckomod:UnknownRareAttack","sneckomod:DiceBlock+1","sneckomod:UnknownClassRED+1"],"relics":["Astrolabe","WarpedTongs","sneckomod:ConfusingCodex","Bottled Flame","Nunchaku","Oddly Smooth Stone","downfall:HeartBlessingGreen","sneckomod:SneckoCommon","bronze:DecasWashers","Snecko Eye","WingedGreaves","hexamod:Sixitude","HandDrill","Bronze Scales","MawBank","Coffee Dripper","Darkstone Periapt","Guardian:BottledAnomaly","Bag of Marbles","StoneCalendar","Blue Candle","Guardian:PocketSentry","downfall:HeartBlessingRed","Sundial","Pen Nib","FossilizedHelix","War Paint","OrangePellets"],"acts_visited":["Exordium","TheCity","TheBeyond"],"potions_floor_usage":[9,33,38,50,50],"damage_taken":[{"damage":0,"enemies":"2 Louse","floor":2,"turns":1},{"damage":0,"enemies":"Cultist","floor":3,"turns":2},{"damage":5,"enemies":"Small Slimes","floor":5,"turns":2},{"damage":14,"enemies":"Blue Slaver","floor":6,"turns":3},{"damage":15,"enemies":"Gremlin Nob","floor":8,"turns":2},{"damage":24,"enemies":"3 Sentries","floor":9,"turns":5},{"damage":1,"enemies":"Gremlin Nob","floor":12,"turns":2},{"damage":5,"enemies":"3 Sentries","floor":14,"turns":3},{"damage":0,"enemies":"Exordium Wildlife","floor":15,"turns":1},{"damage":24,"enemies":"WA_ARCHETYPE_RETAIN","floor":16,"turns":7},{"damage":0,"enemies":"Spheric Guardian","floor":19,"turns":1},{"damage":0,"enemies":"Snake Plant","floor":20,"turns":1},{"damage":3,"enemies":"Centurion and Healer","floor":21,"turns":4},{"damage":32,"enemies":"Shelled Parasite and Fungi","floor":23,"turns":4},{"damage":7,"enemies":"Book of Stabbing","floor":27,"turns":1},{"damage":2,"enemies":"downfall:FleeingMerchant","floor":28,"turns":4},{"damage":8,"enemies":"Slavers","floor":29,"turns":3},{"damage":2,"enemies":"Gremlin Leader","floor":30,"turns":5},{"damage":0,"enemies":"Snake Plant","floor":32,"turns":1},{"damage":28,"enemies":"IC_MUSHROOM_ARCHETYPE","floor":33,"turns":4},{"damage":3,"enemies":"downfall:FleeingMerchant","floor":38,"turns":4},{"damage":15,"enemies":"Orb Walker","floor":39,"turns":2},{"damage":33,"enemies":"Reptomancer","floor":43,"turns":3},{"damage":15,"enemies":"3 Darklings","floor":44,"turns":1},{"damage":1,"enemies":"4 Shapes","floor":45,"turns":1},{"damage":19,"enemies":"Nemesis","floor":46,"turns":3},{"damage":0,"enemies":"Spire Growth","floor":47,"turns":2},{"damage":1,"enemies":"Sphere and 2 Shapes","floor":49,"turns":4},{"damage":0,"enemies":"SI_POISON_ARCHETYPE","floor":50,"turns":4}],"seed_played":"-6900840369865965873","potions_obtained":[{"floor":3,"key":"SkillPotion"},{"floor":5,"key":"LiquidMemories"},{"floor":9,"key":"AttackPotion"},{"floor":15,"key":"Fire Potion"},{"floor":16,"key":"FairyPotion"},{"floor":27,"key":"PowerPotion"},{"floor":33,"key":"SneckoOil"}],"is_trial":false,"path_per_floor":["R","M","M","?","M","M","T","?","E","?","R","E","R","E","M","B",null,"R","M","M","M","?","M","T","R","R","E","$","E","E","?","M","B",null,"R","?","?","$","M","?","T","R","E","M","M","E","M","$","M","B",null],"character_chosen":"THE_SNECKO","items_purchased":["HandDrill","Guardian:BottledAnomaly","Bag of Marbles","StoneCalendar","Energy Potion","FossilizedHelix","War Paint","OrangePellets"],"campfire_rested":1,"item_purchase_floors":[28,38,38,38,38,48,48,48],"current_hp_per_floor":[81,81,89,89,84,70,70,55,31,28,55,54,54,49,49,25,74,74,74,74,75,75,58,58,58,58,61,59,51,49,30,30,2,75,75,75,87,84,84,79,79,79,46,50,49,45,45,45,48,48],"gold":309,"neow_bonus":"BOSS_RELIC","is_daily":false,"chose_seed":false,"campfire_upgraded":6,"win_rate":0.0,"timestamp":1612051901,"path_taken":["R","M","M","?","M","?","T","?","E","?","R","E","R","E","M","BOSS","R","M","M","M","?","M","T","R","R","E","$","E","E","?","M","BOSS","R","?","?","$","M","?","T","R","E","M","?","E","M","$","M","BOSS"],"items_purchased_type":["Relic","Relic","Relic","Relic","Potion","Relic","Relic","Relic"],"build_version":"2020-12-22","purchased_purges":3,"victory":true,"max_hp_per_floor":[90,90,90,90,90,90,90,90,90,90,90,90,90,90,90,90,90,90,90,90,94,94,94,94,94,94,94,94,94,94,99,99,99,99,99,99,111,111,111,111,111,111,111,115,115,115,115,115,119,119],"relic_stats":{"Darkstone Periapt":12,"counters":[29,80],"Astrolabe":["sneckomod:ImprovisedAttack","sneckomod:IronFang","sneckomod:UnknownDraw"],"Blue Candle":[4],"StoneCalendar":[0],"Pen Nib":[2],"War Paint":["sneckomod:Unknown","sneckomod:Unknown3Cost"],"MawBank":96,"WarpedTongs":[75],"OrangePellets":[7],"Nunchaku":[19],"Sundial":[0],"Bronze Scales":[54],"Snecko Eye":[90,81,97,98],"HandDrill":[12],"obtain_stats":[{"Darkstone Periapt":36,"sneckomod:SneckoCommon":12,"downfall:HeartBlessingGreen":11,"StoneCalendar":38,"sneckomod:SneckoSoul":0,"Nunchaku":9,"sneckomod:ConfusingCodex":7,"Sundial":43,"WingedGreaves":24,"HandDrill":28,"Guardian:BottledAnomaly":38,"downfall:HeartBlessingRed":42,"Astrolabe":0,"bronze:DecasWashers":14,"Blue Candle":40,"Oddly Smooth Stone":10,"hexamod:Sixitude":27,"Pen Nib":46,"Guardian:PocketSentry":41,"War Paint":48,"MawBank":30,"WarpedTongs":4,"OrangePellets":48,"Bottled Flame":8,"Bronze Scales":29,"Snecko Eye":17,"Coffee Dripper":34,"Bag of Marbles":38,"FossilizedHelix":48},{"Darkstone Periapt":20,"sneckomod:SneckoCommon":7,"downfall:HeartBlessingGreen":6,"StoneCalendar":21,"sneckomod:SneckoSoul":0,"Nunchaku":6,"sneckomod:ConfusingCodex":4,"Sundial":23,"WingedGreaves":14,"HandDrill":16,"Guardian:BottledAnomaly":21,"downfall:HeartBlessingRed":22,"Astrolabe":0,"bronze:DecasWashers":8,"Blue Candle":22,"Oddly Smooth Stone":6,"hexamod:Sixitude":15,"Pen Nib":26,"Guardian:PocketSentry":22,"War Paint":27,"MawBank":18,"WarpedTongs":2,"OrangePellets":27,"Bottled Flame":5,"Bronze Scales":17,"Snecko Eye":10,"Coffee Dripper":20,"Bag of Marbles":21,"FossilizedHelix":27},{"Darkstone Periapt":56,"sneckomod:SneckoCommon":17,"downfall:HeartBlessingGreen":15,"StoneCalendar":60,"sneckomod:SneckoSoul":0,"Nunchaku":15,"sneckomod:ConfusingCodex":8,"Sundial":65,"WingedGreaves":38,"HandDrill":43,"Guardian:BottledAnomaly":60,"downfall:HeartBlessingRed":62,"Astrolabe":0,"bronze:DecasWashers":20,"Blue Candle":62,"Oddly Smooth Stone":15,"hexamod:Sixitude":39,"Pen Nib":70,"Guardian:PocketSentry":62,"War Paint":72,"MawBank":51,"WarpedTongs":3,"OrangePellets":72,"Bottled Flame":10,"Bronze Scales":46,"Snecko Eye":28,"Coffee Dripper":56,"Bag of Marbles":60,"FossilizedHelix":72}]},"card_choices":[{"not_picked":["sneckomod:ImprovisedAttack","sneckomod:DiceBlock"],"picked":"sneckomod:Unknown0Cost","floor":2},{"not_picked":["sneckomod:UnknownDraw","sneckomod:SoulDraw"],"picked":"sneckomod:Nope","floor":3},{"not_picked":["sneckomod:SoulDraw","sneckomod:MixItUp"],"picked":"sneckomod:QuickBite","floor":5},{"not_picked":["sneckomod:QuickBite","sneckomod:Nope"],"picked":"sneckomod:QuickMove","floor":6},{"not_picked":["sneckomod:UnknownUncommonPower","sneckomod:Rotation"],"picked":"sneckomod:UnknownVulnerable","floor":8},{"not_picked":["sneckomod:UnknownCommonAttack","sneckomod:CheapStock"],"picked":"sneckomod:UnknownRareAttack","floor":9},{"not_picked":["sneckomod:UnknownUncommonPower","sneckomod:Mudshield"],"picked":"sneckomod:UnknownX","floor":12},{"not_picked":["sneckomod:QuickBite","sneckomod:DiceCrush"],"picked":"sneckomod:UnknownX","floor":14},{"not_picked":["sneckomod:UnknownCommonSkill","sneckomod:QuickMove"],"picked":"sneckomod:UnknownBlock","floor":15},{"not_picked":["sneckomod:UnlimitedRolls","sneckomod:UnknownRareSkill"],"picked":"sneckomod:SoulExchange","floor":16},{"not_picked":["sneckomod:RainOfDice","sneckomod:Unknown0Cost"],"picked":"sneckomod:UnknownClassRED+1","floor":19},{"not_picked":["sneckomod:RainOfDice","sneckomod:IronFang","sneckomod:UnknownUncommonPower"],"picked":"SKIP","floor":20},{"not_picked":["sneckomod:RainOfDice+1","sneckomod:MixItUp","sneckomod:UnknownExhaust"],"picked":"SKIP","floor":21},{"not_picked":["sneckomod:Unknown1Cost+1","sneckomod:SoulRoll"],"picked":"sneckomod:DiceBlock+1","floor":23},{"not_picked":["sneckomod:UnknownCommonSkill","sneckomod:SoulRoll+1"],"picked":"sneckomod:Rotation","floor":27},{"not_picked":["sneckomod:ImprovisedAttack","sneckomod:DiceCrush"],"picked":"sneckomod:Unknown3Cost","floor":28},{"not_picked":["sneckomod:UnknownClassRED","sneckomod:UnendingSupply"],"picked":"sneckomod:Memorize","floor":29},{"not_picked":["sneckomod:UnknownStrike+1","sneckomod:UnknownRareSkill"],"picked":"sneckomod:UnknownRarePower","floor":30},{"not_picked":["sneckomod:UnendingSupply","sneckomod:UnknownCommonAttack"],"picked":"sneckomod:SoulRoll","floor":32},{"not_picked":["sneckomod:UnknownBoss","sneckomod:UnlimitedRolls"],"picked":"sneckomod:Unknown3Cost","floor":33},{"not_picked":["sneckomod:ImprovisedAttack+1","sneckomod:SoulDraw+1"],"picked":"sneckomod:Unknown2Cost+1","floor":38},{"not_picked":["sneckomod:SerpentIdol","sneckomod:SoulDraw"],"picked":"sneckomod:SoulRoll+1","floor":39},{"not_picked":["sneckomod:IronFang+1","sneckomod:SoulRoll+1","sneckomod:UnknownCommonAttack+1"],"picked":"SKIP","floor":43},{"not_picked":["sneckomod:DiceBlock","sneckomod:Nope+1"],"picked":"sneckomod:UnknownDexterity+1","floor":44},{"not_picked":["sneckomod:IronFang","sneckomod:UnknownDexterity"],"picked":"sneckomod:UnknownDraw+1","floor":45},{"not_picked":["sneckomod:UnknownColorless","sneckomod:DiceCrush"],"picked":"sneckomod:UnknownRareAttack","floor":46},{"not_picked":["sneckomod:UnknownDraw+1","sneckomod:Memorize"],"picked":"sneckomod:DiceBlock+1","floor":47},{"not_picked":["sneckomod:UnknownCommonSkill","sneckomod:QuickBite+1"],"picked":"sneckomod:UnknownClassRED+1","floor":49}],"player_experience":694328,"relics_obtained":[{"floor":7,"key":"sneckomod:ConfusingCodex"},{"floor":8,"key":"Bottled Flame"},{"floor":9,"key":"Nunchaku"},{"floor":12,"key":"sneckomod:SneckoCommon"},{"floor":14,"key":"bronze:DecasWashers"},{"floor":24,"key":"WingedGreaves"},{"floor":27,"key":"hexamod:Sixitude"},{"floor":29,"key":"Bronze Scales"},{"floor":30,"key":"MawBank"},{"floor":36,"key":"Darkstone Periapt"},{"floor":41,"key":"Guardian:PocketSentry"},{"floor":43,"key":"Sundial"},{"floor":46,"key":"Pen Nib"}],"event_choices":[{"damage_healed":0,"gold_gain":0,"player_choice":"Rummage","damage_taken":0,"relics_obtained":["WarpedTongs"],"max_hp_gain":0,"max_hp_loss":0,"event_name":"Accursed Blacksmith","floor":4,"gold_loss":0,"cards_obtained":["Pain"]},{"damage_healed":0,"gold_gain":0,"player_choice":"Success","damage_taken":3,"relics_obtained":["Oddly Smooth Stone"],"max_hp_gain":0,"max_hp_loss":0,"event_name":"Scrap Ooze","floor":10,"gold_loss":0},{"damage_healed":0,"gold_gain":0,"player_choice":"Ignored","damage_taken":0,"max_hp_gain":0,"max_hp_loss":0,"event_name":"Vampires","floor":22,"gold_loss":0}],"is_beta":false,"boss_relics":[{"not_picked":["Sozu","SacredBark"],"picked":"Snecko Eye"},{"not_picked":["Pandora\u0027s Box","Cursed Key"],"picked":"Coffee Dripper"}],"items_purged_floors":[28,38,48],"is_endless":false,"potions_floor_spawned":[3,5,9,15,16,19,27,29,33,39,43,47,49],"ascension_level":6}}