{"host":"zxkjcgzis4pm3za5","time":1612063239,"event":{"mods":["AchievementEnabler","Act Like it!","BaseMod","Colored Map","Colored Powertips","Friendly Minions","GifTheSpireLib","Minty Spire (QoL Compilation)","Quick Restart","RNG Fix","Random Character Button","Relic Filter Mod","Relic Sorter","Relic Stats","StSLib"],"gold_per_floor":[19,19,32,52,64,64,79,113,136,136,136,35,54,83,83,157,157,171,181,181,193,212,245,245,245,269,283,313,313,313],"floor_reached":29,"language":"ENG","playtime":1293,"items_purged":[],"score":574,"play_id":"3e067b9e-330a-4879-a0b8-86f97fd8c54b","local_time":"20210131085039","is_ascension_mode":true,"campfire_choices":[{"floor":6.0,"key":"RECALL"},{"data":"A Thousand Cuts","floor":11.0,"key":"SMITH"},{"data":"Footwork","floor":15.0,"key":"SMITH"},{"data":"Strike_G","floor":24.0,"key":"PURGE"}],"circlet_count":0,"master_deck":["AscendersBane","Strike_G","Strike_G","Strike_G","Defend_G","Defend_G","Defend_G","Defend_G","Defend_G","Survivor","Neutralize","Apotheosis+1","Masterful Stab","Endless Agony","Blade Dance","Cloak And Dagger","A Thousand Cuts+1","Cloak And Dagger","Footwork+1","Backflip","Outmaneuver","Burst","CurseOfTheBell","Blur+1","Slice","Dodge and Roll","Cloak And Dagger","Acrobatics","Venomology"],"relics":["Ring of the Snake","Strawberry","Boot","Thread and Needle","Calling Bell","Mummified Hand","Peace Pipe","Bag of Marbles","Ninja Scroll","Nunchaku","Omamori","Gremlin Horn"],"acts_visited":["Exordium","TheCity"],"potions_floor_usage":[29],"damage_taken":[{"damage":9.0,"enemies":"Small Slimes","floor":1.0,"turns":5.0},{"damage":0.0,"enemies":"Cultist","floor":3.0,"turns":3.0},{"damage":1.0,"enemies":"2 Louse","floor":4.0,"turns":2.0},{"damage":5.0,"enemies":"Exordium Thugs","floor":5.0,"turns":5.0},{"damage":0.0,"enemies":"3 Louse","floor":7.0,"turns":3.0},{"damage":0.0,"enemies":"Gremlin Nob","floor":8.0,"turns":3.0},{"damage":1.0,"enemies":"2 Fungi Beasts","floor":13.0,"turns":3.0},{"damage":10.0,"enemies":"3 Sentries","floor":14.0,"turns":6.0},{"damage":11.0,"enemies":"Hexaghost","floor":16.0,"turns":9.0},{"damage":3.0,"enemies":"3 Byrds","floor":18.0,"turns":4.0},{"damage":6.0,"enemies":"Chosen","floor":19.0,"turns":5.0},{"damage":8.0,"enemies":"Sentry and Sphere","floor":21.0,"turns":5.0},{"damage":1.0,"enemies":"Centurion and Healer","floor":22.0,"turns":6.0},{"damage":19.0,"enemies":"Gremlin Leader","floor":23.0,"turns":9.0},{"damage":6.0,"enemies":"Snake Plant","floor":27.0,"turns":4.0},{"damage":3.0,"enemies":"Book of Stabbing","floor":28.0,"turns":6.0},{"damage":42,"enemies":"Cultist and Chosen","floor":29,"turns":7}],"seed_played":"-4865688272979495698","potions_obtained":[{"floor":3.0,"key":"Strength Potion"},{"floor":4.0,"key":"Block Potion"},{"floor":7.0,"key":"DuplicationPotion"},{"floor":14.0,"key":"SteroidPotion"},{"floor":19.0,"key":"Swift Potion"},{"floor":22.0,"key":"Poison Potion"},{"floor":27.0,"key":"Weak Potion"}],"is_trial":false,"path_per_floor":["M","?","M","M","M","R","M","E","T","?","R","$","M","E","R","B",null,"M","M","?","M","M","E","R","T","T","M","E","M"],"character_chosen":"THE_SILENT","items_purchased":["Footwork","Backflip"],"campfire_rested":0,"item_purchase_floors":[12,12],"current_hp_per_floor":[50,50,50,49,44,44,44,51,51,51,51,51,50,40,40,29,62,59,53,53,45,44,25,25,25,25,19,16,0,0],"gold":313,"neow_bonus":"RANDOM_COLORLESS_2","is_daily":false,"chose_seed":false,"campfire_upgraded":2,"win_rate":0.0,"timestamp":1612063239,"path_taken":["M","?","M","?","M","R","M","E","T","?","R","?","M","E","R","BOSS","M","M","?","?","M","E","R","?","T","M","E","M"],"items_purchased_type":["Card","Card"],"build_version":"2020-12-22","purchased_purges":0,"victory":false,"max_hp_per_floor":[66,66,66,66,66,66,66,73,73,73,73,73,73,73,73,73,73,73,73,73,73,73,73,73,73,73,73,73,73,73],"relic_stats":{"Peace Pipe":1,"Nunchaku":[4],"Gremlin Horn":[1,1],"counters":[17,85],"Mummified Hand":[16],"Boot":[110],"obtain_stats":[{"Calling Bell":17,"Peace Pipe":17,"Nunchaku":25,"Gremlin Horn":28,"Mummified Hand":17,"Ninja Scroll":23,"Strawberry":8,"Thread and Needle":14,"Bag of Marbles":17,"Omamori":26,"Boot":9,"Ring of the Snake":0},{"Calling Bell":9,"Peace Pipe":9,"Nunchaku":14,"Gremlin Horn":16,"Mummified Hand":9,"Ninja Scroll":14,"Strawberry":6,"Thread and Needle":8,"Bag of Marbles":9,"Omamori":14,"Boot":6,"Ring of the Snake":0},{"Calling Bell":39,"Peace Pipe":39,"Nunchaku":68,"Gremlin Horn":78,"Mummified Hand":39,"Ninja Scroll":68,"Strawberry":21,"Thread and Needle":30,"Bag of Marbles":39,"Omamori":68,"Boot":21,"Ring of the Snake":0}],"Ring of the Snake":[34]},"card_choices":[{"not_picked":["The Bomb","Thinking Ahead"],"picked":"Apotheosis","floor":0.0},{"not_picked":["Deadly Poison","Flechettes"],"picked":"Masterful Stab","floor":1.0},{"not_picked":["Slice","Underhanded Strike"],"picked":"Endless Agony","floor":3.0},{"not_picked":["Acrobatics","Dash"],"picked":"Blade Dance","floor":4.0},{"not_picked":["Infinite Blades","Deflect"],"picked":"Cloak And Dagger","floor":5.0},{"not_picked":["Escape Plan","Cloak And Dagger"],"picked":"A Thousand Cuts","floor":7.0},{"not_picked":["Backstab","Dash"],"picked":"Cloak And Dagger","floor":8.0},{"not_picked":["Bouncing Flask","Concentrate"],"picked":"Outmaneuver","floor":13.0},{"not_picked":["Tactician","Poisoned Stab","Dagger Throw"],"picked":"SKIP","floor":14.0},{"not_picked":["Tools of the Trade","A Thousand Cuts"],"picked":"Burst","floor":16.0},{"not_picked":["All Out Attack","Escape Plan"],"picked":"Blur+1","floor":18.0},{"not_picked":["Underhanded Strike","Endless Agony","Bane+1"],"picked":"SKIP","floor":19.0},{"not_picked":["Setup","Flying Knee"],"picked":"Slice","floor":21.0},{"not_picked":["Masterful Stab","Prepared"],"picked":"Dodge and Roll","floor":22.0},{"not_picked":["Flying Knee","Backflip"],"picked":"Cloak And Dagger","floor":23.0},{"not_picked":["PiercingWail","Bane"],"picked":"Acrobatics","floor":27.0},{"not_picked":["Bane","Deflect"],"picked":"Venomology","floor":28.0}],"player_experience":297834,"relics_obtained":[{"floor":8.0,"key":"Strawberry"},{"floor":9.0,"key":"Boot"},{"floor":14.0,"key":"Thread and Needle"},{"floor":17.0,"key":"Mummified Hand"},{"floor":17.0,"key":"Peace Pipe"},{"floor":17.0,"key":"Bag of Marbles"},{"floor":23.0,"key":"Ninja Scroll"},{"floor":25.0,"key":"Nunchaku"},{"floor":26.0,"key":"Omamori"},{"floor":28.0,"key":"Gremlin Horn"}],"event_choices":[{"damage_healed":0.0,"max_hp_gain":0.0,"max_hp_loss":0.0,"gold_gain":0.0,"event_name":"Upgrade Shrine","player_choice":"Upgraded","floor":2.0,"gold_loss":0.0,"damage_taken":0.0,"cards_upgraded":["Apotheosis"]},{"damage_healed":0.0,"max_hp_gain":0.0,"max_hp_loss":0.0,"gold_gain":0.0,"event_name":"Liars Game","player_choice":"Ignored","floor":10.0,"gold_loss":0.0,"damage_taken":0.0},{"cards_removed":["Strike_G"],"damage_healed":0.0,"max_hp_gain":0.0,"max_hp_loss":0.0,"gold_gain":0.0,"event_name":"Back to Basics","player_choice":"Elegance","floor":20.0,"gold_loss":0.0,"damage_taken":0.0}],"is_beta":false,"boss_relics":[{"not_picked":["SacredBark","Coffee Dripper"],"picked":"Calling Bell"}],"items_purged_floors":[],"is_endless":false,"potions_floor_spawned":[3,4,7,14,19,22,27],"killed_by":"Cultist and Chosen","ascension_level":18}}