{"host":"a1eatafr7pisesky","time":1612091301,"event":{"mods":["AchievementEnabler","BaseMod","Colored Map","Keyboard Shortcuts","Minty Spire (QoL Compilation)","Say the Spire","StSLib","SuperFastMode","everything is the same but u backflip on backflip"],"gold_per_floor":[119,119,9,9,28,28,59,59,82,110,110,110,110,143,143,219,219,236,251,251,121,134,134,134,134],"floor_reached":24,"language":"KOR","playtime":456,"items_purged":["Strike_B","Defend_B"],"score":357,"play_id":"dc3c1335-5f80-4cd3-ac24-fd32078a3406","local_time":"20210131200821","is_ascension_mode":true,"campfire_choices":[{"data":"Fission","floor":6.0,"key":"SMITH"},{"floor":8.0,"key":"REST"},{"floor":11.0,"key":"REST"},{"data":"Doom and Gloom","floor":13.0,"key":"SMITH"},{"data":"Defragment","floor":15.0,"key":"SMITH"},{"floor":23.0,"key":"REST"}],"circlet_count":0,"master_deck":["AscendersBane","Strike_B+1","Defend_B+1","Zap","Dualcast","Fission+1","Cold Snap","Storm","Doom and Gloom+1","Ball Lightning","Hologram","Turbo","Defragment+1","Echo Form","Doom and Gloom+1","Cold Snap+1","Loop+1","Skim","Self Repair","Storm+1"],"relics":["Cracked Core","White Beast Statue","Smiling Mask","Happy Flower","Eternal Feather","Astrolabe","DataDisk"],"acts_visited":["Exordium","TheCity"],"potions_floor_usage":[24,24],"damage_taken":[{"damage":0.0,"enemies":"Small Slimes","floor":1.0,"turns":3.0},{"damage":7.0,"enemies":"Jaw Worm","floor":5.0,"turns":3.0},{"damage":23.0,"enemies":"Lagavulin","floor":7.0,"turns":5.0},{"damage":21.0,"enemies":"Gremlin Nob","floor":10.0,"turns":4.0},{"damage":13.0,"enemies":"Lagavulin","floor":14.0,"turns":4.0},{"damage":27.0,"enemies":"Slime Boss","floor":16.0,"turns":8.0},{"damage":22.0,"enemies":"2 Thieves","floor":18.0,"turns":2.0},{"damage":12.0,"enemies":"Shell Parasite","floor":19.0,"turns":3.0},{"damage":19.0,"enemies":"Snake Plant","floor":22.0,"turns":4.0},{"damage":48,"enemies":"Slavers","floor":24,"turns":3}],"seed_played":"-259819545539672338","potions_obtained":[{"floor":7.0,"key":"SteroidPotion"},{"floor":10.0,"key":"LiquidMemories"},{"floor":14.0,"key":"PotionOfCapacity"},{"floor":22.0,"key":"SteroidPotion"}],"is_trial":false,"path_per_floor":["M","?","$","?","M","R","E","R","T","E","R","?","R","E","R","B",null,"M","M","?","$","M","R","E"],"character_chosen":"DEFECT","items_purchased":["Storm","Self Repair"],"campfire_rested":3,"item_purchase_floors":[3,21],"current_hp_per_floor":[64,50,50,50,43,43,20,41,41,20,41,41,41,28,37,10,56,34,22,22,22,10,43,0,0],"gold":134,"neow_bonus":"ONE_RANDOM_RARE_CARD","is_daily":false,"chose_seed":false,"campfire_upgraded":3,"win_rate":0.0,"timestamp":1612091301,"path_taken":["M","?","$","?","M","R","E","R","T","E","R","?","R","E","R","BOSS","M","M","?","?","?","R","E"],"items_purchased_type":["Card","Card"],"build_version":"2020-12-22","purchased_purges":2,"victory":false,"max_hp_per_floor":[71,71,71,71,71,71,71,71,71,71,71,71,71,71,71,71,71,71,71,71,71,71,71,71,71],"card_choices":[{"not_picked":["Redo","Steam Power"],"picked":"Cold Snap","floor":1.0},{"not_picked":["Barrage","Rebound"],"picked":"Ball Lightning","floor":5.0},{"not_picked":["Sweeping Beam","Fission"],"picked":"Hologram","floor":7.0},{"not_picked":["Hologram","Scrape"],"picked":"Turbo","floor":10.0},{"not_picked":["Streamline","Double Energy"],"picked":"Defragment","floor":14.0},{"not_picked":["Core Surge","All For One"],"picked":"Echo Form","floor":16.0},{"not_picked":["Reprogram","Gash+1"],"picked":"Skim","floor":18.0},{"not_picked":["Gash","Hologram","Stack+1"],"picked":"SKIP","floor":19.0},{"not_picked":["Go for the Eyes","Streamline"],"picked":"Storm+1","floor":22.0}],"player_experience":385532,"relics_obtained":[{"floor":7.0,"key":"White Beast Statue"},{"floor":9.0,"key":"Smiling Mask"},{"floor":10.0,"key":"Happy Flower"},{"floor":14.0,"key":"Eternal Feather"},{"floor":20.0,"key":"DataDisk"}],"event_choices":[{"damage_healed":0.0,"max_hp_gain":0.0,"max_hp_loss":0.0,"gold_gain":0.0,"event_name":"Shining Light","player_choice":"Entered Light","floor":2.0,"gold_loss":0.0,"damage_taken":14.0,"cards_upgraded":["Strike_B","Defend_B"]},{"damage_healed":0.0,"max_hp_gain":0.0,"max_hp_loss":0.0,"gold_gain":0.0,"cards_transformed":["Strike_B"],"event_name":"Living Wall","player_choice":"Change","floor":4.0,"gold_loss":0.0,"damage_taken":0.0,"cards_obtained":["Doom and Gloom"]},{"damage_healed":0.0,"max_hp_gain":0.0,"max_hp_loss":0.0,"gold_gain":0.0,"event_name":"Liars Game","player_choice":"Ignored","floor":12.0,"gold_loss":0.0,"damage_taken":0.0},{"damage_healed":0.0,"max_hp_gain":0.0,"max_hp_loss":0.0,"gold_gain":0.0,"event_name":"Wheel of Change","player_choice":"Relic","floor":20.0,"gold_loss":0.0,"damage_taken":0.0}],"is_beta":false,"boss_relics":[{"not_picked":["SlaversCollar","Nuclear Battery"],"picked":"Astrolabe"}],"items_purged_floors":[3,21],"is_endless":false,"potions_floor_spawned":[7,10,14,16,18,19,22],"killed_by":"Slavers","ascension_level":14}}