{"host":"i4vlfbz13gs2xtdj","time":1612064683,"event":{"mods":["2.2 Compatiblity","AchievementEnabler","Act Like it!","Aspiration","BaseMod","Better Altar","Better Match","Better Note","Better Sensory Stone","Better Skull","Better Third Choice","BetterRewards","Colored Map","Elementarium","Energized Spire","Fox Events","Friendly Minions","GifTheSpireLib","Halation","Hubris","Infinite Spire","Jedi Mod","Minty Spire (QoL Compilation)","Pale of the Ancients","Potionbrewer","Replay The Spire","Shop Mod","Somnambulant","Spikes Relics","StSLib","Stuff the Spire","The Jungle","The Marked","The Sage","Trackpad"],"gold_per_floor":[115,115,127,127,138,175,190,204,204,238,238,238,262,280,280,402,402,462,462,462,582,582,582,582,101,125,139,182,200,233,251,251,374,374,389,399,24,24,39,82,101,123,123,123,149,55,55,55,55,55,55],"floor_reached":50,"language":"ENG","playtime":7834,"items_purged":["potionbrewer:PotionbrewerDefend","Parasite"],"score":576,"play_id":"72e55f7b-1932-4163-b274-63574e17b861","local_time":"20210130224443","is_ascension_mode":false,"campfire_choices":[{"data":"potionbrewer:PotionbrewerStrike","floor":11,"key":"PURGE"},{"data":"potionbrewer:PotionbrewerStrike","floor":23,"key":"PURGE"},{"floor":32,"key":"REST"},{"floor":44,"key":"RECALL"},{"floor":49,"key":"REST"}],"circlet_count":0,"master_deck":["potionbrewer:PotionbrewerStrike","potionbrewer:PotionbrewerStrike","potionbrewer:PotionbrewerDefend","potionbrewer:PotionbrewerDefend","potionbrewer:PotionbrewerDefend","potionbrewer:Collect","potionbrewer:ChemicalSpill","potionbrewer:BlindingSpray+1","potionbrewer:BrokenBeakers","potionbrewer:FuelCell+1","potionbrewer:Experimentation","potionbrewer:CausticBarrier","potionbrewer:EmptyBottle","potionbrewer:AnotherRound","potionbrewer:BalancedFormula","potionbrewer:FlashPowder+1","hubris:InfiniteBlow+2","infinitespire:Collect","Insight","Midas Touch","potionbrewer:CrossReference+1","StuffTheSpire:ClusterCrunch+1","potionbrewer:Smack","potionbrewer:SpecialFormula","potionbrewer:WizBang+1","potionbrewer:FortifiedSerum","hubris:NaturalOne","Flying Knee+1","potionbrewer:Brandish+1","Replay:Parry","StuffTheSpire:CelestialWarden"],"relics":["potionbrewer:PotionKit","StuffTheSpire:Tea","MerchantsRug","StuffTheSpire:NeowsTribute","hubris:Towel","Gambling Chip","hubris:SphereOfDissonance","hubris:Icosahedron","aspiration:SilentSkillbook","Happy Flower","ReplayFunnel","infinitespire:Lucky Rock","WizardHat","Replay:Mystery Machine","halation:LostSnail","Blood Vial","Boot"],"acts_visited":["Exordium","TheCity","TheBeyond"],"potions_floor_usage":[3,5,5,10,10,13,13,14,14,16,16,17,18,18,21,21,27,27,28,29,30,30,31,33,33,33,36,39,39,40,40,40,40,41,41,42,42,45,45,45,50,50,50,50,50,50],"damage_taken":[{"damage":0,"enemies":"2 Louse","floor":1,"turns":4},{"damage":3,"enemies":"Jaw Worm","floor":3,"turns":2},{"damage":0,"enemies":"Cultist","floor":5,"turns":2},{"damage":30,"enemies":"Gremlin Nob","floor":6,"turns":5},{"damage":0,"enemies":"Gremlin Gang","floor":7,"turns":2},{"damage":12,"enemies":"Looter","floor":8,"turns":3},{"damage":6,"enemies":"Lagavulin","floor":10,"turns":4},{"damage":0,"enemies":"3 Louse","floor":13,"turns":5},{"damage":0,"enemies":"2 Fungi Beasts","floor":14,"turns":3},{"damage":69,"enemies":"Fading Forest","floor":16,"turns":11},{"damage":34,"enemies":"3 Byrds","floor":18,"turns":6},{"damage":0,"enemies":"Shell Parasite","floor":21,"turns":3},{"damage":0,"enemies":"3 Cultists","floor":27,"turns":3},{"damage":15,"enemies":"Replay:Snechameleon","floor":28,"turns":6},{"damage":0,"enemies":"Snake Plant","floor":29,"turns":2},{"damage":0,"enemies":"Book of Stabbing","floor":30,"turns":2},{"damage":2,"enemies":"Chosen and Byrds","floor":31,"turns":4},{"damage":44,"enemies":"Automaton","floor":33,"turns":13},{"damage":15,"enemies":"3 Shapes","floor":35,"turns":3},{"damage":0,"enemies":"Orb Walker","floor":36,"turns":1},{"damage":0,"enemies":"Jaw Worm Horde","floor":39,"turns":2},{"damage":35,"enemies":"Nightmare","floor":40,"turns":5},{"damage":15,"enemies":"Writhing Mass","floor":41,"turns":4},{"damage":8,"enemies":"3 Darklings","floor":42,"turns":3},{"damage":19,"enemies":"Sphere and 2 Shapes","floor":45,"turns":4},{"damage":43,"enemies":"Time Eater","floor":50,"turns":13}],"seed_played":"-4725656131370178891","potions_obtained":[{"floor":1,"key":"jedi:StrikingPotion"},{"floor":3,"key":"LiquidMemories"},{"floor":8,"key":"FearPotion"},{"floor":16,"key":"BlessingOfTheForge"},{"floor":18,"key":"Venom Potion"},{"floor":28,"key":"jedi:StrikingPotion"},{"floor":29,"key":"ColorlessPotion"},{"floor":39,"key":"jedi:StrikingPotion"},{"floor":40,"key":"potionbrewer:CleansingPotion"},{"floor":41,"key":"potionbrewer:SplittingPotion"},{"floor":42,"key":"potionbrewer:ToxicPotion"},{"floor":45,"key":"jedi:StrikingPotion"}],"is_trial":false,"path_per_floor":["M","?","M","?","M","E","M","M","T","E","R","?","M","M","R_BF","B",null,"M","?","AVR","M","?","R","?","$","T","M","E","M","E","M","R","B",null,"M","M","$","?","M","NM","M","M","T","R","M","$","?","?","R","B"],"character_chosen":"POTIONBREWER","items_purchased":["StuffTheSpire:Tea","halation:IllGainedPizza","MerchantsRug","StuffTheSpire:NeowsTribute","potionbrewer:BunsenBurner","ReplayFunnel","Midas Touch","Replay:Mystery Machine","halation:LostSnail","Adrenaline Potion","Energy Potion","ColorlessPotion","Replay:Parry","Boot","Swift Potion"],"campfire_rested":2,"item_purchase_floors":[0,0,0,0,25,25,25,37,37,37,37,37,46,46,46],"current_hp_per_floor":[75,75,72,72,72,42,42,30,30,24,24,24,75,75,75,6,75,41,41,41,41,41,41,41,41,41,41,26,26,26,24,46,2,75,60,75,75,85,85,53,40,34,34,34,17,17,17,17,41,0,0],"gold":55,"neow_bonus":"","is_daily":false,"chose_seed":false,"campfire_upgraded":0,"win_rate":0.0,"timestamp":1612064683,"path_taken":["M","?","M","?","M","E","?","M","T","E","R","?","M","M","R_BF","BOSS","M","?","AVR","M","?","R","?","?","T","?","E","M","E","M","R","BOSS","M","M","$","?","M","NM","?","M","T","R","M","$","?","?","R","BOSS"],"items_purchased_type":["Relic","Relic","Relic","Relic","Relic","Relic","Card","Relic","Relic","Potion","Potion","Potion","Card","Relic","Potion"],"build_version":"2020-12-22","purchased_purges":2,"victory":false,"max_hp_per_floor":[75,75,75,75,75,75,75,75,75,75,75,75,75,75,75,75,75,75,75,75,75,75,75,75,75,75,75,75,75,75,75,75,75,75,75,75,75,85,85,85,85,85,85,85,85,82,82,82,82,82,82],"card_choices":[{"not_picked":["potionbrewer:Contingency","potionbrewer:TestSubject"],"picked":"potionbrewer:BlindingSpray","floor":1},{"not_picked":["potionbrewer:LabJournal","potionbrewer:IronHeart"],"picked":"potionbrewer:BrokenBeakers","floor":3},{"not_picked":["potionbrewer:BlindingSpray","potionbrewer:TimeBomb"],"picked":"potionbrewer:FuelCell","floor":5},{"not_picked":["potionbrewer:UnstableFormula","potionbrewer:ExothermicReaction"],"picked":"potionbrewer:Experimentation","floor":6},{"not_picked":["potionbrewer:UnstableFormula","potionbrewer:Biohazard"],"picked":"potionbrewer:CausticBarrier","floor":7},{"not_picked":["potionbrewer:UnstableFormula","potionbrewer:LabJournal"],"picked":"potionbrewer:EmptyBottle","floor":8},{"not_picked":["potionbrewer:ExothermicReaction","potionbrewer:BlindingSpray"],"picked":"potionbrewer:AnotherRound","floor":10},{"not_picked":["potionbrewer:TestSubject","potionbrewer:UnstableFormula"],"picked":"potionbrewer:BalancedFormula","floor":13},{"not_picked":["potionbrewer:IronFist","potionbrewer:UnstableFormula","potionbrewer:LabAccident"],"picked":"SKIP","floor":14},{"not_picked":["potionbrewer:Accelerant","potionbrewer:TheFinalStraw"],"picked":"potionbrewer:ResearchResults","floor":16},{"not_picked":["StuffTheSpire:ClusterCrunch","potionbrewer:Spark","ReplayTheSpireMod:The Works"],"picked":"potionbrewer:FlashPowder+1","floor":18},{"not_picked":["potionbrewer:OneTwoPunch","potionbrewer:FlashPowder+1","Distraction","StuffTheSpire:Shiver+1"],"picked":"SKIP","floor":21},{"not_picked":["Backflip","potionbrewer:FlashPowder","StuffTheSpire:Shiver"],"picked":"potionbrewer:CrossReference+1","floor":27},{"not_picked":["Escape Plan","potionbrewer:AcidCloud","Acrobatics","potionbrewer:BalancedFormula"],"picked":"SKIP","floor":28},{"not_picked":["StuffTheSpire:Injection","StuffTheSpire:FinalStruggle","potionbrewer:CausticBarrier"],"picked":"StuffTheSpire:ClusterCrunch+1","floor":29},{"not_picked":["Distraction","Pace","Deflect","ReplayTheSpireMod:The Works+1"],"picked":"SKIP","floor":30},{"not_picked":["Concentrate","Dagger Throw","jedi:rejectivetoxin"],"picked":"potionbrewer:Smack","floor":31},{"not_picked":["StuffTheSpire:FinalStruggle","potionbrewer:RefinedProcess","jedi:studyshivs"],"picked":"potionbrewer:SpecialFormula","floor":33},{"not_picked":["Poisoned Stab","Underhanded Strike","Pace"],"picked":"potionbrewer:WizBang+1","floor":35},{"not_picked":["potionbrewer:Smokescreen","potionbrewer:Biohazard+1","Noxious Fumes","Poisoned Stab"],"picked":"SKIP","floor":36},{"not_picked":["Backstab+1","potionbrewer:AnotherRound","Crippling Poison"],"picked":"potionbrewer:FortifiedSerum","floor":39},{"not_picked":["Blur","jedi:acidrain+1","Wraith Form v2"],"picked":"Flying Knee+1","floor":40},{"not_picked":["potionbrewer:Refill+1","Pace+1","Sucker Punch","StuffTheSpire:ClusterCrunch+1"],"picked":"SKIP","floor":41},{"not_picked":["StuffTheSpire:Python","Leg Sweep","StuffTheSpire:ClusterCrunch+1","Acrobatics+1"],"picked":"SKIP","floor":42},{"not_picked":["Cloak And Dagger+1","Skewer","potionbrewer:Biohazard"],"picked":"potionbrewer:Brandish+1","floor":45},{"not_picked":["StuffTheSpire:Ambrosia","StuffTheSpire:Innocence"],"picked":"StuffTheSpire:CelestialWarden","floor":47}],"player_experience":227319,"relics_obtained":[{"floor":6,"key":"Gambling Chip"},{"floor":9,"key":"hubris:SphereOfDissonance"},{"floor":10,"key":"Peace Pipe"},{"floor":26,"key":"infinitespire:Lucky Rock"},{"floor":28,"key":"WizardHat"},{"floor":30,"key":"trackpad:Mousetrap"},{"floor":40,"key":"Blood Vial"}],"event_choices":[{"damage_healed":0,"gold_gain":0,"player_choice":"Grow","damage_taken":0,"max_hp_gain":0,"max_hp_loss":0,"event_name":"Living Wall","floor":15,"gold_loss":0,"cards_upgraded":["potionbrewer:BlindingSpray"]},{"cards_removed":["potionbrewer:Collect"],"damage_healed":0,"gold_gain":0,"player_choice":"Take \u0026 Give","damage_taken":0,"max_hp_gain":0,"max_hp_loss":0,"event_name":"betterNote:BetterNote","floor":19,"gold_loss":0,"cards_obtained":["hubris:InfiniteBlow"]},{"damage_healed":0,"gold_gain":0,"player_choice":"Ignored","damage_taken":0,"max_hp_gain":0,"max_hp_loss":0,"event_name":"Ghosts","floor":22,"gold_loss":0},{"damage_healed":0,"gold_gain":0,"player_choice":"Insight","damage_taken":0,"max_hp_gain":0,"max_hp_loss":0,"event_name":"betterThird:BetterWriting","floor":24,"gold_loss":0,"cards_obtained":["Insight"]},{"cards_removed":["potionbrewer:ResearchResults"],"damage_healed":0,"gold_gain":0,"player_choice":"Offered Rare","damage_taken":0,"max_hp_gain":10,"max_hp_loss":0,"event_name":"Bonfire Elementals","floor":38,"gold_loss":0},{"damage_healed":0,"gold_gain":0,"player_choice":"Ignored","damage_taken":0,"max_hp_gain":0,"max_hp_loss":0,"event_name":"Mysterious Sphere","floor":48,"gold_loss":0}],"is_beta":false,"boss_relics":[{"not_picked":["Runic Dome","hubris:BlackHole"],"picked":"aspiration:SilentSkillbook"},{"not_picked":["jedi:battlestandard","Runic Pyramid"],"picked":"hubris:HollowSoul"}],"items_purged_floors":[20,46],"is_endless":false,"potions_floor_spawned":[1,3,8,16,18,28,29,39,40,41,42,45],"killed_by":"Time Eater","ascension_level":0}}