{"host":"guzbs4v8630hpsy6","time":1612064726,"event":{"mods":["2.2 Compatiblity","AchievementEnabler","BaseMod","Block Reminder","Highlight Path","Minty Spire (QoL Compilation)","Relic Stats","SuperFastMode"],"gold_per_floor":[20,36,36,48,48,48,68,108,108,127,140,166,166,199,199,290,290,313,333,333,333,346,346,361,118,171,207,207,207,207],"floor_reached":29,"language":"ENG","playtime":2599,"items_purged":["Strike_B"],"score":446,"play_id":"8ea3ff22-f7c1-4b4a-a2f6-536bdf16e59c","local_time":"20210131114526","is_ascension_mode":true,"campfire_choices":[{"data":"Sunder","floor":6.0,"key":"SMITH"},{"data":"Genetic Algorithm","floor":13.0,"key":"SMITH"},{"floor":15.0,"key":"REST"},{"data":"Consume","floor":23.0,"key":"SMITH"}],"circlet_count":0,"master_deck":["AscendersBane","Strike_B","Strike_B","Defend_B","Defend_B","Defend_B","Defend_B","Zap","Dualcast","Echo Form","Genetic Algorithm","Sunder+1","Darkness","Sweeping Beam","Capacitor","FTL","Genetic Algorithm+1","Ball Lightning","Static Discharge","Undo","Seek","Self Repair","Consume+1","Coolheaded","Core Surge","Go for the Eyes","Electrodynamics","Reboot"],"relics":["Cracked Core","Golden Idol","Darkstone Periapt","Kunai","Odd Mushroom","Nunchaku","Runic Pyramid","Art of War","Singing Bowl"],"acts_visited":["Exordium","TheCity"],"potions_floor_usage":[],"damage_taken":[{"damage":0.0,"enemies":"2 Louse","floor":1.0,"turns":1.0},{"damage":2.0,"enemies":"Cultist","floor":2.0,"turns":4.0},{"damage":2.0,"enemies":"Jaw Worm","floor":4.0,"turns":4.0},{"damage":12.0,"enemies":"Exordium Thugs","floor":7.0,"turns":5.0},{"damage":5.0,"enemies":"Lagavulin","floor":8.0,"turns":6.0},{"damage":0.0,"enemies":"Large Slime","floor":10.0,"turns":2.0},{"damage":13.0,"enemies":"Exordium Wildlife","floor":11.0,"turns":5.0},{"damage":2.0,"enemies":"The Mushroom Lair","floor":12.0,"turns":4.0},{"damage":25.0,"enemies":"3 Sentries","floor":14.0,"turns":6.0},{"damage":33.0,"enemies":"The Guardian","floor":16.0,"turns":8.0},{"damage":10.0,"enemies":"Spheric Guardian","floor":18.0,"turns":4.0},{"damage":0.0,"enemies":"Chosen","floor":19.0,"turns":6.0},{"damage":0.0,"enemies":"Snecko","floor":22.0,"turns":6.0},{"damage":21.0,"enemies":"Sentry and Sphere","floor":24.0,"turns":7.0},{"damage":38.0,"enemies":"Gremlin Leader","floor":27.0,"turns":8.0},{"damage":32,"enemies":"Book of Stabbing","floor":29,"turns":5}],"seed_played":"-4407810331196102839","potions_obtained":[{"floor":2.0,"key":"GamblersBrew"},{"floor":4.0,"key":"DuplicationPotion"},{"floor":8.0,"key":"Regen Potion"},{"floor":16.0,"key":"Ancient Potion"},{"floor":22.0,"key":"Explosive Potion"},{"floor":24.0,"key":"Block Potion"}],"is_trial":false,"path_per_floor":["M","M","?","M","?","R","M","E","T","M","M","?","R","E","R","B",null,"M","M","?","?","M","R","M","$","T","E","?","E"],"character_chosen":"DEFECT","items_purchased":["Coolheaded","Core Surge","Go for the Eyes"],"campfire_rested":1,"item_purchase_floors":[25,25,25],"current_hp_per_floor":[64,62,62,60,60,60,48,43,43,43,42,40,40,15,34,1,48,38,38,51,42,56,56,49,49,49,18,18,0,0],"gold":207,"neow_bonus":"THREE_RARE_CARDS","is_daily":false,"chose_seed":false,"campfire_upgraded":3,"win_rate":0.0,"timestamp":1612064726,"path_taken":["M","M","?","?","?","R","M","E","T","M","M","?","R","E","R","BOSS","M","M","?","?","?","R","?","?","T","E","?","E"],"items_purchased_type":["Card","Card","Card"],"build_version":"2020-12-22","purchased_purges":1,"victory":false,"max_hp_per_floor":[71,71,71,71,64,64,64,64,64,64,64,64,64,64,64,64,64,64,64,64,64,64,64,64,64,64,64,64,64,64],"relic_stats":{"Darkstone Periapt":0,"Nunchaku":[6],"Singing Bowl":0,"counters":[16,81],"Golden Idol":75,"Art of War":[3],"Kunai":[9],"obtain_stats":[{"Darkstone Periapt":8,"Nunchaku":14,"Singing Bowl":27,"Golden Idol":5,"Art of War":26,"Kunai":9,"Odd Mushroom":12,"Cracked Core":0,"Runic Pyramid":17},{"Darkstone Periapt":5,"Nunchaku":9,"Singing Bowl":15,"Golden Idol":3,"Art of War":14,"Kunai":5,"Odd Mushroom":8,"Cracked Core":0,"Runic Pyramid":10},{"Darkstone Periapt":20,"Nunchaku":37,"Singing Bowl":76,"Golden Idol":9,"Art of War":68,"Kunai":20,"Odd Mushroom":31,"Cracked Core":0,"Runic Pyramid":45}]},"card_choices":[{"not_picked":["Core Surge","Thunder Strike"],"picked":"Echo Form","floor":0.0},{"not_picked":["Barrage","Coolheaded"],"picked":"Genetic Algorithm","floor":1.0},{"not_picked":["Heatsinks","Redo"],"picked":"Sunder","floor":2.0},{"not_picked":["Gash","Barrage"],"picked":"Sweeping Beam","floor":4.0},{"not_picked":["Heatsinks","Static Discharge"],"picked":"Capacitor","floor":7.0},{"not_picked":["Aggregate","Gash"],"picked":"FTL","floor":8.0},{"not_picked":["Aggregate","Stack"],"picked":"Genetic Algorithm","floor":10.0},{"not_picked":["Beam Cell","Hello World"],"picked":"Ball Lightning","floor":11.0},{"not_picked":["Rip and Tear","Auto Shields"],"picked":"Static Discharge","floor":12.0},{"not_picked":["Force Field","Stack"],"picked":"Undo","floor":14.0},{"not_picked":["Rainbow","Reboot"],"picked":"Seek","floor":16.0},{"not_picked":["Redo","Conserve Battery","Tempest"],"picked":"SKIP","floor":18.0},{"not_picked":["Recycle","Hologram+1"],"picked":"Self Repair","floor":19.0},{"not_picked":["Leap+1","Steam"],"picked":"Consume","floor":22.0},{"not_picked":["Steam","Ball Lightning","Rebound"],"picked":"SKIP","floor":24.0},{"not_picked":["Reinforced Body","Force Field"],"picked":"Electrodynamics","floor":27.0}],"player_experience":564587,"relics_obtained":[{"floor":8.0,"key":"Darkstone Periapt"},{"floor":9.0,"key":"Kunai"},{"floor":12.0,"key":"Odd Mushroom"},{"floor":14.0,"key":"Nunchaku"},{"floor":26.0,"key":"Art of War"},{"floor":27.0,"key":"Singing Bowl"}],"event_choices":[{"damage_healed":0.0,"max_hp_gain":0.0,"max_hp_loss":0.0,"gold_gain":0.0,"cards_transformed":["Strike_B"],"event_name":"Transmorgrifier","player_choice":"Transformed","floor":3.0,"gold_loss":0.0,"damage_taken":0.0,"cards_obtained":["Darkness"]},{"damage_healed":0.0,"max_hp_gain":0.0,"max_hp_loss":7.0,"gold_gain":0.0,"event_name":"Golden Idol","player_choice":"Lose Max HP","floor":5.0,"gold_loss":0.0,"damage_taken":0.0,"relics_obtained":["Golden Idol"]},{"damage_healed":0.0,"max_hp_gain":0.0,"max_hp_loss":0.0,"gold_gain":0.0,"event_name":"Mushrooms","player_choice":"Fought Mushrooms","floor":12.0,"gold_loss":0.0,"damage_taken":0.0},{"damage_healed":13.0,"max_hp_gain":0.0,"max_hp_loss":0.0,"gold_gain":0.0,"event_name":"The Library","player_choice":"Heal","floor":20.0,"gold_loss":0.0,"damage_taken":0.0},{"damage_healed":0.0,"max_hp_gain":0.0,"max_hp_loss":0.0,"gold_gain":0.0,"event_name":"Wheel of Change","player_choice":"Damaged","floor":21.0,"gold_loss":0.0,"damage_taken":9.0},{"damage_healed":0.0,"max_hp_gain":0.0,"max_hp_loss":0.0,"gold_gain":0.0,"event_name":"Match and Keep!","player_choice":"1 cards matched","floor":28.0,"gold_loss":0.0,"damage_taken":0.0,"cards_obtained":["Reboot"]}],"is_beta":false,"boss_relics":[{"not_picked":["FrozenCore","Astrolabe"],"picked":"Runic Pyramid"}],"items_purged_floors":[25],"is_endless":false,"potions_floor_spawned":[2,4,8,16,22,24],"killed_by":"Book of Stabbing","ascension_level":15}}