{"host":"pigfart","time":1612066606,"event":{"mods":["BaseMod","Colored Map","Minty Spire (QoL Compilation)","Relic Stats","StSLib"],"gold_per_floor":[110,110,128,76,95,95,126,126,126,126,126,153,153,167,167,238,238,257,257,257,7,27,27,60,60,113,128,56,56,56,88,88,159,159,177,202,215,225,244,273,273,285,285,285,285,312,312,57,57,57,57,57],"floor_reached":51,"language":"ENG","playtime":2369,"items_purged":[],"score":1448,"play_id":"7602b748-60a5-4344-bb33-bb3b53a5ffbb","local_time":"20210130221646","is_ascension_mode":true,"campfire_choices":[{"data":"Dash","floor":6,"key":"SMITH"},{"data":"Underhanded Strike","floor":8,"key":"SMITH"},{"data":"Malaise","floor":10,"key":"SMITH"},{"floor":13,"key":"REST"},{"data":"Calculated Gamble","floor":15,"key":"SMITH"},{"data":"Predator","floor":23,"key":"SMITH"},{"data":"Eviscerate","floor":29,"key":"SMITH"},{"data":"Choke","floor":32,"key":"SMITH"},{"floor":41,"key":"REST"},{"floor":45,"key":"REST"},{"floor":49,"key":"RECALL"}],"circlet_count":0,"master_deck":["AscendersBane","Strike_G","Strike_G","Defend_G","Defend_G","Defend_G","Defend_G","Defend_G","Survivor","Neutralize","Calculated Gamble+1","Backflip","Underhanded Strike+1","Dash+1","Bullet Time","Choke+1","Predator+1","Skewer","Setup","Dash+1","Cloak And Dagger+1","Backflip","Decay","Eviscerate+1","Underhanded Strike","Corpse Explosion","Prepared+1","Outmaneuver+1"],"relics":["Snecko Eye","Lizard Tail","The Courier","Tingsha","HoveringKite","DollysMirror","Bag of Preparation","Calipers","Bronze Scales","Ice Cream","WristBlade","TungstenRod","Strawberry","PreservedInsect","CaptainsWheel"],"acts_visited":["Exordium","TheCity","TheBeyond"],"potions_floor_usage":[16,24,39,46,51],"damage_taken":[{"damage":0,"enemies":"Small Slimes","floor":1,"turns":5},{"damage":12,"enemies":"Cultist","floor":3,"turns":7},{"damage":0,"enemies":"2 Louse","floor":5,"turns":3},{"damage":15,"enemies":"3 Sentries","floor":7,"turns":9},{"damage":24,"enemies":"Gremlin Nob","floor":12,"turns":5},{"damage":1,"enemies":"Exordium Wildlife","floor":14,"turns":4},{"damage":5,"enemies":"Hexaghost","floor":16,"turns":11},{"damage":11,"enemies":"2 Thieves","floor":18,"turns":4},{"damage":6,"enemies":"Chosen","floor":22,"turns":4},{"damage":12,"enemies":"Gremlin Leader","floor":24,"turns":8},{"damage":0,"enemies":"Centurion and Healer","floor":27,"turns":4},{"damage":0,"enemies":"Slavers","floor":31,"turns":4},{"damage":19,"enemies":"Automaton","floor":33,"turns":9},{"damage":25,"enemies":"Orb Walker","floor":35,"turns":5},{"damage":0,"enemies":"Mind Bloom Boss Battle","floor":36,"turns":2},{"damage":0,"enemies":"3 Darklings","floor":37,"turns":4},{"damage":6,"enemies":"Jaw Worm Horde","floor":38,"turns":2},{"damage":9,"enemies":"Maw","floor":39,"turns":6},{"damage":8,"enemies":"Giant Head","floor":40,"turns":5},{"damage":0,"enemies":"3 Darklings","floor":42,"turns":1},{"damage":3,"enemies":"Reptomancer","floor":46,"turns":5},{"damage":72,"enemies":"Awakened One","floor":50,"turns":14},{"damage":26,"enemies":"Time Eater","floor":51,"turns":5}],"seed_played":"-5643323263716676917","potions_obtained":[{"floor":7,"key":"SkillPotion"},{"floor":16,"key":"LiquidMemories"},{"floor":22,"key":"BlessingOfTheForge"},{"floor":24,"key":"GhostInAJar"},{"floor":39,"key":"DuplicationPotion"},{"floor":42,"key":"PowerPotion"}],"is_trial":false,"path_per_floor":["M","?","M","$","M","R","E","R","T","R","?","E","R","M","R","B",null,"M","?","?","$","M","R","E","?","T","M","$","R","$","E","R","B",null,"M","?","M","M","M","E","R","M","T","?","R","E","?","$","R","B","B"],"character_chosen":"THE_SILENT","items_purchased":["Underhanded Strike","DollysMirror","Bag of Preparation","Eviscerate","CaptainsWheel"],"campfire_rested":3,"item_purchase_floors":[4,21,21,28,48],"current_hp_per_floor":[59,59,47,47,47,47,32,32,32,32,32,8,27,26,26,21,55,44,44,44,44,38,38,26,26,26,26,26,26,26,26,26,7,51,26,26,26,20,11,10,31,31,31,31,51,48,48,48,48,17,0,0],"gold":57,"neow_bonus":"BOSS_RELIC","is_daily":false,"chose_seed":false,"campfire_upgraded":7,"win_rate":0.0,"timestamp":1612066606,"path_taken":["M","?","M","?","M","R","E","R","T","R","?","E","R","?","R","BOSS","M","?","?","$","M","R","E","?","T","M","$","R","?","E","R","BOSS","M","?","M","M","M","E","R","M","T","?","R","E","?","$","R","BOSS","BOSS"],"items_purchased_type":["Card","Relic","Relic","Card","Relic"],"build_version":"2020-12-18","purchased_purges":0,"victory":false,"max_hp_per_floor":[66,66,66,66,66,66,66,66,66,66,66,66,66,66,66,66,66,66,66,66,66,66,66,66,66,66,66,66,66,66,66,66,66,66,66,66,66,66,66,73,73,73,73,69,69,69,69,69,69,69,69,69],"relic_stats":{"Lizard Tail":34,"counters":[23,126],"Bronze Scales":[202],"Snecko Eye":[294,238,247,265],"HoveringKite":[39],"Tingsha":[490],"PreservedInsect":0,"Bag of Preparation":[30],"obtain_stats":[{"Ice Cream":31,"Calipers":24,"HoveringKite":17,"Tingsha":12,"The Courier":9,"PreservedInsect":46,"Bag of Preparation":21,"Lizard Tail":7,"CaptainsWheel":48,"WristBlade":34,"DollysMirror":21,"Bronze Scales":26,"Strawberry":40,"Snecko Eye":0,"TungstenRod":36,"Ring of the Snake":0},{"Ice Cream":12,"Calipers":10,"HoveringKite":7,"Tingsha":5,"The Courier":4,"PreservedInsect":21,"Bag of Preparation":8,"Lizard Tail":4,"CaptainsWheel":21,"WristBlade":13,"DollysMirror":8,"Bronze Scales":10,"Strawberry":19,"Snecko Eye":0,"TungstenRod":15,"Ring of the Snake":0},{"Ice Cream":68,"Calipers":60,"HoveringKite":44,"Tingsha":29,"The Courier":24,"PreservedInsect":107,"Bag of Preparation":48,"Lizard Tail":24,"CaptainsWheel":107,"WristBlade":77,"DollysMirror":48,"Bronze Scales":60,"Strawberry":101,"Snecko Eye":0,"TungstenRod":84,"Ring of the Snake":0}],"TungstenRod":20},"card_choices":[{"not_picked":["Acrobatics","Slice","Outmaneuver"],"picked":"SKIP","floor":1},{"not_picked":["Infinite Blades","Quick Slash"],"picked":"Backflip","floor":3},{"not_picked":["Flying Knee","Finisher"],"picked":"Dash","floor":5},{"not_picked":["Doppelganger","Blur"],"picked":"Malaise","floor":7},{"not_picked":["Deflect","Acrobatics","Quick Slash"],"picked":"SKIP","floor":12},{"not_picked":["Cloak And Dagger","Prepared","Expertise"],"picked":"SKIP","floor":14},{"not_picked":["Wraith Form v2","Storm of Steel"],"picked":"Bullet Time","floor":16},{"not_picked":["Finisher","Distraction"],"picked":"Choke","floor":18},{"not_picked":["Dagger Spray","Setup"],"picked":"Cloak And Dagger+1","floor":22},{"not_picked":["Sucker Punch","Slice"],"picked":"Backflip","floor":24},{"not_picked":["Deflect+1","Backflip","Predator"],"picked":"SKIP","floor":27},{"not_picked":["Backstab","Bane"],"picked":"Underhanded Strike","floor":31},{"not_picked":["Unload","After Image"],"picked":"Corpse Explosion","floor":33},{"not_picked":["Quick Slash","Flying Knee","Underhanded Strike"],"picked":"SKIP","floor":35},{"not_picked":["Cloak And Dagger","Dagger Throw"],"picked":"Prepared+1","floor":36},{"not_picked":["Catalyst","Noxious Fumes","Masterful Stab"],"picked":"SKIP","floor":37},{"not_picked":["Dagger Spray","All Out Attack","Flying Knee"],"picked":"SKIP","floor":38},{"not_picked":["Accuracy+1","Quick Slash","Slice"],"picked":"SKIP","floor":39},{"not_picked":["Dash","Dagger Spray"],"picked":"Outmaneuver+1","floor":40},{"not_picked":["Deadly Poison","Backstab+1","Concentrate"],"picked":"SKIP","floor":42},{"not_picked":["Dagger Spray","Heel Hook","Flechettes+1"],"picked":"SKIP","floor":46}],"player_experience":2357520,"relics_obtained":[{"floor":7,"key":"Lizard Tail"},{"floor":9,"key":"The Courier"},{"floor":12,"key":"Tingsha"},{"floor":24,"key":"Calipers"},{"floor":26,"key":"Bronze Scales"},{"floor":31,"key":"Ice Cream"},{"floor":36,"key":"TungstenRod"},{"floor":40,"key":"Strawberry"},{"floor":46,"key":"PreservedInsect"}],"event_choices":[{"damage_healed":0,"gold_gain":0,"cards_transformed":["Strike_G"],"player_choice":"Transformed","damage_taken":0,"max_hp_gain":0,"max_hp_loss":0,"event_name":"Transmorgrifier","floor":2,"gold_loss":0,"cards_obtained":["Calculated Gamble"]},{"damage_healed":0,"gold_gain":0,"player_choice":"Ignored","damage_taken":0,"max_hp_gain":0,"max_hp_loss":0,"event_name":"Shining Light","floor":11,"gold_loss":0},{"damage_healed":0,"gold_gain":0,"player_choice":"Read","damage_taken":0,"max_hp_gain":0,"max_hp_loss":0,"event_name":"The Library","floor":19,"gold_loss":0,"cards_obtained":["Predator"]},{"damage_healed":0,"gold_gain":0,"cards_transformed":["Strike_G","Strike_G"],"player_choice":"Became Test Subject","damage_taken":0,"max_hp_gain":0,"max_hp_loss":0,"event_name":"Drug Dealer","floor":20,"gold_loss":0,"cards_obtained":["Skewer","Setup"]},{"damage_healed":0,"gold_gain":0,"player_choice":"Smashed Altar","damage_taken":0,"max_hp_gain":0,"max_hp_loss":0,"event_name":"Forgotten Altar","floor":25,"gold_loss":0,"cards_obtained":["Decay"]},{"damage_healed":0,"gold_gain":0,"player_choice":"Fight","damage_taken":0,"max_hp_gain":0,"max_hp_loss":0,"event_name":"MindBloom","floor":36,"gold_loss":0},{"damage_healed":0,"gold_gain":0,"player_choice":"Max HP","damage_taken":0,"max_hp_gain":0,"max_hp_loss":4,"event_name":"Winding Halls","floor":44,"gold_loss":0},{"cards_removed":["Malaise"],"damage_healed":0,"gold_gain":0,"player_choice":"Removed Skill","damage_taken":0,"max_hp_gain":0,"max_hp_loss":0,"event_name":"Falling","floor":47,"gold_loss":0}],"is_beta":true,"boss_relics":[{"not_picked":["Busted Crown","Philosopher\u0027s Stone"],"picked":"HoveringKite"},{"not_picked":["Sozu","Runic Pyramid"],"picked":"WristBlade"}],"items_purged_floors":[],"is_endless":false,"potions_floor_spawned":[7,16,22,24,35,39,42],"killed_by":"Time Eater","ascension_level":20}}