{"host":"s5i48q09v0un9rqc","time":1612076890,"event":{"mods":["BaseMod","BetterRewards","Highlight Path","Minty Spire (QoL Compilation)","Rare Cards Sparkle","Shop Mod"],"gold_per_floor":[119,136,49,69,88,88,108,141,193,193,243,25,25,42,42,119,119,137,74,74,74,124,124,143,143,167,178,17,32,32,58,58,130,130,149,149,164,174,174,204,204,204,204,216,230,230,257,271,271,271,271,271,53,87,87],"floor_reached":56,"language":"ZHS","playtime":2795,"items_purged":["Strike_R","Strike_R","Strike_R","Strike_R","Strike_R"],"score":2606,"play_id":"03e74d4e-1f72-4176-975f-0c5c1fb5c7ec","local_time":"20210131150810","is_ascension_mode":true,"campfire_choices":[{"data":"Searing Blow","floor":6.0,"key":"SMITH"},{"data":"Searing Blow+1","floor":10.0,"key":"SMITH"},{"data":"Searing Blow+2","floor":13.0,"key":"SMITH"},{"data":"Searing Blow+3","floor":15.0,"key":"SMITH"},{"data":"Searing Blow+4","floor":23.0,"key":"SMITH"},{"data":"Searing Blow+5","floor":25.0,"key":"SMITH"},{"data":"Searing Blow+6","floor":30.0,"key":"SMITH"},{"data":"Searing Blow+7","floor":32.0,"key":"SMITH"},{"data":"Searing Blow+8","floor":42,"key":"SMITH"},{"data":"Searing Blow+10","floor":46,"key":"SMITH"},{"floor":49,"key":"RECALL"},{"data":"Searing Blow+11","floor":52,"key":"SMITH"}],"circlet_count":0,"master_deck":["AscendersBane","Defend_R+1","Defend_R+1","Defend_R","Bash+1","Searing Blow+12","Armaments+1","Shockwave+1","Feel No Pain","Shrug It Off+1","Bloodletting+1","Offering+1","Pommel Strike+1","Madness+1","Madness+1","Impervious+1","Dark Embrace","True Grit+1"],"relics":["Burning Blood","Juzu Bracelet","Torii","Membership Card","HornCleat","Mummified Hand","Ginger","Toxic Egg 2","Bronze Scales","Incense Burner","Medical Kit","Centennial Puzzle","SlaversCollar","Girya","Happy Flower","TheAbacus","The Courier","Sozu","Smiling Mask","Whetstone","Pantograph","Nunchaku","Chemical X","War Paint"],"acts_visited":["Exordium","TheCity","TheBeyond","TheEnding"],"potions_floor_usage":[40,55],"damage_taken":[{"damage":0.0,"enemies":"Jaw Worm","floor":1.0,"turns":4.0},{"damage":1.0,"enemies":"Cultist","floor":2.0,"turns":5.0},{"damage":2.0,"enemies":"Small Slimes","floor":4.0,"turns":3.0},{"damage":0.0,"enemies":"2 Fungi Beasts","floor":5.0,"turns":4.0},{"damage":3.0,"enemies":"Large Slime","floor":7.0,"turns":8.0},{"damage":32.0,"enemies":"Gremlin Nob","floor":8.0,"turns":5.0},{"damage":0.0,"enemies":"Exordium Wildlife","floor":14.0,"turns":3.0},{"damage":18.0,"enemies":"The Guardian","floor":16.0,"turns":8.0},{"damage":1.0,"enemies":"Shell Parasite","floor":18.0,"turns":4.0},{"damage":0.0,"enemies":"3 Byrds","floor":24.0,"turns":3.0},{"damage":8.0,"enemies":"3 Cultists","floor":27.0,"turns":5.0},{"damage":0.0,"enemies":"Sentry and Sphere","floor":29.0,"turns":3.0},{"damage":6.0,"enemies":"Slavers","floor":31.0,"turns":6.0},{"damage":16.0,"enemies":"Champ","floor":33.0,"turns":9.0},{"damage":3.0,"enemies":"3 Shapes","floor":35.0,"turns":9.0},{"damage":9.0,"enemies":"3 Darklings","floor":37.0,"turns":3.0},{"damage":4.0,"enemies":"Spire Growth","floor":38.0,"turns":3.0},{"damage":6,"enemies":"Reptomancer","floor":40,"turns":1},{"damage":9,"enemies":"Jaw Worm Horde","floor":44,"turns":3},{"damage":9,"enemies":"Transient","floor":45,"turns":6},{"damage":9,"enemies":"Nemesis","floor":47,"turns":9},{"damage":9,"enemies":"Maw","floor":48,"turns":2},{"damage":48,"enemies":"Awakened One","floor":50,"turns":6},{"damage":29,"enemies":"Shield and Spear","floor":54,"turns":4},{"damage":10,"enemies":"The Heart","floor":55,"turns":4}],"seed_played":"-3933900457405734314","potions_obtained":[{"floor":2.0,"key":"SkillPotion"},{"floor":29.0,"key":"Strength Potion"},{"floor":31.0,"key":"DuplicationPotion"}],"is_trial":false,"path_per_floor":["M","M","$","M","M","R","M","E","T","R","?","$","R","M","R","B",null,"M","$","?","T","?","R","M","R","T","M","$","M","R","E","R","B",null,"M","?","M","M","?","E","?","R","T","M","M","R","E","M","R","B",null,"R","$","E","B",null],"character_chosen":"IRONCLAD","items_purchased":["Juzu Bracelet","Searing Blow","Membership Card","HornCleat","Mummified Hand","Toxic Egg 2","Armaments+1","EssenceOfSteel","Bronze Scales","Medical Kit","Centennial Puzzle","TheAbacus","Dark Embrace","True Grit+1","Nunchaku","Chemical X"],"campfire_rested":0,"item_purchase_floors":[0,0,0,0,0,0,0,0,3,12,12,28,53,53,53,53],"current_hp_per_floor":[26,31,31,35,41,41,44,18,18,18,18,18,18,24,24,12,59,64,64,64,64,64,64,70,70,70,68,68,74,74,74,74,64,72,75,61,58,60,60,60,60,60,60,57,54,54,51,48,48,31,64,64,64,41,62],"gold":87,"neow_bonus":"","is_daily":false,"chose_seed":false,"campfire_upgraded":11,"win_rate":0.0,"timestamp":1612076890,"path_taken":["M","M","$","M","M","R","M","E","T","R","?","$","R","M","R","BOSS","M","$","?","?","?","R","M","R","T","M","?","M","R","E","R","BOSS","M","?","M","M","?","E","?","R","T","M","M","R","E","M","R","BOSS","R","$","E","BOSS"],"items_purchased_type":["Relic","Card","Relic","Relic","Relic","Relic","Card","Potion","Relic","Relic","Relic","Relic","Card","Card","Relic","Relic"],"build_version":"2020-12-22","purchased_purges":5,"victory":true,"max_hp_per_floor":[75,75,75,75,75,75,75,75,75,75,75,75,75,75,75,75,75,75,75,75,75,75,75,75,75,75,75,75,75,75,75,75,75,75,75,75,75,75,75,75,75,75,75,75,75,75,75,75,75,75,75,75,75,75,75],"card_choices":[{"not_picked":["Sword Boomerang","Warcry+1"],"picked":"Shockwave+1","floor":1.0},{"not_picked":["Clothesline","Rage+1","Armaments+1"],"picked":"SKIP","floor":2.0},{"not_picked":["Headbutt","Clash","Wild Strike"],"picked":"SKIP","floor":4.0},{"not_picked":["Cleave","Juggernaut"],"picked":"Feel No Pain","floor":5.0},{"not_picked":["Flame Barrier+1","Clothesline"],"picked":"Shrug It Off+1","floor":7.0},{"not_picked":["Heavy Blade","Hemokinesis","Ghostly Armor+1"],"picked":"SKIP","floor":8.0},{"not_picked":["Anger","Havoc+1","Rage+1"],"picked":"SKIP","floor":14.0},{"not_picked":["Clash","Twin Strike","Armaments+1"],"picked":"SKIP","floor":18.0},{"not_picked":["Heavy Blade","Reckless Charge","Pommel Strike"],"picked":"SKIP","floor":24.0},{"not_picked":["Heavy Blade","Cleave"],"picked":"Bloodletting+1","floor":27.0},{"not_picked":["Clothesline","Flex+1","Uppercut"],"picked":"SKIP","floor":29.0},{"not_picked":["Anger+1","Warcry+1","Havoc+1"],"picked":"SKIP","floor":31.0},{"not_picked":["Immolate","Exhume+1"],"picked":"Offering+1","floor":33.0},{"not_picked":["Armaments+1","Wild Strike"],"picked":"Pommel Strike+1","floor":35.0},{"not_picked":["Entrench+1","Cleave","Dual Wield+1"],"picked":"SKIP","floor":37.0},{"not_picked":["Armaments+1","Havoc+1","Hemokinesis+1"],"picked":"SKIP","floor":38.0},{"not_picked":["Fire Breathing","Combust","Sentinel+1"],"picked":"SKIP","floor":40},{"not_picked":["Wild Strike","Ghostly Armor+1","Iron Wave"],"picked":"SKIP","floor":44},{"not_picked":["Body Slam","Perfected Strike","Anger+1"],"picked":"SKIP","floor":45},{"not_picked":["Heavy Blade+1","Ghostly Armor+1"],"picked":"Impervious+1","floor":47},{"not_picked":["Body Slam","Flex+1","Sword Boomerang"],"picked":"SKIP","floor":48},{"not_picked":["Flex+1","Intimidate+1","Hemokinesis"],"picked":"SKIP","floor":54}],"player_experience":821540,"relics_obtained":[{"floor":8.0,"key":"Incense Burner"},{"floor":21.0,"key":"Girya"},{"floor":26.0,"key":"Happy Flower"},{"floor":31.0,"key":"The Courier"},{"floor":40,"key":"Smiling Mask"},{"floor":43,"key":"Whetstone"},{"floor":47,"key":"Pantograph"},{"floor":54,"key":"War Paint"}],"event_choices":[{"damage_healed":0.0,"max_hp_gain":0.0,"max_hp_loss":0.0,"gold_gain":50.0,"event_name":"Golden Shrine","player_choice":"Pray","floor":11.0,"gold_loss":0.0,"damage_taken":0.0},{"damage_healed":0.0,"max_hp_gain":0.0,"max_hp_loss":0.0,"gold_gain":0.0,"event_name":"The Mausoleum","player_choice":"Ignored","floor":20.0,"gold_loss":0.0,"damage_taken":0.0},{"damage_healed":0.0,"max_hp_gain":0.0,"max_hp_loss":0.0,"gold_gain":50.0,"event_name":"Golden Shrine","player_choice":"Pray","floor":22.0,"gold_loss":0.0,"damage_taken":0.0},{"damage_healed":0.0,"max_hp_gain":0.0,"max_hp_loss":0.0,"gold_gain":0.0,"event_name":"Winding Halls","player_choice":"Embrace Madness","floor":36.0,"gold_loss":0.0,"damage_taken":14.0,"cards_obtained":["Madness","Madness"]},{"damage_healed":0.0,"max_hp_gain":0.0,"max_hp_loss":0.0,"gold_gain":0.0,"event_name":"Tomb of Lord Red Mask","player_choice":"Ignored","floor":39.0,"gold_loss":0.0,"damage_taken":0.0},{"cards_removed":["Defend_R"],"damage_healed":0,"gold_gain":0,"player_choice":"Removed Skill","damage_taken":0,"max_hp_gain":0,"max_hp_loss":0,"event_name":"Falling","floor":41,"gold_loss":0}],"is_beta":false,"boss_relics":[{"not_picked":["Calling Bell","Empty Cage"],"picked":"SlaversCollar"},{"not_picked":["Cursed Key","Fusion Hammer"],"picked":"Sozu"}],"items_purged_floors":[0,12,19,28,53],"is_endless":false,"potions_floor_spawned":[2,5,8,29,31,33,37,40,44,48],"ascension_level":18}}