{"host":"Nexxot","time":1612098618,"event":{"mods":["AchievementEnabler","BaseMod","Bestiary","Colored Map","Curses Come First","Highlight Path","Minty Spire (QoL Compilation)","Relic Stats","StSLib"],"gold_per_floor":[118,137,152,152,162,162,196,196,220,255,255,272,288,308,308,404,404,423,423,12,24,39,71,71,99,99,124,136,170,181,195,195,195,195],"floor_reached":33,"language":"ENG","playtime":1449,"items_purged":["Strike_G"],"score":519,"play_id":"5abbf577-1927-4ce6-9a22-363c3ced558c","local_time":"20210131141018","is_ascension_mode":true,"campfire_choices":[{"data":"Dodge and Roll","floor":6,"key":"SMITH"},{"floor":8,"key":"REST"},{"data":"Deadly Poison","floor":15,"key":"SMITH"},{"floor":24,"key":"REST"},{"floor":32,"key":"REST"}],"circlet_count":0,"master_deck":["AscendersBane","Strike_G","Strike_G","Strike_G","Strike_G","Defend_G","Defend_G","Defend_G","Defend_G","Defend_G","Survivor","Neutralize+1","Endless Agony","Dodge and Roll+1","Blur","Deadly Poison+1","Poisoned Stab","Bane","Blur","Wraith Form v2","Crippling Poison","Catalyst","Leg Sweep","Catalyst","Dagger Spray","Footwork+1","Leg Sweep","Blade Dance"],"relics":["Ring of the Snake","Vajra","Tiny Chest","PreservedInsect","Boot","Fusion Hammer","Mercury Hourglass","Nunchaku","White Beast Statue","Dream Catcher","StrikeDummy"],"acts_visited":["Exordium","TheCity"],"potions_floor_usage":[7,10,16,23,25,29,30,31,33,33,33],"damage_taken":[{"damage":0,"enemies":"Jaw Worm","floor":1,"turns":3},{"damage":0,"enemies":"2 Louse","floor":2,"turns":2},{"damage":1,"enemies":"Cultist","floor":3,"turns":3},{"damage":0,"enemies":"2 Fungi Beasts","floor":5,"turns":3},{"damage":30,"enemies":"Lagavulin","floor":7,"turns":7},{"damage":12,"enemies":"Gremlin Nob","floor":10,"turns":3},{"damage":0,"enemies":"Looter","floor":12,"turns":3},{"damage":16,"enemies":"Lots of Slimes","floor":13,"turns":6},{"damage":5,"enemies":"3 Louse","floor":14,"turns":2},{"damage":29,"enemies":"Hexaghost","floor":16,"turns":11},{"damage":4,"enemies":"Shell Parasite","floor":18,"turns":7},{"damage":1,"enemies":"3 Byrds","floor":21,"turns":4},{"damage":18,"enemies":"Cultist and Chosen","floor":22,"turns":9},{"damage":0,"enemies":"Gremlin Leader","floor":23,"turns":4},{"damage":10,"enemies":"Slavers","floor":25,"turns":5},{"damage":16,"enemies":"3 Cultists","floor":28,"turns":5},{"damage":6,"enemies":"Book of Stabbing","floor":29,"turns":4},{"damage":7,"enemies":"Snake Plant","floor":30,"turns":4},{"damage":0,"enemies":"Shelled Parasite and Fungi","floor":31,"turns":4},{"damage":30,"enemies":"Champ","floor":33,"turns":13}],"seed_played":"-2632103098544950198","potions_obtained":[{"floor":1,"key":"Swift Potion"},{"floor":3,"key":"PowerPotion"},{"floor":5,"key":"PowerPotion"},{"floor":7,"key":"GhostInAJar"},{"floor":13,"key":"GhostInAJar"},{"floor":14,"key":"SkillPotion"},{"floor":23,"key":"Poison Potion"},{"floor":28,"key":"DuplicationPotion"},{"floor":29,"key":"CunningPotion"},{"floor":30,"key":"LiquidMemories"},{"floor":31,"key":"Ancient Potion"}],"is_trial":false,"path_per_floor":["M","M","M","?","M","R","E","R","T","E","?","M","M","M","R","B",null,"M","?","$","M","M","E","R","E","T","T","M","E","M","M","R","B"],"character_chosen":"THE_SILENT","items_purchased":["Mercury Hourglass","Catalyst","AttackPotion"],"campfire_rested":3,"item_purchase_floors":[20,20,20],"current_hp_per_floor":[63,63,62,62,62,62,32,53,53,41,70,70,54,49,49,20,58,54,41,41,40,22,22,44,34,34,34,18,12,5,5,27,0,0],"gold":195,"neow_bonus":"RANDOM_COMMON_RELIC","is_daily":false,"chose_seed":false,"campfire_upgraded":2,"win_rate":0.0,"timestamp":1612098618,"path_taken":["M","M","M","?","M","R","E","R","T","E","?","M","M","?","R","BOSS","M","?","$","M","M","E","R","E","T","?","M","E","?","M","R","BOSS"],"items_purchased_type":["Relic","Card","Potion"],"build_version":"2020-12-18","purchased_purges":1,"victory":false,"max_hp_per_floor":[70,70,70,70,70,70,70,70,70,70,70,70,70,70,70,70,70,70,75,75,75,75,75,75,75,75,75,75,75,75,75,75,75,75],"relic_stats":{"Nunchaku":[6],"Dream Catcher":1,"counters":[20,102],"Tiny Chest":1,"PreservedInsect":150,"Boot":[68],"obtain_stats":[{"Nunchaku":23,"Dream Catcher":27,"Vajra":0,"Tiny Chest":7,"PreservedInsect":9,"Fusion Hammer":17,"Boot":10,"StrikeDummy":29,"White Beast Statue":25,"Ring of the Snake":0,"Mercury Hourglass":20},{"Nunchaku":14,"Dream Catcher":15,"Vajra":0,"Tiny Chest":5,"PreservedInsect":5,"Fusion Hammer":10,"Boot":6,"StrikeDummy":17,"White Beast Statue":15,"Ring of the Snake":0,"Mercury Hourglass":11},{"Nunchaku":67,"Dream Catcher":72,"Vajra":0,"Tiny Chest":18,"PreservedInsect":18,"Fusion Hammer":43,"Boot":21,"StrikeDummy":81,"White Beast Statue":72,"Ring of the Snake":0,"Mercury Hourglass":50}],"Ring of the Snake":[42],"Mercury Hourglass":[202]},"card_choices":[{"not_picked":["Dodge and Roll","Reflex"],"picked":"Endless Agony","floor":1},{"not_picked":["PiercingWail","Reflex"],"picked":"Masterful Stab","floor":2},{"not_picked":["Prepared","Endless Agony"],"picked":"Dodge and Roll","floor":3},{"not_picked":["Quick Slash","Dodge and Roll"],"picked":"Blur","floor":5},{"not_picked":["Calculated Gamble","Tactician","Catalyst"],"picked":"SKIP","floor":7},{"not_picked":["Dagger Throw","Underhanded Strike"],"picked":"Deadly Poison","floor":10},{"not_picked":["Dagger Throw","Endless Agony"],"picked":"Poisoned Stab","floor":12},{"not_picked":["Acrobatics","Flechettes"],"picked":"Bane","floor":13},{"not_picked":["Reflex","Prepared"],"picked":"Blur","floor":14},{"not_picked":["Night Terror","Phantasmal Killer"],"picked":"Wraith Form v2","floor":16},{"not_picked":["Cloak And Dagger+1","Flying Knee+1"],"picked":"Crippling Poison","floor":18},{"not_picked":["Blade Dance","PiercingWail"],"picked":"Leg Sweep","floor":21},{"not_picked":["Prepared+1","Deadly Poison"],"picked":"Catalyst","floor":22},{"not_picked":["Flying Knee","Quick Slash","Riddle With Holes"],"picked":"SKIP","floor":23},{"not_picked":["Grand Finale","Eviscerate","Dagger Throw"],"picked":"SKIP","floor":25},{"not_picked":["Poisoned Stab","Unload"],"picked":"Dagger Spray","floor":28},{"not_picked":["Dagger Spray+1","Poisoned Stab","Bullet Time"],"picked":"SKIP","floor":29},{"not_picked":["Reflex","Underhanded Strike"],"picked":"Footwork+1","floor":30},{"not_picked":["Setup","Skewer"],"picked":"Leg Sweep","floor":31},{"not_picked":["Distraction","Backstab"],"picked":"Blade Dance","floor":32}],"player_experience":338534,"relics_obtained":[{"floor":7,"key":"Tiny Chest"},{"floor":9,"key":"PreservedInsect"},{"floor":10,"key":"Boot"},{"floor":23,"key":"Nunchaku"},{"floor":25,"key":"White Beast Statue"},{"floor":27,"key":"Dream Catcher"},{"floor":29,"key":"StrikeDummy"}],"event_choices":[{"damage_healed":0,"gold_gain":0,"player_choice":"Grow","damage_taken":0,"max_hp_gain":0,"max_hp_loss":0,"event_name":"Living Wall","floor":4,"gold_loss":0,"cards_upgraded":["Neutralize"]},{"cards_removed":["Masterful Stab"],"damage_healed":29,"gold_gain":0,"player_choice":"Offered Uncommon","damage_taken":0,"max_hp_gain":0,"max_hp_loss":0,"event_name":"Bonfire Elementals","floor":11,"gold_loss":0},{"damage_healed":0,"gold_gain":0,"player_choice":"Shed Blood","damage_taken":18,"max_hp_gain":5,"max_hp_loss":0,"event_name":"Forgotten Altar","floor":19,"gold_loss":0}],"is_beta":true,"boss_relics":[{"not_picked":["WristBlade","HoveringKite"],"picked":"Fusion Hammer"}],"items_purged_floors":[20],"is_endless":false,"potions_floor_spawned":[1,3,5,7,13,14,23,28,29,30,31],"killed_by":"Champ","ascension_level":10}}