{"host":"3498uni0c31c9bdm","time":1612113140,"event":{"mods":["BaseMod","Better Third Choice","Minty Spire (QoL Compilation)","Replay The Spire","StSLib"],"gold_per_floor":[117,117,137,148,148,179,179,195,222,240,240,258,288,300,300,396,396,412,170,272,272,47,84,118,118,141,169,169,192,192,234,234,252,252],"floor_reached":33,"language":"ENG","playtime":1367,"items_purged":["Pain"],"score":535,"play_id":"c6362052-d3ac-41f2-9c19-d4aff3c1322b","local_time":"20210201041220","is_ascension_mode":true,"campfire_choices":[{"floor":7,"key":"REST"},{"floor":15,"key":"REST"},{"floor":25,"key":"REST"},{"floor":28,"key":"REST"},{"floor":32,"key":"REST"}],"circlet_count":0,"master_deck":["AscendersBane","Strike_P","Strike_P","Strike_P","Strike_P","Defend_P+1","Defend_P","Defend_P","Eruption","Vigilance","CutThroughFate","EmptyBody","Prostrate+1","FlurryOfBlows","Evaluate","FlyingSleeves","ReachHeaven+1","Pot Of Greed","Pot Of Greed","LessonLearned+1","WaveOfTheHand+1","DeusExMachina+1","BattleHymn+1","ReplayTheSpireMod:Splinters","SashWhip","Prostrate","Pot Of Greed","ReplayTheSpireMod:IOU","ReplayTheSpireMod:IOU","PathToVictory","ForeignInfluence+1","EmptyFist","Prostrate+1","ForeignInfluence+1","BowlingBash"],"relics":["PureWater","NeowsBlessing","Oddly Smooth Stone","War Paint","Matryoshka","Grinning Jar","ChewingGum","Divine Protection","Damaru","WarpedTongs","Replay:Wax Seal","Guide Book","Replay:Bandana","Anchor","Bag of Marbles","GremlinMask"],"acts_visited":["Exordium","TheCity"],"potions_floor_usage":[16,18,23,24,33],"damage_taken":[{"damage":0,"enemies":"2 Louse","floor":1,"turns":1},{"damage":0,"enemies":"Cultist","floor":3,"turns":1},{"damage":0,"enemies":"Jaw Worm","floor":4,"turns":1},{"damage":37,"enemies":"3 Sentries","floor":6,"turns":15},{"damage":0,"enemies":"3 Louse","floor":8,"turns":4},{"damage":0,"enemies":"Blue Slaver","floor":10,"turns":4},{"damage":6,"enemies":"Gremlin Gang","floor":12,"turns":4},{"damage":9,"enemies":"Gremlin Nob","floor":13,"turns":3},{"damage":1,"enemies":"2 Fungi Beasts","floor":14,"turns":4},{"damage":0,"enemies":"Slime Boss","floor":16,"turns":3},{"damage":30,"enemies":"Chosen","floor":18,"turns":7},{"damage":21,"enemies":"Replay:Snechameleon","floor":23,"turns":5},{"damage":0,"enemies":"2 Thieves","floor":24,"turns":3},{"damage":24,"enemies":"Cultist and Chosen","floor":27,"turns":7},{"damage":7,"enemies":"Centurion and Healer","floor":29,"turns":4},{"damage":6,"enemies":"Snake Plant","floor":31,"turns":4},{"damage":51,"enemies":"Automaton","floor":33,"turns":6}],"seed_played":"-498059300361468232","potions_obtained":[{"floor":1,"key":"SpeedPotion"},{"floor":6,"key":"Energy Potion"},{"floor":20,"key":"Ancient Potion"},{"floor":20,"key":"FearPotion"},{"floor":23,"key":"FearPotion"},{"floor":24,"key":"PowerPotion"}],"is_trial":false,"path_per_floor":["M","?","M","M","?","E","R","M","T","M","T","M","E","M","R","B",null,"M","$","?","?","$","E","M","R","T","M","R","M","?","M","R","B"],"character_chosen":"WATCHER","items_purchased":["Divine Protection","Replay:Wax Seal","Guide Book","Replay:Bandana","PathToVictory"],"campfire_rested":5,"item_purchase_floors":[19,22,22,22,22],"current_hp_per_floor":[65,58,58,58,58,21,42,42,42,42,42,36,27,26,47,47,66,36,36,36,36,36,15,15,36,36,12,33,26,26,20,41,0,0],"gold":252,"neow_bonus":"THREE_ENEMY_KILL","is_daily":false,"chose_seed":false,"campfire_upgraded":0,"win_rate":0.0,"timestamp":1612113140,"path_taken":["M","?","M","?","?","E","R","?","T","M","?","M","E","M","R","BOSS","M","$","?","?","$","E","M","R","T","M","R","?","?","?","R","BOSS"],"items_purchased_type":["Relic","Relic","Relic","Relic","Card"],"build_version":"2020-12-22","purchased_purges":1,"victory":false,"max_hp_per_floor":[72,72,72,72,72,72,72,72,72,72,72,72,72,72,72,72,72,72,72,72,72,72,72,72,72,72,72,72,72,72,72,72,72,72],"card_choices":[{"not_picked":["Pray","Replay:AtTheReady"],"picked":"CutThroughFate","floor":1},{"not_picked":["CrushJoints","FollowUp"],"picked":"EmptyBody","floor":3},{"not_picked":["WaveOfTheHand","Collect"],"picked":"Prostrate","floor":4},{"not_picked":["JustLucky","Crescendo"],"picked":"FlurryOfBlows","floor":6},{"not_picked":["EmptyBody","Fasting2"],"picked":"Evaluate","floor":8},{"not_picked":["FlurryOfBlows","Nirvana"],"picked":"FlyingSleeves","floor":10},{"not_picked":["LikeWater","FlyingSleeves"],"picked":"ReachHeaven","floor":12},{"not_picked":["Prostrate","Omniscience"],"picked":"LessonLearned","floor":13},{"not_picked":["EmptyBody","CrushJoints"],"picked":"WaveOfTheHand","floor":14},{"not_picked":["Replay:LoomingThreat","Establishment"],"picked":"DeusExMachina","floor":16},{"not_picked":["FlurryOfBlows","Replay:AtTheReady"],"picked":"BattleHymn+1","floor":18},{"not_picked":["EmptyBody","CrushJoints"],"picked":"SashWhip","floor":20},{"not_picked":["CarveReality","Pray"],"picked":"Prostrate","floor":20},{"not_picked":["FlyingSleeves","Swivel+1"],"picked":"ForeignInfluence+1","floor":23},{"not_picked":["BattleHymn","ForeignInfluence"],"picked":"EmptyFist","floor":24},{"not_picked":["PathToVictory","ReachHeaven+1"],"picked":"Prostrate+1","floor":27},{"not_picked":["Nirvana","Scrawl"],"picked":"ForeignInfluence+1","floor":29},{"not_picked":["Prostrate","Replay:BluntJabs"],"picked":"BowlingBash","floor":31}],"player_experience":770289,"relics_obtained":[{"floor":6,"key":"Oddly Smooth Stone"},{"floor":9,"key":"War Paint"},{"floor":11,"key":"Matryoshka"},{"floor":13,"key":"Grinning Jar"},{"floor":20,"key":"Damaru"},{"floor":23,"key":"Anchor"},{"floor":26,"key":"Bag of Marbles"}],"event_choices":[{"damage_healed":0,"gold_gain":0,"player_choice":"Damaged","damage_taken":7,"max_hp_gain":0,"max_hp_loss":0,"event_name":"Wheel of Change","floor":2,"gold_loss":0},{"cards_removed":["Defend_P"],"damage_healed":0,"gold_gain":0,"player_choice":"Offered Basic","damage_taken":0,"max_hp_gain":0,"max_hp_loss":0,"event_name":"Bonfire Elementals","floor":5,"gold_loss":0},{"damage_healed":0,"gold_gain":0,"player_choice":"Rummage","damage_taken":0,"relics_obtained":["WarpedTongs"],"max_hp_gain":0,"max_hp_loss":0,"event_name":"Accursed Blacksmith","floor":21,"gold_loss":0,"cards_obtained":["Pain"]},{"damage_healed":0,"gold_gain":0,"player_choice":"Trade","damage_taken":0,"relics_obtained":["GremlinMask"],"max_hp_gain":0,"max_hp_loss":0,"event_name":"FaceTrader","floor":30,"gold_loss":0}],"is_beta":false,"boss_relics":[{"not_picked":["Kintsugi","Pandora\u0027s Box"],"picked":"ChewingGum"}],"items_purged_floors":[22],"is_endless":false,"potions_floor_spawned":[1,6,10,14,23,24,29],"killed_by":"Automaton","ascension_level":11}}