{"host":"x5w9zppki4gdwvc7","time":1612131355,"event":{"mods":["AchievementEnabler","BaseMod","Colored Powertips","DeckTracker","Minty Spire (QoL Compilation)","Relic Sorter","SuperFastMode"],"gold_per_floor":[116,66,78,78,3,3,3,30,98,98,113,113,128,146,146,246,246,213,213,101,101,111,111,134,134,134,53,63,63,63,63],"floor_reached":30,"language":"ENG","playtime":1208,"items_purged":["Strike_R","Strike_R","Strike_R"],"score":260,"play_id":"61842bac-a99d-48bd-871b-550f54a590dd","local_time":"20210131231555","is_ascension_mode":true,"campfire_choices":[{"data":"Metamorphosis","floor":6,"key":"SMITH"},{"data":"True Grit","floor":12,"key":"SMITH"},{"data":"1","floor":15,"key":"LIFT"},{"floor":23,"key":"REST"},{"data":"2","floor":29,"key":"LIFT"}],"circlet_count":0,"master_deck":["Strike_R","Defend_R","Defend_R","Defend_R","Bash","Metamorphosis+1","Anger","Whirlwind","Burning Pact","Wild Strike","True Grit+1","Shrug It Off","Demon Form+1","Shrug It Off+1","Dark Embrace","Heavy Blade+1","Uppercut","Feel No Pain","Burning Pact"],"relics":["Burning Blood","Question Card","Girya","The Courier","Velvet Choker","Enchiridion","Smiling Mask","Oddly Smooth Stone"],"acts_visited":["Exordium","TheCity"],"potions_floor_usage":[8,28,30],"damage_taken":[{"damage":12,"enemies":"Jaw Worm","floor":1,"turns":2},{"damage":2,"enemies":"2 Louse","floor":3,"turns":2},{"damage":40,"enemies":"3 Sentries","floor":8,"turns":7},{"damage":1,"enemies":"Cultist","floor":11,"turns":3},{"damage":12,"enemies":"Large Slime","floor":13,"turns":4},{"damage":10,"enemies":"Gremlin Gang","floor":14,"turns":4},{"damage":27,"enemies":"Slime Boss","floor":16,"turns":4},{"damage":30,"enemies":"2 Thieves","floor":18,"turns":5},{"damage":29,"enemies":"Spheric Guardian","floor":22,"turns":6},{"damage":36,"enemies":"Centurion and Healer","floor":28,"turns":5},{"damage":15,"enemies":"Snake Plant","floor":30,"turns":1}],"seed_played":"1061849578225498303","potions_obtained":[{"floor":1,"key":"Fire Potion"},{"floor":13,"key":"PowerPotion"},{"floor":16,"key":"PowerPotion"},{"floor":18,"key":"ElixirPotion"}],"is_trial":false,"path_per_floor":["M","?","M","?","$","R","T","E","T","?","M","R","M","M","R","B",null,"M","?","$","?","M","R","T","?","T","$","M","R","M"],"character_chosen":"IRONCLAD","items_purchased":["Dark Embrace","Feel No Pain"],"campfire_rested":1,"item_purchase_floors":[20,27],"current_hp_per_floor":[74,74,78,71,71,71,71,37,37,37,42,42,36,32,32,11,80,56,40,40,40,17,41,41,41,41,41,11,11,0,0],"gold":63,"neow_bonus":"RANDOM_COLORLESS_2","is_daily":false,"chose_seed":false,"campfire_upgraded":2,"win_rate":0.0,"timestamp":1612131355,"path_taken":["M","?","M","?","$","R","?","E","T","?","M","R","M","?","R","BOSS","M","?","$","?","?","R","?","?","T","$","?","R","M"],"items_purchased_type":["Card","Card"],"build_version":"2020-12-22","purchased_purges":3,"victory":false,"max_hp_per_floor":[80,80,80,80,80,80,80,80,80,80,80,80,80,80,80,80,80,80,80,80,80,80,80,80,80,80,80,80,80,80,80],"card_choices":[{"not_picked":["Thinking Ahead","Transmutation"],"picked":"Metamorphosis","floor":0},{"not_picked":["Metallicize","Sever Soul"],"picked":"Anger","floor":1},{"not_picked":["Armaments","Perfected Strike"],"picked":"Whirlwind","floor":3},{"not_picked":["Pommel Strike","Havoc","Armaments"],"picked":"Burning Pact","floor":8},{"not_picked":["Armaments","Pommel Strike","Shrug It Off"],"picked":"True Grit","floor":11},{"not_picked":["True Grit","Exhume","Searing Blow"],"picked":"Shrug It Off","floor":13},{"not_picked":["Iron Wave","Cleave","Metallicize","Twin Strike"],"picked":"SKIP","floor":14},{"not_picked":["Offering","Juggernaut","Exhume"],"picked":"Demon Form","floor":16},{"not_picked":["Warcry","Cleave","Iron Wave"],"picked":"Shrug It Off+1","floor":18},{"not_picked":["Rampage","Disarm","Headbutt"],"picked":"Heavy Blade+1","floor":22},{"not_picked":["Wild Strike","Armaments","Dual Wield"],"picked":"Burning Pact","floor":28}],"player_experience":345458,"relics_obtained":[{"floor":7,"key":"Question Card"},{"floor":8,"key":"Girya"},{"floor":9,"key":"The Courier"},{"floor":19,"key":"Enchiridion"},{"floor":24,"key":"Smiling Mask"},{"floor":26,"key":"Oddly Smooth Stone"}],"event_choices":[{"cards_removed":["Normality"],"damage_healed":0,"gold_gain":0,"player_choice":"Card Removal","damage_taken":0,"max_hp_gain":0,"max_hp_loss":0,"event_name":"The Cleric","floor":2,"gold_loss":50},{"cards_removed":["Strike_R"],"damage_healed":0,"gold_gain":0,"player_choice":"Card Removal","damage_taken":7,"max_hp_gain":0,"max_hp_loss":0,"event_name":"Golden Wing","floor":4,"gold_loss":0},{"damage_healed":0,"gold_gain":0,"player_choice":"1 cards matched","damage_taken":0,"max_hp_gain":0,"max_hp_loss":0,"event_name":"Match and Keep!","floor":10,"gold_loss":0,"cards_obtained":["Wild Strike"]},{"damage_healed":0,"gold_gain":0,"player_choice":"Obtained Book","damage_taken":16,"max_hp_gain":0,"max_hp_loss":0,"event_name":"Cursed Tome","floor":19,"gold_loss":0},{"damage_healed":0,"gold_gain":0,"player_choice":"Upgraded","damage_taken":0,"max_hp_gain":0,"max_hp_loss":0,"event_name":"Upgrade Shrine","floor":21,"gold_loss":0,"cards_upgraded":["Demon Form"]},{"damage_healed":0,"gold_gain":0,"cards_transformed":["Defend_R"],"player_choice":"Transformed","damage_taken":0,"max_hp_gain":0,"max_hp_loss":0,"event_name":"Transmorgrifier","floor":25,"gold_loss":0,"cards_obtained":["Uppercut"]}],"is_beta":false,"boss_relics":[{"not_picked":["Black Star","Fusion Hammer"],"picked":"Velvet Choker"}],"items_purged_floors":[5,20,27],"is_endless":false,"potions_floor_spawned":[1,13,16,18],"killed_by":"Snake Plant","ascension_level":3}}