{"host":"6azrrw3tf7wb0f4b","time":1612059529,"event":{"mods":["BaseMod","DeckTracker","Minty Spire (QoL Compilation)","SuperFastMode"],"gold_per_floor":[119,294,9,26,46,46,81,97,166,166,178,197,197,215,215,289,289,307,222,249,261,261,275,275,0,25,44,44,55,55,81,81,81,81],"floor_reached":33,"language":"KOR","playtime":600,"items_purged":["Doubt"],"score":457,"play_id":"28ebfa90-0fb2-4d5c-a978-3e3fa0680cae","local_time":"20210131111849","is_ascension_mode":true,"campfire_choices":[{"data":"Defragment","floor":6,"key":"SMITH"},{"data":"Chaos","floor":10,"key":"SMITH"},{"data":"Loop","floor":13,"key":"SMITH"},{"data":"Coolheaded","floor":15,"key":"SMITH"},{"floor":28,"key":"REST"},{"data":"Static Discharge","floor":30,"key":"SMITH"},{"floor":32,"key":"REST"}],"circlet_count":0,"master_deck":["AscendersBane","Strike_B","Strike_B","Strike_B","Strike_B","Defend_B","Defend_B","Defend_B","Defend_B","Zap","Dualcast","Loop+1","Coolheaded+1","Chaos+1","Turbo","BootSequence","Go for the Eyes","Defragment+1","Core Surge","Ball Lightning","Ball Lightning","Static Discharge+1","Leap","Biased Cognition","Storm"],"relics":["Cracked Core","NeowsBlessing","Orrery","StoneCalendar","Bottled Lightning","Busted Crown","Bronze Scales","Red Mask","Letter Opener","Membership Card","Frozen Egg 2","Bag of Preparation","Anchor"],"acts_visited":["Exordium","TheCity"],"potions_floor_usage":[7,20,20,20,20,27,33,33],"damage_taken":[{"damage":0,"enemies":"Jaw Worm","floor":1,"turns":1},{"damage":0,"enemies":"2 Louse","floor":4,"turns":1},{"damage":0,"enemies":"Small Slimes","floor":5,"turns":1},{"damage":27,"enemies":"Lagavulin","floor":7,"turns":8},{"damage":4,"enemies":"2 Fungi Beasts","floor":8,"turns":3},{"damage":0,"enemies":"Looter","floor":11,"turns":3},{"damage":0,"enemies":"Exordium Wildlife","floor":12,"turns":4},{"damage":6,"enemies":"Lots of Slimes","floor":14,"turns":3},{"damage":20,"enemies":"The Guardian","floor":16,"turns":9},{"damage":9,"enemies":"Shell Parasite","floor":18,"turns":5},{"damage":19,"enemies":"Masked Bandits","floor":20,"turns":4},{"damage":0,"enemies":"Chosen","floor":21,"turns":4},{"damage":12,"enemies":"Centurion and Healer","floor":23,"turns":4},{"damage":5,"enemies":"3 Cultists","floor":27,"turns":5},{"damage":8,"enemies":"Chosen and Byrds","floor":29,"turns":4},{"damage":11,"enemies":"Gremlin Leader","floor":31,"turns":4},{"damage":69,"enemies":"Automaton","floor":33,"turns":6}],"seed_played":"-5589546723164280032","potions_obtained":[{"floor":1,"key":"SpeedPotion"},{"floor":5,"key":"AttackPotion"},{"floor":7,"key":"Block Potion"},{"floor":14,"key":"EntropicBrew"},{"floor":20,"key":"Swift Potion"},{"floor":21,"key":"SteroidPotion"},{"floor":27,"key":"Fire Potion"},{"floor":31,"key":"SkillPotion"}],"is_trial":false,"path_per_floor":["M","?","$","M","M","R","E","M","T","R","M","M","R","M","R","B",null,"M","?","?","M","?","M","T","$","T","M","R","M","R","E","R","B"],"character_chosen":"DEFECT","items_purchased":["Coolheaded","Orrery","Membership Card","Frozen Egg 2"],"campfire_rested":2,"item_purchase_floors":[3,3,25,25],"current_hp_per_floor":[64,64,64,64,64,64,37,33,33,33,33,33,33,27,27,7,55,46,46,27,27,27,15,15,15,15,10,31,23,23,12,33,0,0],"gold":81,"neow_bonus":"THREE_ENEMY_KILL","is_daily":false,"chose_seed":false,"campfire_upgraded":5,"win_rate":0.0,"timestamp":1612059529,"path_taken":["M","?","$","M","M","R","E","M","T","R","M","M","R","M","R","BOSS","M","?","?","M","?","M","?","$","T","?","R","M","R","E","R","BOSS"],"items_purchased_type":["Card","Relic","Relic","Relic"],"build_version":"2020-12-22","purchased_purges":1,"victory":false,"max_hp_per_floor":[71,71,71,71,71,71,71,71,71,71,71,71,71,71,71,71,71,71,71,71,71,71,71,71,71,71,71,71,71,71,71,71,71,71],"card_choices":[{"not_picked":["Stack","Rebound"],"picked":"Loop","floor":1},{"not_picked":["Hello World","Gash"],"picked":"Chaos","floor":3},{"not_picked":["Sweeping Beam","Reprogram"],"picked":"Turbo","floor":3},{"not_picked":["Sunder","Streamline"],"picked":"BootSequence","floor":3},{"not_picked":["Fusion","Aggregate"],"picked":"Go for the Eyes","floor":3},{"not_picked":["Hologram","Fusion"],"picked":"Defragment","floor":4},{"not_picked":["Stack","Doom and Gloom"],"picked":"Core Surge","floor":5},{"not_picked":["Seek","Static Discharge"],"picked":"Ball Lightning","floor":7},{"not_picked":["Redo","Chaos"],"picked":"Ball Lightning","floor":8},{"not_picked":["Cold Snap","Fusion"],"picked":"Static Discharge","floor":11},{"not_picked":["Gash","Lockon","Hologram"],"picked":"SKIP","floor":12},{"not_picked":["Sweeping Beam","Turbo"],"picked":"Leap","floor":14},{"not_picked":["All For One","Thunder Strike"],"picked":"Biased Cognition","floor":16},{"not_picked":["Turbo"],"picked":"SKIP","floor":18},{"not_picked":["Aggregate"],"picked":"SKIP","floor":21},{"not_picked":[],"picked":"Storm","floor":23},{"not_picked":["Fusion"],"picked":"SKIP","floor":27},{"not_picked":["Sunder"],"picked":"SKIP","floor":29},{"not_picked":["Coolheaded"],"picked":"SKIP","floor":31}],"player_experience":745735,"relics_obtained":[{"floor":7,"key":"StoneCalendar"},{"floor":9,"key":"Bottled Lightning"},{"floor":20,"key":"Red Mask"},{"floor":24,"key":"Letter Opener"},{"floor":26,"key":"Bag of Preparation"},{"floor":31,"key":"Anchor"}],"event_choices":[{"damage_healed":0,"gold_gain":175,"player_choice":"AGREE","damage_taken":0,"max_hp_gain":0,"max_hp_loss":0,"event_name":"Liars Game","floor":2,"gold_loss":0,"cards_obtained":["Doubt"]},{"damage_healed":0,"gold_gain":0,"player_choice":"Obtained Relic","damage_taken":0,"relics_obtained":["Bronze Scales"],"max_hp_gain":0,"max_hp_loss":0,"event_name":"Addict","floor":19,"gold_loss":85},{"damage_healed":0,"gold_gain":0,"player_choice":"Fought Bandits","damage_taken":0,"max_hp_gain":0,"max_hp_loss":0,"event_name":"Masked Bandits","floor":20,"gold_loss":0},{"damage_healed":0,"gold_gain":0,"player_choice":"Ignored","damage_taken":0,"max_hp_gain":0,"max_hp_loss":0,"event_name":"Vampires","floor":22,"gold_loss":0}],"is_beta":false,"boss_relics":[{"not_picked":["Snecko Eye","Runic Dome"],"picked":"Busted Crown"}],"items_purged_floors":[3],"is_endless":false,"potions_floor_spawned":[1,5,7,14,20,21,27,31],"killed_by":"Automaton","ascension_level":14}}