{"host":"fortuna","time":1612124317,"event":{"mods":["100% Spire Juice","Act Like it!","Arknights","BaseMod","Downfall","Gensokyo","Hallownest","Luminous","Minty Spire (QoL Compilation)","Reimu£®≤©¿ˆ¡È√Œ£©","Relic Stats","StSLib","The Administrix","Waifu the Spire","WarShipGirlsR/’ΩΩ¢…Ÿ≈ÆR mod","Yakumo Yukari mod"],"gold_per_floor":[111,124,124,56,56,82,8,25,49,66,100,114,12,37,37,37,37],"floor_reached":16,"language":"ZHS","playtime":869,"items_purged":[],"score":127,"play_id":"4895ab68-6d81-4d27-9b4e-ac0acf815dae","local_time":"20210201041837","is_ascension_mode":true,"campfire_choices":[{"data":"Moonworks:Dash","floor":15,"key":"SMITH"}],"circlet_count":0,"master_deck":["Moonworks:Strike","Moonworks:Strike","Moonworks:Strike","Moonworks:Strike","Moonworks:Defend","Moonworks:Defend","Moonworks:Defend","Moonworks:Defend","Moonworks:Ambush","Moonworks:LongDistanceShot","Moonworks:FullSpeedAlicianrone","Moonworks:BigMagnum","Moonworks:Dinner","Moonworks:StarBlastingFuse","Moonworks:RocketCannon","Moonworks:BigBangBell","Moonworks:NicePresent","Moonworks:RedAndBlue","Moonworks:Dash+1","Moonworks:CookingTime"],"relics":["Moonworks:BrokenBomb","Moonworks:Homemark","Akabeko","Hallownest:DreamNailRelic","Strawberry","PreservedInsect","Orichalcum","Mummified Hand"],"acts_visited":["Hallownest:Greenpath"],"potions_floor_usage":[11,16,16],"damage_taken":[{"damage":4,"enemies":"Hallownest:2_Tiktiks_and_1_Crawlid","floor":1,"turns":3},{"damage":0,"enemies":"Hallownest:monsterHuskWarrior","floor":2,"turns":2},{"damage":26,"enemies":"Hallownest:eliteVengeflyKing","floor":6,"turns":9},{"damage":8,"enemies":"Hallownest:2_Baldur","floor":8,"turns":3},{"damage":8,"enemies":"Hallownest:Wandering_and_Horned","floor":10,"turns":5},{"damage":17,"enemies":"Hallownest:eliteCrystalGuardian","floor":11,"turns":5},{"damage":0,"enemies":"Hallownest:monsterMossCharger","floor":12,"turns":5},{"damage":2,"enemies":"Hallownest:MossCreep_and_Mosskin","floor":13,"turns":5},{"damage":2,"enemies":"Hallownest:eliteVengeflyKing","floor":14,"turns":3},{"damage":58,"enemies":"Hallownest:BossHornet","floor":16,"turns":8}],"seed_played":"47244424928625170","potions_obtained":[{"floor":1,"key":"Guardian:BlockOnCardUsePotion"},{"floor":6,"key":"Regen Potion"},{"floor":13,"key":"Ancient Potion"},{"floor":14,"key":"Block Potion"}],"is_trial":false,"path_per_floor":["M","M","?","$","$","E","$","M","T","M","E","M","M","E","R","B"],"character_chosen":"THE_STARBREAKER","items_purchased":["Moonworks:Dinner","Moonworks:RocketCannon"],"campfire_rested":0,"item_purchase_floors":[4,7],"current_hp_per_floor":[56,56,56,56,56,43,43,40,40,38,47,47,51,49,49,0,0],"gold":37,"neow_bonus":"RANDOM_COMMON_RELIC","is_daily":false,"chose_seed":false,"campfire_upgraded":1,"win_rate":0.0,"timestamp":1612124317,"path_taken":["M","M","?","?","$","E","?","M","T","M","E","M","?","E","R","BOSS"],"items_purchased_type":["Card","Card"],"build_version":"2020-12-18","purchased_purges":0,"victory":false,"max_hp_per_floor":[60,60,60,60,60,67,67,67,67,67,67,67,67,67,67,67,67],"relic_stats":{"counters":[10,48],"Mummified Hand":[0],"PreservedInsect":53,"Orichalcum":[60],"obtain_stats":[{"Mummified Hand":14,"Moonworks:Homemark":0,"Strawberry":6,"PreservedInsect":9,"Hallownest:DreamNailRelic":3,"Orichalcum":11,"Akabeko":0,"Moonworks:BrokenBomb":0},{"Mummified Hand":9,"Moonworks:Homemark":0,"Strawberry":3,"PreservedInsect":4,"Hallownest:DreamNailRelic":2,"Orichalcum":6,"Akabeko":0,"Moonworks:BrokenBomb":0},{"Mummified Hand":40,"Moonworks:Homemark":0,"Strawberry":14,"PreservedInsect":17,"Hallownest:DreamNailRelic":5,"Orichalcum":27,"Akabeko":0,"Moonworks:BrokenBomb":0}]},"card_choices":[{"not_picked":["Moonworks:Assault","Moonworks:ReproductionOfRecords"],"picked":"Moonworks:FullSpeedAlicianrone","floor":1},{"not_picked":["Moonworks:BeyondHell","Moonworks:DeployBits"],"picked":"Moonworks:BigMagnum","floor":2},{"not_picked":["Moonworks:BindingChains","Moonworks:ScrambledEve"],"picked":"Moonworks:StarBlastingFuse","floor":6},{"not_picked":["Moonworks:BackdoorTrade","Moonworks:SealedMemories"],"picked":"Moonworks:BigBangBell","floor":8},{"not_picked":["Moonworks:BigMagnum","Moonworks:DeployBits"],"picked":"Moonworks:NicePresent","floor":10},{"not_picked":["Moonworks:DeployBits","Moonworks:CastOff","Moonworks:UnluckyCharm"],"picked":"SKIP","floor":11},{"not_picked":["Moonworks:AngelHand","Moonworks:JonathanRush"],"picked":"Moonworks:RedAndBlue","floor":12},{"not_picked":["Moonworks:BigMagnum","Moonworks:LulusLuckyEgg"],"picked":"Moonworks:Dash","floor":13},{"not_picked":["Moonworks:Accelerator","Moonworks:RagingMadness"],"picked":"Moonworks:CookingTime","floor":14}],"player_experience":302201,"relics_obtained":[{"floor":6,"key":"Strawberry"},{"floor":9,"key":"PreservedInsect"},{"floor":11,"key":"Orichalcum"},{"floor":14,"key":"Mummified Hand"}],"event_choices":[],"is_beta":true,"boss_relics":[],"items_purged_floors":[],"is_endless":false,"potions_floor_spawned":[1,6,13,14],"killed_by":"Hallownest:BossHornet","ascension_level":1}}