{"host":"p1xsuo25udtrkbq2","time":1612118033,"event":{"mods":["BaseMod","Colored Map","Highlight Path","Minty Spire (QoL Compilation)","Quick Restart","Rare Cards Sparkle","Relic Stats","Slay the Relics Exporter","StSLib","everything is the same but u backflip on backflip"],"gold_per_floor":[219,36,52,67,85,111,111,144,198,198,214,229,179,197,197,292,292,304,316,316,126,143,143,143],"floor_reached":23,"language":"ENG","playtime":2390,"items_purged":["Strike_B"],"score":256,"play_id":"85c3f8e9-ab70-4ad7-b175-d4d8b562c632","local_time":"20210131133353","is_ascension_mode":true,"campfire_choices":[{"floor":7,"key":"REST"},{"data":"Magnetism","floor":15,"key":"SMITH"}],"circlet_count":0,"master_deck":["Strike_B","Strike_B","Defend_B","Defend_B","Defend_B","Defend_B","Zap","Dualcast","Sweeping Beam","Magnetism+1","Coolheaded","Steam","Ball Lightning","Capacitor","Leap","Turbo","Go for the Eyes","Biased Cognition","Glacier+1","Conserve Battery+1","Capacitor","Glacier","Ball Lightning+1"],"relics":["Cracked Core","Regal Pillow","HornCleat","Tiny Chest","MealTicket","Sozu"],"acts_visited":["Exordium","TheCity"],"potions_floor_usage":[8,23],"damage_taken":[{"damage":2,"enemies":"Jaw Worm","floor":1,"turns":3},{"damage":1,"enemies":"Cultist","floor":3,"turns":3},{"damage":6,"enemies":"2 Louse","floor":4,"turns":3},{"damage":10,"enemies":"Gremlin Gang","floor":5,"turns":4},{"damage":34,"enemies":"3 Sentries","floor":6,"turns":6},{"damage":7,"enemies":"Lagavulin","floor":8,"turns":7},{"damage":6,"enemies":"Blue Slaver","floor":11,"turns":3},{"damage":0,"enemies":"Looter","floor":12,"turns":3},{"damage":2,"enemies":"3 Louse","floor":14,"turns":4},{"damage":20,"enemies":"The Guardian","floor":16,"turns":12},{"damage":12,"enemies":"3 Byrds","floor":18,"turns":5},{"damage":6,"enemies":"Spheric Guardian","floor":19,"turns":4},{"damage":0,"enemies":"Chosen and Byrds","floor":22,"turns":7},{"damage":59,"enemies":"Slavers","floor":23,"turns":8}],"seed_played":"-3280002619018478926","potions_obtained":[{"floor":3,"key":"SteroidPotion"},{"floor":6,"key":"BlessingOfTheForge"},{"floor":11,"key":"LiquidBronze"},{"floor":14,"key":"CultistPotion"},{"floor":16,"key":"FocusPotion"}],"is_trial":false,"path_per_floor":["M","$","M","M","M","E","R","E","T","?","M","M","?","M","R","B",null,"M","M","T","$","M","E"],"character_chosen":"DEFECT","items_purchased":["Magnetism","Capacitor","Glacier"],"campfire_rested":1,"item_purchase_floors":[2,21,21],"current_hp_per_floor":[73,73,72,66,56,22,59,52,52,52,46,46,46,44,44,24,62,50,44,44,59,59,0,0],"gold":143,"neow_bonus":"HUNDRED_GOLD","is_daily":false,"chose_seed":false,"campfire_upgraded":1,"win_rate":0.0,"timestamp":1612118033,"path_taken":["M","$","M","M","M","E","R","E","T","?","?","M","?","M","R","BOSS","M","M","?","$","?","E"],"items_purchased_type":["Card","Card","Card"],"build_version":"2020-12-22","purchased_purges":1,"victory":false,"max_hp_per_floor":[75,75,75,75,75,75,75,75,75,75,75,75,75,75,75,75,75,75,75,75,75,75,75,75],"relic_stats":{"Sozu":1,"Regal Pillow":15,"counters":[14,72],"Tiny Chest":1,"MealTicket":15,"obtain_stats":[{"Sozu":17,"Regal Pillow":6,"HornCleat":8,"Tiny Chest":9,"MealTicket":10,"Cracked Core":0},{"Sozu":10,"Regal Pillow":5,"HornCleat":6,"Tiny Chest":6,"MealTicket":6,"Cracked Core":0},{"Sozu":48,"Regal Pillow":19,"HornCleat":26,"Tiny Chest":26,"MealTicket":26,"Cracked Core":0}]},"card_choices":[{"not_picked":["Streamline","Double Energy"],"picked":"Sweeping Beam","floor":1},{"not_picked":["Compile Driver","Stack"],"picked":"Coolheaded","floor":3},{"not_picked":["Leap","Streamline"],"picked":"Steam","floor":4},{"not_picked":["Gash","FTL"],"picked":"Ball Lightning","floor":5},{"not_picked":["White Noise","Machine Learning"],"picked":"Capacitor","floor":6},{"not_picked":["Streamline","Chaos"],"picked":"Leap","floor":8},{"not_picked":["Beam Cell","Steam"],"picked":"Turbo","floor":11},{"not_picked":["Go for the Eyes","Rebound","Hologram"],"picked":"SKIP","floor":12},{"not_picked":["Leap","Streamline"],"picked":"Go for the Eyes","floor":14},{"not_picked":["Seek","Reboot"],"picked":"Biased Cognition","floor":16},{"not_picked":["Redo+1","Streamline"],"picked":"Glacier+1","floor":18},{"not_picked":["Ball Lightning","Recycle+1"],"picked":"Conserve Battery+1","floor":19},{"not_picked":["Chaos","Redo"],"picked":"Ball Lightning+1","floor":22}],"player_experience":966172,"relics_obtained":[{"floor":6,"key":"Regal Pillow"},{"floor":8,"key":"HornCleat"},{"floor":9,"key":"Tiny Chest"},{"floor":10,"key":"MealTicket"}],"event_choices":[{"damage_healed":0,"gold_gain":0,"player_choice":"Relic","damage_taken":0,"max_hp_gain":0,"max_hp_loss":0,"event_name":"Wheel of Change","floor":10,"gold_loss":0},{"cards_removed":["Strike_B"],"damage_healed":0,"gold_gain":0,"player_choice":"Card Removal","damage_taken":0,"max_hp_gain":0,"max_hp_loss":0,"event_name":"The Cleric","floor":13,"gold_loss":50}],"is_beta":false,"boss_relics":[{"not_picked":["Fusion Hammer","Philosopher\u0027s Stone"],"picked":"Sozu"}],"items_purged_floors":[21],"is_endless":false,"potions_floor_spawned":[3,6,11,14,16,19],"killed_by":"Slavers","ascension_level":5}}