{"host":"5kxsp73ljq8rs5p9","time":1612112198,"event":{"mods":["BaseMod","Challenge The Spire","Colored Powertips","Energized Spire","HololiveMod","Minty Spire (QoL Compilation)","Quick Restart","Relic Stats","Replay The Spire","StSLib"],"gold_per_floor":[364,40,66,99,124,124,124,124,154,182,182,182],"floor_reached":11,"language":"ZHS","playtime":678,"items_purged":[],"score":230,"play_id":"1fcc572f-671e-4333-8792-348b8f5b26c6","local_time":"20210201005638","daily_mods":["challengethespire:Bronze Difficulty","challengethespire:Elite Rush","Uncertain Future"],"is_ascension_mode":false,"campfire_choices":[{"data":"Hololive_CallAkiRosenthal","floor":7,"key":"SMITH"},{"data":"Hololive_CallTokinoSora","floor":8,"key":"SMITH"}],"circlet_count":0,"master_deck":["Hololive_Defend","Hololive_FlyingPonyTail","Hololive_CallTsunomakiWatame","Hololive_CallHoushouMarine","Hololive_CallTokinoSora+1","Hololive_CallAkiRosenthal+1","Hololive_CallNakiriAyame","Hololive_CallUsadaPekora","Hololive_StrengthChampion","Hololive_Rebound+1","Hololive_Teleport","Hololive_CallOmaruPolka+1","Hololive_Trident","Hololive_Spy","Hololive_SummonFox","Hololive_CallUruhaRushia","Hololive_CallMoonaHoshinova","Hololive_CallYukihanaLamy+1","Hololive_DevilCharm+1","Hololive_MaximGun+1","Hololive_CallYuzukiChoco","Hololive_CallAmaneKanata"],"relics":["Hololive_TheStar","Black Star","Sling","PreservedInsect","Happy Flower","Kunai","Bag of Preparation","Replay:Baseball","Bottled Flame","ReplayTheSpireMod:Lightbulb","Bronze Scales","Replay:Wax Seal","Gremlin Food","Astrolabe","InkBottle","Unceasing Top","ReplayTheSpireMod:TigerMarble","Smiling Mask"],"acts_visited":["Exordium"],"potions_floor_usage":[],"damage_taken":[{"damage":0,"enemies":"Lagavulin","floor":3,"turns":4},{"damage":0,"enemies":"3 Sentries","floor":4,"turns":3},{"damage":0,"enemies":"Gremlin Nob","floor":5,"turns":3},{"damage":0,"enemies":"Gremlin Leader","floor":9,"turns":5},{"damage":0,"enemies":"Book of Stabbing","floor":10,"turns":4},{"damage":34,"enemies":"Slavers","floor":11,"turns":5}],"seed_played":"880734280912657655","potions_obtained":[{"floor":10,"key":"Venom Potion"}],"is_trial":true,"path_per_floor":["$","$","E","E","E","T","R","R","E","E","E"],"character_chosen":"Hololive_HololiveCharacter","items_purchased":["Happy Flower","Hololive_CallUsadaPekora","Hololive_StrengthChampion","Hololive_Rebound+1","Kunai","Hololive_Teleport","Hololive_CallOmaruPolka+1","Hololive_Trident","Hololive_Spy","Bag of Preparation"],"campfire_rested":0,"item_purchase_floors":[1,1,1,1,1,1,2,2,2,2],"current_hp_per_floor":[35,35,35,35,35,35,35,35,35,35,1,1],"gold":182,"neow_bonus":"","is_daily":false,"chose_seed":false,"campfire_upgraded":2,"win_rate":0.0,"timestamp":1612112198,"path_taken":["$","$","E","E","E","T","R","R","E","E","E"],"items_purchased_type":["Relic","Card","Card","Card","Relic","Card","Card","Card","Card","Relic"],"build_version":"2020-12-22","purchased_purges":0,"victory":false,"max_hp_per_floor":[35,35,35,35,35,35,35,35,35,35,35,35],"relic_stats":{"Happy Flower":[8],"counters":[6,23],"Bronze Scales":[69],"Astrolabe":["Hololive_CallYukihanaLamy","Hololive_DevilCharm","Hololive_MaximGun"],"PreservedInsect":204,"Black Star":5,"Bag of Preparation":[12],"Kunai":[0],"Smiling Mask":0,"obtain_stats":[{"Gremlin Food":5,"Happy Flower":1,"Astrolabe":6,"PreservedInsect":0,"Bag of Preparation":2,"Sling":0,"Smiling Mask":10,"Replay:Baseball":3,"Bottled Flame":3,"Bronze Scales":4,"Hololive_TheStar":0,"Black Star":0,"ReplayTheSpireMod:TigerMarble":10,"Kunai":1,"Replay:Wax Seal":5,"ReplayTheSpireMod:Lightbulb":4,"InkBottle":9,"Unceasing Top":9},{"Gremlin Food":3,"Happy Flower":0,"Astrolabe":3,"PreservedInsect":0,"Bag of Preparation":0,"Sling":0,"Smiling Mask":5,"Replay:Baseball":1,"Bottled Flame":1,"Bronze Scales":2,"Hololive_TheStar":0,"Black Star":0,"ReplayTheSpireMod:TigerMarble":5,"Kunai":0,"Replay:Wax Seal":3,"ReplayTheSpireMod:Lightbulb":2,"InkBottle":4,"Unceasing Top":4},{"Gremlin Food":10,"Happy Flower":0,"Astrolabe":10,"PreservedInsect":0,"Bag of Preparation":0,"Sling":0,"Smiling Mask":18,"Replay:Baseball":4,"Bottled Flame":4,"Bronze Scales":7,"Hololive_TheStar":0,"Black Star":0,"ReplayTheSpireMod:TigerMarble":18,"Kunai":0,"Replay:Wax Seal":10,"ReplayTheSpireMod:Lightbulb":7,"InkBottle":15,"Unceasing Top":15}],"InkBottle":[2],"Unceasing Top":[0]},"card_choices":[],"player_experience":177583,"relics_obtained":[{"floor":3,"key":"Replay:Baseball"},{"floor":3,"key":"Bottled Flame"},{"floor":4,"key":"ReplayTheSpireMod:Lightbulb"},{"floor":4,"key":"Bronze Scales"},{"floor":5,"key":"Replay:Wax Seal"},{"floor":5,"key":"Gremlin Food"},{"floor":9,"key":"InkBottle"},{"floor":9,"key":"Unceasing Top"},{"floor":10,"key":"ReplayTheSpireMod:TigerMarble"},{"floor":10,"key":"Smiling Mask"}],"event_choices":[],"is_beta":false,"boss_relics":[{"not_picked":["Runic Dome","Ectoplasm"],"picked":"Astrolabe"}],"items_purged_floors":[],"is_endless":false,"potions_floor_spawned":[10],"killed_by":"Slavers","ascension_level":0}}