{"host":"7oiwk103j2prpym5","time":1612133546,"event":{"mods":["BaseMod","BetterRewards","Colored Map","Colored Powertips","GifTheSpireLib","Infinite Spire","Minty Spire (QoL Compilation)","Permanent Neow","Relic Filter Mod","Reliquary","Remove Card Discount Mod","Replay The Spire","StSLib","Stuff the Spire","Weighted Paths"],"gold_per_floor":[116,116,134,74,94,122,122,87,87,87,106,106,142,144,144,253,253,276,294,296,296,296,327,327,368,368,368,406,428,438,467,467,483,483],"floor_reached":33,"language":"ENG","playtime":1606,"items_purged":["Strike_R","Defend_R","Regret","Strike_R","Defend_R"],"score":539,"play_id":"2a9f914d-40df-4e2b-957c-62e27061293d","local_time":"20210131165226","is_ascension_mode":true,"campfire_choices":[{"floor":7,"key":"REST"},{"floor":12,"key":"RECALL"},{"data":"Flex","floor":15,"key":"SMITH"},{"floor":24,"key":"REST"},{"floor":32,"key":"REST"}],"circlet_count":0,"master_deck":["Strike_R+1","Strike_R+1","Strike_R+1","Defend_R+1","Defend_R+1","Bash","Flex+1","PanicButton","ReplayTheSpireMod:LeadingStrike","Heavy Blade","Shrug It Off","Searing Blow+1","Shockwave+1","Normality","Iron Wave","Flex","Juggernaut","Spot Weakness+1","Uppercut","RitualDagger","Heavy Blade","StuffTheSpire:Resist","Flame Barrier","Heavy Blade+1","Armaments"],"relics":["Burning Blood","Magic Flower","Anchor","infinitespire:Midas Blood","Ring of Fury","Ring of Panic","reliquary:JackalopeAntler","Mark of Pain","Regal Pillow","Oddly Smooth Stone","Strawberry","Girya","Replay:Mystery Machine"],"acts_visited":["Exordium","TheCity"],"potions_floor_usage":[6,6,33,33,33],"damage_taken":[{"damage":1,"enemies":"Cultist","floor":1,"turns":3},{"damage":0,"enemies":"2 Louse","floor":3,"turns":2},{"damage":3,"enemies":"Jaw Worm","floor":5,"turns":4},{"damage":62,"enemies":"3 Sentries","floor":6,"turns":12},{"damage":0,"enemies":"Blue Slaver","floor":11,"turns":2},{"damage":6,"enemies":"Gremlin Nob","floor":13,"turns":3},{"damage":23,"enemies":"Hexaghost","floor":16,"turns":7},{"damage":24,"enemies":"Spheric Guardian","floor":18,"turns":4},{"damage":19,"enemies":"Shell Parasite","floor":19,"turns":4},{"damage":1,"enemies":"Gremlin Leader","floor":23,"turns":2},{"damage":33,"enemies":"Slavers","floor":25,"turns":6},{"damage":45,"enemies":"Gremlin Leader","floor":28,"turns":5},{"damage":8,"enemies":"Snecko","floor":29,"turns":3},{"damage":0,"enemies":"Shelled Parasite and Fungi","floor":30,"turns":1},{"damage":13,"enemies":"Slavers","floor":31,"turns":4},{"damage":86,"enemies":"Champ","floor":33,"turns":9}],"seed_played":"-6830234735812562269","potions_obtained":[{"floor":3,"key":"SpeedPotion"},{"floor":5,"key":"LiquidBronze"},{"floor":11,"key":"SpeedPotion"},{"floor":16,"key":"Languid Potion"},{"floor":18,"key":"PowerPotion"},{"floor":31,"key":"ColorlessPotion"}],"is_trial":false,"path_per_floor":["M","?","M","$","M","E","R","?","T","?","M","R","E","?","R","B",null,"M","M","?","?","?","E","R","E","T","?","E","M","M","E","R","B"],"character_chosen":"IRONCLAD","items_purchased":["Flex","Shrug It Off"],"campfire_rested":3,"item_purchase_floors":[0,4],"current_hp_per_floor":[80,80,80,80,80,27,51,71,71,71,80,80,80,64,64,50,73,58,48,42,42,42,50,80,56,63,63,27,28,37,33,74,0,0],"gold":483,"neow_bonus":"","is_daily":false,"chose_seed":false,"campfire_upgraded":1,"win_rate":0.0,"timestamp":1612133546,"path_taken":["M","?","M","$","M","E","R","?","T","?","M","R","E","?","R","BOSS","M","M","?","?","?","E","R","E","T","?","E","M","M","E","R","BOSS"],"items_purchased_type":["Card","Card"],"build_version":"2020-12-22","purchased_purges":5,"victory":false,"max_hp_per_floor":[80,80,80,80,80,80,80,80,80,80,80,80,80,80,80,80,80,80,80,80,80,80,80,80,80,87,87,87,87,87,87,87,87,87],"card_choices":[{"not_picked":["Run Through","Havoc"],"picked":"ReplayTheSpireMod:LeadingStrike","floor":1},{"not_picked":["StuffTheSpire:RagingBull","True Grit"],"picked":"Heavy Blade","floor":3},{"not_picked":["True Grit","Ghostly Armor"],"picked":"Searing Blow","floor":5},{"not_picked":["StuffTheSpire:TitanForm","Replay:Undeath\u0027s Touch"],"picked":"Shockwave","floor":6},{"not_picked":["Eclipse","Whirlwind"],"picked":"Iron Wave","floor":11},{"not_picked":["Infernal Blade","Shockwave"],"picked":"Flex","floor":13},{"not_picked":["Brutality","Bludgeon"],"picked":"Juggernaut","floor":16},{"not_picked":["Flex","StuffTheSpire:Incineration"],"picked":"Spot Weakness+1","floor":18},{"not_picked":["StuffTheSpire:RockThrow+1","Clothesline+1"],"picked":"Uppercut","floor":19},{"not_picked":["Clash","Run Through"],"picked":"Heavy Blade","floor":23},{"not_picked":["Berserk","Clash"],"picked":"StuffTheSpire:Resist","floor":25},{"not_picked":["Clothesline","Pommel Strike"],"picked":"Flame Barrier","floor":28},{"not_picked":["Rupture","Clash+1","ReplayTheSpireMod:LeadingStrike"],"picked":"SKIP","floor":29},{"not_picked":["Run Through","Iron Wave+1"],"picked":"Heavy Blade+1","floor":30},{"not_picked":["Ghostly Armor","Body Slam"],"picked":"Armaments","floor":31}],"player_experience":829948,"relics_obtained":[{"floor":6,"key":"infinitespire:Midas Blood"},{"floor":10,"key":"Ring of Fury"},{"floor":10,"key":"Ring of Panic"},{"floor":13,"key":"reliquary:JackalopeAntler"},{"floor":23,"key":"Regal Pillow"},{"floor":25,"key":"Oddly Smooth Stone"},{"floor":26,"key":"Strawberry"},{"floor":28,"key":"Girya"},{"floor":31,"key":"Replay:Mystery Machine"}],"event_choices":[{"damage_healed":0,"gold_gain":0,"player_choice":"Box","damage_taken":0,"relics_obtained":["Anchor"],"max_hp_gain":0,"max_hp_loss":0,"event_name":"Big Fish","floor":2,"gold_loss":0,"cards_obtained":["Regret"]},{"damage_healed":20,"gold_gain":0,"player_choice":"Healed","damage_taken":0,"max_hp_gain":0,"max_hp_loss":0,"event_name":"The Cleric","floor":8,"gold_loss":35},{"damage_healed":0,"gold_gain":0,"player_choice":"Entered Light","damage_taken":16,"max_hp_gain":0,"max_hp_loss":0,"event_name":"Shining Light","floor":14,"gold_loss":0,"cards_upgraded":["Shockwave","Searing Blow"]},{"damage_healed":0,"gold_gain":0,"player_choice":"Joined the Cult","damage_taken":6,"max_hp_gain":0,"max_hp_loss":0,"event_name":"Nest","floor":20,"gold_loss":0,"cards_obtained":["RitualDagger"]},{"damage_healed":0,"gold_gain":0,"player_choice":"Ignored","damage_taken":0,"max_hp_gain":0,"max_hp_loss":0,"event_name":"Vampires","floor":21,"gold_loss":0},{"damage_healed":0,"gold_gain":0,"player_choice":"Simplicity","damage_taken":0,"max_hp_gain":0,"max_hp_loss":0,"event_name":"Back to Basics","floor":22,"gold_loss":0,"cards_upgraded":["Strike_R","Strike_R","Strike_R","Defend_R","Defend_R"]},{"damage_healed":0,"gold_gain":0,"player_choice":"Ignored","damage_taken":0,"max_hp_gain":0,"max_hp_loss":0,"event_name":"Ghosts","floor":27,"gold_loss":0}],"is_beta":false,"boss_relics":[{"not_picked":["Electric Blood","Sozu"],"picked":"Mark of Pain"}],"items_purged_floors":[0,0,4,4,4],"is_endless":false,"potions_floor_spawned":[3,5,11,16,18,19,30,31],"killed_by":"Champ","ascension_level":5}}