{"host":"dcj2yvrgcvh5dl2s","time":1612131436,"event":{"mods":["BaseMod","Bestiary","Better Note","Block Reminder","Colored Powertips","Curses Come First","DeckTracker","Minty Spire (QoL Compilation)","Quick Restart","Rare Cards Sparkle","Relic Stats","StSLib"],"gold_per_floor":[119,119,119,132,158,170,216,251,263,293,305,467,498,73,73,163,163,181,181,205,60,84,84,4,4,4,22,47,87,87,118,118,118,118],"floor_reached":33,"language":"ENG","playtime":1440,"items_purged":["Regret"],"score":620,"play_id":"017d9cfd-8cb4-4046-a9dd-9f957f6d0338","local_time":"20210201081716","is_ascension_mode":true,"campfire_choices":[{"data":"Infernal Blade","floor":6,"key":"SMITH"},{"data":"Uppercut","floor":11,"key":"SMITH"},{"data":"Bash","floor":15,"key":"SMITH"},{"data":"Panacea","floor":23,"key":"SMITH"},{"data":"Body Slam","floor":25,"key":"SMITH"},{"floor":30,"key":"REST"},{"floor":32,"key":"REST"}],"circlet_count":0,"master_deck":["AscendersBane","Strike_R","Strike_R","Strike_R","Strike_R","Strike_R","Defend_R","Defend_R","Defend_R","Defend_R","Bash+1","Infernal Blade+1","Shrug It Off","Uppercut+1","Pummel","Doubt","Metallicize","Offering","CurseOfTheBell","Body Slam+1","Panacea+1","Fire Breathing","Cleave","Infernal Blade","Seeing Red","Limit Break","Whirlwind"],"relics":["Burning Blood","NeowsBlessing","Gambling Chip","Golden Idol","MawBank","Self Forming Clay","Du-Vu Doll","Pantograph","Calling Bell","Art of War","Blue Candle","Lizard Tail","Turnip","FossilizedHelix","StrikeDummy","Blood Vial"],"acts_visited":["Exordium","TheCity"],"potions_floor_usage":[21],"damage_taken":[{"damage":0,"enemies":"Jaw Worm","floor":1,"turns":1},{"damage":0,"enemies":"2 Louse","floor":4,"turns":1},{"damage":0,"enemies":"Gremlin Nob","floor":7,"turns":1},{"damage":6,"enemies":"Cultist","floor":8,"turns":3},{"damage":7,"enemies":"Red Slaver","floor":10,"turns":4},{"damage":7,"enemies":"Gremlin Gang","floor":13,"turns":3},{"damage":44,"enemies":"The Guardian","floor":16,"turns":10},{"damage":25,"enemies":"Shell Parasite","floor":18,"turns":3},{"damage":17,"enemies":"3 Byrds","floor":20,"turns":5},{"damage":11,"enemies":"Snecko","floor":22,"turns":4},{"damage":5,"enemies":"Cultist and Chosen","floor":27,"turns":5},{"damage":21,"enemies":"Shelled Parasite and Fungi","floor":28,"turns":4},{"damage":23,"enemies":"Slavers","floor":29,"turns":4},{"damage":46,"enemies":"Book of Stabbing","floor":31,"turns":5},{"damage":83,"enemies":"Automaton","floor":33,"turns":6}],"seed_played":"8585971926049059914","potions_obtained":[{"floor":7,"key":"BloodPotion"},{"floor":18,"key":"EssenceOfSteel"}],"is_trial":false,"path_per_floor":["M","?","?","M","T","R","E","M","T","M","R","?","M","$","R","B",null,"M","?","M","$","M","R","$","R","T","M","M","E","R","E","R","B"],"character_chosen":"IRONCLAD","items_purchased":["Pantograph","Metallicize","Panacea","Fire Breathing","Infernal Blade"],"campfire_rested":2,"item_purchase_floors":[14,14,21,21,24],"current_hp_per_floor":[74,74,48,54,54,54,60,60,60,59,59,59,58,58,58,37,66,47,47,36,51,46,46,46,46,46,47,32,15,37,36,58,0,0],"gold":118,"neow_bonus":"THREE_ENEMY_KILL","is_daily":false,"chose_seed":false,"campfire_upgraded":5,"win_rate":0.0,"timestamp":1612131436,"path_taken":["M","?","?","M","?","R","E","M","T","M","R","?","M","?","R","BOSS","M","?","?","$","M","R","?","R","T","M","M","E","R","E","R","BOSS"],"items_purchased_type":["Relic","Card","Card","Card","Card"],"build_version":"2020-12-22","purchased_purges":1,"victory":false,"max_hp_per_floor":[75,75,75,75,75,75,75,75,75,75,75,75,75,75,75,75,75,75,75,75,75,75,75,75,75,75,75,75,75,75,75,75,75,75],"relic_stats":{"counters":[15,59],"Golden Idol":78,"Self Forming Clay":[186],"Blue Candle":[12],"MawBank":108,"Burning Blood":84,"Blood Vial":2,"Lizard Tail":37,"Gambling Chip":[39],"Pantograph":32,"Turnip":[2],"Art of War":[1],"obtain_stats":[{"NeowsBlessing":0,"Golden Idol":3,"Self Forming Clay":7,"Blue Candle":17,"MawBank":5,"Burning Blood":0,"Du-Vu Doll":9,"Calling Bell":17,"Blood Vial":31,"Lizard Tail":17,"Gambling Chip":2,"Pantograph":14,"Turnip":19,"Art of War":17,"StrikeDummy":29,"FossilizedHelix":26},{"NeowsBlessing":0,"Golden Idol":1,"Self Forming Clay":3,"Blue Candle":7,"MawBank":2,"Burning Blood":0,"Du-Vu Doll":4,"Calling Bell":7,"Blood Vial":14,"Lizard Tail":7,"Gambling Chip":1,"Pantograph":6,"Turnip":8,"Art of War":7,"StrikeDummy":13,"FossilizedHelix":10},{"NeowsBlessing":0,"Golden Idol":1,"Self Forming Clay":3,"Blue Candle":23,"MawBank":2,"Burning Blood":0,"Du-Vu Doll":6,"Calling Bell":23,"Blood Vial":53,"Lizard Tail":23,"Gambling Chip":1,"Pantograph":13,"Turnip":26,"Art of War":23,"StrikeDummy":48,"FossilizedHelix":35}]},"card_choices":[{"not_picked":["Perfected Strike","Bloodletting"],"picked":"Infernal Blade","floor":1},{"not_picked":["Reckless Charge","Wild Strike","Clash"],"picked":"SKIP","floor":4},{"not_picked":["Body Slam","Havoc"],"picked":"Shrug It Off","floor":7},{"not_picked":["Iron Wave","Hemokinesis"],"picked":"Uppercut","floor":8},{"not_picked":["Flex","True Grit"],"picked":"Pummel","floor":10},{"not_picked":["Clothesline","Wild Strike","Carnage"],"picked":"SKIP","floor":13},{"not_picked":["Brutality","Fiend Fire"],"picked":"Offering","floor":16},{"not_picked":["Anger+1","Clothesline","Perfected Strike"],"picked":"SKIP","floor":18},{"not_picked":["Wild Strike","Sentinel"],"picked":"Body Slam","floor":20},{"not_picked":["Clothesline+1","Rupture"],"picked":"Cleave","floor":22},{"not_picked":["Clothesline","Thunderclap"],"picked":"Seeing Red","floor":27},{"not_picked":["Clash","Shrug It Off"],"picked":"Limit Break","floor":28},{"not_picked":["Power Through","Dropkick","Perfected Strike+1"],"picked":"SKIP","floor":29},{"not_picked":["Iron Wave","Headbutt"],"picked":"Whirlwind","floor":31}],"player_experience":2317737,"relics_obtained":[{"floor":5,"key":"MawBank"},{"floor":7,"key":"Self Forming Clay"},{"floor":9,"key":"Du-Vu Doll"},{"floor":17,"key":"Art of War"},{"floor":17,"key":"Blue Candle"},{"floor":17,"key":"Lizard Tail"},{"floor":26,"key":"FossilizedHelix"},{"floor":29,"key":"StrikeDummy"},{"floor":31,"key":"Blood Vial"}],"event_choices":[{"damage_healed":0,"gold_gain":0,"player_choice":"Box","damage_taken":0,"relics_obtained":["Gambling Chip"],"max_hp_gain":0,"max_hp_loss":0,"event_name":"Big Fish","floor":2,"gold_loss":0,"cards_obtained":["Regret"]},{"damage_healed":0,"gold_gain":0,"player_choice":"Take Damage","damage_taken":26,"relics_obtained":["Golden Idol"],"max_hp_gain":0,"max_hp_loss":0,"event_name":"Golden Idol","floor":3,"gold_loss":0},{"damage_healed":0,"gold_gain":150,"player_choice":"AGREE","damage_taken":0,"max_hp_gain":0,"max_hp_loss":0,"event_name":"Liars Game","floor":12,"gold_loss":0,"cards_obtained":["Doubt"]},{"damage_healed":0,"gold_gain":0,"player_choice":"Gave Potion","damage_taken":0,"relics_obtained":["Turnip"],"max_hp_gain":0,"max_hp_loss":0,"event_name":"WeMeetAgain","floor":19,"gold_loss":0}],"is_beta":false,"boss_relics":[{"not_picked":["Runic Cube","Runic Pyramid"],"picked":"Calling Bell"}],"items_purged_floors":[14],"is_endless":false,"potions_floor_spawned":[7,18],"killed_by":"Automaton","ascension_level":20}}