{"host":"o67iw34xdwlyp80a","time":1612133890,"event":{"mods":["BaseMod","Colored Map","Minty Spire (QoL Compilation)","Relic Stats","StSLib"],"gold_per_floor":[20,20,195,66,66,100,112,128,128,128,203,203,24,24,24,119,119,135,148,23,23,23,23,35,35,35,35,35],"floor_reached":27,"language":"ENG","playtime":1024,"items_purged":["Doubt","Strike_R","Strike_R"],"score":306,"play_id":"8b137711-4c20-4e9e-b9a8-4a14dcb25f49","local_time":"20210131225810","is_ascension_mode":true,"campfire_choices":[{"data":"Spot Weakness","floor":10,"key":"SMITH"},{"data":"Juggernaut","floor":12,"key":"SMITH"},{"data":"Iron Wave","floor":15,"key":"SMITH"}],"circlet_count":0,"master_deck":["Strike_R","Defend_R","Defend_R","Bash","Juggernaut+1","Armaments+1","Clash","Thunderclap","Evolve","Spot Weakness+1","Iron Wave+1","Shrug It Off","Berserk+1","Rupture+1","Dual Wield+1","Pommel Strike+1"],"relics":["Burning Blood","StrikeDummy","Lantern","Astrolabe","Juzu Bracelet","CultistMask","HornCleat"],"acts_visited":["Exordium","TheCity"],"potions_floor_usage":[16,18,23,24],"damage_taken":[{"damage":10,"enemies":"Small Slimes","floor":1,"turns":4},{"damage":18,"enemies":"Gremlin Nob","floor":6,"turns":4},{"damage":8,"enemies":"2 Louse","floor":7,"turns":2},{"damage":7,"enemies":"Jaw Worm","floor":8,"turns":2},{"damage":26,"enemies":"The Guardian","floor":16,"turns":7},{"damage":15,"enemies":"2 Thieves","floor":18,"turns":5},{"damage":22,"enemies":"Spheric Guardian","floor":19,"turns":4},{"damage":9,"enemies":"Book of Stabbing","floor":23,"turns":2},{"damage":35,"enemies":"3 Cultists","floor":24,"turns":6},{"damage":21,"enemies":"Centurion and Healer","floor":27,"turns":1}],"seed_played":"4197154346292368436","potions_obtained":[{"floor":7,"key":"LiquidMemories"},{"floor":8,"key":"SmokeBomb"},{"floor":16,"key":"Energy Potion"},{"floor":18,"key":"Swift Potion"},{"floor":24,"key":"LiquidMemories"}],"is_trial":false,"path_per_floor":["M","?","?","$","?","E","M","M","T","R","?","R","$","?","R","B",null,"M","M","$","?","?","E","M","?","T","M"],"character_chosen":"IRONCLAD","items_purchased":["Clash","Iron Wave","Shrug It Off"],"campfire_rested":0,"item_purchase_floors":[4,13,13],"current_hp_per_floor":[68,68,68,68,73,61,59,58,58,58,47,47,47,40,40,20,69,60,44,44,44,44,41,12,12,12,0,0],"gold":35,"neow_bonus":"THREE_RARE_CARDS","is_daily":false,"chose_seed":false,"campfire_upgraded":3,"win_rate":0.0,"timestamp":1612133890,"path_taken":["M","?","?","$","?","E","M","M","T","R","?","R","?","?","R","BOSS","M","M","$","?","?","E","M","?","T","M"],"items_purchased_type":["Card","Card","Card"],"build_version":"2020-12-22","purchased_purges":3,"victory":false,"max_hp_per_floor":[80,80,80,80,85,85,85,85,85,85,85,85,85,85,85,85,85,85,85,85,85,85,85,85,85,85,85,85],"relic_stats":{"counters":[10,37],"Astrolabe":["Berserk","Rupture","Dual Wield"],"Juzu Bracelet":1,"obtain_stats":[{"Lantern":9,"HornCleat":26,"Astrolabe":17,"CultistMask":25,"Juzu Bracelet":21,"StrikeDummy":6,"Burning Blood":0},{"Lantern":4,"HornCleat":9,"Astrolabe":5,"CultistMask":9,"Juzu Bracelet":7,"StrikeDummy":2,"Burning Blood":0},{"Lantern":12,"HornCleat":36,"Astrolabe":19,"CultistMask":36,"Juzu Bracelet":28,"StrikeDummy":8,"Burning Blood":0}],"Burning Blood":54},"card_choices":[{"not_picked":["Bludgeon","Brutality"],"picked":"Juggernaut","floor":0},{"not_picked":["Perfected Strike","Infernal Blade"],"picked":"Armaments","floor":1},{"not_picked":["Offering","Burning Pact"],"picked":"Thunderclap","floor":6},{"not_picked":["Dual Wield","Disarm"],"picked":"Evolve","floor":7},{"not_picked":["Anger","Havoc"],"picked":"Spot Weakness","floor":8},{"not_picked":["Dual Wield","Perfected Strike"],"picked":"Pommel Strike","floor":18},{"not_picked":["Uppercut","Feel No Pain+1","Clothesline"],"picked":"SKIP","floor":19},{"not_picked":["Thunderclap","Flex","Anger"],"picked":"SKIP","floor":24}],"player_experience":1150610,"relics_obtained":[{"floor":6,"key":"StrikeDummy"},{"floor":9,"key":"Lantern"},{"floor":26,"key":"HornCleat"}],"event_choices":[{"damage_healed":0,"gold_gain":0,"player_choice":"Grow","damage_taken":0,"max_hp_gain":0,"max_hp_loss":0,"event_name":"Living Wall","floor":2,"gold_loss":0,"cards_upgraded":["Armaments"]},{"damage_healed":0,"gold_gain":175,"player_choice":"AGREE","damage_taken":0,"max_hp_gain":0,"max_hp_loss":0,"event_name":"Liars Game","floor":3,"gold_loss":0,"cards_obtained":["Doubt"]},{"damage_healed":0,"gold_gain":0,"player_choice":"Donut","damage_taken":0,"max_hp_gain":5,"max_hp_loss":0,"event_name":"Big Fish","floor":5,"gold_loss":0},{"damage_healed":0,"gold_gain":75,"player_choice":"Gather Gold","damage_taken":11,"max_hp_gain":0,"max_hp_loss":0,"event_name":"World of Goop","floor":11,"gold_loss":0},{"cards_removed":["Strike_R"],"damage_healed":0,"gold_gain":0,"player_choice":"Card Removal","damage_taken":7,"max_hp_gain":0,"max_hp_loss":0,"event_name":"Golden Wing","floor":14,"gold_loss":0},{"damage_healed":0,"gold_gain":0,"player_choice":"Opened","damage_taken":0,"relics_obtained":["Juzu Bracelet"],"max_hp_gain":0,"max_hp_loss":0,"event_name":"The Mausoleum","floor":21,"gold_loss":0},{"damage_healed":0,"gold_gain":0,"player_choice":"Upgraded","damage_taken":0,"max_hp_gain":0,"max_hp_loss":0,"event_name":"Upgrade Shrine","floor":22,"gold_loss":0,"cards_upgraded":["Pommel Strike"]},{"damage_healed":0,"gold_gain":0,"player_choice":"Trade","damage_taken":0,"relics_obtained":["CultistMask"],"max_hp_gain":0,"max_hp_loss":0,"event_name":"FaceTrader","floor":25,"gold_loss":0}],"is_beta":false,"boss_relics":[{"not_picked":["Velvet Choker","Runic Dome"],"picked":"Astrolabe"}],"items_purged_floors":[4,13,20],"is_endless":false,"potions_floor_spawned":[7,8,16,18,24],"killed_by":"Centurion and Healer","ascension_level":7}}