{"host":"8is2j71l4wmybkoi","time":1612086815,"event":{"mods":["AchievementEnabler","BaseMod","Colored Map","Minty Spire (QoL Compilation)","Rare Cards Sparkle","StSLib","SuperFastMode"],"gold_per_floor":[38,89,126,126,180,180,230,230],"floor_reached":7,"language":"KOR","playtime":273,"items_purged":[],"score":75,"play_id":"a7f4a246-a1aa-4ece-be85-dfec8839bc4f","local_time":"20210131185335","is_ascension_mode":true,"campfire_choices":[{"data":"HandOfGreed","floor":6,"key":"SMITH"}],"circlet_count":0,"master_deck":["AscendersBane","Strike_G","Strike_G","Strike_G","Strike_G","Strike_G","Defend_G","Defend_G","Defend_G","Defend_G","Defend_G","Survivor","Neutralize","HandOfGreed+1","Blade Dance","Heel Hook","Prepared","Wraith Form v2"],"relics":["Ring of the Snake","Pear"],"acts_visited":["Exordium"],"potions_floor_usage":[7,7],"damage_taken":[{"damage":3,"enemies":"Jaw Worm","floor":1,"turns":5},{"damage":0,"enemies":"2 Louse","floor":2,"turns":5},{"damage":4,"enemies":"Cultist","floor":3,"turns":3},{"damage":9,"enemies":"2 Fungi Beasts","floor":5,"turns":5},{"damage":30,"enemies":"3 Sentries","floor":7,"turns":9}],"seed_played":"9159920232631560144","potions_obtained":[{"floor":3,"key":"Swift Potion"},{"floor":5,"key":"GamblersBrew"}],"is_trial":false,"path_per_floor":["M","M","M","?","M","R","E"],"character_chosen":"THE_SILENT","items_purchased":[],"campfire_rested":0,"item_purchase_floors":[],"current_hp_per_floor":[56,56,52,36,27,27,0,0],"gold":230,"neow_bonus":"RANDOM_COLORLESS_2","is_daily":false,"chose_seed":false,"campfire_upgraded":1,"win_rate":0.0,"timestamp":1612086815,"path_taken":["M","M","M","?","M","R","E"],"items_purchased_type":[],"build_version":"2020-12-22","purchased_purges":0,"victory":false,"max_hp_per_floor":[66,66,66,76,76,76,76,76],"card_choices":[{"not_picked":["Chrysalis","Secret Weapon"],"picked":"HandOfGreed","floor":0},{"not_picked":["Concentrate","Flying Knee"],"picked":"Blade Dance","floor":1},{"not_picked":["Blade Dance","Deadly Poison"],"picked":"Heel Hook","floor":2},{"not_picked":["Cloak And Dagger","Blur"],"picked":"Prepared","floor":3},{"not_picked":["Backflip","Deflect"],"picked":"Wraith Form v2","floor":5}],"player_experience":878878,"relics_obtained":[],"event_choices":[{"damage_healed":0,"gold_gain":0,"player_choice":"Success","damage_taken":26,"relics_obtained":["Pear"],"max_hp_gain":0,"max_hp_loss":0,"event_name":"Scrap Ooze","floor":4,"gold_loss":0}],"is_beta":false,"boss_relics":[],"items_purged_floors":[],"is_endless":false,"potions_floor_spawned":[3,5],"killed_by":"3 Sentries","ascension_level":15}}