{"host":"osk2oboccoevp2u5","time":1612126086,"event":{"mods":["AchievementEnabler","Alarm Clock","BaseMod","Colored Powertips","Disable Question Mark Monsters","Displayed Cursed Tome","Key Reminder","Minty Spire (QoL Compilation)","Potion Indicator Mod","Quick Restart","Rare Cards Sparkle","Reorder Act Four","Slumbering Mod","StSLib","Useless Jewels Mod"],"gold_per_floor":[114,81,100,100,115,140,140,140,140],"floor_reached":8,"language":"ENG","playtime":2368,"items_purged":[],"score":81,"play_id":"25db5d9d-9207-4081-b798-c2b597d6ccf3","local_time":"20210131164806","is_ascension_mode":false,"campfire_choices":[{"data":"theSlumbering:DreamEater","floor":7,"key":"SMITH"}],"circlet_count":0,"master_deck":["theSlumbering:BasicAttack","theSlumbering:Strike_Slumbering","theSlumbering:Strike_Slumbering","theSlumbering:BasicDefend","theSlumbering:BasicDefend","theSlumbering:Defend_Slumbering","theSlumbering:Defend_Slumbering","theSlumbering:Invigorate","theSlumbering:DreamEater+1","theSlumbering:StoneHearth","theSlumbering:DreamPeace"],"relics":["theSlumbering:SlumberingRelic","theSlumbering:HeartCollector","Nunchaku"],"acts_visited":["Exordium"],"potions_floor_usage":[6,8],"damage_taken":[{"damage":0.0,"enemies":"Jaw Worm","floor":1.0,"turns":6.0},{"damage":0.0,"enemies":"Small Slimes","floor":3.0,"turns":8.0},{"damage":1.0,"enemies":"2 Louse","floor":5.0,"turns":4.0},{"damage":0,"enemies":"Gremlin Nob","floor":6,"turns":5},{"damage":14,"enemies":"theSlumbering:Adrasteia","floor":8,"turns":7}],"seed_played":"2357075981055509766","potions_obtained":[{"floor":5.0,"key":"Strength Potion"},{"floor":6,"key":"SneckoOil"}],"is_trial":false,"path_per_floor":["M","?","M","?","M","E","R","E"],"character_chosen":"THE_SLUMBERING","items_purchased":[],"campfire_rested":0,"item_purchase_floors":[],"current_hp_per_floor":[1,1,1,1,1,1,1,0,0],"gold":140,"neow_bonus":"RANDOM_COLORLESS","is_daily":false,"chose_seed":false,"campfire_upgraded":1,"win_rate":0.0,"timestamp":1612126086,"path_taken":["M","?","M","?","M","E","R","E"],"items_purchased_type":[],"build_version":"2020-12-22","purchased_purges":0,"victory":false,"max_hp_per_floor":[1,1,1,1,1,1,1,1,1],"card_choices":[{"not_picked":["Deep Breath","Flash of Steel"],"picked":"theSlumbering:StoneHearth","floor":0.0},{"not_picked":["theSlumbering:Stretch","theSlumbering:SideSleeper","theSlumbering:CountingSheep"],"picked":"SKIP","floor":1.0},{"not_picked":["theSlumbering:CurlUp","theSlumbering:Sleepwalk"],"picked":"theSlumbering:DreamPeace","floor":3.0},{"not_picked":["theSlumbering:FullGuard","theSlumbering:SideSleeper","theSlumbering:ForcedThought"],"picked":"SKIP","floor":5.0},{"not_picked":["theSlumbering:FocusedStrike","theSlumbering:ForcedThought","theSlumbering:RecurringDream"],"picked":"SKIP","floor":6}],"player_experience":921797,"relics_obtained":[{"floor":6,"key":"Nunchaku"}],"event_choices":[{"damage_healed":0.0,"max_hp_gain":0.0,"max_hp_loss":0.0,"gold_gain":0.0,"event_name":"World of Goop","player_choice":"Left Gold","floor":2.0,"gold_loss":33.0,"damage_taken":0.0},{"cards_removed":["theSlumbering:BasicAttack"],"damage_healed":0.0,"max_hp_gain":0.0,"max_hp_loss":0.0,"gold_gain":0.0,"event_name":"Golden Wing","player_choice":"Card Removal","floor":4.0,"gold_loss":0.0,"damage_taken":0.0}],"is_beta":false,"boss_relics":[],"items_purged_floors":[],"is_endless":false,"potions_floor_spawned":[5,6],"killed_by":"theSlumbering:Adrasteia","ascension_level":0}}