{"host":"k5yjj86hwv5qv2gx","time":1612109963,"event":{"mods":["BaseMod","BetterRewards","Minty Spire (QoL Compilation)","StSLib"],"gold_per_floor":[113,113,113,126,145,174,190,215,215,249,249,249,268,288,288,365,365,380,0,17,17,17,17,17,17,44,76,126,126,126],"floor_reached":29,"language":"ENG","playtime":962,"items_purged":[],"score":522,"play_id":"0fa1a80d-d943-439f-bfd4-eee2373ba928","local_time":"20210131081923","is_ascension_mode":true,"campfire_choices":[{"data":"Buffer","floor":12.0,"key":"SMITH"},{"floor":15.0,"key":"RECALL"},{"data":"Creative AI","floor":23.0,"key":"SMITH"},{"floor":25.0,"key":"REST"}],"circlet_count":0,"master_deck":["AscendersBane","Strike_B","Strike_B","Strike_B","Strike_B","Defend_B+1","Defend_B","Defend_B","Defend_B+1","Zap","Dualcast","Ball Lightning","Streamline","Conserve Battery","All For One","Coolheaded","Buffer+1","Sweeping Beam","Regret","Gash","Compile Driver","Creative AI+1","Defragment+1","Sweeping Beam+1","Decay","Ghostly","Ghostly","Ghostly","Echo Form"],"relics":["Cracked Core","NeowsBlessing","Pocketwatch","Strawberry","Pear","Smiling Mask","Mummified Hand","SlaversCollar","DataDisk","Du-Vu Doll"],"acts_visited":["Exordium","TheCity"],"potions_floor_usage":[29],"damage_taken":[{"damage":0.0,"enemies":"Small Slimes","floor":1.0,"turns":1.0},{"damage":0.0,"enemies":"2 Louse","floor":4.0,"turns":1.0},{"damage":0.0,"enemies":"Jaw Worm","floor":5.0,"turns":1.0},{"damage":8.0,"enemies":"Gremlin Nob","floor":6.0,"turns":3.0},{"damage":0.0,"enemies":"Large Slime","floor":7.0,"turns":3.0},{"damage":13.0,"enemies":"Lagavulin","floor":8.0,"turns":6.0},{"damage":10.0,"enemies":"Gremlin Nob","floor":10.0,"turns":3.0},{"damage":2.0,"enemies":"Looter","floor":13.0,"turns":3.0},{"damage":5.0,"enemies":"Gremlin Gang","floor":14.0,"turns":4.0},{"damage":17.0,"enemies":"The Guardian","floor":16.0,"turns":12.0},{"damage":40.0,"enemies":"Chosen","floor":18.0,"turns":6.0},{"damage":22.0,"enemies":"Shell Parasite","floor":20.0,"turns":6.0},{"damage":17,"enemies":"Slavers","floor":27,"turns":7},{"damage":5,"enemies":"Gremlin Leader","floor":29,"turns":1}],"seed_played":"-415310951819849148","potions_obtained":[{"floor":5.0,"key":"GamblersBrew"},{"floor":6.0,"key":"GamblersBrew"},{"floor":7.0,"key":"Fruit Juice"},{"floor":8.0,"key":"Strength Potion"},{"floor":13.0,"key":"PowerPotion"},{"floor":14.0,"key":"SkillPotion"},{"floor":18.0,"key":"LiquidBronze"},{"floor":20.0,"key":"Fire Potion"}],"is_trial":false,"path_per_floor":["M","?","?","M","M","E","M","E","T","E","?","R","M","M","R","B",null,"M","?","M","?","?","R","$","R","T","E","?","E"],"character_chosen":"DEFECT","items_purchased":[],"campfire_rested":1,"item_purchase_floors":[],"current_hp_per_floor":[64,43,38,38,38,37,37,39,39,29,29,29,27,22,22,5,71,31,31,9,9,9,9,9,22,22,5,5,0,0],"gold":126,"neow_bonus":"THREE_ENEMY_KILL","is_daily":false,"chose_seed":false,"campfire_upgraded":2,"win_rate":0.0,"timestamp":1612109963,"path_taken":["M","?","?","M","M","E","M","E","T","E","?","R","M","M","R","BOSS","M","?","M","?","?","R","$","R","T","E","?","E"],"items_purchased_type":[],"build_version":"2020-12-22","purchased_purges":0,"victory":false,"max_hp_per_floor":[71,71,71,71,71,78,78,93,93,93,93,93,93,93,93,93,93,93,93,93,93,46,46,46,46,46,46,46,46,46],"card_choices":[{"not_picked":["Cold Snap","Sweeping Beam"],"picked":"Ball Lightning","floor":1.0},{"not_picked":["Storm","Hologram"],"picked":"Streamline","floor":4.0},{"not_picked":["Rebound","Tempest"],"picked":"Conserve Battery","floor":5.0},{"not_picked":["Heatsinks","Cold Snap"],"picked":"All For One","floor":6.0},{"not_picked":["Capacitor","Turbo"],"picked":"Coolheaded","floor":7.0},{"not_picked":["Reprogram","Barrage"],"picked":"Buffer","floor":8.0},{"not_picked":["Redo","Darkness"],"picked":"Sweeping Beam","floor":10.0},{"not_picked":["Turbo","Reboot"],"picked":"Gash","floor":13.0},{"not_picked":["Consume","Steam"],"picked":"Compile Driver","floor":14.0},{"not_picked":["Electrodynamics","Core Surge"],"picked":"Creative AI","floor":16.0},{"not_picked":["Rebound","Barrage"],"picked":"Defragment+1","floor":18.0},{"not_picked":["Chaos","Ball Lightning"],"picked":"Sweeping Beam+1","floor":20.0},{"not_picked":["Streamline","Redo"],"picked":"Echo Form","floor":27}],"player_experience":1155114,"relics_obtained":[{"floor":6.0,"key":"Strawberry"},{"floor":8.0,"key":"Pear"},{"floor":10.0,"key":"Smiling Mask"},{"floor":26.0,"key":"DataDisk"},{"floor":27,"key":"Du-Vu Doll"}],"event_choices":[{"damage_healed":0.0,"max_hp_gain":0.0,"max_hp_loss":0.0,"gold_gain":0.0,"event_name":"Shining Light","player_choice":"Entered Light","floor":2.0,"gold_loss":0.0,"damage_taken":21.0,"cards_upgraded":["Defend_B","Defend_B"]},{"damage_healed":0.0,"max_hp_gain":0.0,"max_hp_loss":0.0,"gold_gain":0.0,"event_name":"Scrap Ooze","player_choice":"Success","floor":3.0,"gold_loss":0.0,"damage_taken":5.0,"relics_obtained":["Pocketwatch"]},{"damage_healed":0.0,"max_hp_gain":0.0,"max_hp_loss":0.0,"gold_gain":0.0,"event_name":"Big Fish","player_choice":"Box","floor":11.0,"gold_loss":0.0,"damage_taken":0.0,"relics_obtained":["Mummified Hand"],"cards_obtained":["Regret"]},{"damage_healed":0.0,"max_hp_gain":0.0,"max_hp_loss":0.0,"gold_gain":0.0,"event_name":"Masked Bandits","player_choice":"Paid Fearfully","floor":19.0,"gold_loss":380.0,"damage_taken":0.0},{"damage_healed":0.0,"max_hp_gain":0.0,"max_hp_loss":0.0,"gold_gain":0.0,"event_name":"Forgotten Altar","player_choice":"Smashed Altar","floor":21.0,"gold_loss":0.0,"damage_taken":0.0,"cards_obtained":["Decay"]},{"damage_healed":0.0,"max_hp_gain":0.0,"max_hp_loss":47.0,"gold_gain":0.0,"event_name":"Ghosts","player_choice":"Became a Ghost","floor":22.0,"gold_loss":0.0,"damage_taken":0.0,"cards_obtained":["Ghostly","Ghostly","Ghostly"]},{"damage_healed":0,"gold_gain":50,"player_choice":"Stole From Cult","damage_taken":0,"max_hp_gain":0,"max_hp_loss":0,"event_name":"Nest","floor":28,"gold_loss":0}],"is_beta":false,"boss_relics":[{"not_picked":["Sozu","Ectoplasm"],"picked":"SlaversCollar"}],"items_purged_floors":[],"is_endless":false,"potions_floor_spawned":[5,6,7,8,13,14,18,20],"killed_by":"Gremlin Leader","ascension_level":20}}