{"host":"fl6c84p0pqwjbhud","time":1612093481,"event":{"mods":["AchievementEnabler","BaseMod","Better Third Choice","Better-Laid Plans","Colored Map","Defuse TimeMaze Blight","Energized Spire","Highlight Path","Minty Spire (QoL Compilation)","Permanent Neow","Quick Restart","StSLib","Synergy Search","Transform Curses"],"gold_per_floor":[119,132,132,151,116,150,20,20,20,51,51,25,25,38,38,133,133,148,162,10,25,39,39,39],"floor_reached":23,"language":"ENG","playtime":2066,"items_purged":[],"score":201,"play_id":"5e4fe77d-ab2f-484a-a442-bc90d3331c22","local_time":"20210131124441","is_ascension_mode":false,"campfire_choices":[{"floor":11,"key":"REST"},{"floor":15,"key":"REST"}],"circlet_count":0,"master_deck":["Strike_P","Strike_P","Strike_P","Strike_P","Defend_P","Defend_P","Defend_P","Eruption","Vigilance","FollowUp","CutThroughFate","FearNoEvil","Jack Of All Trades","FlyingSleeves","Consecrate","InnerPeace","Vault","WheelKick","BowlingBash","PathToVictory+1","FlurryOfBlows"],"relics":["energizedSpire:NeverEndingSparkler","Pocketwatch","Pear","Happy Flower","Empty Cage","Bag of Preparation"],"acts_visited":["Exordium","TheCity"],"potions_floor_usage":[16,21,22,22],"damage_taken":[{"damage":4,"enemies":"Small Slimes","floor":1,"turns":5},{"damage":6,"enemies":"Cultist","floor":2,"turns":4},{"damage":0,"enemies":"2 Louse","floor":4,"turns":2},{"damage":30,"enemies":"3 Sentries","floor":6,"turns":9},{"damage":39,"enemies":"Gremlin Nob","floor":10,"turns":5},{"damage":18,"enemies":"Large Slime","floor":14,"turns":6},{"damage":104,"enemies":"The Guardian","floor":16,"turns":14},{"damage":24,"enemies":"Shell Parasite","floor":18,"turns":6},{"damage":17,"enemies":"Spheric Guardian","floor":19,"turns":6},{"damage":23,"enemies":"Chosen and Byrds","floor":21,"turns":6},{"damage":1,"enemies":"3 Cultists","floor":22,"turns":4},{"damage":22,"enemies":"Shelled Parasite and Fungi","floor":23,"turns":5}],"seed_played":"8962419980975130824","potions_obtained":[{"floor":14,"key":"FairyPotion"},{"floor":16,"key":"Ambrosia"},{"floor":18,"key":"AttackPotion"},{"floor":19,"key":"Fire Potion"}],"is_trial":false,"path_per_floor":["M","M","?","M","?","E","$","?","T","E","R","$","?","M","R","B",null,"M","M","$","M","M","M"],"character_chosen":"WATCHER","items_purchased":["Jack Of All Trades","Block Potion","Consecrate","Bag of Preparation"],"campfire_rested":2,"item_purchase_floors":[7,7,12,20],"current_hp_per_floor":[68,62,72,72,72,42,42,42,52,13,37,37,82,64,82,4,82,58,41,41,18,17,0,0],"gold":39,"neow_bonus":"BOSS_RELIC","is_daily":false,"chose_seed":false,"campfire_upgraded":0,"win_rate":0.0,"timestamp":1612093481,"path_taken":["M","M","?","?","?","E","$","?","T","E","R","$","?","?","R","BOSS","M","M","?","M","M","?"],"items_purchased_type":["Card","Potion","Card","Relic"],"build_version":"2020-12-22","purchased_purges":0,"victory":false,"max_hp_per_floor":[72,72,72,72,72,72,72,72,82,82,82,82,82,82,82,82,82,82,82,82,82,82,82,82],"card_choices":[{"not_picked":["Halt","Vengeance"],"picked":"FollowUp","floor":1},{"not_picked":["WheelKick","Evaluate"],"picked":"CutThroughFate","floor":2},{"not_picked":["JustLucky","Conclude"],"picked":"FearNoEvil","floor":4},{"not_picked":["Adaptation","EmptyFist"],"picked":"Fasting2","floor":6},{"not_picked":["Evaluate","Adaptation"],"picked":"FlyingSleeves","floor":10},{"not_picked":["Adaptation","CrushJoints"],"picked":"InnerPeace","floor":14},{"not_picked":["Omniscience","Scrawl"],"picked":"Vault","floor":16},{"not_picked":["EmptyFist","PathToVictory"],"picked":"WheelKick","floor":18},{"not_picked":["JustLucky","Protect"],"picked":"BowlingBash","floor":19},{"not_picked":["EmptyBody","Collect+1"],"picked":"PathToVictory+1","floor":21},{"not_picked":["Wallop","JustLucky"],"picked":"FlurryOfBlows","floor":22}],"player_experience":470214,"relics_obtained":[{"floor":6,"key":"Pocketwatch"},{"floor":9,"key":"Pear"},{"floor":10,"key":"Happy Flower"}],"event_choices":[{"damage_healed":10,"gold_gain":0,"player_choice":"Full Heal","damage_taken":0,"max_hp_gain":0,"max_hp_loss":0,"event_name":"Wheel of Change","floor":3,"gold_loss":0},{"damage_healed":18,"gold_gain":0,"player_choice":"Healed","damage_taken":0,"max_hp_gain":0,"max_hp_loss":0,"event_name":"The Cleric","floor":5,"gold_loss":35},{"damage_healed":42,"gold_gain":0,"player_choice":"Embrace Burn","damage_taken":0,"max_hp_gain":0,"max_hp_loss":72,"event_name":"betterThird:BetterShining","floor":8,"gold_loss":0},{"cards_removed":["Fasting2"],"damage_healed":45,"gold_gain":0,"player_choice":"Offered Uncommon","damage_taken":0,"max_hp_gain":0,"max_hp_loss":0,"event_name":"Bonfire Elementals","floor":13,"gold_loss":0}],"is_beta":false,"boss_relics":[{"not_picked":["Velvet Choker","Busted Crown"],"picked":"Empty Cage"}],"items_purged_floors":[],"is_endless":false,"potions_floor_spawned":[14,16,18,19],"killed_by":"Shelled Parasite and Fungi","ascension_level":0}}