{"host":"yqw1zpryoutrnocq","time":1612062721,"event":{"mods":["2.2 Compatiblity","AchievementEnabler","BaseMod","Colored Map","Custom Start","DeckTracker","Minty Spire (QoL Compilation)","StSLib","SuperFastMode"],"gold_per_floor":[111,111,10,28,103,103,117,117,117,134,134,152,9,26,26,128,128,141,153,153,169,169,169],"floor_reached":22,"language":"KOR","playtime":597,"items_purged":["Strike_G"],"score":256,"play_id":"14631d2d-2dd0-4f0f-8a89-9fb912c78328","local_time":"20210130211201","is_ascension_mode":true,"campfire_choices":[{"floor":6.0,"key":"DIG"},{"floor":8.0,"key":"DIG"},{"floor":11.0,"key":"DIG"},{"floor":15.0,"key":"DIG"}],"circlet_count":0,"master_deck":["Strike_G","Strike_G","Strike_G","Defend_G","Defend_G","Defend_G","Defend_G","Defend_G","Survivor","Neutralize","Underhanded Strike","Dodge and Roll","Blade Dance","Escape Plan","Caltrops","Crippling Poison","Die Die Die","Blade Dance","Corpse Explosion","CurseOfTheBell","Blur","Dagger Spray","Flying Knee+1"],"relics":["Ring of the Snake","Shovel","Strawberry","White Beast Statue","Blood Vial","StrikeDummy","Ancient Tea Set","Calling Bell","Toy Ornithopter","Darkstone Periapt","Lizard Tail"],"acts_visited":["Exordium","TheCity"],"potions_floor_usage":[16,16,16,19,21,21,22],"damage_taken":[{"damage":1.0,"enemies":"Jaw Worm","floor":1.0,"turns":6.0},{"damage":0.0,"enemies":"2 Louse","floor":4.0,"turns":2.0},{"damage":1.0,"enemies":"Cultist","floor":7.0,"turns":3.0},{"damage":5.0,"enemies":"Red Slaver","floor":10.0,"turns":3.0},{"damage":8.0,"enemies":"Looter","floor":12.0,"turns":2.0},{"damage":0.0,"enemies":"2 Fungi Beasts","floor":14.0,"turns":4.0},{"damage":17,"enemies":"Hexaghost","floor":16,"turns":9},{"damage":9,"enemies":"3 Byrds","floor":18,"turns":3},{"damage":36,"enemies":"Shell Parasite","floor":19,"turns":8},{"damage":18,"enemies":"Centurion and Healer","floor":21,"turns":7},{"damage":23,"enemies":"Sentry and Sphere","floor":22,"turns":5}],"seed_played":"-2726732409999375902","potions_obtained":[{"floor":1.0,"key":"EntropicBrew"},{"floor":4.0,"key":"Weak Potion"},{"floor":10.0,"key":"FearPotion"},{"floor":12.0,"key":"FearPotion"},{"floor":14.0,"key":"SpeedPotion"},{"floor":16,"key":"LiquidMemories"},{"floor":18,"key":"FearPotion"},{"floor":19,"key":"BlessingOfTheForge"},{"floor":21,"key":"ColorlessPotion"}],"is_trial":false,"path_per_floor":["M","?","$","M","?","R","M","R","T","M","R","M","$","M","R","B",null,"M","M","?","M","M"],"character_chosen":"THE_SILENT","items_purchased":["Dodge and Roll","Die Die Die"],"campfire_rested":0,"item_purchase_floors":[3,13],"current_hp_per_floor":[49,54,54,54,43,50,49,49,49,46,46,40,40,42,42,27,72,65,36,36,30,14,14],"gold":169,"neow_bonus":"ONE_RARE_RELIC","is_daily":false,"chose_seed":false,"campfire_upgraded":0,"win_rate":0.0,"timestamp":1612062721,"path_taken":["M","?","$","M","?","R","M","R","T","M","R","M","$","M","R","BOSS","M","M","?","?","M"],"items_purchased_type":["Card","Card"],"build_version":"2020-12-22","purchased_purges":1,"victory":false,"max_hp_per_floor":[75,80,80,80,80,87,87,87,87,87,87,87,87,87,87,87,87,87,87,87,87,87,87],"card_choices":[{"not_picked":["Calculated Gamble","Deadly Poison"],"picked":"Underhanded Strike","floor":1.0},{"not_picked":["Sucker Punch","Underhanded Strike"],"picked":"Blade Dance","floor":4.0},{"not_picked":["Dodge and Roll","Slice"],"picked":"Escape Plan","floor":7.0},{"not_picked":["Dagger Spray","Backflip"],"picked":"Caltrops","floor":10.0},{"not_picked":["Heel Hook","Catalyst"],"picked":"Crippling Poison","floor":12.0},{"not_picked":["Caltrops","Slice"],"picked":"Blade Dance","floor":14.0},{"not_picked":["Tools of the Trade","Unload"],"picked":"Corpse Explosion","floor":16},{"not_picked":["Dodge and Roll","Dagger Throw"],"picked":"Blur","floor":18},{"not_picked":["Tactician","Calculated Gamble"],"picked":"Dagger Spray","floor":19},{"not_picked":["Dagger Throw","Tactician"],"picked":"Flying Knee+1","floor":21}],"player_experience":246115,"relics_obtained":[{"floor":6.0,"key":"Strawberry"},{"floor":8.0,"key":"White Beast Statue"},{"floor":9.0,"key":"Blood Vial"},{"floor":11.0,"key":"StrikeDummy"},{"floor":15.0,"key":"Ancient Tea Set"},{"floor":17,"key":"Toy Ornithopter"},{"floor":17,"key":"Darkstone Periapt"},{"floor":17,"key":"Lizard Tail"}],"event_choices":[{"damage_healed":0.0,"max_hp_gain":5.0,"max_hp_loss":0.0,"gold_gain":0.0,"event_name":"Big Fish","player_choice":"Donut","floor":2.0,"gold_loss":0.0,"damage_taken":0.0},{"damage_healed":0.0,"max_hp_gain":0.0,"max_hp_loss":0.0,"gold_gain":75.0,"event_name":"World of Goop","player_choice":"Gather Gold","floor":5.0,"gold_loss":0.0,"damage_taken":11.0},{"cards_removed":["Strike_G"],"damage_healed":0,"gold_gain":0,"player_choice":"Purged","damage_taken":0,"max_hp_gain":0,"max_hp_loss":0,"event_name":"Purifier","floor":20,"gold_loss":0}],"is_beta":false,"boss_relics":[{"not_picked":["Coffee Dripper","Empty Cage"],"picked":"Calling Bell"}],"items_purged_floors":[3],"is_endless":false,"potions_floor_spawned":[1,4,10,12,14,16,18,19,21],"killed_by":"Sentry and Sphere","ascension_level":6}}