{"host":"d2y4rmbezebiv8aj","time":1612059077,"event":{"mods":["AchievementEnabler","BaseMod","Bestiary","BetterRewards","Colored Map","Colored Powertips","Custom Start","Highlight Path","Minty Spire (QoL Compilation)","Quick Restart","Rare Cards Sparkle","Relic Sorter","Relic Stats","Shop Mod","Slay-I","StSLib","SuperFastMode"],"gold_per_floor":[119,119,190,210,225,225,256,256,302,302,341,357,377,377,377],"floor_reached":14,"language":"DEU","playtime":361,"items_purged":[],"score":150,"play_id":"992e7a55-3471-4107-bfdc-91982bc7cac7","local_time":"20210131031117","is_ascension_mode":true,"campfire_choices":[{"data":"Blade Dance","floor":6,"key":"SMITH"},{"floor":10,"key":"REST"}],"circlet_count":0,"master_deck":["AscendersBane","Strike_G","Strike_G","Strike_G","Strike_G","Strike_G","Defend_G","Defend_G","Defend_G","Defend_G","Defend_G","Survivor","Neutralize","All Out Attack","Blade Dance+1","Injury","PiercingWail","Finisher","Flying Knee","Cloak And Dagger","Accuracy","Sucker Punch"],"relics":["Ring of the Snake","Golden Idol","Pantograph","Blue Candle","CultistMask","Regal Pillow","Potion Belt"],"acts_visited":["Exordium"],"potions_floor_usage":[7,11,14],"damage_taken":[{"damage":4,"enemies":"2 Louse","floor":1,"turns":4},{"damage":4,"enemies":"Jaw Worm","floor":4,"turns":3},{"damage":6,"enemies":"Cultist","floor":5,"turns":4},{"damage":45,"enemies":"3 Sentries","floor":7,"turns":9},{"damage":31,"enemies":"Gremlin Nob","floor":11,"turns":5},{"damage":5,"enemies":"Lots of Slimes","floor":12,"turns":5},{"damage":4,"enemies":"Red Slaver","floor":13,"turns":3},{"damage":22,"enemies":"3 Sentries","floor":14,"turns":4}],"seed_played":"8487567615700715953","potions_obtained":[{"floor":1,"key":"Regen Potion"},{"floor":5,"key":"Fire Potion"},{"floor":12,"key":"AttackPotion"}],"is_trial":false,"path_per_floor":["M","?","T","M","M","R","E","?","T","R","E","M","M","E"],"character_chosen":"THE_SILENT","items_purchased":["All Out Attack"],"campfire_rested":1,"item_purchase_floors":[0],"current_hp_per_floor":[59,59,59,55,49,49,19,19,19,55,24,19,15,0,0],"gold":377,"neow_bonus":"","is_daily":false,"chose_seed":false,"campfire_upgraded":1,"win_rate":0.0,"timestamp":1612059077,"path_taken":["M","?","?","M","M","R","E","?","T","R","E","?","?","E"],"items_purchased_type":["Card"],"build_version":"2020-12-22","purchased_purges":0,"victory":false,"max_hp_per_floor":[70,70,70,70,70,70,70,70,70,70,70,70,70,70,70],"relic_stats":{"Regal Pillow":15,"counters":[17,67],"Golden Idol":28,"Pantograph":0,"Blue Candle":[0],"obtain_stats":[{"Potion Belt":6,"Regal Pillow":9,"NeowsBlessing":0,"Happy Flower":9,"Golden Idol":12,"Sundial":13,"Pantograph":3,"Blue Candle":7,"CultistMask":8,"War Paint":8,"Ring of the Snake":0},{"Potion Belt":5,"Regal Pillow":13,"NeowsBlessing":0,"Happy Flower":6,"Golden Idol":8,"Sundial":8,"Pantograph":10,"Blue Candle":13,"CultistMask":13,"War Paint":6,"Ring of the Snake":0},{"Potion Belt":9,"Regal Pillow":50,"NeowsBlessing":0,"Happy Flower":14,"Golden Idol":21,"Sundial":21,"Pantograph":34,"Blue Candle":50,"CultistMask":50,"War Paint":14,"Ring of the Snake":0}],"Ring of the Snake":[34]},"card_choices":[{"not_picked":["Deflect","Bane"],"picked":"Blade Dance","floor":1},{"not_picked":["Acrobatics","Calculated Gamble"],"picked":"PiercingWail","floor":4},{"not_picked":["Dodge and Roll","Sucker Punch"],"picked":"Finisher","floor":5},{"not_picked":["Choke","Poisoned Stab"],"picked":"Flying Knee","floor":7},{"not_picked":["Finisher","Caltrops"],"picked":"Cloak And Dagger","floor":11},{"not_picked":["Caltrops","Blur"],"picked":"Accuracy","floor":12},{"not_picked":["Noxious Fumes","Flying Knee"],"picked":"Sucker Punch","floor":13}],"player_experience":391205,"relics_obtained":[{"floor":3,"key":"Pantograph"},{"floor":7,"key":"Blue Candle"},{"floor":9,"key":"Regal Pillow"},{"floor":11,"key":"Potion Belt"}],"event_choices":[{"damage_healed":0,"gold_gain":0,"player_choice":"Take Wound","damage_taken":0,"relics_obtained":["Golden Idol"],"max_hp_gain":0,"max_hp_loss":0,"event_name":"Golden Idol","floor":2,"gold_loss":0,"cards_obtained":["Injury"]},{"damage_healed":0,"gold_gain":0,"player_choice":"Trade","damage_taken":0,"relics_obtained":["CultistMask"],"max_hp_gain":0,"max_hp_loss":0,"event_name":"FaceTrader","floor":8,"gold_loss":0}],"is_beta":false,"boss_relics":[],"items_purged_floors":[],"is_endless":false,"potions_floor_spawned":[1,5,12],"killed_by":"3 Sentries","ascension_level":10}}