{"host":"2se5dq1do2gp0x9k","time":1612073245,"event":{"mods":["AchievementEnabler","BaseMod","Block Reminder","Colored Map","Colored Powertips","Minty Spire (QoL Compilation)","Relic Stats","StSLib","SuperFastMode"],"gold_per_floor":[112,129,148,158,33,33,60,60,142,142,167,167,183,197,197,276,326,338,253,270,1,16,42,42,42,42,61,86,86,103,123,123,197,197,209,209,47,61,61,61,61,61],"floor_reached":41,"language":"ENG","playtime":5900,"items_purged":["Strike_P","Eruption","Defend_P"],"score":962,"play_id":"e6ff19bb-f81c-45ca-951c-963e4a40b23d","local_time":"20210130220725","is_ascension_mode":true,"campfire_choices":[{"data":"PathToVictory","floor":6.0,"key":"SMITH"},{"data":"PathToVictory","floor":8,"key":"SMITH"},{"data":"Protect","floor":10,"key":"SMITH"},{"data":"Study","floor":15,"key":"SMITH"},{"floor":24,"key":"REST"},{"data":"PathToVictory","floor":29,"key":"SMITH"},{"floor":32,"key":"REST"},{"floor":40,"key":"REST"}],"circlet_count":0,"master_deck":["AscendersBane","Strike_P","Strike_P","Defend_P+1","Defend_P","Defend_P","Vigilance","PathToVictory+1","Sanctity","Protect+1","DeusExMachina","PathToVictory+1","Study+1","Prostrate","JustLucky","Fasting2","Brilliance","PathToVictory","PathToVictory+1","Wireheading","Protect","LikeWater","Sanctity","FollowUp","ThirdEye+1","Alpha","FlyingSleeves+1","Wireheading+1"],"relics":["PureWater","NeowsBlessing","Gambling Chip","Mummified Hand","Damaru","Tiny House","Anchor","OrangePellets","Toy Ornithopter","Frozen Egg 2","Strawberry","Sozu"],"acts_visited":["Exordium","TheCity","TheBeyond"],"potions_floor_usage":[7,16,31,33],"damage_taken":[{"damage":0.0,"enemies":"Cultist","floor":1.0,"turns":1.0},{"damage":0.0,"enemies":"2 Louse","floor":2.0,"turns":1.0},{"damage":0.0,"enemies":"Small Slimes","floor":3.0,"turns":1.0},{"damage":8.0,"enemies":"Red Slaver","floor":4.0,"turns":4.0},{"damage":10,"enemies":"Gremlin Nob","floor":7,"turns":3},{"damage":8,"enemies":"3 Sentries","floor":11,"turns":12},{"damage":0,"enemies":"Looter","floor":13,"turns":3},{"damage":0,"enemies":"2 Fungi Beasts","floor":14,"turns":2},{"damage":0,"enemies":"The Guardian","floor":16,"turns":7},{"damage":2,"enemies":"3 Byrds","floor":18,"turns":4},{"damage":8,"enemies":"Shell Parasite","floor":20,"turns":4},{"damage":0,"enemies":"Centurion and Healer","floor":22,"turns":4},{"damage":40,"enemies":"Gremlin Leader","floor":23,"turns":5},{"damage":13,"enemies":"Cultist and Chosen","floor":27,"turns":7},{"damage":28,"enemies":"Book of Stabbing","floor":28,"turns":5},{"damage":20,"enemies":"Shelled Parasite and Fungi","floor":30,"turns":5},{"damage":2,"enemies":"Centurion and Healer","floor":31,"turns":6},{"damage":19,"enemies":"Automaton","floor":33,"turns":7},{"damage":31,"enemies":"3 Darklings","floor":35,"turns":5},{"damage":25,"enemies":"Orb Walker","floor":38,"turns":5},{"damage":80,"enemies":"Giant Head","floor":41,"turns":6}],"seed_played":"-6278283030124112112","potions_obtained":[{"floor":1.0,"key":"FearPotion"},{"floor":4.0,"key":"FearPotion"},{"floor":7,"key":"FairyPotion"},{"floor":14,"key":"Regen Potion"},{"floor":17,"key":"Ambrosia"},{"floor":30,"key":"SkillPotion"},{"floor":31,"key":"SkillPotion"}],"is_trial":false,"path_per_floor":["M","M","M","M","$","R","E","R","T","R","E","?","M","M","R","B",null,"M","?","M","$","M","E","R","?","T","M","E","R","M","M","R","B",null,"M","?","$","M","?","R","E"],"character_chosen":"WATCHER","items_purchased":["PathToVictory","OrangePellets","Wireheading+1"],"campfire_rested":3,"item_purchase_floors":[5,21,37],"current_hp_per_floor":[61,61,61,53,53,53,43,43,43,43,35,35,35,35,35,50,69,67,67,59,59,59,19,40,73,73,60,39,39,19,22,46,32,68,37,37,37,12,12,36,0,0],"gold":61,"neow_bonus":"THREE_ENEMY_KILL","is_daily":false,"chose_seed":false,"campfire_upgraded":5,"win_rate":0.0,"timestamp":1612073245,"path_taken":["M","M","?","M","$","R","E","R","T","R","E","?","?","M","R","BOSS","M","?","M","$","M","E","R","?","T","M","E","R","?","M","R","BOSS","M","?","$","M","?","R","E"],"items_purchased_type":["Card","Relic","Card"],"build_version":"2020-12-22","purchased_purges":3,"victory":false,"max_hp_per_floor":[68,68,68,68,68,68,68,68,68,68,68,68,68,68,68,68,73,73,73,73,73,73,73,73,73,73,73,80,80,80,80,80,80,80,80,80,80,80,80,80,80,80],"relic_stats":{"Sozu":1,"OrangePellets":[13],"counters":[21,97],"Mummified Hand":[42],"Gambling Chip":[43],"obtain_stats":[{"Sozu":34,"OrangePellets":21,"Anchor":19,"Tiny House":17,"NeowsBlessing":0,"Mummified Hand":9,"Gambling Chip":7,"Strawberry":28,"Damaru":11,"PureWater":0,"Frozen Egg 2":26,"Toy Ornithopter":23},{"Sozu":18,"OrangePellets":11,"Anchor":10,"Tiny House":9,"NeowsBlessing":0,"Mummified Hand":5,"Gambling Chip":5,"Strawberry":15,"Damaru":6,"PureWater":0,"Frozen Egg 2":13,"Toy Ornithopter":13},{"Sozu":81,"OrangePellets":42,"Anchor":38,"Tiny House":34,"NeowsBlessing":0,"Mummified Hand":10,"Gambling Chip":10,"Strawberry":63,"Damaru":22,"PureWater":0,"Frozen Egg 2":51,"Toy Ornithopter":51}],"Toy Ornithopter":10},"card_choices":[{"not_picked":["Perseverance","CutThroughFate"],"picked":"PathToVictory","floor":1.0},{"not_picked":["WheelKick","InnerPeace"],"picked":"Sanctity","floor":2.0},{"not_picked":["EmptyBody","Worship"],"picked":"Protect","floor":3.0},{"not_picked":["WindmillStrike","CrushJoints"],"picked":"DeusExMachina","floor":4.0},{"not_picked":["Fasting2","Halt"],"picked":"CutThroughFate","floor":7},{"not_picked":["DeceiveReality","Devotion"],"picked":"Study","floor":11},{"not_picked":["Protect","Perseverance"],"picked":"JustLucky","floor":13},{"not_picked":["SashWhip","Evaluate"],"picked":"Fasting2","floor":14},{"not_picked":["MasterReality","SpiritShield"],"picked":"Brilliance","floor":16},{"not_picked":["SashWhip","Consecrate"],"picked":"PathToVictory","floor":17},{"not_picked":["Prostrate","Perseverance"],"picked":"PathToVictory","floor":18},{"not_picked":["Consecrate","FlurryOfBlows+1"],"picked":"Wireheading","floor":20},{"not_picked":["SashWhip+1","FlyingSleeves"],"picked":"Protect","floor":22},{"not_picked":["Study","FlurryOfBlows+1"],"picked":"LikeWater","floor":23},{"not_picked":["Omniscience","BowlingBash"],"picked":"Sanctity","floor":27},{"not_picked":["CrushJoints","Indignation"],"picked":"FollowUp","floor":28},{"not_picked":["Wireheading+1","Crescendo"],"picked":"ThirdEye+1","floor":30},{"not_picked":["Halt","Evaluate","EmptyMind"],"picked":"SKIP","floor":31},{"not_picked":["Brilliance","Devotion+1"],"picked":"Alpha","floor":33},{"not_picked":["FlurryOfBlows","Indignation"],"picked":"FlyingSleeves+1","floor":35},{"not_picked":["EmptyMind","Adaptation+1","ThirdEye+1"],"picked":"SKIP","floor":38}],"player_experience":4010948,"relics_obtained":[{"floor":7,"key":"Gambling Chip"},{"floor":9,"key":"Mummified Hand"},{"floor":11,"key":"Damaru"},{"floor":23,"key":"Toy Ornithopter"},{"floor":26,"key":"Frozen Egg 2"},{"floor":28,"key":"Strawberry"}],"event_choices":[{"damage_healed":0,"gold_gain":0,"cards_transformed":["Strike_P"],"player_choice":"Transformed","damage_taken":0,"max_hp_gain":0,"max_hp_loss":0,"event_name":"Transmorgrifier","floor":12,"gold_loss":0,"cards_obtained":["Prostrate"]},{"damage_healed":0,"gold_gain":0,"player_choice":"Obtained Relic","damage_taken":0,"relics_obtained":["Anchor"],"max_hp_gain":0,"max_hp_loss":0,"event_name":"Addict","floor":19,"gold_loss":85},{"damage_healed":33,"gold_gain":0,"player_choice":"Full Heal","damage_taken":0,"max_hp_gain":0,"max_hp_loss":0,"event_name":"Wheel of Change","floor":25,"gold_loss":0},{"cards_removed":["CutThroughFate"],"damage_healed":0,"gold_gain":0,"player_choice":"Removed Attack","damage_taken":0,"max_hp_gain":0,"max_hp_loss":0,"event_name":"Falling","floor":36,"gold_loss":0},{"damage_healed":0,"gold_gain":0,"player_choice":"Ignored","damage_taken":0,"max_hp_gain":0,"max_hp_loss":0,"event_name":"Mysterious Sphere","floor":39,"gold_loss":0}],"is_beta":false,"boss_relics":[{"not_picked":["Velvet Choker","Runic Dome"],"picked":"Tiny House"},{"not_picked":["Black Star","Snecko Eye"],"picked":"Sozu"}],"items_purged_floors":[5,21,37],"is_endless":false,"potions_floor_spawned":[1,4,7,14,27,28,30,31,35],"killed_by":"Giant Head","ascension_level":18}}