{"host":"qm4rv4rkpk76sbxu","time":1612125471,"event":{"mods":["BaseMod","Bestiary","Block Reminder","DeckTracker","Filter the Spire","Keyboard Shortcuts","Minty Spire (QoL Compilation)","MonsterHotkey","Quick Restart","Random Character Button","Relic Stats","Slay-I","StSLib","Unceasing Turn Reminder","ojb\u0027s Better Paths Mod","ojb\u0027s Info Mod"],"gold_per_floor":[119,119,119,142,102,146,146,184,210,10,10,10],"floor_reached":11,"language":"ENG","playtime":500,"items_purged":[],"score":208,"play_id":"35d958a6-1e83-4ec3-8493-b151bcb3d13a","local_time":"20210131213751","is_ascension_mode":true,"campfire_choices":[{"data":"Burst","floor":7.0,"key":"SMITH"}],"circlet_count":0,"master_deck":["AscendersBane","Strike_G","Strike_G","Strike_G","Strike_G","Strike_G","Defend_G","Defend_G","Defend_G","Defend_G","Survivor","Neutralize","Catalyst","Blur","Burst+1","Cloak And Dagger"],"relics":["Ring of the Snake","NeowsBlessing","Golden Idol","Tiny Chest","Anchor","Akabeko","Medical Kit"],"acts_visited":["Exordium"],"potions_floor_usage":[8,8,11],"damage_taken":[{"damage":0.0,"enemies":"2 Louse","floor":1.0,"turns":1.0},{"damage":0.0,"enemies":"Cultist","floor":4.0,"turns":1.0},{"damage":0.0,"enemies":"Gremlin Nob","floor":6.0,"turns":1.0},{"damage":34,"enemies":"3 Sentries","floor":8,"turns":15},{"damage":30,"enemies":"Gremlin Nob","floor":11,"turns":3}],"seed_played":"-2907870775252415804","potions_obtained":[{"floor":1.0,"key":"Block Potion"},{"floor":5.0,"key":"Strength Potion"},{"floor":5.0,"key":"Energy Potion"},{"floor":8,"key":"Regen Potion"}],"is_trial":false,"path_per_floor":["M","?","?","M","?","E","R","E","T","$","E"],"character_chosen":"THE_SILENT","items_purchased":["Medical Kit","Cloak And Dagger"],"campfire_rested":0,"item_purchase_floors":[10,10],"current_hp_per_floor":[59,59,52,52,52,52,52,18,18,18,0,0],"gold":10,"neow_bonus":"THREE_ENEMY_KILL","is_daily":false,"chose_seed":false,"campfire_upgraded":1,"win_rate":0.0,"timestamp":1612125471,"path_taken":["M","?","?","M","?","E","R","E","T","$","E"],"items_purchased_type":["Relic","Card"],"build_version":"2020-12-22","purchased_purges":0,"victory":false,"max_hp_per_floor":[66,60,60,60,60,60,60,60,60,60,60,60],"relic_stats":{"counters":[5,21],"Golden Idol":22,"Tiny Chest":0,"Medical Kit":[0],"obtain_stats":[{"Anchor":8,"NeowsBlessing":0,"Golden Idol":2,"Tiny Chest":6,"Medical Kit":10,"Akabeko":9,"Ring of the Snake":0},{"Anchor":4,"NeowsBlessing":0,"Golden Idol":1,"Tiny Chest":3,"Medical Kit":4,"Akabeko":4,"Ring of the Snake":0},{"Anchor":18,"NeowsBlessing":0,"Golden Idol":1,"Tiny Chest":3,"Medical Kit":18,"Akabeko":18,"Ring of the Snake":0}],"Ring of the Snake":[10]},"card_choices":[{"not_picked":["Distraction","PiercingWail"],"picked":"Catalyst","floor":1.0},{"not_picked":["Choke","Acrobatics"],"picked":"Blur","floor":4.0},{"not_picked":["PiercingWail","Bane"],"picked":"Burst","floor":6.0},{"not_picked":["Deflect","Setup","Heel Hook"],"picked":"SKIP","floor":8}],"player_experience":1460872,"relics_obtained":[{"floor":6.0,"key":"Tiny Chest"},{"floor":8,"key":"Anchor"},{"floor":9,"key":"Akabeko"}],"event_choices":[{"damage_healed":0.0,"max_hp_gain":0.0,"max_hp_loss":6.0,"gold_gain":0.0,"event_name":"Golden Idol","player_choice":"Lose Max HP","floor":2.0,"gold_loss":0.0,"damage_taken":0.0,"relics_obtained":["Golden Idol"]},{"cards_removed":["Defend_G"],"damage_healed":0.0,"max_hp_gain":0.0,"max_hp_loss":0.0,"gold_gain":0.0,"event_name":"Golden Wing","player_choice":"Card Removal","floor":3.0,"gold_loss":0.0,"damage_taken":7.0},{"damage_healed":0.0,"max_hp_gain":0.0,"max_hp_loss":0.0,"gold_gain":0.0,"event_name":"The Woman in Blue","player_choice":"Bought 3 Potions","floor":5.0,"gold_loss":0.0,"damage_taken":0.0}],"is_beta":false,"boss_relics":[],"items_purged_floors":[],"is_endless":false,"potions_floor_spawned":[1,8],"killed_by":"Gremlin Nob","ascension_level":20}}