{"host":"4qkvkh7pd9qr2mca","time":1612114284,"event":{"mods":["AchievementEnabler","Act Like it!","BaseMod","Colored Map","Colored Powertips","Highlight Path","Minty Spire (QoL Compilation)","Pale of the Ancients","Permanent Neow","Quick Restart","Relic Stats","StSLib","SuperFastMode"],"gold_per_floor":[114,114,127,146,87,87,47,77,77,77,108,127,160,171,171,244,244,224,33,53,328,328,354,20,20,320,336,611,639,664,329,329,403,403,414,414,414,434,434,460,460,488,488,519,535,146,180,196,196,196,196],"floor_reached":52,"language":"ENG","playtime":2958,"items_purged":["Regret","Sucker Punch"],"score":2223,"play_id":"c7a6f083-9307-42fc-ac07-6f4f41dc8e6b","local_time":"20210131183124","is_ascension_mode":true,"campfire_choices":[{"data":"Crippling Poison","floor":6.0,"key":"SMITH"},{"data":"Noxious Fumes","floor":10.0,"key":"SMITH"},{"data":"Neutralize","floor":15.0,"key":"SMITH"},{"data":"Apotheosis","floor":25.0,"key":"SMITH"},{"floor":32.0,"key":"REST"},{"floor":41,"key":"DIG"},{"floor":49,"key":"REST"}],"circlet_count":0,"master_deck":["AscendersBane","Survivor","Neutralize+1","Bane","Dagger Spray","Deflect","Adrenaline","Skewer","Blur","Crippling Poison+1","Leg Sweep","Flying Knee","Calculated Gamble","Acrobatics","PiercingWail","Noxious Fumes+1","Backflip","Leg Sweep","Blade Dance","Die Die Die","After Image","CurseOfTheBell","Apotheosis+1","Reflex","Footwork","Well Laid Plans","Venomology","Finesse","PiercingWail+1","Terror","Blade Dance","Acrobatics","Blur","Secret Weapon","Accuracy"],"relics":["Pandora\u0027s Box","Paper Crane","Shuriken","Juzu Bracelet","Singing Bowl","Calling Bell","Vajra","HornCleat","Ginger","Omamori","PreservedInsect","Old Coin","Shovel","Red Mask","TwistedFunnel","Dream Catcher","HoveringKite","Strawberry","Centennial Puzzle","Regal Pillow","Ornamental Fan","Pantograph","Girya"],"acts_visited":["Exordium","TheCity","TheBeyond"],"potions_floor_usage":[38,38,42,44,45,47,48,50],"damage_taken":[{"damage":0.0,"enemies":"2 Louse","floor":1.0,"turns":2.0},{"damage":0.0,"enemies":"Cultist","floor":3.0,"turns":3.0},{"damage":5.0,"enemies":"Small Slimes","floor":4.0,"turns":2.0},{"damage":8.0,"enemies":"3 Sentries","floor":8.0,"turns":6.0},{"damage":0.0,"enemies":"Lagavulin","floor":11.0,"turns":5.0},{"damage":4.0,"enemies":"Gremlin Gang","floor":12.0,"turns":2.0},{"damage":13.0,"enemies":"3 Sentries","floor":13.0,"turns":6.0},{"damage":0.0,"enemies":"Exordium Wildlife","floor":14.0,"turns":3.0},{"damage":2.0,"enemies":"Slime Boss","floor":16.0,"turns":6.0},{"damage":1.0,"enemies":"2 Thieves","floor":18.0,"turns":4.0},{"damage":10.0,"enemies":"Shell Parasite","floor":20.0,"turns":5.0},{"damage":20.0,"enemies":"Book of Stabbing","floor":23.0,"turns":7.0},{"damage":5.0,"enemies":"Shelled Parasite and Fungi","floor":27.0,"turns":4.0},{"damage":8.0,"enemies":"Slavers","floor":29.0,"turns":3.0},{"damage":0.0,"enemies":"Masked Bandits","floor":30.0,"turns":2.0},{"damage":0.0,"enemies":"Automaton","floor":33.0,"turns":8.0},{"damage":0.0,"enemies":"Orb Walker","floor":35.0,"turns":3.0},{"damage":0,"enemies":"3 Shapes","floor":38,"turns":5},{"damage":4,"enemies":"Giant Head","floor":40,"turns":6},{"damage":14,"enemies":"Nemesis","floor":42,"turns":7},{"damage":3,"enemies":"Reptomancer","floor":44,"turns":4},{"damage":0,"enemies":"3 Darklings","floor":45,"turns":4},{"damage":5,"enemies":"Giant Head","floor":47,"turns":6},{"damage":4,"enemies":"Spire Growth","floor":48,"turns":5},{"damage":31,"enemies":"Time Eater","floor":50,"turns":15},{"damage":11,"enemies":"Awakened One","floor":51,"turns":13}],"seed_played":"-6528698465366071051","potions_obtained":[{"floor":4.0,"key":"ColorlessPotion"},{"floor":8.0,"key":"Ancient Potion"},{"floor":13.0,"key":"FearPotion"},{"floor":23.0,"key":"Weak Potion"},{"floor":29.0,"key":"ColorlessPotion"},{"floor":33.0,"key":"Block Potion"},{"floor":42,"key":"Swift Potion"}],"is_trial":false,"path_per_floor":["M","?","M","M","$","R","$","E","T","R","E","M","E","M","R","B",null,"M","$","M","?","?","E","$","R","T","M","?","E","?","$","R","B",null,"M","?","?","M","?","E","R","E","T","E","M","$","E","M","R","B","B",null],"character_chosen":"THE_SILENT","items_purchased":["PiercingWail","Noxious Fumes","Apotheosis","PreservedInsect","Well Laid Plans","TwistedFunnel","Dream Catcher","Blur","Secret Weapon"],"campfire_rested":2,"item_purchase_floors":[5,7,19,24,24,31,31,46,46],"current_hp_per_floor":[59,76,76,71,71,71,71,63,63,63,63,59,48,48,48,46,70,71,71,63,63,63,43,43,43,43,40,40,34,36,36,64,64,84,86,86,86,86,86,89,89,77,77,74,74,74,71,69,105,74,88],"gold":196,"neow_bonus":"BOSS_RELIC","is_daily":false,"chose_seed":false,"campfire_upgraded":4,"win_rate":0.0,"timestamp":1612114284,"path_taken":["M","?","M","M","?","R","$","E","T","R","E","M","E","M","R","BOSS","M","$","M","?","?","E","$","R","T","M","?","E","?","$","R","BOSS","M","?","?","M","?","E","R","E","T","E","M","$","E","M","R","BOSS","BOSS"],"items_purchased_type":["Card","Card","Card","Relic","Card","Relic","Relic","Card","Card"],"build_version":"2020-12-22","purchased_purges":2,"victory":true,"max_hp_per_floor":[66,76,76,76,76,76,76,76,76,76,76,76,78,78,78,78,78,80,80,82,82,82,82,82,82,82,84,84,86,88,88,90,90,90,92,92,92,92,92,99,99,101,101,101,101,101,103,105,105,105,105],"relic_stats":{"Regal Pillow":5,"Singing Bowl":22,"counters":[26,136],"HoveringKite":[37],"PreservedInsect":415,"Juzu Bracelet":3,"Ginger":[10],"Dream Catcher":2,"Centennial Puzzle":[18],"Shovel":1,"Shuriken":[71],"Ornamental Fan":[124],"Pantograph":25,"Pandora\u0027s Box":["Bane","Tools of the Trade","Dagger Spray","Deflect","Adrenaline","Skewer","Blur","Crippling Poison","Sucker Punch","Leg Sweep"],"obtain_stats":[{"TwistedFunnel":31,"Girya":47,"Regal Pillow":42,"Singing Bowl":13,"Vajra":17,"HoveringKite":34,"PreservedInsect":24,"Juzu Bracelet":11,"Omamori":23,"Ginger":17,"Paper Crane":8,"Old Coin":26,"Calling Bell":17,"Dream Catcher":31,"Centennial Puzzle":41,"HornCleat":17,"Shovel":29,"Shuriken":9,"Ornamental Fan":43,"Strawberry":40,"Pantograph":44,"Pandora\u0027s Box":0,"Red Mask":30,"Ring of the Snake":0},{"TwistedFunnel":15,"Girya":23,"Regal Pillow":20,"Singing Bowl":7,"Vajra":9,"HoveringKite":16,"PreservedInsect":12,"Juzu Bracelet":5,"Omamori":12,"Ginger":9,"Paper Crane":4,"Old Coin":12,"Calling Bell":9,"Dream Catcher":15,"Centennial Puzzle":19,"HornCleat":9,"Shovel":14,"Shuriken":4,"Ornamental Fan":20,"Strawberry":19,"Pantograph":21,"Pandora\u0027s Box":0,"Red Mask":15,"Ring of the Snake":0},{"TwistedFunnel":60,"Girya":103,"Regal Pillow":89,"Singing Bowl":26,"Vajra":35,"HoveringKite":68,"PreservedInsect":51,"Juzu Bracelet":18,"Omamori":51,"Ginger":35,"Paper Crane":13,"Old Coin":51,"Calling Bell":35,"Dream Catcher":60,"Centennial Puzzle":82,"HornCleat":35,"Shovel":58,"Shuriken":13,"Ornamental Fan":89,"Strawberry":82,"Pantograph":93,"Pandora\u0027s Box":0,"Red Mask":60,"Ring of the Snake":0}]},"card_choices":[{"not_picked":["Acrobatics","Masterful Stab"],"picked":"Flying Knee","floor":1.0},{"not_picked":["Poisoned Stab","Prepared"],"picked":"Calculated Gamble","floor":3.0},{"not_picked":["Storm of Steel","Underhanded Strike"],"picked":"Acrobatics","floor":4.0},{"not_picked":["Bane","Concentrate"],"picked":"Backflip","floor":8.0},{"not_picked":["Outmaneuver","Skewer"],"picked":"Leg Sweep","floor":11.0},{"not_picked":["Prepared","Acrobatics"],"picked":"Blade Dance","floor":12.0},{"not_picked":["Cloak And Dagger","Prepared","Slice"],"picked":"Singing Bowl","floor":13.0},{"not_picked":["Tactician","Deadly Poison"],"picked":"Die Die Die","floor":14.0},{"not_picked":["Die Die Die","Unload"],"picked":"After Image","floor":16.0},{"not_picked":["Outmaneuver","Dagger Throw","Expertise"],"picked":"Singing Bowl","floor":18.0},{"not_picked":["Sucker Punch","Quick Slash","Flying Knee"],"picked":"Singing Bowl","floor":20.0},{"not_picked":["Infinite Blades","PiercingWail"],"picked":"Footwork","floor":23.0},{"not_picked":["Cloak And Dagger","Distraction","Dagger Spray"],"picked":"Singing Bowl","floor":27.0},{"not_picked":["Underhanded Strike+1","Quick Slash","Bullet Time"],"picked":"Singing Bowl","floor":29.0},{"not_picked":["Outmaneuver","Dash","PiercingWail"],"picked":"Singing Bowl","floor":30.0},{"not_picked":["Backstab","Deadly Poison","Dagger Spray"],"picked":"Singing Bowl","floor":32.0},{"not_picked":["Unload","Grand Finale"],"picked":"Venomology","floor":33.0},{"not_picked":["Caltrops","Sucker Punch","Underhanded Strike"],"picked":"Singing Bowl","floor":35.0},{"not_picked":["Bandage Up","Good Instincts"],"picked":"Finesse","floor":37.0},{"not_picked":["Bane","Leg Sweep+1"],"picked":"PiercingWail+1","floor":38},{"not_picked":["Distraction","Sucker Punch"],"picked":"Terror","floor":40},{"not_picked":["Bane","Poisoned Stab","Bullet Time"],"picked":"Singing Bowl","floor":42},{"not_picked":["Cloak And Dagger","Dagger Spray"],"picked":"Blade Dance","floor":44},{"not_picked":["Expertise","Deadly Poison"],"picked":"Acrobatics","floor":45},{"not_picked":["Endless Agony","Backstab","Blade Dance+1"],"picked":"Singing Bowl","floor":47},{"not_picked":["Caltrops","Deflect+1","Masterful Stab"],"picked":"Singing Bowl","floor":48},{"not_picked":["All Out Attack","Terror"],"picked":"Accuracy","floor":49}],"player_experience":594559,"relics_obtained":[{"floor":8.0,"key":"Paper Crane"},{"floor":9.0,"key":"Shuriken"},{"floor":11.0,"key":"Juzu Bracelet"},{"floor":13.0,"key":"Singing Bowl"},{"floor":17.0,"key":"Vajra"},{"floor":17.0,"key":"HornCleat"},{"floor":17.0,"key":"Ginger"},{"floor":23.0,"key":"Omamori"},{"floor":26.0,"key":"Old Coin"},{"floor":29.0,"key":"Shovel"},{"floor":30.0,"key":"Red Mask"},{"floor":40,"key":"Strawberry"},{"floor":41,"key":"Centennial Puzzle"},{"floor":42,"key":"Regal Pillow"},{"floor":43,"key":"Ornamental Fan"},{"floor":44,"key":"Pantograph"},{"floor":47,"key":"Girya"}],"event_choices":[{"cards_removed":["Tools of the Trade"],"damage_healed":7.0,"max_hp_gain":10.0,"max_hp_loss":0.0,"gold_gain":0.0,"event_name":"Bonfire Elementals","player_choice":"Offered Rare","floor":2.0,"gold_loss":0.0,"damage_taken":0.0},{"damage_healed":0.0,"max_hp_gain":0.0,"max_hp_loss":0.0,"gold_gain":275.0,"event_name":"Golden Shrine","player_choice":"Desecrate","floor":21.0,"gold_loss":0.0,"damage_taken":0.0,"cards_obtained":["Regret"]},{"damage_healed":0.0,"max_hp_gain":0.0,"max_hp_loss":0.0,"gold_gain":0.0,"event_name":"The Library","player_choice":"Read","floor":22.0,"gold_loss":0.0,"damage_taken":0.0,"cards_obtained":["Reflex"]},{"damage_healed":0.0,"max_hp_gain":0.0,"max_hp_loss":0.0,"gold_gain":275.0,"event_name":"Golden Shrine","player_choice":"Desecrate","floor":28.0,"gold_loss":0.0,"damage_taken":0.0,"cards_obtained":["Regret"]},{"damage_healed":0.0,"max_hp_gain":0.0,"max_hp_loss":0.0,"gold_gain":0.0,"event_name":"Masked Bandits","player_choice":"Fought Bandits","floor":30.0,"gold_loss":0.0,"damage_taken":0.0},{"damage_healed":0.0,"max_hp_gain":0.0,"max_hp_loss":0.0,"gold_gain":0.0,"event_name":"SecretPortal","player_choice":"Ignored","floor":36.0,"gold_loss":0.0,"damage_taken":0.0},{"damage_healed":0.0,"max_hp_gain":0.0,"max_hp_loss":0.0,"gold_gain":0.0,"event_name":"SensoryStone","player_choice":"Memory 1","floor":37.0,"gold_loss":0.0,"damage_taken":0.0},{"damage_healed":0,"gold_gain":0,"player_choice":"Ignored","damage_taken":0,"max_hp_gain":0,"max_hp_loss":0,"event_name":"Tomb of Lord Red Mask","floor":39,"gold_loss":0}],"is_beta":false,"boss_relics":[{"not_picked":["Snecko Eye","Philosopher\u0027s Stone"],"picked":"Calling Bell"},{"not_picked":["Black Star","Busted Crown"],"picked":"HoveringKite"}],"items_purged_floors":[24,46],"is_endless":false,"potions_floor_spawned":[4,8,13,18,23,29,33,42,45,47,48],"ascension_level":20}}