{"host":"syozzdlzcqop4jia","time":1612052779,"event":{"mods":["BaseMod","Colored Map","Colored Powertips","Minty Spire (QoL Compilation)","Quick Restart"],"gold_per_floor":[111,65,76,76,88,88,102,118,144,177,106,106,31,61,61,163,163,179,191,204,221,221,221,221,221,221,21,36,48,48,62,62,160,160,180,199,211,171,187,187,206,225,250,260,260,260],"floor_reached":45,"language":"ENG","playtime":2359,"items_purged":[],"score":623,"play_id":"c00feb41-0c73-4ebb-b5ef-7d004ce9af4e","local_time":"20210131012619","is_ascension_mode":true,"campfire_choices":[{"data":"Wild Strike","floor":6,"key":"SMITH"},{"floor":12,"key":"REST"},{"data":"Perfected Strike","floor":15,"key":"SMITH"},{"data":"Pummel","floor":23,"key":"SMITH"},{"data":"Perfected Strike","floor":25,"key":"SMITH"},{"data":"Feed","floor":32,"key":"SMITH"}],"circlet_count":0,"master_deck":["Strike_R","Strike_R","Strike_R","Strike_R","Strike_R","Defend_R","Defend_R","Defend_R","Defend_R","Bash","Shrug It Off","Flex","Wild Strike+1","Rampage","Perfected Strike+1","Warcry","Perfected Strike+1","Headbutt","Wild Strike","Inflame","Wild Strike","Reaper+1","Heavy Blade+1","Pummel+1","Clothesline","Wild Strike","Feed+1","Headbutt","Impervious+1","Flex+1","Twin Strike+1","Offering","Headbutt","Ghostly Armor+1","Anger+1","Body Slam+1","Battle Trance+1","Headbutt+1"],"relics":["Burning Blood","Charon\u0027s Ashes","Happy Flower","Omamori","FossilizedHelix","Sozu","Kunai","Pear","SlaversCollar","Lantern"],"acts_visited":["Exordium","TheCity","TheBeyond"],"potions_floor_usage":[19,37],"damage_taken":[{"damage":5,"enemies":"Cultist","floor":1,"turns":5},{"damage":8,"enemies":"Small Slimes","floor":3,"turns":4},{"damage":0,"enemies":"Jaw Worm","floor":5,"turns":3},{"damage":8,"enemies":"Blue Slaver","floor":7,"turns":3},{"damage":12,"enemies":"3 Louse","floor":8,"turns":3},{"damage":18,"enemies":"Gremlin Nob","floor":10,"turns":3},{"damage":12,"enemies":"3 Sentries","floor":14,"turns":4},{"damage":51,"enemies":"Hexaghost","floor":16,"turns":7},{"damage":0,"enemies":"Spheric Guardian","floor":18,"turns":3},{"damage":7,"enemies":"Shell Parasite","floor":19,"turns":2},{"damage":8,"enemies":"3 Cultists","floor":20,"turns":4},{"damage":0,"enemies":"Snecko","floor":21,"turns":3},{"damage":20,"enemies":"Shelled Parasite and Fungi","floor":28,"turns":3},{"damage":40,"enemies":"Snake Plant","floor":29,"turns":4},{"damage":0,"enemies":"Snecko","floor":31,"turns":3},{"damage":81,"enemies":"Automaton","floor":33,"turns":9},{"damage":34,"enemies":"3 Shapes","floor":35,"turns":3},{"damage":10,"enemies":"Orb Walker","floor":36,"turns":2},{"damage":35,"enemies":"4 Shapes","floor":37,"turns":3},{"damage":0,"enemies":"Jaw Worm Horde","floor":39,"turns":3},{"damage":5,"enemies":"Sphere and 2 Shapes","floor":41,"turns":3},{"damage":29,"enemies":"Spire Growth","floor":42,"turns":4},{"damage":20,"enemies":"Maw","floor":44,"turns":7},{"damage":43,"enemies":"Giant Head","floor":45,"turns":5}],"seed_played":"-3243521585750376327","potions_obtained":[{"floor":3,"key":"DistilledChaos"},{"floor":5,"key":"DistilledChaos"},{"floor":14,"key":"BlessingOfTheForge"}],"is_trial":false,"path_per_floor":["M","$","M","T","M","R","M","M","T","E","$","R","$","E","R","B",null,"M","M","M","M","?","R","T","R","T","$","M","M","?","M","R","B",null,"M","M","M","?","M","?","M","M","T","M","E"],"character_chosen":"IRONCLAD","items_purchased":["Flex","Headbutt","Wild Strike","Inflame","Feed","Headbutt"],"campfire_rested":1,"item_purchase_floors":[2,11,11,13,27,27],"current_hp_per_floor":[88,88,86,86,88,88,86,80,80,68,68,88,88,82,82,37,88,88,87,86,88,71,71,71,71,81,81,70,39,74,80,80,21,110,82,78,49,49,58,58,69,51,51,37,0,0],"gold":260,"neow_bonus":"TEN_PERCENT_HP_BONUS","is_daily":false,"chose_seed":false,"campfire_upgraded":5,"win_rate":0.0,"timestamp":1612052779,"path_taken":["M","?","?","?","?","R","M","M","T","E","$","R","?","E","R","BOSS","M","?","M","M","?","R","?","R","T","$","M","M","?","M","R","BOSS","M","M","M","?","?","?","M","M","T","M","E"],"items_purchased_type":["Card","Card","Card","Card","Card","Card"],"build_version":"2020-12-22","purchased_purges":0,"victory":false,"max_hp_per_floor":[88,88,88,88,88,88,88,88,88,88,88,88,88,88,88,88,88,88,88,88,88,93,93,93,93,103,103,106,106,106,106,106,110,110,110,110,110,110,110,110,110,110,110,110,110,110],"card_choices":[{"not_picked":["Clothesline","Twin Strike"],"picked":"Shrug It Off","floor":1},{"not_picked":["Iron Wave","Havoc"],"picked":"Wild Strike","floor":3},{"not_picked":["Perfected Strike","Headbutt"],"picked":"Rampage","floor":5},{"not_picked":["Metallicize","Bloodletting"],"picked":"Perfected Strike","floor":7},{"not_picked":["Clash","True Grit"],"picked":"Warcry","floor":8},{"not_picked":["Brutality","True Grit"],"picked":"Perfected Strike","floor":10},{"not_picked":["Armaments","Reckless Charge"],"picked":"Wild Strike","floor":14},{"not_picked":["Corruption","Impervious"],"picked":"Reaper","floor":16},{"not_picked":["Body Slam","Anger"],"picked":"Heavy Blade+1","floor":18},{"not_picked":["Spot Weakness+1","Warcry"],"picked":"Pummel","floor":19},{"not_picked":["Metallicize","Body Slam"],"picked":"Clothesline","floor":20},{"not_picked":["Heavy Blade","Clash"],"picked":"Wild Strike","floor":21},{"not_picked":["Twin Strike","Fire Breathing"],"picked":"Impervious","floor":28},{"not_picked":["Iron Wave","Havoc"],"picked":"Flex+1","floor":29},{"not_picked":["Shrug It Off","Dual Wield"],"picked":"Twin Strike+1","floor":31},{"not_picked":["Brutality","Berserk"],"picked":"Offering","floor":33},{"not_picked":["Disarm","Havoc"],"picked":"Headbutt","floor":35},{"not_picked":["Pommel Strike","Juggernaut"],"picked":"Ghostly Armor+1","floor":36},{"not_picked":["Heavy Blade","Wild Strike+1"],"picked":"Anger+1","floor":37},{"not_picked":["Reaper","Warcry"],"picked":"Body Slam+1","floor":39},{"not_picked":["Headbutt","Armaments+1"],"picked":"Battle Trance+1","floor":41},{"not_picked":["Entrench","Corruption","Sever Soul"],"picked":"SKIP","floor":42},{"not_picked":["Clash+1","Thunderclap"],"picked":"Headbutt+1","floor":44}],"player_experience":455929,"relics_obtained":[{"floor":4,"key":"Charon\u0027s Ashes"},{"floor":9,"key":"Happy Flower"},{"floor":10,"key":"Omamori"},{"floor":14,"key":"FossilizedHelix"},{"floor":24,"key":"Kunai"},{"floor":26,"key":"Pear"},{"floor":43,"key":"Lantern"}],"event_choices":[{"damage_healed":0,"gold_gain":0,"player_choice":"Shed Blood","damage_taken":22,"max_hp_gain":5,"max_hp_loss":0,"event_name":"Forgotten Altar","floor":22,"gold_loss":0},{"damage_healed":35,"gold_gain":0,"player_choice":"Heal","damage_taken":0,"max_hp_gain":0,"max_hp_loss":0,"event_name":"The Library","floor":30,"gold_loss":0},{"damage_healed":0,"gold_gain":0,"player_choice":"Upgraded Two","damage_taken":0,"max_hp_gain":0,"max_hp_loss":0,"event_name":"Designer","floor":38,"gold_loss":40,"cards_upgraded":["Impervious","Reaper"]},{"damage_healed":0,"gold_gain":0,"player_choice":"Ignored","damage_taken":0,"max_hp_gain":0,"max_hp_loss":0,"event_name":"Tomb of Lord Red Mask","floor":40,"gold_loss":0}],"is_beta":false,"boss_relics":[{"not_picked":["Runic Dome","Calling Bell"],"picked":"Sozu"},{"not_picked":["Tiny House","Pandora\u0027s Box"],"picked":"SlaversCollar"}],"items_purged_floors":[],"is_endless":false,"potions_floor_spawned":[3,5,14,16,28,33,35,39,44],"killed_by":"Giant Head","ascension_level":3}}