{"host":"nwd160me4iqdtr8u","time":1612087716,"event":{"mods":["AchievementEnabler","Act Like it!","BaseMod","Colored Map","DeckTracker","Keyboard Shortcuts","Minty Spire (QoL Compilation)","Quick Restart","Rare Cards Sparkle","StSLib","SuperFastMode","everything is the same but u backflip on backflip"],"gold_per_floor":[110,125,125,35,35,70,70,89,163,178,191,191,191,25,25,123,123,138,0,50,66,66,66],"floor_reached":22,"language":"KOR","playtime":576,"items_purged":[],"score":331,"play_id":"e71c0472-f941-476a-97d6-fa27bf5648ec","local_time":"20210131190836","is_ascension_mode":true,"campfire_choices":[{"floor":7.0,"key":"REST"},{"data":"Footwork","floor":13.0,"key":"SMITH"},{"data":"Deadly Poison","floor":15.0,"key":"SMITH"}],"circlet_count":0,"master_deck":["AscendersBane","Survivor","Neutralize","Crippling Poison","Masterful Stab","Eviscerate","Footwork+1","Malaise","Blade Dance","Deadly Poison+1","Backflip","Corpse Explosion","Tactician","Glass Knife","Catalyst","Leg Sweep","Outmaneuver","A Thousand Cuts","Unload","Choke","All Out Attack","Poisoned Stab","Well Laid Plans","PiercingWail"],"relics":["Ring of the Snake","Golden Idol","Blood Vial","Eternal Feather","Boot","Pandora\u0027s Box"],"acts_visited":["Exordium","TheCity"],"potions_floor_usage":[],"damage_taken":[{"damage":2.0,"enemies":"Cultist","floor":1.0,"turns":4.0},{"damage":4.0,"enemies":"Jaw Worm","floor":2.0,"turns":4.0},{"damage":52.0,"enemies":"3 Sentries","floor":6.0,"turns":15.0},{"damage":0.0,"enemies":"Small Slimes","floor":8.0,"turns":4.0},{"damage":7.0,"enemies":"Blue Slaver","floor":10.0,"turns":4.0},{"damage":0.0,"enemies":"2 Fungi Beasts","floor":11.0,"turns":2.0},{"damage":26.0,"enemies":"Hexaghost","floor":16.0,"turns":11.0},{"damage":0.0,"enemies":"Chosen","floor":18.0,"turns":6.0},{"damage":32,"enemies":"2 Thieves","floor":21,"turns":4},{"damage":27,"enemies":"Centurion and Healer","floor":22,"turns":4}],"seed_played":"7921373217328141721","potions_obtained":[{"floor":8.0,"key":"SteroidPotion"},{"floor":10.0,"key":"Regen Potion"},{"floor":16.0,"key":"Ancient Potion"}],"is_trial":false,"path_per_floor":["M","M","?","$","?","E","R","M","T","M","M","?","R","$","R","B",null,"M","?","?","M","M"],"character_chosen":"THE_SILENT","items_purchased":["Footwork","Boot"],"campfire_rested":1,"item_purchase_floors":[4,14],"current_hp_per_floor":[57,53,53,53,53,1,19,21,21,16,18,18,30,30,42,33,53,55,55,55,25,0,0],"gold":66,"neow_bonus":"THREE_CARDS","is_daily":false,"chose_seed":false,"campfire_upgraded":2,"win_rate":0.0,"timestamp":1612087716,"path_taken":["M","M","?","$","?","E","R","M","T","M","M","?","R","?","R","BOSS","M","?","?","M","M"],"items_purchased_type":["Card","Relic"],"build_version":"2020-12-22","purchased_purges":0,"victory":false,"max_hp_per_floor":[66,66,60,60,60,60,60,60,60,60,60,60,60,60,60,60,60,60,60,60,60,60,60],"card_choices":[{"not_picked":["Bane","Sucker Punch"],"picked":"Crippling Poison","floor":0.0},{"not_picked":["Sucker Punch","Acrobatics"],"picked":"Masterful Stab","floor":1.0},{"not_picked":["Sucker Punch","Dagger Spray"],"picked":"Eviscerate","floor":2.0},{"not_picked":["Acrobatics","Crippling Poison"],"picked":"Malaise","floor":6.0},{"not_picked":["Backflip","Poisoned Stab"],"picked":"Blade Dance","floor":8.0},{"not_picked":["Dagger Spray","Sucker Punch"],"picked":"Deadly Poison","floor":10.0},{"not_picked":["Envenom","Poisoned Stab"],"picked":"Backflip","floor":11.0},{"not_picked":["Burst","Doppelganger"],"picked":"Corpse Explosion","floor":16.0},{"not_picked":["Acrobatics","Deflect"],"picked":"Well Laid Plans","floor":18.0},{"not_picked":["Acrobatics","Setup"],"picked":"PiercingWail","floor":21}],"player_experience":341606,"relics_obtained":[{"floor":6.0,"key":"Blood Vial"},{"floor":9.0,"key":"Eternal Feather"}],"event_choices":[{"damage_healed":0.0,"max_hp_gain":0.0,"max_hp_loss":6.0,"gold_gain":0.0,"event_name":"Golden Idol","player_choice":"Lose Max HP","floor":3.0,"gold_loss":0.0,"damage_taken":0.0,"relics_obtained":["Golden Idol"]},{"damage_healed":0.0,"max_hp_gain":0.0,"max_hp_loss":0.0,"gold_gain":0.0,"event_name":"The Cleric","player_choice":"Leave","floor":5.0,"gold_loss":0.0,"damage_taken":0.0},{"damage_healed":0.0,"max_hp_gain":0.0,"max_hp_loss":0.0,"gold_gain":0.0,"event_name":"Scrap Ooze","player_choice":"Fled","floor":12.0,"gold_loss":0.0,"damage_taken":0.0},{"damage_healed":0,"gold_gain":0,"player_choice":"Paid Fearfully","damage_taken":0,"max_hp_gain":0,"max_hp_loss":0,"event_name":"Masked Bandits","floor":19,"gold_loss":138},{"damage_healed":0,"gold_gain":50,"player_choice":"Stole From Cult","damage_taken":0,"max_hp_gain":0,"max_hp_loss":0,"event_name":"Nest","floor":20,"gold_loss":0}],"is_beta":false,"boss_relics":[{"not_picked":["Tiny House","Velvet Choker"],"picked":"Pandora\u0027s Box"}],"items_purged_floors":[],"is_endless":false,"potions_floor_spawned":[8,10,16],"killed_by":"Centurion and Healer","ascension_level":16}}