{"host":"5jdby9iqu3ct6557","time":1612117559,"event":{"mods":["BaseMod","DeckTracker","Highlight Path","Minty Spire (QoL Compilation)","Relic Stats","StSLib"],"gold_per_floor":[111,128,148,148,158,158,158,191,191,224,224,235,235,261,261,261,261],"floor_reached":16,"language":"ENG","playtime":1609,"items_purged":[],"score":240,"play_id":"99bde852-a595-44c4-9258-a3e1c2ecbda5","local_time":"20210131132559","is_ascension_mode":true,"campfire_choices":[{"data":"Skewer","floor":6.0,"key":"SMITH"},{"floor":11.0,"key":"REST"},{"floor":15.0,"key":"REST"}],"circlet_count":0,"master_deck":["AscendersBane","Strike_G","Strike_G","Strike_G","Strike_G","Defend_G","Defend_G","Defend_G","Defend_G","Defend_G","Survivor","Neutralize","Skewer+1","Slice","PiercingWail","Deadly Poison","Blade Dance","Dash","Burst","Deadly Poison"],"relics":["Ring of the Snake","Darkstone Periapt","Gremlin Horn","Ginger"],"acts_visited":["Exordium"],"potions_floor_usage":[],"damage_taken":[{"damage":3.0,"enemies":"Cultist","floor":1.0,"turns":4.0},{"damage":2.0,"enemies":"Jaw Worm","floor":2.0,"turns":4.0},{"damage":4.0,"enemies":"Small Slimes","floor":3.0,"turns":4.0},{"damage":8.0,"enemies":"Red Slaver","floor":5.0,"turns":5.0},{"damage":24.0,"enemies":"Gremlin Nob","floor":8.0,"turns":4.0},{"damage":28.0,"enemies":"Lagavulin","floor":10.0,"turns":8.0},{"damage":1.0,"enemies":"Looter","floor":12.0,"turns":3.0},{"damage":10.0,"enemies":"3 Sentries","floor":14.0,"turns":8.0},{"damage":0,"enemies":"Hexaghost","floor":16,"turns":1}],"seed_played":"-2611305420130309362","potions_obtained":[{"floor":2.0,"key":"FearPotion"}],"is_trial":false,"path_per_floor":["M","M","M","?","M","R","?","E","T","E","R","M","?","E","R","B"],"character_chosen":"THE_SILENT","items_purchased":[],"campfire_rested":2,"item_purchase_floors":[],"current_hp_per_floor":[62,60,56,56,48,48,72,48,48,20,41,40,40,30,51,51,51],"gold":261,"neow_bonus":"TEN_PERCENT_HP_BONUS","is_daily":false,"chose_seed":false,"campfire_upgraded":1,"win_rate":0.0,"timestamp":1612117559,"path_taken":["M","?","M","?","M","R","?","E","T","E","R","M","?","E","R","BOSS"],"items_purchased_type":[],"build_version":"2020-12-22","purchased_purges":0,"victory":false,"max_hp_per_floor":[72,72,72,72,72,72,72,72,72,72,72,72,72,72,72,72,72],"relic_stats":{"Darkstone Periapt":0,"Gremlin Horn":[2,2],"counters":[9,41],"Ginger":[0],"obtain_stats":[{"Darkstone Periapt":8,"Gremlin Horn":10,"Ginger":14,"Ring of the Snake":0},{"Darkstone Periapt":5,"Gremlin Horn":6,"Ginger":8,"Ring of the Snake":0},{"Darkstone Periapt":21,"Gremlin Horn":29,"Ginger":40,"Ring of the Snake":0}],"Ring of the Snake":[16]},"card_choices":[{"not_picked":["Sucker Punch","Underhanded Strike"],"picked":"Skewer","floor":1.0},{"not_picked":["Dodge and Roll","Deflect"],"picked":"Slice","floor":2.0},{"not_picked":["Acrobatics","Accuracy"],"picked":"PiercingWail","floor":3.0},{"not_picked":["Acrobatics","Catalyst"],"picked":"Deadly Poison","floor":5.0},{"not_picked":["Acrobatics","Flying Knee"],"picked":"Blade Dance","floor":8.0},{"not_picked":["Bane","Cloak And Dagger"],"picked":"Dash","floor":10.0},{"not_picked":["All Out Attack","Leg Sweep"],"picked":"Burst","floor":12.0},{"not_picked":["Dash","Choke"],"picked":"Deadly Poison","floor":14.0}],"player_experience":2456262,"relics_obtained":[{"floor":8.0,"key":"Darkstone Periapt"},{"floor":10.0,"key":"Gremlin Horn"},{"floor":14.0,"key":"Ginger"}],"event_choices":[{"damage_healed":0.0,"max_hp_gain":0.0,"max_hp_loss":0.0,"gold_gain":0.0,"event_name":"Liars Game","player_choice":"Ignored","floor":4.0,"gold_loss":0.0,"damage_taken":0.0},{"damage_healed":24.0,"max_hp_gain":0.0,"max_hp_loss":0.0,"gold_gain":0.0,"event_name":"Big Fish","player_choice":"Banana","floor":7.0,"gold_loss":0.0,"damage_taken":0.0},{"cards_removed":["Strike_G"],"damage_healed":0.0,"max_hp_gain":0.0,"max_hp_loss":0.0,"gold_gain":0.0,"event_name":"Purifier","player_choice":"Purged","floor":13.0,"gold_loss":0.0,"damage_taken":0.0}],"is_beta":false,"boss_relics":[],"items_purged_floors":[],"is_endless":false,"potions_floor_spawned":[2],"killed_by":"Hexaghost","ascension_level":20}}