{"host":"sad04l3m69qtnhom","time":1612102801,"event":{"mods":["AchievementEnabler","BaseMod","Colored Map","Colored Powertips","DeckTracker","Highlight Path","Minty Spire (QoL Compilation)","Permanent Neow","Quick Restart","SuperFastMode","everything is the same but u backflip on backflip"],"gold_per_floor":[111,286,303,97,111,111,186,217,217,58,58,76,104,118,118,214,214,234,251,71,88,49,49,64,64,87,100,100,132,163,198,198,297,297,315,335,102,102,102,137,137,157,157,187,187,33,58,69,69,69,69,69,10,37,37],"floor_reached":56,"language":"KOR","playtime":3470,"items_purged":["Doubt","Multi-Cast","Coolheaded"],"score":1716,"play_id":"88ac1c82-8062-4b67-a3b7-bdcd5f95f88b","local_time":"20210131232001","is_ascension_mode":true,"campfire_choices":[{"data":"Barrage","floor":6,"key":"SMITH"},{"floor":11,"key":"REST"},{"floor":15,"key":"REST"},{"floor":23,"key":"REST"},{"data":"Electrodynamics","floor":28,"key":"SMITH"},{"data":"Thunder Strike","floor":32,"key":"SMITH"},{"data":"Double Energy","floor":41,"key":"SMITH"},{"floor":45,"key":"RECALL"},{"data":"Fission","floor":49,"key":"SMITH"},{"data":"Echo Form","floor":52,"key":"SMITH"}],"circlet_count":0,"master_deck":["Zap","Dualcast","Skim","Steam","Echo Form+1","White Noise","Ball Lightning","Electrodynamics+1","Barrage","Heatsinks","Barrage+1","Conserve Battery","Storm+1","Genetic Algorithm","Reinforced Body","Genetic Algorithm","Reboot+1","Reinforced Body+1","Seek","Double Energy+1","Capacitor+1","Biased Cognition+1","Self Repair+1","Force Field","Defragment+1","Thunder Strike+1","Fission+1","Electrodynamics+1","Static Discharge+1","Enlightenment","Tempest+1","Auto Shields+1","BootSequence","Stack+1"],"relics":["Pandora\u0027s Box","Membership Card","Frozen Egg 2","DataDisk","Darkstone Periapt","Nuclear Battery","War Paint","WingedGreaves","Symbiotic Virus","Meat on the Bone","Philosopher\u0027s Stone","ClockworkSouvenir","Pantograph","Pen Nib","Cables","Omamori","Lizard Tail","Bottled Lightning","Vajra"],"acts_visited":["Exordium","TheCity","TheBeyond","TheEnding"],"potions_floor_usage":[8,16,30,31,40,50,50,50,54],"damage_taken":[{"damage":0,"enemies":"Cultist","floor":1,"turns":4},{"damage":6,"enemies":"2 Louse","floor":3,"turns":2},{"damage":6,"enemies":"Jaw Worm","floor":5,"turns":3},{"damage":32,"enemies":"Gremlin Nob","floor":8,"turns":4},{"damage":11,"enemies":"Gremlin Gang","floor":12,"turns":2},{"damage":30,"enemies":"Lagavulin","floor":13,"turns":4},{"damage":0,"enemies":"Exordium Wildlife","floor":14,"turns":4},{"damage":0,"enemies":"Slime Boss","floor":16,"turns":4},{"damage":22,"enemies":"2 Thieves","floor":18,"turns":2},{"damage":0,"enemies":"3 Byrds","floor":19,"turns":2},{"damage":22,"enemies":"Snake Plant","floor":21,"turns":4},{"damage":0,"enemies":"3 Cultists","floor":24,"turns":3},{"damage":0,"enemies":"Cultist and Chosen","floor":27,"turns":4},{"damage":4,"enemies":"Slavers","floor":29,"turns":2},{"damage":3,"enemies":"Gremlin Leader","floor":30,"turns":3},{"damage":0,"enemies":"Slavers","floor":31,"turns":1},{"damage":0,"enemies":"Champ","floor":33,"turns":5},{"damage":0,"enemies":"3 Darklings","floor":35,"turns":2},{"damage":0,"enemies":"Orb Walker","floor":36,"turns":3},{"damage":12,"enemies":"Giant Head","floor":40,"turns":5},{"damage":0,"enemies":"Transient","floor":42,"turns":5},{"damage":0,"enemies":"Reptomancer","floor":44,"turns":3},{"damage":0,"enemies":"Nemesis","floor":47,"turns":3},{"damage":0,"enemies":"Sphere and 2 Shapes","floor":48,"turns":2},{"damage":57,"enemies":"Awakened One","floor":50,"turns":7},{"damage":26,"enemies":"Shield and Spear","floor":54,"turns":3},{"damage":92,"enemies":"The Heart","floor":55,"turns":6}],"seed_played":"-4517830102257579762","potions_obtained":[{"floor":5,"key":"BlessingOfTheForge"},{"floor":14,"key":"FearPotion"},{"floor":19,"key":"LiquidBronze"},{"floor":30,"key":"AttackPotion"},{"floor":33,"key":"Energy Potion"},{"floor":36,"key":"Dexterity Potion"},{"floor":39,"key":"DistilledChaos"},{"floor":42,"key":"PowerPotion"}],"is_trial":false,"path_per_floor":["M","?","M","$","M","R","?","E","T","$","R","M","E","M","R","B",null,"M","M","$","M","$","R","M","?","T","M","R","E","E","E","R","B",null,"M","M","$","?","?","E","R","M","T","E","R","$","E","M","R","B",null,"R","$","E","B",null],"character_chosen":"DEFECT","items_purchased":["Membership Card","Barrage","Storm+1","Genetic Algorithm","Reinforced Body","Capacitor+1","War Paint","Self Repair+1","Static Discharge+1","ClockworkSouvenir","Pantograph","Lizard Tail","BootSequence","PowerPotion"],"campfire_rested":3,"item_purchase_floors":[4,4,10,10,10,20,20,22,37,37,37,46,53,53],"current_hp_per_floor":[75,75,69,69,63,63,52,20,20,20,42,31,1,1,23,23,62,40,40,40,18,18,40,40,40,40,50,50,46,43,43,43,53,70,75,75,75,75,75,73,73,75,75,75,75,75,75,75,75,40,66,66,66,40,35],"gold":37,"neow_bonus":"BOSS_RELIC","is_daily":false,"chose_seed":false,"campfire_upgraded":6,"win_rate":0.0,"timestamp":1612102801,"path_taken":["M","?","M","$","M","R","?","E","T","$","R","?","E","M","R","BOSS","M","?","$","M","$","R","M","?","T","M","R","E","E","E","R","BOSS","M","M","$","?","?","E","R","M","T","E","R","$","E","?","R","BOSS","R","$","E","BOSS"],"items_purchased_type":["Relic","Card","Card","Card","Card","Card","Relic","Card","Card","Relic","Relic","Relic","Card","Potion"],"build_version":"2020-12-22","purchased_purges":3,"victory":true,"max_hp_per_floor":[75,75,75,75,75,75,75,75,75,75,75,75,75,75,75,75,75,75,75,75,75,75,75,75,75,75,75,75,75,75,75,75,75,75,75,75,75,75,75,75,75,75,75,75,75,75,75,75,75,75,75,75,75,75,75],"card_choices":[{"not_picked":["Coolheaded","Fusion"],"picked":"Barrage","floor":1},{"not_picked":["Hologram","Loop"],"picked":"Heatsinks","floor":3},{"not_picked":["Streamline","Gash","Cold Snap"],"picked":"SKIP","floor":5},{"not_picked":["Turbo","Loop+1"],"picked":"Conserve Battery","floor":8},{"not_picked":["Barrage","Aggregate"],"picked":"Genetic Algorithm","floor":12},{"not_picked":["Streamline","Steam"],"picked":"Reboot","floor":13},{"not_picked":["Go for the Eyes","Coolheaded"],"picked":"Reinforced Body","floor":14},{"not_picked":["Electrodynamics+1","Core Surge"],"picked":"Seek","floor":16},{"not_picked":["Sweeping Beam","Rebound","Cold Snap+1"],"picked":"SKIP","floor":18},{"not_picked":["Ball Lightning+1","Beam Cell+1"],"picked":"Double Energy","floor":19},{"not_picked":["Genetic Algorithm","Capacitor+1"],"picked":"Biased Cognition+1","floor":21},{"not_picked":["Go for the Eyes+1","Redo"],"picked":"Force Field","floor":24},{"not_picked":["Barrage","Ball Lightning","Capacitor+1"],"picked":"SKIP","floor":27},{"not_picked":["Scrape","Compile Driver"],"picked":"Thunder Strike","floor":29},{"not_picked":["Chill","Skim","Steam"],"picked":"SKIP","floor":30},{"not_picked":["Redo","Steam+1"],"picked":"Fission","floor":31},{"not_picked":["Core Surge","Multi-Cast"],"picked":"Electrodynamics+1","floor":33},{"not_picked":["Cold Snap+1","Sweeping Beam+1","Barrage+1"],"picked":"SKIP","floor":35},{"not_picked":["Gash","Cold Snap+1","Hologram"],"picked":"SKIP","floor":36},{"not_picked":["Deep Breath","Finesse"],"picked":"Enlightenment","floor":38},{"not_picked":["Self Repair+1","Conserve Battery","Double Energy"],"picked":"SKIP","floor":40},{"not_picked":["Reprogram","Skim+1"],"picked":"Tempest+1","floor":42},{"not_picked":["Cold Snap","Streamline+1"],"picked":"Auto Shields+1","floor":44},{"not_picked":["Recycle+1","Leap+1","Core Surge"],"picked":"SKIP","floor":47},{"not_picked":["Beam Cell","Blizzard","Streamline+1"],"picked":"SKIP","floor":48},{"not_picked":["Redo+1","Fusion"],"picked":"Stack+1","floor":54}],"player_experience":434849,"relics_obtained":[{"floor":8,"key":"Frozen Egg 2"},{"floor":9,"key":"DataDisk"},{"floor":13,"key":"Darkstone Periapt"},{"floor":29,"key":"WingedGreaves"},{"floor":30,"key":"Symbiotic Virus"},{"floor":31,"key":"Meat on the Bone"},{"floor":40,"key":"Pen Nib"},{"floor":43,"key":"Cables"},{"floor":44,"key":"Omamori"},{"floor":47,"key":"Bottled Lightning"},{"floor":54,"key":"Vajra"}],"event_choices":[{"damage_healed":0,"gold_gain":175,"player_choice":"AGREE","damage_taken":0,"max_hp_gain":0,"max_hp_loss":0,"event_name":"Liars Game","floor":2,"gold_loss":0,"cards_obtained":["Doubt"]},{"damage_healed":0,"gold_gain":75,"player_choice":"Gather Gold","damage_taken":11,"max_hp_gain":0,"max_hp_loss":0,"event_name":"World of Goop","floor":7,"gold_loss":0},{"damage_healed":0,"gold_gain":0,"player_choice":"Read","damage_taken":0,"max_hp_gain":0,"max_hp_loss":0,"event_name":"The Library","floor":25,"gold_loss":0,"cards_obtained":["Defragment"]},{"damage_healed":0,"gold_gain":0,"player_choice":"Memory 1","damage_taken":0,"max_hp_gain":0,"max_hp_loss":0,"event_name":"SensoryStone","floor":38,"gold_loss":0},{"damage_healed":0,"gold_gain":0,"player_choice":"Got Potions","damage_taken":0,"max_hp_gain":0,"max_hp_loss":0,"event_name":"Lab","floor":39,"gold_loss":0}],"is_beta":false,"boss_relics":[{"not_picked":["Fusion Hammer","SacredBark"],"picked":"Nuclear Battery"},{"not_picked":["Runic Pyramid","Calling Bell"],"picked":"Philosopher\u0027s Stone"}],"items_purged_floors":[4,10,20],"is_endless":false,"potions_floor_spawned":[5,14,19,30,33,36,42,44],"ascension_level":5}}