{"host":"hbel9g7s7ibv8po6","time":1612102077,"event":{"mods":["Act Like it!","BaseMod","Duelist Mod","Minty Spire (QoL Compilation)","StSLib"],"gold_per_floor":[142,142,161,161,174,209,227,256,256,531,541,577,596,627,627,737,737,764,537,558,567,567,567],"floor_reached":22,"language":"ENG","playtime":1747,"items_purged":["Regret"],"score":451,"play_id":"1dfca941-9c80-4e7e-a555-d03eeeb8da61","local_time":"20210131220757","is_ascension_mode":true,"campfire_choices":[{"data":"theDuelist:BlueEyesUltimate","floor":15.0,"key":"SMITH"}],"circlet_count":0,"master_deck":["AscendersBane","theDuelist:BabyDragon","theDuelist:CastleWalls","theDuelist:CastleWalls","theDuelist:CaveDragon","theDuelist:CaveDragon","theDuelist:LesserDragon","theDuelist:LesserDragon","theDuelist:Sparks","theDuelist:Sparks","theDuelist:YamataDragon","theDuelist:HorusServant","theDuelist:BlueEyesUltimate+1","theDuelist:SpiralSpearStrike+1","theDuelist:DragonCaptureJar","theDuelist:TrihornedDragon","theDuelist:DragonPiper","theDuelist:HorusServant","theDuelist:Mountain","theDuelist:StardustDragon","theDuelist:TotemDragon","theDuelist:WingedDragonRa","theDuelist:OceanDragonLord","theDuelist:DragonPiper"],"relics":["theDuelist:MillenniumPuzzle","theDuelist:CardPoolRelic","theDuelist:CardPoolBasicRelic","theDuelist:BoosterPackPoolRelic","theDuelist:CardPoolAddRelic","theDuelist:CardPoolMinusRelic","theDuelist:CardPoolSaveRelic","theDuelist:CardPoolOptionsRelic","NeowsBlessing","theDuelist:DuelistUrn","theDuelist:BoosterExtraAllRaresRelic","theDuelist:GiftAnubis","theDuelist:MillenniumArmor","Shuriken","CeramicFish","Girya","Philosopher\u0027s Stone"],"acts_visited":["Exordium","TheCity"],"potions_floor_usage":[],"damage_taken":[{"damage":0.0,"enemies":"Jaw Worm","floor":1.0,"turns":1.0},{"damage":0.0,"enemies":"2 Louse","floor":3.0,"turns":2.0},{"damage":0.0,"enemies":"Small Slimes","floor":5.0,"turns":1.0},{"damage":18.0,"enemies":"3 Sentries","floor":6.0,"turns":7.0},{"damage":5.0,"enemies":"Red Slaver","floor":7.0,"turns":4.0},{"damage":1.0,"enemies":"Gremlin Nob","floor":8.0,"turns":3.0},{"damage":0.0,"enemies":"Exordium Thugs","floor":11.0,"turns":4.0},{"damage":0.0,"enemies":"Lagavulin","floor":12.0,"turns":3.0},{"damage":0.0,"enemies":"Looter","floor":13.0,"turns":2.0},{"damage":35.0,"enemies":"Gremlin Nob","floor":14.0,"turns":5.0},{"damage":4.0,"enemies":"Slime Boss","floor":16.0,"turns":8.0},{"damage":0.0,"enemies":"Chosen","floor":18.0,"turns":2.0},{"damage":0.0,"enemies":"3 Byrds","floor":20.0,"turns":6.0},{"damage":2,"enemies":"Shelled Parasite and Fungi","floor":22,"turns":2}],"seed_played":"2800222941577185000","potions_obtained":[{"floor":6.0,"key":"EssenceOfSteel"},{"floor":7.0,"key":"Explosive Potion"},{"floor":12.0,"key":"theDuelist:VampireVial"},{"floor":16.0,"key":"EntropicBrew"},{"floor":18.0,"key":"theDuelist:DebuffFuryPotion"}],"is_trial":false,"path_per_floor":["M","?","M","?","M","E","M","E","T","?","M","E","M","E","R","B",null,"M","$","M","?","M"],"character_chosen":"THE_DUELIST","items_purchased":["theDuelist:WingedDragonRa"],"campfire_rested":0,"item_purchase_floors":[19],"current_hp_per_floor":[72,66,66,54,54,40,37,38,38,38,42,44,44,15,15,17,64,64,64,66,66,64,64],"gold":567,"neow_bonus":"THREE_ENEMY_KILL","is_daily":false,"chose_seed":false,"campfire_upgraded":1,"win_rate":0.0,"timestamp":1612102077,"path_taken":["M","?","M","?","M","E","M","E","T","?","?","E","M","E","R","BOSS","M","$","M","?","M"],"items_purchased_type":["Card"],"build_version":"2020-12-22","purchased_purges":1,"victory":false,"max_hp_per_floor":[80,80,80,80,80,80,80,80,80,80,80,80,80,80,80,80,80,80,80,80,80,80,80],"card_choices":[{"not_picked":["theDuelist:MaskedDragon","theDuelist:MadSwordBeast","theDuelist:SilverDragon","theDuelist:BabyDragon"],"picked":"theDuelist:HorusServant","floor":1.0},{"not_picked":["theDuelist:TailSwipe","theDuelist:BeserkDragon"],"picked":"theDuelist:BlueEyesUltimate","floor":3.0},{"not_picked":["theDuelist:TyrantWing","theDuelist:SafeZone","theDuelist:DragonCaptureJar","theDuelist:DefenseDraw"],"picked":"theDuelist:SpiralSpearStrike+1","floor":5.0},{"not_picked":["theDuelist:YamataDragon","theDuelist:TwinHeadedFire","theDuelist:Kabazauls","theDuelist:BusterBlader","theDuelist:SpiralSpearStrike"],"picked":"SKIP","floor":6.0},{"not_picked":["theDuelist:TyrantWing","theDuelist:SafeZone","theDuelist:MiraculousDescent","theDuelist:DefenseDraw"],"picked":"theDuelist:DragonCaptureJar","floor":7.0},{"not_picked":["theDuelist:GiantRex","theDuelist:BlackTyranno","theDuelist:MadSwordBeast","theDuelist:MadFlameKaiju"],"picked":"theDuelist:TrihornedDragon","floor":8.0},{"not_picked":["theDuelist:BlueEyesUltimate","theDuelist:Duoterion","theDuelist:GiantRex","theDuelist:CyberTwinDragon"],"picked":"theDuelist:DragonPiper","floor":11.0},{"not_picked":["theDuelist:AxeDespair","theDuelist:RedEyes","theDuelist:MythicWaterDragon","theDuelist:BabyDragon"],"picked":"theDuelist:HorusServant","floor":12.0},{"not_picked":["theDuelist:Earthquake","theDuelist:EvolutionBurst","theDuelist:SilverWing","theDuelist:EyeTimaeus"],"picked":"theDuelist:Mountain","floor":13.0},{"not_picked":["theDuelist:DarkHorus","theDuelist:SauropodBrachion","theDuelist:TrihornedDragon","theDuelist:RedEyes","theDuelist:BlackBrachios"],"picked":"SKIP","floor":14.0},{"not_picked":["theDuelist:CyberDragonInfinity","theDuelist:OceanDragonLord","theDuelist:Scapegoat","theDuelist:SeismicShockwave"],"picked":"theDuelist:StardustDragon","floor":16.0},{"not_picked":["theDuelist:DragonTreasure+1","theDuelist:SilverWing","theDuelist:Vandalgyon+1"],"picked":"theDuelist:TotemDragon","floor":18.0},{"not_picked":["theDuelist:GravityLash+1","theDuelist:BSkullDragon+1","theDuelist:TailSwipe","theDuelist:VoidOgreDragon"],"picked":"theDuelist:OceanDragonLord","floor":20.0}],"player_experience":176396,"relics_obtained":[{"floor":6.0,"key":"theDuelist:GiftAnubis"},{"floor":8.0,"key":"theDuelist:MillenniumArmor"},{"floor":9.0,"key":"Shuriken"},{"floor":12.0,"key":"CeramicFish"},{"floor":14.0,"key":"Girya"}],"event_choices":[{"damage_healed":0.0,"max_hp_gain":0.0,"max_hp_loss":0.0,"gold_gain":0.0,"event_name":"Aknamkanon\u0027s Tomb","player_choice":"Dig - random Duelist relic","duelist":true,"floor":2.0,"gold_loss":0.0,"damage_taken":0.0},{"damage_healed":0.0,"max_hp_gain":0.0,"max_hp_loss":0.0,"gold_gain":0.0,"event_name":"Scrap Ooze","player_choice":"Success","floor":4.0,"gold_loss":0.0,"damage_taken":12.0,"relics_obtained":["theDuelist:BoosterExtraAllRaresRelic"]},{"damage_healed":0.0,"max_hp_gain":0.0,"max_hp_loss":0.0,"gold_gain":275.0,"event_name":"Golden Shrine","player_choice":"Desecrate","floor":10.0,"gold_loss":0.0,"damage_taken":0.0,"cards_obtained":["Regret"]},{"damage_healed":0.0,"max_hp_gain":0.0,"max_hp_loss":0.0,"gold_gain":0.0,"event_name":"Duplicator","player_choice":"Copied","floor":21.0,"gold_loss":0.0,"damage_taken":0.0,"cards_obtained":["theDuelist:DragonPiper"]}],"is_beta":false,"boss_relics":[{"not_picked":["Sozu","Calling Bell"],"picked":"Philosopher\u0027s Stone"}],"items_purged_floors":[19],"is_endless":false,"potions_floor_spawned":[6,7,12,13,14,16,18],"killed_by":"Shelled Parasite and Fungi","ascension_level":11}}