{"host":"djfsqftupta9xgss","time":1612083722,"event":{"mods":["ATMod(°¢èªMod)","Act Like it!","BaseMod","Downfall","Gensokyo","Minty Spire (QoL Compilation)","MostiFishMod","Replay The Spire","Spicy Shops","StSLib","TestMod"],"gold_per_floor":[99,115,115,131,147,164,164,164,191,191,226,36,36,436,455,557,557,557,572,572,590,609,640,693,793,793,793],"floor_reached":25,"language":"ZHS","playtime":1327,"items_purged":["hexamod:Strike","hexamod:Defend"],"score":306,"play_id":"3d2843ae-064b-48f5-8214-29382947e2ab","local_time":"20210131170202","is_ascension_mode":false,"campfire_choices":[{"data":"MostiFishMod:SephirahHod","floor":1.0,"key":"SMITH"},{"floor":8.0,"key":"RECALL"},{"data":"AT_FamilyPortrait","floor":13.0,"key":"SMITH"},{"floor":18.0,"key":"DIG"}],"circlet_count":0,"master_deck":["hexamod:Strike","hexamod:Defend","hexamod:Defend","hexamod:Float","MostiFishMod:SephirahHod+1","AT_FamilyPortrait+1","hexamod:Haunt","hexamod:Haunt","hexamod:ParanormalForm+1","hexamod:UnlimitedPower","AbeCurse","hexamod:GhostOfSpireFuture+1","hexamod:Rewind+1","hexamod:GhostOfSpireFuture"],"relics":["hexamod:SpiritBrand","DaveBox","testmod-TestBox","MostiFishMod:Hod","testmod-Temperance","testmod-ArcanaOfDestiny","Vajra","Abe\u0027s Treasure","Replay:Ringing Soul","Centennial Puzzle","Regal Pillow","MutagenicStrength"],"acts_visited":["Exordium","TheCity"],"potions_floor_usage":[],"damage_taken":[{"damage":0.0,"enemies":"Small Slimes","floor":2.0,"turns":2.0},{"damage":0.0,"enemies":"Cultist","floor":4.0,"turns":2.0},{"damage":0.0,"enemies":"Jaw Worm","floor":5.0,"turns":2.0},{"damage":1.0,"enemies":"3 Louse","floor":6.0,"turns":2.0},{"damage":3.0,"enemies":"Lagavulin","floor":9.0,"turns":4.0},{"damage":0.0,"enemies":"Gremlin Nob","floor":11.0,"turns":2.0},{"damage":1.0,"enemies":"downfall:FleeingMerchant","floor":12.0,"turns":4.0},{"damage":16.0,"enemies":"Exordium Thugs","floor":15.0,"turns":2.0},{"damage":8.0,"enemies":"DF_ARCHETYPE_STREAMLINE","floor":16.0,"turns":5.0},{"damage":0.0,"enemies":"3 Byrds","floor":19.0,"turns":2.0},{"damage":0.0,"enemies":"Spheric Guardian","floor":21.0,"turns":2.0},{"damage":0.0,"enemies":"Snake Plant","floor":22.0,"turns":2.0},{"damage":0.0,"enemies":"Replay:Snechameleon","floor":23.0,"turns":2.0},{"damage":16,"enemies":"downfall:Augmenter","floor":25,"turns":3}],"seed_played":"7626460619959531089","potions_obtained":[{"floor":2.0,"key":"SkillPotion"},{"floor":4.0,"key":"testmod-TestPotion"},{"floor":6.0,"key":"Languid Potion"}],"is_trial":false,"path_per_floor":["R","M","?","M","M","M","T","R","E","?","E","$","R","?","M","B",null,"R","M","?","M","M","E","T","?"],"character_chosen":"THE_SPIRIT","items_purchased":[],"campfire_rested":0,"item_purchase_floors":[],"current_hp_per_floor":[77,77,77,77,77,76,76,76,73,73,73,72,72,72,56,58,77,77,77,69,72,75,75,75,62,62,62],"gold":793,"neow_bonus":"TEN_PERCENT_HP_BONUS","is_daily":false,"chose_seed":false,"campfire_upgraded":2,"win_rate":0.0,"timestamp":1612083722,"path_taken":["R","M","?","M","M","?","T","R","E","?","E","$","R","?","M","BOSS","R","M","?","M","?","E","T","?"],"items_purchased_type":[],"build_version":"2020-12-22","purchased_purges":2,"victory":false,"max_hp_per_floor":[77,77,77,77,77,77,77,77,77,77,77,77,77,77,77,77,77,77,77,77,80,83,83,83,86,86,86],"card_choices":[{"not_picked":["hexamod:HeatCrush","hexamod:ShieldOfDarkness"],"picked":"hexamod:HeatShield","floor":2.0},{"not_picked":["hexamod:BurningTouch","hexamod:CatchUp","hexamod:HeatCrush"],"picked":"SKIP","floor":4.0},{"not_picked":["hexamod:InspiringFlames","hexamod:NightmareGuise"],"picked":"hexamod:Haunt","floor":5.0},{"not_picked":["hexamod:ChargedBarrage","hexamod:HeatMetal"],"picked":"hexamod:Haunt","floor":6.0},{"not_picked":["hexamod:BurningTouch","hexamod:Hexaguard"],"picked":"hexamod:ParanormalForm","floor":9.0},{"not_picked":["hexamod:InspiringFlames","hexamod:FastForward"],"picked":"hexamod:UnlimitedPower","floor":11.0},{"not_picked":["hexamod:FirstSeal","hexamod:HauntingEcho","hexamod:HeatShield"],"picked":"SKIP","floor":12.0},{"not_picked":["hexamod:AdvancingGuard","hexamod:BurningTouch","hexamod:HeatCrush"],"picked":"SKIP","floor":15.0},{"not_picked":["hexamod:HauntingEcho","hexamod:RadiantFlame","hexamod:Firestarter+1"],"picked":"SKIP","floor":19.0},{"not_picked":["hexamod:RainOfEmbers","hexamod:FirstSeal"],"picked":"hexamod:GhostOfSpireFuture+1","floor":21.0},{"not_picked":["hexamod:GhostLash","hexamod:HeatCrush"],"picked":"hexamod:Rewind+1","floor":22.0},{"not_picked":["hexamod:GhostLash","hexamod:Incineration","hexamod:ShieldOfDarkness+1"],"picked":"SKIP","floor":23}],"player_experience":422482,"relics_obtained":[{"floor":9.0,"key":"testmod-ArcanaOfDestiny"},{"floor":11.0,"key":"Vajra"},{"floor":18.0,"key":"Replay:Ringing Soul"},{"floor":23,"key":"Centennial Puzzle"},{"floor":24,"key":"Regal Pillow"},{"floor":25,"key":"MutagenicStrength"}],"event_choices":[{"damage_healed":0.0,"max_hp_gain":0.0,"max_hp_loss":0.0,"gold_gain":400.0,"event_name":"¶÷ÂåË¹µÄÅÌ×Ó","player_choice":"Sell","floor":14.0,"relics_lost":["AT_ATBox"],"gold_loss":0.0,"damage_taken":0.0}],"is_beta":false,"boss_relics":[{"not_picked":["Busted Crown","Pandora\u0027s Box"],"picked":"Abe\u0027s Treasure"}],"items_purged_floors":[12,12],"is_endless":false,"potions_floor_spawned":[2,4,6,9,16,23],"killed_by":"downfall:Augmenter","ascension_level":0}}