{"host":"kth2ngi076kd734g","time":1612089224,"event":{"mods":["BaseMod","Colored Map","Filter the Spire","Minty Spire (QoL Compilation)","Relic Stats"],"gold_per_floor":[116,135,85,101,276,304,315,315,315,341,341,354,366,391,391,495,495,512,122,122,137,151,151,171,171,171,199,199,212,37,69,69,173,173,188,188,204,216,216,231,257,257,257,289,301,319,319,345,345,345,345],"floor_reached":50,"language":"ENG","playtime":5554,"items_purged":["Doubt","Writhe"],"score":1005,"play_id":"156de3b4-ed35-45fb-aa34-8b2585ee04d6","local_time":"20210131113344","is_ascension_mode":true,"campfire_choices":[{"data":"Scrape","floor":8.0,"key":"SMITH"},{"data":"Zap","floor":11.0,"key":"SMITH"},{"floor":15.0,"key":"RECALL"},{"data":"Dualcast","floor":23.0,"key":"SMITH"},{"data":"Hologram","floor":25.0,"key":"SMITH"},{"data":"Chill","floor":28.0,"key":"SMITH"},{"data":"Scrape","floor":32.0,"key":"SMITH"},{"floor":42.0,"key":"REST"},{"data":"Loop","floor":49.0,"key":"SMITH"}],"circlet_count":0,"master_deck":["Zap+1","Dualcast+1","Reboot","Ball Lightning","FTL","Undo","Stack","Chill+1","Scrape+1","Gash","Hologram+1","Loop+1","Turbo","Leap","Core Surge","Reinforced Body","Creative AI","Hologram+1","Capacitor","Steam","Sweeping Beam+1","Turbo","Steam","Skim+1","Scrape+1","Multi-Cast","Rebound+1","Rainbow","Aggregate+1","Scrape+1","Enlightenment","Auto Shields+1","White Noise+1","Capacitor+1","Self Repair+1"],"relics":["Pandora\u0027s Box","Bottled Flame","Sundial","HornCleat","Bottled Tornado","Runic Pyramid","Chemical X","DataDisk","Singing Bowl","Question Card","Black Star","Mango","Pear","Turnip","Gambling Chip","Juzu Bracelet","Unceasing Top","Du-Vu Doll"],"acts_visited":["Exordium","TheCity","TheBeyond"],"potions_floor_usage":[50,50],"damage_taken":[{"damage":0.0,"enemies":"Small Slimes","floor":1.0,"turns":2.0},{"damage":4.0,"enemies":"2 Louse","floor":2.0,"turns":2.0},{"damage":0.0,"enemies":"Jaw Worm","floor":4.0,"turns":2.0},{"damage":2.0,"enemies":"3 Sentries","floor":6.0,"turns":8.0},{"damage":5.0,"enemies":"Large Slime","floor":7.0,"turns":6.0},{"damage":3.0,"enemies":"Gremlin Nob","floor":10.0,"turns":4.0},{"damage":0.0,"enemies":"3 Louse","floor":12.0,"turns":2.0},{"damage":0.0,"enemies":"Looter","floor":13.0,"turns":1.0},{"damage":0.0,"enemies":"Lagavulin","floor":14.0,"turns":3.0},{"damage":0.0,"enemies":"Hexaghost","floor":16.0,"turns":7.0},{"damage":1.0,"enemies":"Spheric Guardian","floor":18.0,"turns":4.0},{"damage":0.0,"enemies":"Chosen","floor":21.0,"turns":5.0},{"damage":0.0,"enemies":"Snake Plant","floor":22.0,"turns":5.0},{"damage":5.0,"enemies":"Shelled Parasite and Fungi","floor":24.0,"turns":6.0},{"damage":0.0,"enemies":"Gremlin Leader","floor":27.0,"turns":9.0},{"damage":0.0,"enemies":"Centurion and Healer","floor":29.0,"turns":7.0},{"damage":9.0,"enemies":"Book of Stabbing","floor":31.0,"turns":5.0},{"damage":9.0,"enemies":"Collector","floor":33.0,"turns":7.0},{"damage":5.0,"enemies":"Orb Walker","floor":35.0,"turns":4.0},{"damage":0.0,"enemies":"3 Darklings","floor":37.0,"turns":4.0},{"damage":0.0,"enemies":"Maw","floor":38.0,"turns":9.0},{"damage":34.0,"enemies":"Spire Growth","floor":40.0,"turns":4.0},{"damage":0.0,"enemies":"Reptomancer","floor":41.0,"turns":5.0},{"damage":4.0,"enemies":"Nemesis","floor":44.0,"turns":7.0},{"damage":0.0,"enemies":"Sphere and 2 Shapes","floor":45.0,"turns":6.0},{"damage":7.0,"enemies":"Transient","floor":46.0,"turns":5.0},{"damage":0.0,"enemies":"Reptomancer","floor":48.0,"turns":7.0},{"damage":96,"enemies":"Awakened One","floor":50,"turns":10}],"seed_played":"4538399144135058140","potions_obtained":[{"floor":6.0,"key":"Strength Potion"},{"floor":10.0,"key":"Fire Potion"},{"floor":12.0,"key":"DistilledChaos"},{"floor":16.0,"key":"CultistPotion"},{"floor":27.0,"key":"PotionOfCapacity"},{"floor":33.0,"key":"ColorlessPotion"},{"floor":38.0,"key":"EntropicBrew"},{"floor":44.0,"key":"DistilledChaos"},{"floor":45.0,"key":"Energy Potion"},{"floor":48.0,"key":"Ancient Potion"}],"is_trial":false,"path_per_floor":["M","M","?","M","?","E","M","R","T","E","R","M","M","E","R","B",null,"M","$","?","M","M","R","M","R","T","E","R","M","$","E","R","B",null,"M","?","M","M","?","M","E","R","T","E","M","M","?","E","R","B"],"character_chosen":"DEFECT","items_purchased":["Chemical X","Capacitor","Steam","Beam Cell","Multi-Cast"],"campfire_rested":1,"item_purchase_floors":[19,19,19,19,30],"current_hp_per_floor":[75,71,71,71,71,69,64,64,64,61,61,61,61,61,61,61,72,71,71,71,71,71,71,66,66,66,66,66,66,66,57,57,48,68,63,63,63,65,59,25,49,79,79,75,77,72,72,72,72,0,0],"gold":345,"neow_bonus":"BOSS_RELIC","is_daily":false,"chose_seed":false,"campfire_upgraded":7,"win_rate":0.0,"timestamp":1612089224,"path_taken":["M","M","?","M","?","E","M","R","T","E","R","M","M","E","R","BOSS","M","$","?","M","M","R","M","R","T","E","R","M","$","E","R","BOSS","M","?","M","M","?","M","E","R","T","E","M","M","?","E","R","BOSS"],"items_purchased_type":["Relic","Card","Card","Card","Card"],"build_version":"2020-12-22","purchased_purges":2,"victory":false,"max_hp_per_floor":[75,75,75,75,75,75,75,75,75,75,75,75,75,75,75,75,75,75,75,75,75,75,75,75,75,75,75,75,75,75,75,75,75,75,75,71,71,73,77,77,101,101,101,101,103,105,105,105,105,105,105],"relic_stats":{"Singing Bowl":10,"counters":[28,146],"Sundial":[36],"Gambling Chip":[8],"Pandora\u0027s Box":["Reboot","Ball Lightning","FTL","Undo","Blizzard","Stack","Chill","Scrape"],"Turnip":[5],"Black Star":3,"Juzu Bracelet":0,"Chemical X":[18],"Question Card":13,"obtain_stats":[{"Pear":41,"Singing Bowl":27,"Mango":41,"Juzu Bracelet":44,"Bottled Tornado":14,"Question Card":31,"Du-Vu Doll":48,"Bottled Flame":6,"DataDisk":20,"HornCleat":10,"Sundial":9,"Gambling Chip":44,"Pandora\u0027s Box":0,"Turnip":43,"Black Star":34,"Chemical X":19,"Cracked Core":0,"Unceasing Top":48,"Runic Pyramid":17},{"Pear":23,"Singing Bowl":15,"Mango":23,"Juzu Bracelet":24,"Bottled Tornado":9,"Question Card":17,"Du-Vu Doll":27,"Bottled Flame":4,"DataDisk":11,"HornCleat":6,"Sundial":5,"Gambling Chip":24,"Pandora\u0027s Box":0,"Turnip":23,"Black Star":18,"Chemical X":11,"Cracked Core":0,"Unceasing Top":27,"Runic Pyramid":10},{"Pear":111,"Singing Bowl":66,"Mango":111,"Juzu Bracelet":118,"Bottled Tornado":30,"Question Card":78,"Du-Vu Doll":136,"Bottled Flame":14,"DataDisk":41,"HornCleat":24,"Sundial":20,"Gambling Chip":118,"Pandora\u0027s Box":0,"Turnip":111,"Black Star":85,"Chemical X":41,"Cracked Core":0,"Unceasing Top":136,"Runic Pyramid":37}],"Unceasing Top":[6]},"card_choices":[{"not_picked":["Cold Snap","Darkness"],"picked":"Gash","floor":1.0},{"not_picked":["Compile Driver","Gash"],"picked":"Hologram","floor":2.0},{"not_picked":["Sweeping Beam","Conserve Battery"],"picked":"Loop","floor":4.0},{"not_picked":["Multi-Cast","Cold Snap"],"picked":"Turbo","floor":6.0},{"not_picked":["Compile Driver","Redo"],"picked":"Leap","floor":7.0},{"not_picked":["Cold Snap","Lockon"],"picked":"Core Surge","floor":10.0},{"not_picked":["Steam Power","Leap","Cold Snap"],"picked":"SKIP","floor":12.0},{"not_picked":["Leap","Compile Driver","Barrage"],"picked":"SKIP","floor":13.0},{"not_picked":["Self Repair","Fission"],"picked":"Reinforced Body","floor":14.0},{"not_picked":["Multi-Cast","Thunder Strike"],"picked":"Creative AI","floor":16.0},{"not_picked":["Leap","Loop"],"picked":"Hologram+1","floor":18.0},{"not_picked":["Tempest","Melter"],"picked":"Sweeping Beam+1","floor":21.0},{"not_picked":["Ball Lightning","Leap"],"picked":"Turbo","floor":22.0},{"not_picked":["Stack","Go for the Eyes"],"picked":"Steam","floor":24.0},{"not_picked":["Barrage","Tempest"],"picked":"Skim+1","floor":27.0},{"not_picked":["Hello World","Redo"],"picked":"Scrape","floor":29.0},{"not_picked":["Buffer","Turbo"],"picked":"Rebound+1","floor":31.0},{"not_picked":["Meteor Strike","Reboot","Core Surge"],"picked":"Rainbow","floor":33.0},{"not_picked":["Go for the Eyes+1","Beam Cell+1","Defragment"],"picked":"Aggregate+1","floor":35.0},{"not_picked":["Rebound","Consume+1","Genetic Algorithm"],"picked":"Scrape+1","floor":37.0},{"not_picked":["Compile Driver","Steam Power","Scrape+1","Conserve Battery"],"picked":"Singing Bowl","floor":38.0},{"not_picked":["Forethought","Flash of Steel","Enlightenment","Magnetism"],"picked":"Singing Bowl","floor":39.0},{"not_picked":["Discovery","Impatience","Madness"],"picked":"Enlightenment","floor":39.0},{"not_picked":["Sadistic Nature","Bandage Up","Trip","Violence"],"picked":"Singing Bowl","floor":39.0},{"not_picked":["Compile Driver","Go for the Eyes+1","White Noise"],"picked":"Auto Shields+1","floor":40.0},{"not_picked":["Ball Lightning","Conserve Battery","Auto Shields+1"],"picked":"White Noise+1","floor":41.0},{"not_picked":["Auto Shields","Cold Snap+1","Steam"],"picked":"Capacitor+1","floor":44.0},{"not_picked":["Consume","Double Energy+1","Redo+1","FTL+1"],"picked":"Singing Bowl","floor":45.0},{"not_picked":["Gash","Melter+1","Streamline+1","Beam Cell+1"],"picked":"Singing Bowl","floor":46.0},{"not_picked":["Consume","Redo+1","Creative AI"],"picked":"Self Repair+1","floor":48.0}],"player_experience":682888,"relics_obtained":[{"floor":6.0,"key":"Bottled Flame"},{"floor":9.0,"key":"Sundial"},{"floor":10.0,"key":"HornCleat"},{"floor":14.0,"key":"Bottled Tornado"},{"floor":27.0,"key":"Singing Bowl"},{"floor":31.0,"key":"Question Card"},{"floor":41.0,"key":"Mango"},{"floor":41.0,"key":"Pear"},{"floor":43.0,"key":"Turnip"},{"floor":44.0,"key":"Gambling Chip"},{"floor":44.0,"key":"Juzu Bracelet"},{"floor":48.0,"key":"Unceasing Top"},{"floor":48.0,"key":"Du-Vu Doll"}],"event_choices":[{"cards_removed":["Blizzard"],"damage_healed":0.0,"max_hp_gain":0.0,"max_hp_loss":0.0,"gold_gain":0.0,"event_name":"The Cleric","player_choice":"Card Removal","floor":3.0,"gold_loss":50.0,"damage_taken":0.0},{"damage_healed":0.0,"max_hp_gain":0.0,"max_hp_loss":0.0,"gold_gain":175.0,"event_name":"Liars Game","player_choice":"AGREE","floor":5.0,"gold_loss":0.0,"damage_taken":0.0,"cards_obtained":["Doubt"]},{"damage_healed":0.0,"max_hp_gain":0.0,"max_hp_loss":0.0,"gold_gain":0.0,"event_name":"The Mausoleum","player_choice":"Opened","floor":20.0,"gold_loss":0.0,"damage_taken":0.0,"relics_obtained":["DataDisk"],"cards_obtained":["Writhe"]},{"damage_healed":0.0,"max_hp_gain":0.0,"max_hp_loss":4.0,"gold_gain":0.0,"event_name":"Winding Halls","player_choice":"Max HP","floor":36.0,"gold_loss":0.0,"damage_taken":0.0},{"damage_healed":0.0,"max_hp_gain":0.0,"max_hp_loss":0.0,"gold_gain":0.0,"event_name":"SensoryStone","player_choice":"Memory 3","floor":39.0,"gold_loss":0.0,"damage_taken":10.0},{"cards_removed":["Beam Cell"],"damage_healed":0.0,"max_hp_gain":0.0,"max_hp_loss":0.0,"gold_gain":0.0,"event_name":"Falling","player_choice":"Removed Attack","floor":47.0,"gold_loss":0.0,"damage_taken":0.0}],"is_beta":false,"boss_relics":[{"not_picked":["SlaversCollar","Empty Cage"],"picked":"Runic Pyramid"},{"not_picked":["Tiny House","SacredBark"],"picked":"Black Star"}],"items_purged_floors":[19,30],"is_endless":false,"potions_floor_spawned":[6,10,12,16,22,27,33,38,40,44,45,48],"killed_by":"Awakened One","ascension_level":5}}