{"host":"lnt5dzsuhru0aonl","time":1612063368,"event":{"mods":["2.2 Compatiblity","BaseMod","Colored Map","Colored Powertips","DeckTracker","Keyboard Shortcuts","Minty Spire (QoL Compilation)","Permanent Neow","Rare Cards Sparkle","StSLib","SuperFastMode","everything is the same but u backflip on backflip"],"gold_per_floor":[113,124,124,37,37,37,37,69,124,17,17,48,48,68,68,68,68],"floor_reached":16,"language":"KOR","playtime":273,"items_purged":[],"score":258,"play_id":"d9406568-77e7-4f49-84e0-1c367e54a8e9","local_time":"20210131122248","is_ascension_mode":true,"campfire_choices":[{"data":"Entrench","floor":6,"key":"SMITH"},{"data":"Pommel Strike","floor":11,"key":"SMITH"},{"data":"True Grit","floor":13,"key":"SMITH"},{"data":"Body Slam","floor":15,"key":"SMITH"}],"circlet_count":0,"master_deck":["AscendersBane","Strike_R","Strike_R","Strike_R","Strike_R","Strike_R","Defend_R","Defend_R+1","Defend_R","Defend_R","Bash","Body Slam+1","Evolve","Entrench+1","Shrug It Off","Pommel Strike+1","True Grit+1","Body Slam+1"],"relics":["Burning Blood","NeowsBlessing","Strawberry","Blue Candle","Bag of Marbles","Meat on the Bone","Odd Mushroom"],"acts_visited":["Exordium"],"potions_floor_usage":[12],"damage_taken":[{"damage":0,"enemies":"Cultist","floor":1,"turns":1},{"damage":0,"enemies":"2 Louse","floor":2,"turns":1},{"damage":0,"enemies":"Lagavulin","floor":8,"turns":1},{"damage":23,"enemies":"3 Sentries","floor":12,"turns":9},{"damage":27,"enemies":"The Mushroom Lair","floor":14,"turns":5},{"damage":29,"enemies":"The Guardian","floor":16,"turns":7}],"seed_played":"-1935760753722639792","potions_obtained":[{"floor":8,"key":"Dexterity Potion"}],"is_trial":false,"path_per_floor":["M","M","?","$","?","R","?","E","T","$","R","E","R","?","R","B"],"character_chosen":"IRONCLAD","items_purchased":["Entrench","Shrug It Off","Pommel Strike"],"campfire_rested":0,"item_purchase_floors":[4,10,10],"current_hp_per_floor":[74,75,52,52,52,52,48,54,54,54,54,37,37,28,28,0,0],"gold":68,"neow_bonus":"THREE_ENEMY_KILL","is_daily":false,"chose_seed":false,"campfire_upgraded":4,"win_rate":0.0,"timestamp":1612063368,"path_taken":["M","M","?","$","?","R","?","E","T","$","R","E","R","?","R","BOSS"],"items_purchased_type":["Card","Card","Card"],"build_version":"2020-12-22","purchased_purges":0,"victory":false,"max_hp_per_floor":[75,75,75,75,75,75,82,82,82,82,82,82,82,82,82,82,82],"card_choices":[{"not_picked":["Clash","Evolve"],"picked":"Body Slam","floor":1},{"not_picked":["Warcry","Armaments"],"picked":"Evolve","floor":2},{"not_picked":["Havoc","Thunderclap","Pummel"],"picked":"SKIP","floor":8},{"not_picked":["Wild Strike","Flame Barrier"],"picked":"True Grit","floor":12},{"not_picked":["Evolve","Iron Wave"],"picked":"Body Slam","floor":14}],"player_experience":785199,"relics_obtained":[{"floor":8,"key":"Blue Candle"},{"floor":9,"key":"Bag of Marbles"},{"floor":12,"key":"Meat on the Bone"},{"floor":14,"key":"Odd Mushroom"}],"event_choices":[{"damage_healed":0,"gold_gain":0,"player_choice":"Entered Light","damage_taken":23,"max_hp_gain":0,"max_hp_loss":0,"event_name":"Shining Light","floor":3,"gold_loss":0,"cards_upgraded":["Defend_R","Body Slam"]},{"damage_healed":0,"gold_gain":0,"player_choice":"Ignored","damage_taken":0,"max_hp_gain":0,"max_hp_loss":0,"event_name":"Liars Game","floor":5,"gold_loss":0},{"damage_healed":0,"gold_gain":0,"player_choice":"Success","damage_taken":11,"relics_obtained":["Strawberry"],"max_hp_gain":0,"max_hp_loss":0,"event_name":"Scrap Ooze","floor":7,"gold_loss":0},{"damage_healed":0,"gold_gain":0,"player_choice":"Fought Mushrooms","damage_taken":0,"max_hp_gain":0,"max_hp_loss":0,"event_name":"Mushrooms","floor":14,"gold_loss":0}],"is_beta":false,"boss_relics":[],"items_purged_floors":[],"is_endless":false,"potions_floor_spawned":[8],"killed_by":"The Guardian","ascension_level":20}}