{"host":"q6r63elxu27obe7v","time":1612078367,"event":{"mods":["2.2 Compatiblity","AchievementEnabler","BaseMod","CapriCore","DeckTracker","Keyboard Shortcuts","Minty Spire (QoL Compilation)","Permanent Neow","Quick Restart","StSLib","SuperFastMode","¡¼?Úª?ø«¡½REMEMod"],"gold_per_floor":[18,38,49,69,69,69,69,69],"floor_reached":7,"language":"KOR","playtime":347,"items_purged":[],"score":43,"play_id":"9b950dac-7b4d-442a-ba56-9e16681d8cb0","local_time":"20210131163247","is_ascension_mode":false,"campfire_choices":[{"floor":6,"key":"RECALL"}],"circlet_count":0,"master_deck":["Strike_P","Strike_P","Strike_P","Strike_P","Defend_P","Defend_P","Defend_P","Defend_P+1","Eruption+1","Vigilance","REME_Flogging","REME_GrazeFinale","Sanctity","Halt","Collect","Evaluate"],"relics":["PureWater","REME_ComplimentaryCards"],"acts_visited":["Exordium"],"potions_floor_usage":[],"damage_taken":[{"damage":0,"enemies":"Small Slimes","floor":1,"turns":2},{"damage":0,"enemies":"2 Louse","floor":2,"turns":2},{"damage":0,"enemies":"Jaw Worm","floor":3,"turns":3},{"damage":29,"enemies":"Exordium Thugs","floor":4,"turns":4},{"damage":91,"enemies":"Gremlin Nob","floor":7,"turns":3}],"seed_played":"1481172633542105116","potions_obtained":[{"floor":3,"key":"Dexterity Potion"}],"is_trial":false,"path_per_floor":["M","M","M","M","?","R","E"],"character_chosen":"WATCHER","items_purchased":[],"campfire_rested":0,"item_purchase_floors":[],"current_hp_per_floor":[72,72,72,60,46,46,0,0],"gold":69,"neow_bonus":"RANDOM_COLORLESS_2","is_daily":false,"chose_seed":false,"campfire_upgraded":0,"win_rate":0.0,"timestamp":1612078367,"path_taken":["M","M","M","M","?","R","E"],"items_purchased_type":[],"build_version":"2020-12-22","purchased_purges":0,"victory":false,"max_hp_per_floor":[72,72,72,72,72,72,72,72],"card_choices":[{"not_picked":["Magnetism","REME_AllRoundStrike"],"picked":"REME_Flogging","floor":0},{"not_picked":["SashWhip","FollowUp"],"picked":"Sanctity","floor":1},{"not_picked":["Indignation","EmptyFist"],"picked":"Halt","floor":2},{"not_picked":["CrushJoints","ForeignInfluence"],"picked":"Collect","floor":3},{"not_picked":["PathToVictory","BattleHymn"],"picked":"Evaluate","floor":4}],"player_experience":69113,"relics_obtained":[],"event_choices":[{"damage_healed":0,"gold_gain":0,"player_choice":"Entered Light","damage_taken":14,"max_hp_gain":0,"max_hp_loss":0,"event_name":"Shining Light","floor":5,"gold_loss":0,"cards_upgraded":["Defend_P","Eruption"]}],"is_beta":false,"boss_relics":[],"items_purged_floors":[],"is_endless":false,"potions_floor_spawned":[3],"killed_by":"Gremlin Nob","ascension_level":0}}