{"host":"szp1d6dso4pv7ddl","time":1612055258,"event":{"mods":["AchievementEnabler","Alarm Clock","BaseMod","Bestiary","Block Reminder","Colored Map","Colored Powertips","Curses Come First","Dark Map","Displayed Cursed Tome","Highlight Path","Minty Spire (QoL Compilation)","Permanent Neow","Quick Restart","Relic Sorter","Relic Stats","StSLib","Synergy Search"],"gold_per_floor":[10,20,39,51,126,126,126,126,175,207,217,217,243,263,263,341,341,353,373,392,170,170,170,187,41,41,66,81,107,124,223,223,296,296,311,311,234,248,259,294,294,321,321,354,374,374,374,374,374,374,374,374,43,72,72,72],"floor_reached":55,"language":"ENG","playtime":5058,"items_purged":["Defend_B","Creative AI","Force Field"],"score":1414,"play_id":"6a36cab5-87b6-4f07-a93b-7198e0c20f61","local_time":"20210130170738","is_ascension_mode":true,"campfire_choices":[{"data":"Defragment","floor":6.0,"key":"SMITH"},{"data":"Dualcast","floor":8.0,"key":"SMITH"},{"data":"Compile Driver","floor":12.0,"key":"SMITH"},{"floor":15.0,"key":"REST"},{"data":"Biased Cognition","floor":23.0,"key":"SMITH"},{"data":"Chaos","floor":32.0,"key":"SMITH"},{"floor":41.0,"key":"RECALL"},{"floor":49.0,"key":"REST"},{"data":"Fission","floor":52.0,"key":"SMITH"}],"circlet_count":0,"master_deck":["AscendersBane","Zap","Dualcast+1","Leap","Glacier","Compile Driver+1","Defragment+1","BootSequence","Biased Cognition+1","Fission+1","Chaos+1","Doom and Gloom","Chaos+1","Blizzard","Core Surge","Sweeping Beam","Core Surge","Reinforced Body","Seek","Steam Power","Dark Shackles","Barrage","Fusion","Barrage+1","Mayhem"],"relics":["FrozenCore","Letter Opener","CaptainsWheel","FaceOfCleric","Toy Ornithopter","PreservedInsect","Girya","Runic Capacitor","Membership Card","MealTicket","Akabeko","Pandora\u0027s Box","Anchor","Gremlin Horn","Bag of Preparation","Molten Egg 2","Medical Kit","Art of War","Pen Nib"],"acts_visited":["Exordium","TheCity","TheBeyond","TheEnding"],"potions_floor_usage":[55],"damage_taken":[{"damage":3.0,"enemies":"2 Louse","floor":1.0,"turns":3.0},{"damage":1.0,"enemies":"Cultist","floor":2.0,"turns":4.0},{"damage":1.0,"enemies":"Jaw Worm","floor":3.0,"turns":5.0},{"damage":8.0,"enemies":"3 Louse","floor":4.0,"turns":4.0},{"damage":17.0,"enemies":"3 Sentries","floor":10.0,"turns":8.0},{"damage":0.0,"enemies":"Looter","floor":11.0,"turns":4.0},{"damage":3.0,"enemies":"Lagavulin","floor":13.0,"turns":6.0},{"damage":8.0,"enemies":"Blue Slaver","floor":14.0,"turns":3.0},{"damage":43.0,"enemies":"Slime Boss","floor":16.0,"turns":14.0},{"damage":0.0,"enemies":"Shell Parasite","floor":18.0,"turns":11.0},{"damage":0.0,"enemies":"Chosen","floor":19.0,"turns":6.0},{"damage":0.0,"enemies":"Shelled Parasite and Fungi","floor":20.0,"turns":8.0},{"damage":2.0,"enemies":"Centurion and Healer","floor":24.0,"turns":7.0},{"damage":2.0,"enemies":"Book of Stabbing","floor":27.0,"turns":6.0},{"damage":0.0,"enemies":"Snake Plant","floor":28.0,"turns":6.0},{"damage":0.0,"enemies":"Slavers","floor":29.0,"turns":6.0},{"damage":0.0,"enemies":"Shelled Parasite and Fungi","floor":30.0,"turns":5.0},{"damage":18.0,"enemies":"Champ","floor":33.0,"turns":12.0},{"damage":0.0,"enemies":"3 Shapes","floor":35.0,"turns":6.0},{"damage":4.0,"enemies":"3 Darklings","floor":38.0,"turns":6.0},{"damage":0.0,"enemies":"Maw","floor":39.0,"turns":11.0},{"damage":0.0,"enemies":"Reptomancer","floor":40.0,"turns":7.0},{"damage":38.0,"enemies":"Giant Head","floor":42.0,"turns":10.0},{"damage":0.0,"enemies":"Reptomancer","floor":44.0,"turns":5.0},{"damage":0.0,"enemies":"Transient","floor":45.0,"turns":5.0},{"damage":46.0,"enemies":"Awakened One","floor":50.0,"turns":14.0},{"damage":52.0,"enemies":"Shield and Spear","floor":54.0,"turns":6.0},{"damage":42,"enemies":"The Heart","floor":55,"turns":6}],"seed_played":"-5522488862387254206","potions_obtained":[{"floor":2.0,"key":"Energy Potion"},{"floor":3.0,"key":"LiquidBronze"},{"floor":16.0,"key":"Dexterity Potion"},{"floor":20.0,"key":"ColorlessPotion"},{"floor":27.0,"key":"PotionOfCapacity"},{"floor":38.0,"key":"SmokeBomb"},{"floor":42.0,"key":"Energy Potion"}],"is_trial":false,"path_per_floor":["M","M","M","M","?","R","?","R","T","E","M","R","E","M","R","B",null,"M","M","M","$","?","R","M","$","T","E","M","E","M","?","R","B",null,"M","?","$","M","M","E","R","E","T","E","M","?","?","T","R","B",null,"R","$","E","B"],"character_chosen":"DEFECT","items_purchased":["Runic Capacitor","Membership Card","Barrage","Medical Kit","Mayhem","Strength Potion","Art of War"],"campfire_rested":2,"item_purchase_floors":[21,25,37,53,53,53,53],"current_hp_per_floor":[61,60,59,51,40,40,40,40,40,29,30,30,28,21,43,6,59,60,61,62,62,62,62,61,61,61,60,61,62,63,63,63,56,78,79,79,86,83,84,85,85,48,48,49,50,50,50,50,76,36,75,75,88,37,0,0],"gold":72,"neow_bonus":"ONE_RARE_RELIC","is_daily":false,"chose_seed":false,"campfire_upgraded":6,"win_rate":0.0,"timestamp":1612055258,"path_taken":["M","M","M","M","?","R","?","R","T","E","?","R","E","M","R","BOSS","M","M","M","$","?","R","M","$","T","E","M","E","M","?","R","BOSS","M","?","$","M","M","E","R","E","T","E","M","?","?","?","R","BOSS","R","$","E","BOSS"],"items_purchased_type":["Relic","Relic","Card","Relic","Card","Potion","Relic"],"build_version":"2020-12-22","purchased_purges":3,"victory":false,"max_hp_per_floor":[71,71,71,71,71,71,71,71,71,72,73,73,74,75,75,76,76,77,78,79,79,79,79,80,80,80,81,82,83,84,84,84,85,85,86,86,86,87,88,89,89,90,90,91,92,87,87,87,87,88,88,88,88,89,89,89],"relic_stats":{"Gremlin Horn":[9,9],"counters":[28,194],"PreservedInsect":440,"Pen Nib":[0],"Bag of Preparation":[10],"Letter Opener":[83],"Medical Kit":[4],"FrozenCore":[57],"FaceOfCleric":23,"MealTicket":20,"Pandora\u0027s Box":["Force Field","Sweeping Beam","Core Surge","Reinforced Body","Seek","Steam Power","Creative AI"],"Art of War":[2],"obtain_stats":[{"Girya":13,"Gremlin Horn":42,"PreservedInsect":10,"Pen Nib":54,"Runic Capacitor":21,"Bag of Preparation":43,"Letter Opener":48,"Medical Kit":53,"Akabeko":29,"FrozenCore":17,"CaptainsWheel":0,"Anchor":40,"FaceOfCleric":7,"MealTicket":27,"Pandora\u0027s Box":34,"Molten Egg 2":44,"Art of War":53,"Membership Card":25,"Cracked Core":0,"Toy Ornithopter":9},{"Girya":7,"Gremlin Horn":23,"PreservedInsect":5,"Pen Nib":27,"Runic Capacitor":12,"Bag of Preparation":23,"Letter Opener":25,"Medical Kit":26,"Akabeko":16,"FrozenCore":9,"CaptainsWheel":0,"Anchor":22,"FaceOfCleric":4,"MealTicket":14,"Pandora\u0027s Box":18,"Molten Egg 2":24,"Art of War":26,"Membership Card":13,"Cracked Core":0,"Toy Ornithopter":4},{"Girya":34,"Gremlin Horn":158,"PreservedInsect":24,"Pen Nib":188,"Runic Capacitor":76,"Bag of Preparation":158,"Letter Opener":168,"Medical Kit":182,"Akabeko":101,"FrozenCore":51,"CaptainsWheel":0,"Anchor":148,"FaceOfCleric":16,"MealTicket":89,"Pandora\u0027s Box":118,"Molten Egg 2":163,"Art of War":182,"Membership Card":83,"Cracked Core":0,"Toy Ornithopter":16}],"Toy Ornithopter":30},"card_choices":[{"not_picked":["Beam Cell","Aggregate"],"picked":"Leap","floor":1.0},{"not_picked":["Go for the Eyes","Sunder"],"picked":"Glacier","floor":2.0},{"not_picked":["Double Energy","Chill"],"picked":"Compile Driver","floor":3.0},{"not_picked":["Cold Snap","Redo"],"picked":"Defragment","floor":4.0},{"not_picked":["Self Repair","Sweeping Beam"],"picked":"BootSequence","floor":10.0},{"not_picked":["Streamline","Stack","Beam Cell"],"picked":"SKIP","floor":11.0},{"not_picked":["Turbo","Rebound"],"picked":"Biased Cognition","floor":13.0},{"not_picked":["Storm","Barrage","Streamline"],"picked":"SKIP","floor":14.0},{"not_picked":["Electrodynamics","Seek"],"picked":"Fission","floor":16.0},{"not_picked":["Coolheaded","BootSequence","Consume"],"picked":"SKIP","floor":18.0},{"not_picked":["Streamline","Redo+1"],"picked":"Chaos+1","floor":19.0},{"not_picked":["Hologram","Streamline","Auto Shields"],"picked":"SKIP","floor":20.0},{"not_picked":["Conserve Battery","Aggregate","Sweeping Beam"],"picked":"SKIP","floor":24.0},{"not_picked":["Coolheaded+1","Steam Power","Undo"],"picked":"SKIP","floor":27.0},{"not_picked":["Rebound","Scrape"],"picked":"Chaos","floor":28.0},{"not_picked":["Hologram","Gash+1"],"picked":"Blizzard","floor":29.0},{"not_picked":["Coolheaded","Auto Shields","Go for the Eyes"],"picked":"SKIP","floor":30.0},{"not_picked":["Seek","Hyperbeam"],"picked":"Core Surge","floor":33.0},{"not_picked":["White Noise","Cold Snap","Sweeping Beam"],"picked":"SKIP","floor":35.0},{"not_picked":["HandOfGreed","Magnetism"],"picked":"Dark Shackles","floor":36.0},{"not_picked":["Glacier","Hologram"],"picked":"Fusion","floor":38.0},{"not_picked":["Streamline","Beam Cell"],"picked":"Barrage+1","floor":39.0},{"not_picked":["Hello World","Steam","Turbo"],"picked":"SKIP","floor":40.0},{"not_picked":["Beam Cell","Barrage","Go for the Eyes"],"picked":"SKIP","floor":42.0},{"not_picked":["Barrage+1","Chaos","Go for the Eyes+1"],"picked":"SKIP","floor":44.0},{"not_picked":["Leap","Static Discharge+1","Conserve Battery"],"picked":"SKIP","floor":45.0},{"not_picked":["Conserve Battery","Darkness","Cold Snap+1"],"picked":"SKIP","floor":54.0}],"player_experience":1321869,"relics_obtained":[{"floor":9.0,"key":"Toy Ornithopter"},{"floor":10.0,"key":"PreservedInsect"},{"floor":13.0,"key":"Girya"},{"floor":27.0,"key":"MealTicket"},{"floor":29.0,"key":"Akabeko"},{"floor":40.0,"key":"Anchor"},{"floor":42.0,"key":"Gremlin Horn"},{"floor":43.0,"key":"Bag of Preparation"},{"floor":44.0,"key":"Molten Egg 2"},{"floor":48.0,"key":"Letter Opener"},{"floor":54.0,"key":"Pen Nib"}],"event_choices":[{"damage_healed":0.0,"max_hp_gain":0.0,"max_hp_loss":0.0,"gold_gain":75.0,"event_name":"World of Goop","player_choice":"Gather Gold","floor":5.0,"gold_loss":0.0,"damage_taken":11.0},{"damage_healed":0.0,"max_hp_gain":0.0,"max_hp_loss":0.0,"gold_gain":0.0,"event_name":"FaceTrader","player_choice":"Trade","floor":7.0,"gold_loss":0.0,"damage_taken":0.0,"relics_obtained":["FaceOfCleric"]},{"damage_healed":0.0,"max_hp_gain":0.0,"max_hp_loss":0.0,"gold_gain":0.0,"event_name":"The Library","player_choice":"Read","floor":22.0,"gold_loss":0.0,"damage_taken":0.0,"cards_obtained":["Doom and Gloom"]},{"damage_healed":0.0,"max_hp_gain":0.0,"max_hp_loss":0.0,"gold_gain":99.0,"event_name":"Nest","player_choice":"Stole From Cult","floor":31.0,"gold_loss":0.0,"damage_taken":0.0},{"damage_healed":0.0,"max_hp_gain":0.0,"max_hp_loss":0.0,"gold_gain":0.0,"event_name":"SensoryStone","player_choice":"Memory 1","floor":36.0,"gold_loss":0.0,"damage_taken":0.0},{"damage_healed":0.0,"max_hp_gain":0.0,"max_hp_loss":5.0,"gold_gain":0.0,"event_name":"Winding Halls","player_choice":"Max HP","floor":46.0,"gold_loss":0.0,"damage_taken":0.0},{"damage_healed":0.0,"max_hp_gain":0.0,"max_hp_loss":0.0,"gold_gain":0.0,"event_name":"Tomb of Lord Red Mask","player_choice":"Ignored","floor":47.0,"gold_loss":0.0,"damage_taken":0.0}],"is_beta":false,"boss_relics":[{"not_picked":["Snecko Eye","Philosopher\u0027s Stone"],"picked":"FrozenCore"},{"not_picked":["Velvet Choker","Calling Bell"],"picked":"Pandora\u0027s Box"}],"items_purged_floors":[21,37,53],"is_endless":false,"potions_floor_spawned":[2,3,4,16,20,27,28,38,42],"killed_by":"The Heart","ascension_level":14}}