{"host":"Arthrogeddon","time":1612128171,"event":{"mods":["BaseMod","Beaked The Cultist","ChefMod","Downfall","Glutton Mod","Hermit","Highlight Path","Infinite Spire","Mad Scientist","Minty Spire (QoL Compilation)","StSLib","The Construct","The Cursed","The Disciple","The Hierophant","The Marked","The Mystic","The Necromancer","The Runesmith","The Witch"],"gold_per_floor":[118,193,368,368,23,49,84,84,84,84,84,84,84,95,95,197,197,217,247,1,1,1,33,67,67,67,67,82,93,113,125,125,222,222,241,261,483,502,514,514,543,555,555,566,180,28,48,66,66,66],"floor_reached":51,"language":"ENG","playtime":4478,"items_purged":["Doubt","Pain","Skewer"],"score":825,"play_id":"2a55c2c7-e21f-4f37-8253-f6afa8119f3b","local_time":"20210131222251","daily_mods":["Draft","Heirloom","Time Dilation","Flight","downfall:Lament"],"is_ascension_mode":false,"campfire_choices":[{"data":"Noxious Fumes","floor":8,"key":"SMITH"},{"data":"Catalyst","floor":11,"key":"SMITH"},{"floor":12,"key":"REST"},{"data":"Catalyst","floor":15,"key":"SMITH"},{"floor":25,"key":"REST"},{"floor":27,"key":"REST"},{"data":"infinitespire:Neurotoxin","floor":32,"key":"SMITH"},{"floor":40,"key":"REST"},{"data":"Adrenaline","floor":49,"key":"SMITH"}],"circlet_count":0,"master_deck":["Deflect","Deflect+1","Outmaneuver+1","Sucker Punch+1","Deflect+1","Acrobatics+1","Dodge and Roll","Flying Knee+1","Deadly Poison","Catalyst+1","Outmaneuver+1","Deadly Poison","Dodge and Roll","Flying Knee","Noxious Fumes+1","Backflip+1","Catalyst+1","infinitespire:Neurotoxin+1","Dodge and Roll+1","Well Laid Plans","Noxious Fumes+1","Adrenaline+1","Blur+1","Noxious Fumes+1","Concentrate","Noxious Fumes+1"],"relics":["Unceasing Top","NeowsBlessing","Thread and Needle","Blue Candle","champ:Barbells","MealTicket","Dream Catcher","Lantern","WarpedTongs","Red Mask","Omamori","Nilry\u0027s Codex","Prayer Wheel","Runesmith:Nanobots","construct:BoolHorns","infinitespire:EmpoweringShard","Black Star","Pantograph","Shuriken","Mercury Hourglass","Gremlin Horn","Runesmith:AutoHammer"],"acts_visited":["Exordium","TheCity","TheBeyond"],"potions_floor_usage":[19,24,50],"damage_taken":[{"damage":0,"enemies":"Cultist","floor":1,"turns":1},{"damage":0,"enemies":"3 Sentries","floor":6,"turns":2},{"damage":0,"enemies":"Lagavulin","floor":7,"turns":1},{"damage":1,"enemies":"2 Louse","floor":14,"turns":1},{"damage":5,"enemies":"The Guardian","floor":16,"turns":6},{"damage":5,"enemies":"3 Byrds","floor":18,"turns":4},{"damage":10,"enemies":"Masked Bandits","floor":19,"turns":4},{"damage":18,"enemies":"Slavers","floor":23,"turns":5},{"damage":8,"enemies":"Gremlin Leader","floor":24,"turns":4},{"damage":0,"enemies":"Spheric Guardian","floor":28,"turns":2},{"damage":0,"enemies":"Cultist and Chosen","floor":29,"turns":3},{"damage":0,"enemies":"Snake Plant","floor":30,"turns":3},{"damage":0,"enemies":"Snecko","floor":31,"turns":1},{"damage":13,"enemies":"Collector","floor":33,"turns":4},{"damage":0,"enemies":"3 Shapes","floor":35,"turns":3},{"damage":13,"enemies":"3 Darklings","floor":36,"turns":4},{"damage":7,"enemies":"Jaw Worm Horde","floor":38,"turns":4},{"damage":0,"enemies":"Spire Growth","floor":39,"turns":2},{"damage":0,"enemies":"Giant Head","floor":41,"turns":3},{"damage":0,"enemies":"Sphere and 2 Shapes","floor":42,"turns":4},{"damage":0,"enemies":"Transient","floor":44,"turns":5},{"damage":0,"enemies":"Jaw Worm Horde","floor":47,"turns":3},{"damage":0,"enemies":"4 Shapes","floor":48,"turns":3},{"damage":25,"enemies":"Awakened One","floor":50,"turns":5}],"seed_played":"5603984524039220000","potions_obtained":[{"floor":7,"key":"LiquidMemories"},{"floor":14,"key":"Poison Potion"},{"floor":16,"key":"Explosive Potion"},{"floor":19,"key":"SmokeBomb"},{"floor":29,"key":"Guardian:BlockOnCardUsePotion"}],"is_trial":true,"path_per_floor":["M","?","?","?","$","E","E","R","T","?","R","R","?","M","R","B",null,"M","?","$","?","T","E","E","R","T","R","M","M","M","M","R","B",null,"M","M","?","M","M","R","E","M","T","M","$","$","M","M","R","B",null],"character_chosen":"THE_SILENT","items_purchased":["Noxious Fumes","champ:Barbells","Backflip","Omamori","Gremlin Horn","Runesmith:AutoHammer"],"campfire_rested":4,"item_purchase_floors":[5,5,5,20,45,46],"current_hp_per_floor":[70,59,59,54,54,54,54,54,54,47,47,68,68,67,67,62,70,65,55,70,54,54,36,28,49,49,70,70,70,70,70,70,57,70,70,57,57,50,50,70,70,70,70,70,70,70,70,70,70,45],"gold":66,"neow_bonus":"","is_daily":false,"chose_seed":false,"campfire_upgraded":5,"win_rate":0.0,"timestamp":1612128171,"path_taken":["M","?","?","?","$","E","E","R","T","?","R","R","?","?","R","BOSS","M","?","$","?","?","E","E","R","T","R","?","M","M","M","R","BOSS","M","M","?","M","M","R","E","M","T","M","$","$","M","M","R","BOSS"],"items_purchased_type":["Card","Relic","Card","Relic","Relic","Relic"],"build_version":"2020-11-17","purchased_purges":3,"victory":true,"max_hp_per_floor":[70,70,70,70,70,70,70,70,70,70,70,70,70,70,70,70,70,70,70,70,70,70,70,70,70,70,70,70,70,70,70,70,70,70,70,70,70,70,70,70,70,70,70,70,70,70,70,70,70,70],"card_choices":[{"not_picked":["Bane","Tactician"],"picked":"Deflect","floor":0},{"not_picked":["Underhanded Strike","Cloak And Dagger"],"picked":"Deflect","floor":0},{"not_picked":["Underhanded Strike","Tactician"],"picked":"Outmaneuver","floor":0},{"not_picked":["Bane","Blade Dance"],"picked":"Sucker Punch","floor":0},{"not_picked":["Crippling Poison","Underhanded Strike"],"picked":"Deflect","floor":0},{"not_picked":["Skewer","Dagger Throw"],"picked":"Acrobatics","floor":0},{"not_picked":["Tactician","Bane"],"picked":"Dodge and Roll","floor":0},{"not_picked":["Underhanded Strike","Riddle With Holes"],"picked":"Cloak And Dagger","floor":0},{"not_picked":["Blade Dance","Flechettes"],"picked":"Skewer","floor":0},{"not_picked":["Deadly Poison","Quick Slash"],"picked":"Flying Knee","floor":0},{"not_picked":["Calculated Gamble","Footwork"],"picked":"Deadly Poison","floor":0},{"not_picked":["Escape Plan","Cloak And Dagger"],"picked":"Catalyst","floor":0},{"not_picked":["Slice","Distraction"],"picked":"Outmaneuver","floor":0},{"not_picked":["Distraction","Quick Slash"],"picked":"Deadly Poison","floor":0},{"not_picked":["Leg Sweep","Accuracy"],"picked":"Dodge and Roll","floor":0},{"not_picked":["PiercingWail","Prepared"],"picked":"Flying Knee","floor":1},{"not_picked":["Caltrops","Well Laid Plans","Underhanded Strike"],"picked":"SKIP","floor":6},{"not_picked":["Expertise","Prepared"],"picked":"Catalyst","floor":7},{"not_picked":["Underhanded Strike","Deflect","Dagger Spray"],"picked":"SKIP","floor":14},{"not_picked":["Storm of Steel","Venomology"],"picked":"infinitespire:Neurotoxin","floor":16},{"not_picked":["Reflex+1","Poisoned Stab","Caltrops"],"picked":"SKIP","floor":18},{"not_picked":["Deadly Poison","Sucker Punch+1","Riddle With Holes"],"picked":"SKIP","floor":23},{"not_picked":["Prepared","Dash+1","Dagger Spray"],"picked":"SKIP","floor":24},{"not_picked":["Slice","Tactician"],"picked":"Dodge and Roll+1","floor":27},{"not_picked":["Bullet Time","Slice","Poisoned Stab+1"],"picked":"SKIP","floor":28},{"not_picked":["Calculated Gamble","Dagger Throw","Prepared"],"picked":"SKIP","floor":28},{"not_picked":["Predator","Endless Agony+1","Flying Knee+1"],"picked":"SKIP","floor":29},{"not_picked":["Quick Slash","Blade Dance+1","Flying Knee"],"picked":"SKIP","floor":29},{"not_picked":["Poisoned Stab","PiercingWail+1"],"picked":"Well Laid Plans","floor":30},{"not_picked":["Escape Plan","Masterful Stab+1","Acrobatics"],"picked":"SKIP","floor":30},{"not_picked":["Poisoned Stab","Backflip","Slice"],"picked":"SKIP","floor":31},{"not_picked":["Tactician+1","Deadly Poison","Dagger Spray"],"picked":"SKIP","floor":31},{"not_picked":["Dash+1","Cloak And Dagger","Escape Plan"],"picked":"SKIP","floor":35},{"not_picked":["Predator","Reflex+1","Blade Dance+1"],"picked":"SKIP","floor":35},{"not_picked":["Outmaneuver+1","Tactician","Slice"],"picked":"SKIP","floor":36},{"not_picked":["Bane+1","Outmaneuver","Slice"],"picked":"SKIP","floor":36},{"not_picked":["Outmaneuver+1","Escape Plan+1"],"picked":"Noxious Fumes+1","floor":38},{"not_picked":["Acrobatics","Blade Dance+1","Underhanded Strike+1"],"picked":"SKIP","floor":38},{"not_picked":["Dodge and Roll+1","Slice"],"picked":"Adrenaline","floor":39},{"not_picked":["Acrobatics+1","Endless Agony+1","Outmaneuver+1"],"picked":"SKIP","floor":39},{"not_picked":["Dash","Acrobatics+1"],"picked":"Blur+1","floor":41},{"not_picked":["All Out Attack+1","Endless Agony","Crippling Poison+1"],"picked":"SKIP","floor":42},{"not_picked":["Dagger Spray","Flying Knee","Well Laid Plans+1"],"picked":"SKIP","floor":42},{"not_picked":["Leg Sweep","Dagger Throw+1"],"picked":"Noxious Fumes+1","floor":44},{"not_picked":["Well Laid Plans+1","Eviscerate+1"],"picked":"Concentrate","floor":44},{"not_picked":["All Out Attack","Envenom","Backstab+1"],"picked":"SKIP","floor":47},{"not_picked":["Dagger Spray","Skewer","Outmaneuver+1"],"picked":"SKIP","floor":47},{"not_picked":["Reflex+1","Quick Slash+1"],"picked":"Noxious Fumes+1","floor":48},{"not_picked":["Dodge and Roll","Caltrops","Slice+1"],"picked":"SKIP","floor":48}],"player_experience":47216,"relics_obtained":[{"floor":6,"key":"MealTicket"},{"floor":7,"key":"Dream Catcher"},{"floor":9,"key":"Lantern"},{"floor":19,"key":"Red Mask"},{"floor":21,"key":"Nilry\u0027s Codex"},{"floor":22,"key":"Prayer Wheel"},{"floor":23,"key":"Runesmith:Nanobots"},{"floor":24,"key":"construct:BoolHorns"},{"floor":26,"key":"infinitespire:EmpoweringShard"},{"floor":41,"key":"Pantograph"},{"floor":41,"key":"Shuriken"},{"floor":43,"key":"Mercury Hourglass"}],"event_choices":[{"damage_healed":0,"gold_gain":75,"player_choice":"Gather Gold","damage_taken":11,"max_hp_gain":0,"max_hp_loss":0,"event_name":"World of Goop","floor":2,"gold_loss":0},{"damage_healed":0,"gold_gain":175,"player_choice":"AGREE","damage_taken":0,"max_hp_gain":0,"max_hp_loss":0,"event_name":"Liars Game","floor":3,"gold_loss":0,"cards_obtained":["Doubt"]},{"cards_removed":["Cloak And Dagger"],"damage_healed":0,"gold_gain":0,"player_choice":"Card Removal","damage_taken":7,"max_hp_gain":0,"max_hp_loss":0,"event_name":"Golden Wing","floor":10,"gold_loss":0},{"damage_healed":0,"gold_gain":0,"player_choice":"Rummage","damage_taken":0,"relics_obtained":["WarpedTongs"],"max_hp_gain":0,"max_hp_loss":0,"event_name":"Accursed Blacksmith","floor":13,"gold_loss":0,"cards_obtained":["Pain"]},{"damage_healed":0,"gold_gain":0,"player_choice":"Fought Bandits","damage_taken":0,"max_hp_gain":0,"max_hp_loss":0,"event_name":"Masked Bandits","floor":19,"gold_loss":0},{"damage_healed":0,"gold_gain":0,"player_choice":"Obtained Book","damage_taken":16,"max_hp_gain":0,"max_hp_loss":0,"event_name":"Cursed Tome","floor":21,"gold_loss":0},{"damage_healed":0,"gold_gain":222,"player_choice":"Wore Mask","damage_taken":0,"max_hp_gain":0,"max_hp_loss":0,"event_name":"Tomb of Lord Red Mask","floor":37,"gold_loss":0}],"is_beta":true,"boss_relics":[{"not_picked":["Runic Dome","Snecko Eye","Sozu"]},{"not_picked":["beaked:MawFillet","infinitespire:Cupcake"],"picked":"Black Star"}],"items_purged_floors":[5,20,45],"is_endless":false,"potions_floor_spawned":[7,14,16,19,29,31,35,41,42,47,48],"ascension_level":0}}