{"host":"nnmmiiw4bez2c8ei","time":1612076500,"event":{"mods":["AchievementEnabler","BaseMod","Colored Map","Colored Powertips","Minty Spire (QoL Compilation)","Rare Cards Sparkle","StSLib"],"gold_per_floor":[114,32,32,50,50,50,63,95,175,175,202,34,34,59,59,59,59],"floor_reached":16,"language":"KOR","playtime":421,"items_purged":[],"score":198,"play_id":"ccdda4a7-6534-4a70-87fe-a7aeb0f3f55e","local_time":"20210131160140","is_ascension_mode":true,"campfire_choices":[{"data":"Zap","floor":6,"key":"SMITH"},{"floor":10,"key":"REST"},{"floor":15,"key":"REST"}],"circlet_count":0,"master_deck":["Strike_B","Strike_B","Strike_B","Strike_B","Defend_B","Defend_B","Defend_B","Defend_B","Zap+1","Dualcast","All For One","Gash","Flash of Steel","Chill","Regret","Go for the Eyes","Hyperbeam","Capacitor+1","Redo","Defragment+1"],"relics":["Cracked Core","PreservedInsect","Centennial Puzzle","Cables","Frozen Egg 2","Bag of Marbles","Golden Idol"],"acts_visited":["Exordium"],"potions_floor_usage":[16],"damage_taken":[{"damage":8.0,"enemies":"Jaw Worm","floor":1.0,"turns":4.0},{"damage":0,"enemies":"Small Slimes","floor":4,"turns":2},{"damage":11,"enemies":"2 Louse","floor":7,"turns":2},{"damage":27,"enemies":"Lagavulin","floor":8,"turns":6},{"damage":5,"enemies":"3 Sentries","floor":11,"turns":2},{"damage":8,"enemies":"Blue Slaver","floor":14,"turns":2},{"damage":43,"enemies":"The Guardian","floor":16,"turns":7}],"seed_played":"-6003336780403233160","potions_obtained":[{"floor":11,"key":"LiquidBronze"}],"is_trial":false,"path_per_floor":["M","$","?","M","?","R","M","E","T","R","E","$","?","M","R","B"],"character_chosen":"DEFECT","items_purchased":["Flash of Steel","Bag of Marbles","Redo"],"campfire_rested":2,"item_purchase_floors":[2,12,12],"current_hp_per_floor":[67,67,67,67,67,67,56,29,29,51,46,46,28,20,42,0,0],"gold":59,"neow_bonus":"ONE_RANDOM_RARE_CARD","is_daily":false,"chose_seed":false,"campfire_upgraded":1,"win_rate":0.0,"timestamp":1612076500,"path_taken":["M","$","?","M","?","R","M","E","T","R","E","$","?","M","R","BOSS"],"items_purchased_type":["Card","Relic","Card"],"build_version":"2020-12-22","purchased_purges":0,"victory":false,"max_hp_per_floor":[75,75,75,75,75,75,75,75,75,75,75,75,75,75,75,75,75],"card_choices":[{"not_picked":["Sweeping Beam","Turbo"],"picked":"Gash","floor":1.0},{"not_picked":["Coolheaded","Conserve Battery"],"picked":"Chill","floor":4},{"not_picked":["Ball Lightning","Steam"],"picked":"Go for the Eyes","floor":7},{"not_picked":["Hello World","Defragment"],"picked":"Hyperbeam","floor":8},{"not_picked":["Steam Power","Darkness"],"picked":"Capacitor+1","floor":11},{"not_picked":["Go for the Eyes","Rebound"],"picked":"Defragment+1","floor":14}],"player_experience":501538,"relics_obtained":[{"floor":8,"key":"Centennial Puzzle"},{"floor":9,"key":"Cables"},{"floor":11,"key":"Frozen Egg 2"}],"event_choices":[{"damage_healed":0,"gold_gain":0,"player_choice":"Ignored","damage_taken":0,"max_hp_gain":0,"max_hp_loss":0,"event_name":"Shining Light","floor":3,"gold_loss":0},{"damage_healed":0,"gold_gain":0,"player_choice":"Box","damage_taken":0,"relics_obtained":["PreservedInsect"],"max_hp_gain":0,"max_hp_loss":0,"event_name":"Big Fish","floor":5,"gold_loss":0,"cards_obtained":["Regret"]},{"damage_healed":0,"gold_gain":0,"player_choice":"Take Damage","damage_taken":18,"relics_obtained":["Golden Idol"],"max_hp_gain":0,"max_hp_loss":0,"event_name":"Golden Idol","floor":13,"gold_loss":0}],"is_beta":false,"boss_relics":[],"items_purged_floors":[],"is_endless":false,"potions_floor_spawned":[11],"killed_by":"The Guardian","ascension_level":5}}