{"host":"skvwuvqqk8x6jusd","time":1612053132,"event":{"mods":["AchievementEnabler","BaseMod","Colored Map","Colored Powertips","Highlight Path","Minty Spire (QoL Compilation)","Relic Stats","Slay-I"],"gold_per_floor":[109,119,119,135,145,145,145,155,155,173,190,27,27,46,46,149,149,162,162,175,175,175,175,194,194,194,213,213,213,57,88,88,190,190,201,218,218,74,87,87,87,87,87,87,87,107,7,20,20,20],"floor_reached":51,"language":"ENG","playtime":1521,"items_purged":["Writhe","Defend_R"],"score":834,"play_id":"8c4573b3-e4b4-4c5f-af03-f4dca52ebead","local_time":"20210131003212","is_ascension_mode":false,"campfire_choices":[{"data":"Iron Wave","floor":6,"key":"SMITH"},{"data":"Iron Wave","floor":15,"key":"SMITH"},{"data":"Heavy Blade","floor":23,"key":"SMITH"},{"data":"Heavy Blade","floor":25,"key":"SMITH"},{"data":"Bash","floor":28,"key":"SMITH"},{"data":"Demon Form","floor":32,"key":"SMITH"},{"floor":40,"key":"RECALL"}],"circlet_count":0,"master_deck":["Strike_R+1","Strike_R","Strike_R+1","Strike_R","Strike_R","Bash+1","Iron Wave+1","Rage","Iron Wave+1","Heavy Blade+1","Cleave","Heavy Blade+1","Offering","Clash","Offering","Clash","Ghostly","Ghostly","Ghostly","Ghostly","Ghostly","Iron Wave+1","Clash","Demon Form+1","Rage","Double Tap","Headbutt","Headbutt+1"],"relics":["Burning Blood","FossilizedHelix","Coffee Dripper","MutagenicStrength","Bird Faced Urn","Boot","Charon\u0027s Ashes","Fusion Hammer","Mercury Hourglass"],"acts_visited":["Exordium","TheCity","TheBeyond"],"potions_floor_usage":[27,50,50,50],"damage_taken":[{"damage":11,"enemies":"Jaw Worm","floor":1,"turns":4},{"damage":7,"enemies":"2 Louse","floor":2,"turns":3},{"damage":0,"enemies":"Small Slimes","floor":4,"turns":3},{"damage":14,"enemies":"3 Louse","floor":5,"turns":3},{"damage":8,"enemies":"Looter","floor":8,"turns":3},{"damage":0,"enemies":"Large Slime","floor":10,"turns":4},{"damage":0,"enemies":"2 Fungi Beasts","floor":11,"turns":3},{"damage":0,"enemies":"Blue Slaver","floor":14,"turns":2},{"damage":55,"enemies":"Hexaghost","floor":16,"turns":9},{"damage":16,"enemies":"2 Thieves","floor":18,"turns":3},{"damage":6,"enemies":"Chosen","floor":20,"turns":1},{"damage":3,"enemies":"Snake Plant","floor":24,"turns":3},{"damage":1,"enemies":"Cultist and Chosen","floor":27,"turns":6},{"damage":6,"enemies":"Gremlin Leader","floor":31,"turns":3},{"damage":1,"enemies":"Champ","floor":33,"turns":5},{"damage":0,"enemies":"3 Shapes","floor":35,"turns":1},{"damage":0,"enemies":"Orb Walker","floor":36,"turns":1},{"damage":1,"enemies":"Writhing Mass","floor":39,"turns":5},{"damage":2,"enemies":"Sphere and 2 Shapes","floor":46,"turns":3},{"damage":7,"enemies":"Transient","floor":48,"turns":5},{"damage":2,"enemies":"Awakened One","floor":50,"turns":6}],"seed_played":"4539792490459602331","potions_obtained":[{"floor":1,"key":"SpeedPotion"},{"floor":2,"key":"SteroidPotion"},{"floor":4,"key":"Ancient Potion"},{"floor":14,"key":"ElixirPotion"},{"floor":20,"key":"Swift Potion"},{"floor":31,"key":"SteroidPotion"},{"floor":46,"key":"DuplicationPotion"}],"is_trial":false,"path_per_floor":["M","M","?","M","M","R","?","M","T","M","M","$","?","M","R","B",null,"M","?","M","?","?","R","M","R","T","M","R","?","$","E","R","B",null,"M","M","?","$","M","R","?","R","T","?","?","M","$","M","R","B",null],"character_chosen":"IRONCLAD","items_purchased":["Offering","Demon Form","Double Tap"],"campfire_rested":0,"item_purchase_floors":[12,30,38],"current_hp_per_floor":[51,50,34,40,32,32,25,23,23,29,35,35,61,67,67,18,80,70,70,70,40,40,40,40,40,40,40,40,40,40,40,40,40,40,40,40,40,40,40,40,40,40,40,38,38,38,38,38,38,38],"gold":20,"neow_bonus":"REMOVE_TWO","is_daily":false,"chose_seed":false,"campfire_upgraded":6,"win_rate":0.0,"timestamp":1612053132,"path_taken":["M","M","?","M","M","R","?","M","T","M","M","$","?","M","R","BOSS","M","?","M","?","?","R","M","R","T","M","R","?","$","E","R","BOSS","M","M","?","$","M","R","?","R","T","?","?","?","$","M","R","BOSS"],"items_purchased_type":["Card","Card","Card"],"build_version":"2020-12-22","purchased_purges":2,"victory":true,"max_hp_per_floor":[80,80,80,80,80,80,80,80,80,80,80,80,80,80,80,80,80,80,80,80,40,40,40,40,40,40,40,40,40,40,40,40,40,40,40,40,40,40,40,40,40,40,40,38,38,38,38,38,38,38],"relic_stats":{"counters":[21,76],"Bird Faced Urn":[8],"Charon\u0027s Ashes":[117],"Boot":[4],"obtain_stats":[{"MutagenicStrength":19,"Bird Faced Urn":22,"Charon\u0027s Ashes":31,"Fusion Hammer":34,"Coffee Dripper":17,"Boot":26,"Burning Blood":0,"FossilizedHelix":9,"Mercury Hourglass":43},{"MutagenicStrength":10,"Bird Faced Urn":11,"Charon\u0027s Ashes":14,"Fusion Hammer":15,"Coffee Dripper":9,"Boot":12,"Burning Blood":0,"FossilizedHelix":5,"Mercury Hourglass":18},{"MutagenicStrength":37,"Bird Faced Urn":38,"Charon\u0027s Ashes":50,"Fusion Hammer":55,"Coffee Dripper":34,"Boot":41,"Burning Blood":0,"FossilizedHelix":16,"Mercury Hourglass":62}],"Burning Blood":81,"Mercury Hourglass":[53]},"card_choices":[{"not_picked":["Dropkick","Infernal Blade"],"picked":"Iron Wave","floor":1},{"not_picked":["Perfected Strike","Rampage"],"picked":"Rage","floor":2},{"not_picked":["Thunderclap","Flex"],"picked":"Iron Wave","floor":4},{"not_picked":["Bloodletting","Sentinel"],"picked":"Heavy Blade","floor":5},{"not_picked":["Seeing Red","Body Slam"],"picked":"Cleave","floor":8},{"not_picked":["Sentinel","Dual Wield"],"picked":"Heavy Blade","floor":10},{"not_picked":["Reckless Charge","Second Wind","Ghostly Armor"],"picked":"SKIP","floor":11},{"not_picked":["Heavy Blade","Dark Embrace"],"picked":"Clash","floor":14},{"not_picked":["Juggernaut","Limit Break"],"picked":"Offering","floor":16},{"not_picked":["Perfected Strike+1","Headbutt"],"picked":"Clash","floor":18},{"not_picked":["Pommel Strike+1","Warcry+1","Perfected Strike"],"picked":"SKIP","floor":20},{"not_picked":["Shockwave","Combust"],"picked":"Iron Wave+1","floor":24},{"not_picked":["Body Slam","Sentinel"],"picked":"Clash","floor":27},{"not_picked":["Shrug It Off","Cleave"],"picked":"Rage","floor":31},{"not_picked":["Anger+1","Carnage","Clothesline"],"picked":"SKIP","floor":35},{"not_picked":["True Grit","Bloodletting","Barricade"],"picked":"SKIP","floor":36},{"not_picked":["Pommel Strike","True Grit+1"],"picked":"Headbutt","floor":39},{"not_picked":["Rampage+1","Evolve","Armaments+1"],"picked":"SKIP","floor":46},{"not_picked":["Clothesline+1","Pommel Strike+1"],"picked":"Headbutt+1","floor":48}],"player_experience":626784,"relics_obtained":[{"floor":9,"key":"FossilizedHelix"},{"floor":26,"key":"Boot"},{"floor":31,"key":"Charon\u0027s Ashes"},{"floor":43,"key":"Mercury Hourglass"}],"event_choices":[{"damage_healed":0,"gold_gain":0,"player_choice":"Entered Light","damage_taken":16,"max_hp_gain":0,"max_hp_loss":0,"event_name":"Shining Light","floor":3,"gold_loss":0,"cards_upgraded":["Strike_R","Strike_R"]},{"cards_removed":["Defend_R"],"damage_healed":0,"gold_gain":0,"player_choice":"Card Removal","damage_taken":7,"max_hp_gain":0,"max_hp_loss":0,"event_name":"Golden Wing","floor":7,"gold_loss":0},{"damage_healed":26,"gold_gain":0,"player_choice":"Banana","damage_taken":0,"max_hp_gain":0,"max_hp_loss":0,"event_name":"Big Fish","floor":13,"gold_loss":0},{"damage_healed":0,"gold_gain":0,"player_choice":"Inject Mutagens","damage_taken":0,"relics_obtained":["MutagenicStrength"],"max_hp_gain":0,"max_hp_loss":0,"event_name":"Drug Dealer","floor":19,"gold_loss":0},{"damage_healed":0,"gold_gain":0,"player_choice":"Became a Ghost","damage_taken":0,"max_hp_gain":0,"max_hp_loss":40,"event_name":"Ghosts","floor":21,"gold_loss":0,"cards_obtained":["Ghostly","Ghostly","Ghostly","Ghostly","Ghostly"]},{"damage_healed":0,"gold_gain":0,"player_choice":"Opened","damage_taken":0,"relics_obtained":["Bird Faced Urn"],"max_hp_gain":0,"max_hp_loss":0,"event_name":"The Mausoleum","floor":22,"gold_loss":0,"cards_obtained":["Writhe"]},{"damage_healed":0,"gold_gain":0,"player_choice":"Ignored","damage_taken":0,"max_hp_gain":0,"max_hp_loss":0,"event_name":"Tomb of Lord Red Mask","floor":37,"gold_loss":0},{"damage_healed":0,"gold_gain":0,"player_choice":"Memory 1","damage_taken":0,"max_hp_gain":0,"max_hp_loss":0,"event_name":"SensoryStone","floor":41,"gold_loss":0},{"damage_healed":0,"gold_gain":0,"player_choice":"Max HP","damage_taken":0,"max_hp_gain":0,"max_hp_loss":2,"event_name":"Winding Halls","floor":44,"gold_loss":0},{"damage_healed":0,"gold_gain":0,"player_choice":"Ignored","damage_taken":0,"max_hp_gain":0,"max_hp_loss":0,"event_name":"Mysterious Sphere","floor":45,"gold_loss":0}],"is_beta":false,"boss_relics":[{"not_picked":["Runic Dome","Philosopher\u0027s Stone"],"picked":"Coffee Dripper"},{"not_picked":["Pandora\u0027s Box","Snecko Eye"],"picked":"Fusion Hammer"}],"items_purged_floors":[30,47],"is_endless":false,"potions_floor_spawned":[1,2,4,14,20,31,39,46],"ascension_level":0}}