{"host":"utqe55yv0jihe4d6","time":1612064364,"event":{"mods":["2.2 Compatiblity","AchievementEnabler","BaseMod","Block Reminder","Colored Map","Colored Powertips","Minty Spire (QoL Compilation)","Quick Restart","Rare Cards Sparkle","Relic Stats","SuperFastMode"],"gold_per_floor":[118,135,135,149,52,52,81,81,81,81,81,97,128,128,128,231,231,253,141,141,164,164,164,198,219,245,245,245],"floor_reached":27,"language":"ENG","playtime":736,"items_purged":[],"score":578,"play_id":"009a6d65-f4ca-4366-8b7c-9b31edec0e42","local_time":"20210130223924","is_ascension_mode":true,"campfire_choices":[{"data":"True Grit","floor":6.0,"key":"SMITH"},{"data":"Disarm","floor":8,"key":"SMITH"},{"data":"Metallicize","floor":11,"key":"SMITH"},{"data":"Rampage","floor":15,"key":"SMITH"},{"data":"Armaments","floor":23,"key":"SMITH"}],"circlet_count":0,"master_deck":["AscendersBane","Bash","Dropkick","Reckless Charge","Rampage+1","Thunderclap","Intimidate","Double Tap","Iron Wave","Juggernaut+1","Power Through","Disarm+1","Iron Wave","True Grit+1","Feel No Pain","Metallicize+1","Evolve","Feed","Flame Barrier","Armaments+1","Fire Breathing","Carnage"],"relics":["Pandora\u0027s Box","Mercury Hourglass","PreservedInsect","CeramicFish","Golden Idol","Busted Crown","Potion Belt","Orichalcum"],"acts_visited":["Exordium","TheCity"],"potions_floor_usage":[7,13,21,24,24],"damage_taken":[{"damage":1.0,"enemies":"2 Louse","floor":1.0,"turns":3.0},{"damage":0.0,"enemies":"Jaw Worm","floor":2.0,"turns":3.0},{"damage":4.0,"enemies":"Small Slimes","floor":4.0,"turns":3.0},{"damage":8,"enemies":"3 Sentries","floor":7,"turns":6},{"damage":0,"enemies":"2 Fungi Beasts","floor":12,"turns":3},{"damage":3,"enemies":"Gremlin Nob","floor":13,"turns":3},{"damage":0,"enemies":"Hexaghost","floor":16,"turns":7},{"damage":4,"enemies":"Spheric Guardian","floor":18,"turns":4},{"damage":30,"enemies":"2 Thieves","floor":21,"turns":4},{"damage":4,"enemies":"Book of Stabbing","floor":24,"turns":5},{"damage":20,"enemies":"3 Cultists","floor":25,"turns":5},{"damage":37,"enemies":"Gremlin Leader","floor":27,"turns":2}],"seed_played":"8456159611417446072","potions_obtained":[{"floor":2.0,"key":"Swift Potion"},{"floor":12,"key":"FearPotion"},{"floor":16,"key":"CultistPotion"},{"floor":18,"key":"AttackPotion"},{"floor":21,"key":"BloodPotion"}],"is_trial":false,"path_per_floor":["M","M","?","M","$","R","E","R","T","?","R","M","E","?","R","B",null,"M","$","?","M","?","R","E","M","T","E"],"character_chosen":"IRONCLAD","items_purchased":["Feel No Pain","SkillPotion","Armaments","Fire Breathing"],"campfire_rested":0,"item_purchase_floors":[5,5,19,19],"current_hp_per_floor":[67,67,67,63,63,63,55,55,55,55,55,55,52,26,26,26,63,62,62,62,35,35,35,47,31,31,0,0],"gold":245,"neow_bonus":"BOSS_RELIC","is_daily":false,"chose_seed":false,"campfire_upgraded":5,"win_rate":0.0,"timestamp":1612064364,"path_taken":["M","M","?","M","$","R","E","R","T","?","R","M","E","?","R","BOSS","M","$","?","M","?","R","E","M","T","E"],"items_purchased_type":["Card","Potion","Card","Card"],"build_version":"2020-12-22","purchased_purges":0,"victory":false,"max_hp_per_floor":[75,75,75,75,75,75,75,75,75,75,75,75,75,75,75,75,75,78,78,78,81,81,81,81,85,85,85,85],"relic_stats":{"Busted Crown":8,"counters":[12,48],"Golden Idol":36,"CeramicFish":45,"Pandora\u0027s Box":["Dropkick","Reckless Charge","Rampage","Thunderclap","Intimidate","Double Tap","Iron Wave","Juggernaut","Power Through"],"PreservedInsect":109,"Orichalcum":[0],"obtain_stats":[{"Potion Belt":24,"Busted Crown":17,"Golden Idol":14,"CeramicFish":13,"Pandora\u0027s Box":0,"PreservedInsect":9,"Orichalcum":26,"Burning Blood":0,"Mercury Hourglass":7},{"Potion Belt":10,"Busted Crown":7,"Golden Idol":6,"CeramicFish":6,"Pandora\u0027s Box":0,"PreservedInsect":4,"Orichalcum":11,"Burning Blood":0,"Mercury Hourglass":4},{"Potion Belt":41,"Busted Crown":28,"Golden Idol":21,"CeramicFish":21,"Pandora\u0027s Box":0,"PreservedInsect":15,"Orichalcum":46,"Burning Blood":0,"Mercury Hourglass":15}],"Mercury Hourglass":[126]},"card_choices":[{"not_picked":["Warcry","Pommel Strike"],"picked":"Disarm","floor":1.0},{"not_picked":["Havoc","Ghostly Armor"],"picked":"Iron Wave","floor":2.0},{"not_picked":["Flex","Bloodletting"],"picked":"True Grit","floor":4.0},{"not_picked":["Sentinel","Juggernaut"],"picked":"Metallicize","floor":7},{"not_picked":["Metallicize","Reckless Charge"],"picked":"Evolve","floor":12},{"not_picked":["Havoc","Thunderclap","Rampage"],"picked":"SKIP","floor":13},{"not_picked":["Offering","Immolate"],"picked":"Feed","floor":16},{"not_picked":[],"picked":"Flame Barrier","floor":18},{"not_picked":[],"picked":"Carnage","floor":21},{"not_picked":["Twin Strike"],"picked":"SKIP","floor":24},{"not_picked":["Combust"],"picked":"SKIP","floor":25}],"player_experience":2964414,"relics_obtained":[{"floor":7,"key":"Mercury Hourglass"},{"floor":9,"key":"PreservedInsect"},{"floor":13,"key":"CeramicFish"},{"floor":24,"key":"Potion Belt"},{"floor":26,"key":"Orichalcum"}],"event_choices":[{"damage_healed":0.0,"max_hp_gain":0.0,"max_hp_loss":0.0,"gold_gain":0.0,"event_name":"Living Wall","player_choice":"Grow","floor":3.0,"gold_loss":0.0,"damage_taken":0.0,"cards_upgraded":["Juggernaut"]},{"damage_healed":0,"gold_gain":0,"player_choice":"Ignored","damage_taken":0,"max_hp_gain":0,"max_hp_loss":0,"event_name":"Liars Game","floor":10,"gold_loss":0},{"damage_healed":0,"gold_gain":0,"player_choice":"Take Damage","damage_taken":26,"relics_obtained":["Golden Idol"],"max_hp_gain":0,"max_hp_loss":0,"event_name":"Golden Idol","floor":14,"gold_loss":0},{"damage_healed":0,"gold_gain":0,"player_choice":"Ignored","damage_taken":0,"max_hp_gain":0,"max_hp_loss":0,"event_name":"The Mausoleum","floor":20,"gold_loss":0},{"damage_healed":0,"gold_gain":0,"player_choice":"Ignored","damage_taken":0,"max_hp_gain":0,"max_hp_loss":0,"event_name":"Ghosts","floor":22,"gold_loss":0}],"is_beta":false,"boss_relics":[{"not_picked":["Coffee Dripper","Runic Dome"],"picked":"Busted Crown"}],"items_purged_floors":[],"is_endless":false,"potions_floor_spawned":[2,12,16,18,21],"killed_by":"Gremlin Leader","ascension_level":20}}