{"host":"5n1fl7z5i1vf7jan","time":1612080685,"event":{"mods":["BaseMod","Minty Spire (QoL Compilation)","Quick Restart","Relic Stats"],"gold_per_floor":[211,222,222,233,233,262,262,288,288,306,306,338,364,384,384,384,384],"floor_reached":16,"language":"ENG","playtime":632,"items_purged":[],"score":204,"play_id":"90040452-73e9-4ff4-a05f-5694e8353d68","local_time":"20210131001125","is_ascension_mode":true,"campfire_choices":[{"data":"Eruption","floor":7.0,"key":"SMITH"},{"floor":15,"key":"REST"}],"circlet_count":0,"master_deck":["AscendersBane","Strike_P","Strike_P","Strike_P","Strike_P","Defend_P","Defend_P+1","Defend_P","Defend_P+1","Eruption+1","Vigilance","Conclude+1","BowlingBash","JustLucky","Weave","Omniscience","FlurryOfBlows","CrushJoints","ThirdEye"],"relics":["PureWater","Darkstone Periapt","Akabeko","Mercury Hourglass","War Paint","Bottled Flame","Odd Mushroom"],"acts_visited":["Exordium"],"potions_floor_usage":[16],"damage_taken":[{"damage":0.0,"enemies":"Small Slimes","floor":1.0,"turns":2.0},{"damage":10.0,"enemies":"2 Louse","floor":2.0,"turns":2.0},{"damage":2.0,"enemies":"Jaw Worm","floor":4.0,"turns":3.0},{"damage":8.0,"enemies":"Gremlin Nob","floor":6.0,"turns":3.0},{"damage":5.0,"enemies":"3 Sentries","floor":8.0,"turns":3.0},{"damage":0.0,"enemies":"Looter","floor":10.0,"turns":1.0},{"damage":16.0,"enemies":"Gremlin Nob","floor":12.0,"turns":3.0},{"damage":0,"enemies":"The Mushroom Lair","floor":13,"turns":1},{"damage":0,"enemies":"2 Fungi Beasts","floor":14,"turns":1},{"damage":50,"enemies":"The Guardian","floor":16,"turns":11}],"seed_played":"-6776571670446883304","potions_obtained":[{"floor":2.0,"key":"ColorlessPotion"},{"floor":8.0,"key":"GamblersBrew"},{"floor":12,"key":"DistilledChaos"},{"floor":14,"key":"Weak Potion"}],"is_trial":false,"path_per_floor":["M","M","?","M","$","E","R","E","T","M","?","E","?","M","R","B"],"character_chosen":"WATCHER","items_purchased":[],"campfire_rested":1,"item_purchase_floors":[],"current_hp_per_floor":[61,51,51,49,49,41,41,36,36,36,33,17,17,17,37,0,0],"gold":384,"neow_bonus":"HUNDRED_GOLD","is_daily":false,"chose_seed":false,"campfire_upgraded":1,"win_rate":0.0,"timestamp":1612080685,"path_taken":["M","M","?","M","$","E","R","E","T","M","?","E","?","M","R","BOSS"],"items_purchased_type":[],"build_version":"2020-12-22","purchased_purges":0,"victory":false,"max_hp_per_floor":[68,68,68,68,68,68,68,68,68,68,68,68,68,68,68,68,68],"relic_stats":{"Darkstone Periapt":0,"counters":[10,30],"War Paint":["Defend_P","Defend_P"],"obtain_stats":[{"Darkstone Periapt":6,"Bottled Flame":12,"PureWater":0,"War Paint":11,"Odd Mushroom":13,"Akabeko":8,"Mercury Hourglass":9},{"Darkstone Periapt":4,"Bottled Flame":7,"PureWater":0,"War Paint":6,"Odd Mushroom":8,"Akabeko":5,"Mercury Hourglass":5},{"Darkstone Periapt":10,"Bottled Flame":17,"PureWater":0,"War Paint":14,"Odd Mushroom":18,"Akabeko":13,"Mercury Hourglass":13}],"Mercury Hourglass":[54]},"card_choices":[{"not_picked":["Protect","Halt"],"picked":"Conclude","floor":1.0},{"not_picked":["ThirdEye","Halt"],"picked":"BowlingBash","floor":2.0},{"not_picked":["Prostrate","PathToVictory"],"picked":"JustLucky","floor":4.0},{"not_picked":["ClearTheMind","Pray"],"picked":"Weave","floor":6.0},{"not_picked":["Consecrate","Fasting2"],"picked":"Omniscience","floor":8.0},{"not_picked":["Evaluate","WreathOfFlame"],"picked":"FlurryOfBlows","floor":10.0},{"not_picked":["EmptyBody","EmptyFist","Indignation"],"picked":"SKIP","floor":12},{"not_picked":["SandsOfTime","EmptyFist"],"picked":"CrushJoints","floor":13},{"not_picked":["CrushJoints","ClearTheMind"],"picked":"ThirdEye","floor":14}],"player_experience":285523,"relics_obtained":[{"floor":6.0,"key":"Darkstone Periapt"},{"floor":8.0,"key":"Akabeko"},{"floor":9.0,"key":"Mercury Hourglass"},{"floor":12,"key":"Bottled Flame"},{"floor":13,"key":"Odd Mushroom"}],"event_choices":[{"damage_healed":0.0,"max_hp_gain":0.0,"max_hp_loss":0.0,"gold_gain":0.0,"event_name":"Living Wall","player_choice":"Grow","floor":3.0,"gold_loss":0.0,"damage_taken":0.0,"cards_upgraded":["Conclude"]},{"damage_healed":0.0,"max_hp_gain":0.0,"max_hp_loss":0.0,"gold_gain":0.0,"event_name":"Scrap Ooze","player_choice":"Success","floor":11.0,"gold_loss":0.0,"damage_taken":3.0,"relics_obtained":["War Paint"]},{"damage_healed":0,"gold_gain":0,"player_choice":"Fought Mushrooms","damage_taken":0,"max_hp_gain":0,"max_hp_loss":0,"event_name":"Mushrooms","floor":13,"gold_loss":0}],"is_beta":false,"boss_relics":[],"items_purged_floors":[],"is_endless":false,"potions_floor_spawned":[2,8,12,14],"killed_by":"The Guardian","ascension_level":14}}