{"host":"5dn9v6uqcruncej8","time":1612104821,"event":{"mods":["Act Like it!","BaseMod","Colored Powertips","Gensokyo","Koishi","Lobotomy","LobotomyExtend","Marisa£®ÏF”Í°°ƒß¿Ì…≥£©","Minty Spire (QoL Compilation)","Reimu£®≤©¿ˆ¡È√Œ£©","Remilia£®¿Ÿ√◊¿Ú—«£©","Shop Mod","StSLib","Youmu£®ªÍ∆«—˝√Œ£©"],"gold_per_floor":[115,134,100,117,44,44,44,44,44],"floor_reached":8,"language":"ZHS","playtime":694,"items_purged":[],"score":46,"play_id":"e6a5910a-fdb5-4163-b75a-ddc02224607a","local_time":"20210131225341","is_ascension_mode":false,"campfire_choices":[{"data":"EchoesOfTheInclemencyOfAllBeings","floor":6.0,"key":"SMITH"}],"circlet_count":0,"master_deck":["Strike_YM","Strike_YM","Strike_YM","Strike_YM","Defend_YM","Defend_YM","Defend_YM","Defend_YM","SlashOfPresentWorld","WheelOfPainOfLivingAndDead","ConstancyOfTheConventionalTruth","SpiderBud","CrescentMoonSlash","EchoesOfTheInclemencyOfAllBeings+1","Murderer","Gensokyo:ScrapIron","Gensokyo:TarnishedGold","Pain"],"relics":["HalfPhantom","CogitoBucket","LetterFromLob","Gensokyo:LunaticRedEyes"],"acts_visited":["Gensokyo:Gensokyo"],"potions_floor_usage":[],"damage_taken":[{"damage":0.0,"enemies":"Gensokyo:3_Fairies","floor":1.0,"turns":5.0},{"damage":6.0,"enemies":"Gensokyo:Python","floor":2.0,"turns":5.0},{"damage":2.0,"enemies":"Gensokyo:Gryphon","floor":4.0,"turns":3.0},{"damage":0,"enemies":"Gensokyo:Cirno","floor":8,"turns":1}],"seed_played":"3800517347498058220","potions_obtained":[],"is_trial":false,"path_per_floor":["M","M","$","M","COS","R","?","E"],"character_chosen":"YOUMU","items_purchased":["EchoesOfTheInclemencyOfAllBeings"],"campfire_rested":0,"item_purchase_floors":[3],"current_hp_per_floor":[75,69,69,67,67,67,67,67,67],"gold":44,"neow_bonus":"","is_daily":false,"chose_seed":false,"campfire_upgraded":1,"win_rate":0.0,"timestamp":1612104821,"path_taken":["M","M","?","M","COS","R","?","E"],"items_purchased_type":["Card"],"build_version":"2020-12-22","purchased_purges":0,"victory":false,"max_hp_per_floor":[75,75,75,75,75,75,75,75,75],"card_choices":[{"not_picked":["BigBadWolf","Scorched","Wellcheers"],"picked":"Singing Bowl","floor":1.0},{"not_picked":["CherryBlossomFlashing","SlashOfMeditation"],"picked":"ConstancyOfTheConventionalTruth","floor":1.0},{"not_picked":["CherryBlossoms","OSAHOGD","QueenBee"],"picked":"Singing Bowl","floor":2.0},{"not_picked":["GreedKing","Laetitia"],"picked":"SpiderBud","floor":2.0},{"not_picked":["SwordOfBindingDesires","ThreeKonsSevenHakus"],"picked":"CrescentMoonSlash","floor":2.0},{"not_picked":["NakedNest","Freischutz","Murderer"],"picked":"Singing Bowl","floor":4.0},{"not_picked":["BigBadWolf","MHz"],"picked":"Murderer","floor":4.0},{"not_picked":["DoubleWheelOfPain","DispleasureOfTheSevenHakus","TransmigrationSlash"],"picked":"SKIP","floor":4.0}],"player_experience":151127,"relics_obtained":[{"floor":1.0,"key":"LetterFromLob"}],"event_choices":[],"is_beta":false,"boss_relics":[],"items_purged_floors":[],"is_endless":false,"potions_floor_spawned":[],"killed_by":"Gensokyo:Cirno","ascension_level":0}}