{"host":"ek3xvuouaw6vk9if","time":1612064456,"event":{"mods":["BaseMod","BetterRewards","Downfall","Minty Spire (QoL Compilation)","Permanent Neow","Quick Restart","Relic Stats","Replay The Spire","Robot Space Explorer","Spire Arcade","StSLib","The Marked"],"gold_per_floor":[99,113,127,139,139,158,158,158,177,177,187,206,356,372,390,390,390,390],"floor_reached":16,"language":"ENG","playtime":846,"items_purged":[],"score":103,"play_id":"a9ab29d1-161e-4c3c-8272-b3d591a62cca","local_time":"20210130224056","is_ascension_mode":true,"campfire_choices":[{"data":"bronze:Replicate","floor":1,"key":"SMITH"},{"data":"bronze:ShipIt","floor":10,"key":"SMITH"}],"circlet_count":0,"master_deck":["bronze:Strike","bronze:Strike","bronze:Strike","bronze:Strike","bronze:Defend","bronze:Defend","bronze:Defend","bronze:Defend","bronze:Replicate+1","bronze:Goto","Amnesia","Violence","bronze:Philosophize","bronze:Allocate","bronze:BuggyMess","bronze:ShipIt+1","Pot Of Greed","Pot Of Greed","bronze:Frontload","bronze:Turbo","bronze:CutThrough","bronze:Shell"],"relics":["bronze:BronzeCore","Grinning Jar"],"acts_visited":["Exordium"],"potions_floor_usage":[9,9,16,16],"damage_taken":[{"damage":1,"enemies":"Jaw Worm","floor":2,"turns":2},{"damage":0,"enemies":"Cultist","floor":3,"turns":4},{"damage":12,"enemies":"2 Louse","floor":4,"turns":3},{"damage":0,"enemies":"Large Slime","floor":6,"turns":4},{"damage":7,"enemies":"Gremlin Gang","floor":9,"turns":5},{"damage":14,"enemies":"Blue Slaver","floor":11,"turns":4},{"damage":14,"enemies":"Large Slime","floor":12,"turns":7},{"damage":1,"enemies":"3 Louse","floor":14,"turns":4},{"damage":6,"enemies":"Lots of Slimes","floor":15,"turns":6},{"damage":23,"enemies":"WA_ARCHETYPE_RETAIN","floor":16,"turns":7}],"seed_played":"7313042772096142253","potions_obtained":[{"floor":2,"key":"sneckomod:MuddlingPotion"},{"floor":4,"key":"SpeedPotion"},{"floor":6,"key":"Fire Potion"},{"floor":8,"key":"AttackPotion"},{"floor":8,"key":"Energy Potion"},{"floor":12,"key":"DistilledChaos"}],"is_trial":false,"path_per_floor":["R","M","M","M","?","M","T","?","M","R","M","M","?","M","M","B"],"character_chosen":"THE_AUTOMATON","items_purchased":[],"campfire_rested":0,"item_purchase_floors":[],"current_hp_per_floor":[70,69,69,57,57,57,57,57,50,50,36,22,22,21,15,0,0,0],"gold":390,"neow_bonus":"RANDOM_COLORLESS_2","is_daily":false,"chose_seed":false,"campfire_upgraded":2,"win_rate":0.0,"timestamp":1612064456,"path_taken":["R","M","M","M","?","M","T","?","M","R","?","M","?","M","M","BOSS"],"items_purchased_type":[],"build_version":"2020-12-22","purchased_purges":0,"victory":false,"max_hp_per_floor":[70,70,70,70,70,70,70,70,70,70,70,70,70,70,70,70,70,70],"relic_stats":{"counters":[10,46],"obtain_stats":[{"bronze:BronzeCore":0,"Grinning Jar":7},{"bronze:BronzeCore":0,"Grinning Jar":4},{"bronze:BronzeCore":0,"Grinning Jar":13}]},"card_choices":[{"not_picked":["Chrysalis","Magnetism"],"picked":"Violence","floor":0},{"not_picked":["bronze:Deprecate","bronze:ForceShield"],"picked":"bronze:Philosophize","floor":2},{"not_picked":["bronze:FineTuning","bronze:OilSpill"],"picked":"bronze:Allocate","floor":3},{"not_picked":["bronze:WhirlingStrike","bronze:Return"],"picked":"bronze:BuggyMess","floor":4},{"not_picked":["bronze:Shield","bronze:ChosenStrike"],"picked":"bronze:ShipIt","floor":6},{"not_picked":["bronze:DelayedSlice","bronze:Invalidate"],"picked":"bronze:Frontload","floor":9},{"not_picked":["bronze:BitShift","bronze:Invalidate"],"picked":"bronze:Turbo","floor":11},{"not_picked":["bronze:ForceShield","bronze:Iterate","bronze:Overheat"],"picked":"SKIP","floor":12},{"not_picked":["bronze:Invalidate","bronze:WildBeam"],"picked":"bronze:CutThrough","floor":14},{"not_picked":["bronze:Separator","bronze:Shield"],"picked":"bronze:Shell","floor":15}],"player_experience":740931,"relics_obtained":[{"floor":7,"key":"Grinning Jar"}],"event_choices":[{"damage_healed":0,"gold_gain":0,"player_choice":"Got Potions","damage_taken":0,"max_hp_gain":0,"max_hp_loss":0,"event_name":"Lab","floor":8,"gold_loss":0}],"is_beta":false,"boss_relics":[],"items_purged_floors":[],"is_endless":false,"potions_floor_spawned":[2,4,6,12],"killed_by":"WA_ARCHETYPE_RETAIN","ascension_level":1}}