{"host":"58syw52hqfl22t9m","time":1612072493,"event":{"mods":["2.2 Compatiblity","AchievementEnabler","BaseMod","Better Altar","Better Match","Better Note","Better Sensory Stone","Better Skull","Better Third Choice","BetterRewards","Block Reminder","Colored Map","Colored Powertips","Curses Come First","Dark Map","GifTheSpireLib","Highlight Path","Hubris","Infinite Spire","Minty Spire (QoL Compilation)","Monster B Gone","Permanent Neow","Poor People Problems","Random Character Button","Rare Cards Sparkle","Relic Stats","Reliquary","Replay The Spire","Shop Mod","Spicy Shops","StSLib","The Blue Laboratory"],"gold_per_floor":[111,123,135,135,135,135,85,101,156,156,156,169,169,45,45,144,144,156,173,173,192,192,192,222,235,235,235,260,260,274,274,274,379,379,396,413,413,413,413],"floor_reached":38,"language":"ENG","playtime":2867,"items_purged":["Strike_R","Strike_R"],"score":662,"play_id":"c109d33e-c812-48c0-8b91-a1ab21264754","local_time":"20210130215453","is_ascension_mode":true,"campfire_choices":[{"data":"Rampage","floor":6,"key":"SMITH"},{"data":"Bash","floor":10,"key":"SMITH"},{"data":"Headbutt","floor":13,"key":"SMITH"},{"data":"Shrug It Off","floor":15,"key":"SMITH"},{"floor":23,"key":"REST"},{"floor":27,"key":"REST"},{"floor":29,"key":"REST"},{"data":"Spot Weakness","floor":32,"key":"SMITH"}],"circlet_count":0,"master_deck":["Strike_R+1","Defend_R","Defend_R","Defend_R","Defend_R","Bash+1","Rampage+1","Headbutt+1","Pommel Strike","Anger+1","Spot Weakness+1","Shrug It Off+1","Thunderclap","Heavy Blade+1","Infernal Blade+1","Flex","hubris:SharpeningStone","Thunderclap+1","Anger"],"relics":["Burning Blood","Kunai","reliquary:Stiletto","Akabeko","Whetstone","Frozen Egg 2","SlaversCollar"],"acts_visited":["Exordium","TheCity","TheBeyond"],"potions_floor_usage":[16,19,25,30,38],"damage_taken":[{"damage":14,"enemies":"Jaw Worm","floor":1,"turns":3},{"damage":0,"enemies":"Small Slimes","floor":2,"turns":3},{"damage":13,"enemies":"2 Louse","floor":3,"turns":3},{"damage":9,"enemies":"Gremlin Gang","floor":8,"turns":4},{"damage":8,"enemies":"3 Louse","floor":12,"turns":2},{"damage":30,"enemies":"Hexaghost","floor":16,"turns":8},{"damage":28,"enemies":"3 Byrds","floor":18,"turns":7},{"damage":23,"enemies":"Shell Parasite","floor":19,"turns":4},{"damage":29,"enemies":"Sentry and Sphere","floor":21,"turns":5},{"damage":30,"enemies":"Gremlin Leader","floor":24,"turns":6},{"damage":4,"enemies":"3 Cultists","floor":25,"turns":5},{"damage":29,"enemies":"Slavers","floor":28,"turns":6},{"damage":13,"enemies":"Centurion and Healer","floor":30,"turns":4},{"damage":57,"enemies":"hubris:MusketHawk","floor":33,"turns":9},{"damage":17,"enemies":"Orb Walker","floor":35,"turns":3},{"damage":20,"enemies":"3 Shapes","floor":36,"turns":3},{"damage":74,"enemies":"Spire Growth","floor":38,"turns":4}],"seed_played":"-7070160765836763230","potions_obtained":[{"floor":1,"key":"blueLaboratory:ConflagurationPotion"},{"floor":2,"key":"Energy Potion"},{"floor":16,"key":"ColorlessPotion"},{"floor":21,"key":"Strength Potion"},{"floor":28,"key":"blueLaboratory:IronCompound"},{"floor":36,"key":"SkillPotion"}],"is_trial":false,"path_per_floor":["M","M","M","?","$","R","?","M","T","R","?","M","R","$","R","B",null,"M","M","?","M","?","R","E","M","T","R","E","R","M","?","R","B",null,"M","M","AVR","M"],"character_chosen":"IRONCLAD","items_purchased":["Kunai","Rampage","Shrug It Off"],"campfire_rested":3,"item_purchase_floors":[0,0,14],"current_hp_per_floor":[72,78,71,76,76,76,76,73,73,73,73,71,71,71,71,47,85,63,46,46,23,23,48,24,26,26,51,28,53,46,95,95,44,95,84,70,70,0,0],"gold":413,"neow_bonus":"","is_daily":false,"chose_seed":false,"campfire_upgraded":5,"win_rate":0.0,"timestamp":1612072493,"path_taken":["M","M","M","?","$","R","?","M","T","R","?","?","R","$","R","BOSS","M","M","?","M","?","R","E","M","T","R","E","R","?","?","R","BOSS","M","?","AVR","M"],"items_purchased_type":["Relic","Card","Card"],"build_version":"2020-12-22","purchased_purges":2,"victory":false,"max_hp_per_floor":[80,80,80,85,85,85,85,85,85,85,85,85,85,85,85,85,85,85,85,85,85,85,85,85,85,85,85,85,85,85,95,95,95,95,95,95,95,95,95],"relic_stats":{"counters":[97,462],"Kunai":[27],"Whetstone":["Strike_R","Anger"],"obtain_stats":[{"Tiny House":17,"Vajra":0,"Whetstone":26,"Blood Vial":29,"HornCleat":26,"hubris:DeckOfHolding":43,"Iron Hammer":0,"Kunai":0,"MerchantsRug":46,"Happy Flower":13,"Counterbalance":37,"Velvet Choker":17,"Oddly Smooth Stone":0,"Pen Nib":26,"War Paint":37,"Akabeko":24,"infinitespire:EvilPickle":33,"SlaversCollar":34,"ReplayTheSpireMod:Spearhead":28,"Shuriken":43,"hubris:TenFootPole":0,"infinitespire:PuzzleCube":40,"ReplayFunnel":28,"Magic Flower":9,"Mango":9,"King of Hearts":22,"Juzu Bracelet":0,"hubris:SlimyHat":19,"Ancient Tea Set":30,"Burning Blood":0,"Dream Catcher":0,"Nunchaku":0,"hubris:Icosahedron":22,"hubris:ScarierMask":17,"Tiny Chest":0,"hubris:IronBody":19,"Replay:Bottled Eggs":6,"infinitespire:Eraser":14,"hubris:ChampionShield":45,"Gremlin Food":0,"Lee\u0027s Waffle":0,"Thread and Needle":9,"PreservedInsect":14,"infinitespire:Lucky Rock":0,"Orichalcum":48,"hubris:Towel":3,"Frozen Egg 2":28,"White Beast Statue":23,"Cauldron":46,"reliquary:Stiletto":9,"Snack Pack":26,"Bag of Marbles":29,"Art of War":14,"FossilizedHelix":0},{"Tiny House":65,"Vajra":0,"Whetstone":91,"Blood Vial":52,"HornCleat":51,"hubris:DeckOfHolding":39,"Iron Hammer":41,"Kunai":80,"MerchantsRug":20,"Happy Flower":28,"Counterbalance":74,"Velvet Choker":9,"Oddly Smooth Stone":23,"Pen Nib":32,"War Paint":56,"Akabeko":90,"infinitespire:EvilPickle":15,"SlaversCollar":54,"ReplayTheSpireMod:Spearhead":13,"Shuriken":19,"hubris:TenFootPole":23,"infinitespire:PuzzleCube":19,"ReplayFunnel":32,"Magic Flower":45,"Mango":5,"King of Hearts":30,"Juzu Bracelet":23,"hubris:SlimyHat":30,"Ancient Tea Set":72,"Burning Blood":0,"Dream Catcher":41,"Nunchaku":57,"hubris:Icosahedron":50,"hubris:ScarierMask":29,"Tiny Chest":23,"hubris:IronBody":66,"Replay:Bottled Eggs":5,"infinitespire:Eraser":8,"hubris:ChampionShield":40,"Gremlin Food":0,"Lee\u0027s Waffle":23,"Thread and Needle":27,"PreservedInsect":47,"infinitespire:Lucky Rock":23,"Orichalcum":40,"hubris:Towel":43,"Frozen Egg 2":92,"White Beast Statue":31,"Cauldron":20,"reliquary:Stiletto":84,"Snack Pack":13,"Bag of Marbles":13,"Art of War":28,"FossilizedHelix":0},{"Tiny House":293,"Vajra":0,"Whetstone":433,"Blood Vial":229,"HornCleat":225,"hubris:DeckOfHolding":168,"Iron Hammer":181,"Kunai":383,"MerchantsRug":79,"Happy Flower":114,"Counterbalance":355,"Velvet Choker":35,"Oddly Smooth Stone":95,"Pen Nib":135,"War Paint":249,"Akabeko":428,"infinitespire:EvilPickle":61,"SlaversCollar":240,"ReplayTheSpireMod:Spearhead":48,"Shuriken":76,"hubris:TenFootPole":95,"infinitespire:PuzzleCube":76,"ReplayFunnel":135,"Magic Flower":190,"Mango":16,"King of Hearts":124,"Juzu Bracelet":95,"hubris:SlimyHat":124,"Ancient Tea Set":334,"Burning Blood":0,"Dream Catcher":181,"Nunchaku":252,"hubris:Icosahedron":218,"hubris:ScarierMask":121,"Tiny Chest":95,"hubris:IronBody":299,"Replay:Bottled Eggs":16,"infinitespire:Eraser":27,"hubris:ChampionShield":173,"Gremlin Food":0,"Lee\u0027s Waffle":95,"Thread and Needle":110,"PreservedInsect":198,"infinitespire:Lucky Rock":95,"Orichalcum":173,"hubris:Towel":187,"Frozen Egg 2":439,"White Beast Statue":131,"Cauldron":79,"reliquary:Stiletto":396,"Snack Pack":48,"Bag of Marbles":48,"Art of War":114,"FossilizedHelix":0}],"Burning Blood":452},"card_choices":[{"not_picked":["Feel No Pain","Rupture"],"picked":"Headbutt","floor":1},{"not_picked":["ReplayTheSpireMod:Strike From Hell","Shockwave"],"picked":"Pommel Strike","floor":2},{"not_picked":["Perfected Strike","Clash"],"picked":"Anger","floor":3},{"not_picked":["Sword Boomerang","Whirlwind"],"picked":"Spot Weakness","floor":8},{"not_picked":["ReplayTheSpireMod:Strike From Hell","Seeing Red","Blood for Blood"],"picked":"SKIP","floor":12},{"not_picked":["Barricade","Double Tap"],"picked":"Demon Form","floor":16},{"not_picked":["Pommel Strike","True Grit+1"],"picked":"Thunderclap","floor":18},{"not_picked":["Power Through","Dark Embrace","True Grit+1"],"picked":"SKIP","floor":19},{"not_picked":["Flex","Headbutt+1"],"picked":"Heavy Blade+1","floor":21},{"not_picked":["Warcry","Pommel Strike"],"picked":"Infernal Blade+1","floor":24},{"not_picked":["Bloodletting","Abandon"],"picked":"Flex","floor":25},{"not_picked":["Pommel Strike","Bludgeon","Double Tap"],"picked":"SKIP","floor":28},{"not_picked":["Replay:Undeath\u0027s Touch+1","Massacre+1"],"picked":"hubris:SharpeningStone","floor":30},{"not_picked":["Rampage","Rage"],"picked":"Thunderclap+1","floor":35},{"not_picked":["Clothesline+1","Headbutt+1"],"picked":"Anger","floor":36}],"player_experience":435508,"relics_obtained":[{"floor":9,"key":"reliquary:Stiletto"},{"floor":24,"key":"Akabeko"},{"floor":26,"key":"Whetstone"},{"floor":28,"key":"Frozen Egg 2"}],"event_choices":[{"damage_healed":0,"gold_gain":0,"player_choice":"Donut","damage_taken":0,"max_hp_gain":5,"max_hp_loss":0,"event_name":"Big Fish","floor":4,"gold_loss":0},{"cards_removed":["Strike_R"],"damage_healed":0,"gold_gain":0,"player_choice":"Card Removal","damage_taken":0,"max_hp_gain":0,"max_hp_loss":0,"event_name":"The Cleric","floor":7,"gold_loss":50},{"damage_healed":0,"gold_gain":0,"player_choice":"Ignored","damage_taken":0,"max_hp_gain":0,"max_hp_loss":0,"event_name":"Transmorgrifier","floor":11,"gold_loss":0},{"damage_healed":0,"gold_gain":0,"player_choice":"Ignored","damage_taken":0,"max_hp_gain":0,"max_hp_loss":0,"event_name":"betterNote:BetterNote","floor":20,"gold_loss":0,"cards_obtained":["Static Discharge"]},{"cards_removed":["Strike_R"],"damage_healed":0,"gold_gain":0,"player_choice":"Card Removal","damage_taken":0,"max_hp_gain":0,"max_hp_loss":0,"event_name":"Wheel of Change","floor":22,"gold_loss":0},{"cards_removed":["Demon Form"],"damage_healed":39,"gold_gain":0,"player_choice":"Offered Rare","damage_taken":0,"max_hp_gain":10,"max_hp_loss":0,"event_name":"Bonfire Elementals","floor":31,"gold_loss":0}],"is_beta":false,"boss_relics":[{"not_picked":["Replay:Wanted Poster","Runic Dome","hubris:VirtuousBlindfold"]},{"not_picked":["infinitespire:Burning Sword","hubris:TerracottaHorce","reliquary:RedPaperclip"]}],"items_purged_floors":[0,14],"is_endless":false,"potions_floor_spawned":[1,2,16,21,28,30,33,36],"killed_by":"Spire Growth","ascension_level":3}}