{"host":"0ricjaa7rfq9v76t","time":1612089775,"event":{"mods":["AchievementEnabler","Aspiration","BaseMod","Better Altar","Better Match","Better Sensory Stone","Better Skull","Better Vampires","BetterRewards","Colored Powertips","Downfall","Energized Spire","Highlight Path","Hubris","Infinite Spire","Minty Spire (QoL Compilation)","Quick Restart","Rare Cards Sparkle","Relic Sorter","Reliquary","Replay The Spire","StSLib","SuperFastMode","Synergy Search","The Cursed","The Disciple","The Jungle","The Marked","The Mystic","Uncapped"],"gold_per_floor":[119,135,197,272,287,287,347,347,347,347,347,362,373,385,385,483,483,495,495,460,460,321,321,321],"floor_reached":23,"language":"ENG","playtime":1261,"items_purged":["Strike_B","Defend_B","Strike_B"],"score":331,"play_id":"c9810e34-0364-4cfc-a022-df9f2eaf746e","local_time":"20210131184255","is_ascension_mode":false,"campfire_choices":[{"floor":6,"key":"REST"},{"floor":8,"key":"REST"},{"floor":10,"key":"REST"},{"data":"White Noise","floor":15,"key":"SMITH"}],"circlet_count":0,"master_deck":["Strike_B","Strike_B","Defend_B","Defend_B","Defend_B","Zap","Dualcast","Heatsinks","hubris:DoWhile","Gash","Ball Lightning","Conserve Battery","White Noise+1","All For One","ReplayGash","Turbo","White Noise+1","Self Repair"],"relics":["Cracked Core","Durian","Pear","Ginger","Replay:Ringing Soul","Runic Pyramid","Torii","Bloody Idol"],"acts_visited":["TheCity"],"potions_floor_usage":[7,16,16],"damage_taken":[{"damage":1,"enemies":"Cultist","floor":1,"turns":3},{"damage":1,"enemies":"Jaw Worm","floor":2,"turns":4},{"damage":0,"enemies":"2 Louse","floor":5,"turns":2},{"damage":30,"enemies":"Gremlin Nob","floor":7,"turns":4},{"damage":0,"enemies":"Looter","floor":12,"turns":2},{"damage":13,"enemies":"Exordium Wildlife","floor":13,"turns":5},{"damage":0,"enemies":"Large Slime","floor":14,"turns":5},{"damage":42,"enemies":"Hexaghost","floor":16,"turns":9},{"damage":38,"enemies":"Shell Parasite","floor":18,"turns":9},{"damage":22,"enemies":"2 Thieves","floor":20,"turns":5}],"seed_played":"-189159663231693446","potions_obtained":[{"floor":3,"key":"CultistPotion"},{"floor":3,"key":"Venom Potion"},{"floor":3,"key":"champ:CounterPotion"},{"floor":7,"key":"DistilledChaos"},{"floor":13,"key":"SkillPotion"}],"is_trial":false,"path_per_floor":["M","M","?","?","M","R","?","R","T","R","T","M","M","M","R","B",null,"M","AVR","M","?","$","?"],"character_chosen":"DEFECT","items_purchased":["Heatsinks","hubris:DoWhile","Self Repair"],"campfire_rested":3,"item_purchase_floors":[0,0,22],"current_hp_per_floor":[54,53,33,22,22,46,26,53,53,80,80,83,73,73,73,34,99,64,64,45,48,51,0,0],"gold":321,"neow_bonus":"","is_daily":false,"chose_seed":false,"campfire_upgraded":1,"win_rate":0.0,"timestamp":1612089775,"path_taken":["M","M","?","?","M","R","?","R","T","R","?","M","?","M","R","BOSS","M","AVR","M","?","?","?"],"items_purchased_type":["Card","Card","Card"],"build_version":"2020-12-22","purchased_purges":3,"victory":false,"max_hp_per_floor":[80,80,80,80,80,80,90,90,90,90,90,93,96,96,96,99,99,102,102,105,108,111,111,111],"card_choices":[{"not_picked":["Rebound","Sweeping Beam","Chaos"],"picked":"SKIP","floor":1},{"not_picked":["Chaos","Go for the Eyes"],"picked":"Gash","floor":2},{"not_picked":["Streamline","BasicCrystalCard"],"picked":"Ball Lightning","floor":3},{"not_picked":["Rebound","Meteor Strike","Ball Lightning"],"picked":"SKIP","floor":5},{"not_picked":["Lockon","Panic Button"],"picked":"Conserve Battery","floor":12},{"not_picked":["Coolheaded","Lockon"],"picked":"White Noise","floor":13},{"not_picked":["Leap","Cold Snap","Barrage"],"picked":"SKIP","floor":14},{"not_picked":["Reboot","Seek"],"picked":"All For One","floor":16},{"not_picked":["Panic Button+1","BasicCrystalCard"],"picked":"ReplayGash","floor":18},{"not_picked":["ReplaySolidLightProjector+1","Panic Button"],"picked":"Turbo","floor":20}],"player_experience":251125,"relics_obtained":[{"floor":9,"key":"Ginger"},{"floor":11,"key":"Replay:Ringing Soul"}],"event_choices":[{"damage_healed":0,"gold_gain":75,"player_choice":"Gather Gold","damage_taken":11,"max_hp_gain":0,"max_hp_loss":0,"event_name":"World of Goop","floor":4,"gold_loss":0},{"damage_healed":0,"gold_gain":0,"player_choice":"Searched \u00272\u0027 times","damage_taken":0,"relics_obtained":["Pear"],"max_hp_gain":0,"max_hp_loss":0,"event_name":"Dead Adventurer","floor":7,"gold_loss":0},{"damage_healed":0,"gold_gain":0,"player_choice":"Copied","damage_taken":0,"max_hp_gain":0,"max_hp_loss":0,"event_name":"Duplicator","floor":21,"gold_loss":0,"cards_obtained":["White Noise"]}],"is_beta":false,"boss_relics":[{"not_picked":["energizedSpire:DeadBattery","hubris:ScarierMask"],"picked":"Runic Pyramid"}],"items_purged_floors":[0,19,22],"is_endless":false,"potions_floor_spawned":[7,13],"ascension_level":0}}