{"host":"yq2wmfr0u0wuvxc0","time":1612073346,"event":{"mods":["Act Like it!","Aspiration","BaseMod","Curses Come First","Downfall","Friendly Minions","Gensokyo","Hubris","Infinite Spire","Marisa????????","Minty Spire (QoL Compilation)","Pale of the Ancients","Remilia??????","Shop Mod","Smile Girya","Spicy Shops","StSLib","The Jungle","The Servant 0.9.4","Wide Potions"],"gold_per_floor":[99,114,289,302,302,212,212,225,125,145,163,195,195,215,225,325,325,225,240,240,240,255,267,292,292,292,292],"floor_reached":25,"language":"ZHS","playtime":825,"items_purged":["downfall:Malfunctioning"],"score":226,"play_id":"5d85d08c-dd0f-4781-a20d-fa4d17268310","local_time":"20210130220906","is_ascension_mode":true,"campfire_choices":[{"data":"hexamod:Sear","floor":1,"key":"SMITH"},{"data":"hexamod:RainOfEmbers","floor":9,"key":"SMITH"},{"floor":13,"key":"RECALL"},{"data":"hexamod:HeatCrush","floor":18,"key":"SMITH"}],"circlet_count":0,"master_deck":["hexamod:Strike","hexamod:Defend","hexamod:Defend+1","hexamod:Defend","hexamod:Sear+1","hexamod:Float","hexamod:RainOfEmbers+1","hexamod:HeatCrush+1","hexamod:SuperheatedStrike+1","hexamod:AdvancingGuard","hexamod:FirstSeal","hexamod:BurningTouch","hexamod:FifthSeal","hexamod:Toasty+1","hexamod:SixthSeal","infinitespire:Pacifist","hexamod:SpectralSpark+1","hexamod:ExtraCrispy"],"relics":["Philosopher\u0027s Stone","downfall:HeartBlessingBlue","ScarletDevilRocket","Empty Cage","downfall:HeartBlessingRed","Nilry\u0027s Codex","Regal Pillow"],"acts_visited":["Exordium","TheCity"],"potions_floor_usage":[11,16,22],"damage_taken":[{"damage":6,"enemies":"2 Louse","floor":2,"turns":3},{"damage":2,"enemies":"Cultist","floor":4,"turns":3},{"damage":5,"enemies":"downfall:FleeingMerchant","floor":6,"turns":4},{"damage":4,"enemies":"Jaw Worm","floor":8,"turns":3},{"damage":7,"enemies":"Red Slaver","floor":10,"turns":2},{"damage":5,"enemies":"Gremlin Gang","floor":11,"turns":2},{"damage":13,"enemies":"Gremlin Nob","floor":12,"turns":3},{"damage":5,"enemies":"2 Fungi Beasts","floor":14,"turns":3},{"damage":2,"enemies":"Exordium Wildlife","floor":15,"turns":2},{"damage":16,"enemies":"IC_STATUS_ARCHETYPE","floor":16,"turns":6},{"damage":33,"enemies":"Spheric Guardian","floor":19,"turns":5},{"damage":18,"enemies":"Snake Plant","floor":22,"turns":3},{"damage":24,"enemies":"Centurion and Healer","floor":23,"turns":6},{"damage":14,"enemies":"Cultist and Chosen","floor":25,"turns":3}],"seed_played":"5148138999387734636","potions_obtained":[{"floor":8,"key":"Explosive Potion"},{"floor":11,"key":"Dexterity Potion"},{"floor":19,"key":"AttackPotion"}],"is_trial":false,"path_per_floor":["R","M","?","M","?","$","T","M","R","M","M","E","R","M","M","B",null,"R","M","?","?","M","M","T","M"],"character_chosen":"THE_SPIRIT","items_purchased":[],"campfire_rested":0,"item_purchase_floors":[],"current_hp_per_floor":[70,64,64,62,62,57,57,53,63,56,58,45,45,40,38,22,80,80,54,38,38,27,10,10,0,0,0],"gold":292,"neow_bonus":"BOSS_RELIC","is_daily":false,"chose_seed":false,"campfire_upgraded":3,"win_rate":0.0,"timestamp":1612073346,"path_taken":["R","M","?","M","?","$","T","M","R","M","M","E","R","?","M","BOSS","R","M","?","?","M","M","T","?"],"items_purchased_type":[],"build_version":"2020-12-22","purchased_purges":1,"victory":false,"max_hp_per_floor":[70,70,70,70,70,70,70,70,80,80,80,80,80,80,80,80,80,80,80,80,80,80,80,80,80,80,80],"card_choices":[{"not_picked":["hexamod:NightmareGuise","hexamod:AdvancingGuard"],"picked":"hexamod:RainOfEmbers","floor":2},{"not_picked":["hexamod:ThermalTransfer","hexamod:HeatMetal"],"picked":"hexamod:HeatCrush","floor":4},{"not_picked":["hexamod:GhostShield","hexamod:HauntingEcho"],"picked":"hexamod:SuperheatedStrike","floor":6},{"not_picked":["hexamod:SuperheatedStrike","hexamod:RetreatToShadows"],"picked":"hexamod:AdvancingGuard","floor":8},{"not_picked":["hexamod:SwordOfDarkness","hexamod:SuperheatedStrike"],"picked":"hexamod:FirstSeal","floor":10},{"not_picked":["hexamod:PowerFromBeyond","hexamod:AdvancingGuard"],"picked":"hexamod:BurningTouch","floor":11},{"not_picked":["hexamod:BurningTouch","hexamod:NightmareStrike","hexamod:FlamesFromBeyond"],"picked":"SKIP","floor":12},{"not_picked":["hexamod:ThirdSeal","hexamod:ChargedBarrage"],"picked":"hexamod:FifthSeal","floor":14},{"not_picked":["hexamod:ThermalTransfer","hexamod:HeatMetal","hexamod:NightmareStrike"],"picked":"SKIP","floor":15},{"not_picked":["hexamod:TurnItUp","hexamod:VolcanoVisage"],"picked":"hexamod:Toasty","floor":16},{"not_picked":["hexamod:FirstSeal","hexamod:ThirdSeal"],"picked":"hexamod:SixthSeal","floor":19},{"not_picked":["hexamod:InspiringFlames","hexamod:PowerFromBeyond","hexamod:SkipABeat+1"],"picked":"SKIP","floor":19},{"not_picked":["hexamod:SwordOfDarkness+1","hexamod:ShieldOfDarkness+1"],"picked":"hexamod:SpectralSpark+1","floor":22},{"not_picked":["hexamod:BurningTouch","hexamod:NightmareStrike"],"picked":"hexamod:ExtraCrispy","floor":23}],"player_experience":289139,"relics_obtained":[{"floor":12,"key":"ScarletDevilRocket"},{"floor":20,"key":"Nilry\u0027s Codex"},{"floor":24,"key":"Regal Pillow"}],"event_choices":[],"is_beta":false,"boss_relics":[{"not_picked":["SacredBark","aspiration:RunicSpoon"],"picked":"Empty Cage"}],"items_purged_floors":[6],"is_endless":false,"potions_floor_spawned":[8,11,12,15,19],"killed_by":"Cultist and Chosen","ascension_level":2}}