{"host":"aqym1xxr3lb31d9m","time":1612064026,"event":{"mods":["BaseMod","Block Reminder","Colored Map","Colored Powertips","DeckTracker","Highlight Path","Minty Spire (QoL Compilation)","Quick Restart","Random Character Button","StSLib","SuperFastMode","UnlockEverythingMod"],"gold_per_floor":[16,16,16,27,39,39,39,71,71,85,102,102,102,114,114,188,188,208,219,17,17,35,69,85,85,85],"floor_reached":25,"language":"JPN","playtime":978,"items_purged":[],"score":450,"play_id":"55ad58e0-a8d2-43f9-9bde-8fe6eb162247","local_time":"20210131123346","is_ascension_mode":true,"campfire_choices":[{"data":"Sunder","floor":6.0,"key":"SMITH"},{"data":"White Noise","floor":12.0,"key":"SMITH"},{"data":"Defragment","floor":15.0,"key":"SMITH"}],"circlet_count":0,"master_deck":["AscendersBane","Strike_B","Strike_B","Strike_B","Strike_B","Defend_B","Defend_B","Defend_B","Defend_B","Zap","Dualcast","Apotheosis+1","Sweeping Beam","Sunder+1","White Noise+1","Undo","Streamline+1","Hologram","Defragment+1","Echo Form","Recycle+1","Cold Snap+1","Master of Strategy","RitualDagger+1","Go for the Eyes+1","FTL+1","Steam Power+1"],"relics":["Cracked Core","TungstenRod","Molten Egg 2","Philosopher\u0027s Stone","Toxic Egg 2"],"acts_visited":["Exordium","TheCity"],"potions_floor_usage":[],"damage_taken":[{"damage":3.0,"enemies":"2 Louse","floor":1.0,"turns":3.0},{"damage":7.0,"enemies":"Jaw Worm","floor":4.0,"turns":3.0},{"damage":1.0,"enemies":"Cultist","floor":5.0,"turns":3.0},{"damage":10.0,"enemies":"3 Sentries","floor":8.0,"turns":2.0},{"damage":14.0,"enemies":"3 Louse","floor":10.0,"turns":3.0},{"damage":0.0,"enemies":"Exordium Wildlife","floor":11.0,"turns":4.0},{"damage":0.0,"enemies":"Blue Slaver","floor":14.0,"turns":4.0},{"damage":12.0,"enemies":"The Guardian","floor":16.0,"turns":11.0},{"damage":11.0,"enemies":"Spheric Guardian","floor":18.0,"turns":4.0},{"damage":0.0,"enemies":"Chosen","floor":19.0,"turns":5.0},{"damage":0.0,"enemies":"Snake Plant","floor":22.0,"turns":1.0},{"damage":14.0,"enemies":"Gremlin Leader","floor":23.0,"turns":7.0},{"damage":12,"enemies":"3 Cultists","floor":24,"turns":4},{"damage":21,"enemies":"Shelled Parasite and Fungi","floor":25,"turns":1}],"seed_played":"-2998312554289261476","potions_obtained":[{"floor":1.0,"key":"LiquidMemories"},{"floor":4.0,"key":"LiquidBronze"},{"floor":5.0,"key":"Explosive Potion"},{"floor":13.0,"key":"Regen Potion"},{"floor":22.0,"key":"SkillPotion"},{"floor":24,"key":"LiquidMemories"}],"is_trial":false,"path_per_floor":["M","?","?","M","M","R","$","E","T","M","M","R","?","M","R","B",null,"M","M","$","?","M","E","M","M"],"character_chosen":"DEFECT","items_purchased":["Master of Strategy"],"campfire_rested":0,"item_purchase_floors":[20],"current_hp_per_floor":[61,61,61,54,53,53,53,43,43,29,29,29,29,29,29,32,61,50,50,50,45,45,31,19,0,0],"gold":85,"neow_bonus":"RANDOM_COLORLESS_2","is_daily":false,"chose_seed":false,"campfire_upgraded":3,"win_rate":0.0,"timestamp":1612064026,"path_taken":["M","?","?","M","M","R","?","E","T","M","M","R","?","?","R","BOSS","M","M","$","?","M","E","M","M"],"items_purchased_type":["Card"],"build_version":"2020-12-22","purchased_purges":0,"victory":false,"max_hp_per_floor":[71,71,71,71,71,71,71,71,71,71,71,71,71,71,71,71,71,71,71,71,71,71,71,71,71,71],"card_choices":[{"not_picked":["Secret Weapon","Chrysalis"],"picked":"Apotheosis","floor":0.0},{"not_picked":["Compile Driver","Loop"],"picked":"Sweeping Beam","floor":1.0},{"not_picked":["Conserve Battery","Loop"],"picked":"Sunder","floor":4.0},{"not_picked":["Turbo","Leap"],"picked":"White Noise","floor":5.0},{"not_picked":["Redo","Steam"],"picked":"Undo","floor":8.0},{"not_picked":["Hologram","Doom and Gloom+1"],"picked":"Streamline+1","floor":10.0},{"not_picked":["Gash+1","Recycle"],"picked":"Hologram","floor":11.0},{"not_picked":["Beam Cell+1","Stack"],"picked":"Defragment","floor":14.0},{"not_picked":["Seek","Core Surge+1"],"picked":"Echo Form","floor":16.0},{"not_picked":["Gash+1","Stack"],"picked":"Recycle+1","floor":18.0},{"not_picked":["Go for the Eyes+1","Steam+1"],"picked":"Cold Snap+1","floor":19.0},{"not_picked":["Gash+1","Hello World"],"picked":"Go for the Eyes+1","floor":22.0},{"not_picked":["Conserve Battery+1","Multi-Cast+1"],"picked":"FTL+1","floor":23.0},{"not_picked":["Force Field+1","Gash+1"],"picked":"Steam Power+1","floor":24}],"player_experience":4138137,"relics_obtained":[{"floor":8.0,"key":"TungstenRod"},{"floor":9.0,"key":"Molten Egg 2"},{"floor":23.0,"key":"Toxic Egg 2"}],"event_choices":[{"damage_healed":0.0,"max_hp_gain":0.0,"max_hp_loss":0.0,"gold_gain":0.0,"event_name":"Living Wall","player_choice":"Grow","floor":2.0,"gold_loss":0.0,"damage_taken":0.0,"cards_upgraded":["Apotheosis"]},{"damage_healed":0.0,"max_hp_gain":0.0,"max_hp_loss":0.0,"gold_gain":0.0,"event_name":"Shining Light","player_choice":"Ignored","floor":3.0,"gold_loss":0.0,"damage_taken":0.0},{"damage_healed":0.0,"max_hp_gain":0.0,"max_hp_loss":0.0,"gold_gain":0.0,"event_name":"Lab","player_choice":"Got Potions","floor":13.0,"gold_loss":0.0,"damage_taken":0.0},{"damage_healed":0.0,"max_hp_gain":0.0,"max_hp_loss":0.0,"gold_gain":0.0,"event_name":"Nest","player_choice":"Joined the Cult","floor":21.0,"gold_loss":0.0,"damage_taken":6.0,"cards_obtained":["RitualDagger"]}],"is_beta":false,"boss_relics":[{"not_picked":["Black Star","Sozu"],"picked":"Philosopher\u0027s Stone"}],"items_purged_floors":[],"is_endless":false,"potions_floor_spawned":[1,4,5,22,24],"killed_by":"Shelled Parasite and Fungi","ascension_level":20}}