{"host":"x5w9zppki4gdwvc7","time":1612099947,"event":{"mods":["AchievementEnabler","BaseMod","Colored Powertips","DeckTracker","Minty Spire (QoL Compilation)","Relic Sorter","SuperFastMode"],"gold_per_floor":[115,115,135,151,226,226,254,254,278,278,278,278],"floor_reached":11,"language":"ENG","playtime":438,"items_purged":[],"score":78,"play_id":"6bece66d-f40b-47cb-abe1-929369fad03b","local_time":"20210131143227","is_ascension_mode":true,"campfire_choices":[{"data":"Neutralize","floor":6,"key":"SMITH"},{"floor":8,"key":"REST"}],"circlet_count":0,"master_deck":["Strike_G","Strike_G","Strike_G","Strike_G","Defend_G","Defend_G","Defend_G","Defend_G","Defend_G","Survivor","Neutralize+1","Night Terror","Riddle With Holes","Acrobatics","Injury"],"relics":["Ring of the Snake","MealTicket","Oddly Smooth Stone","Golden Idol"],"acts_visited":["Exordium"],"potions_floor_usage":[],"damage_taken":[{"damage":11,"enemies":"Jaw Worm","floor":1,"turns":8},{"damage":1,"enemies":"Cultist","floor":3,"turns":3},{"damage":0,"enemies":"2 Louse","floor":4,"turns":3},{"damage":38,"enemies":"3 Sentries","floor":7,"turns":13},{"damage":31,"enemies":"Gremlin Nob","floor":11,"turns":4}],"seed_played":"-5017410382124812954","potions_obtained":[{"floor":1,"key":"DistilledChaos"},{"floor":3,"key":"Energy Potion"}],"is_trial":false,"path_per_floor":["M","?","M","M","?","R","E","R","T","?","E"],"character_chosen":"THE_SILENT","items_purchased":[],"campfire_rested":1,"item_purchase_floors":[],"current_hp_per_floor":[59,59,58,58,47,47,9,30,30,30,0,0],"gold":278,"neow_bonus":"ONE_RANDOM_RARE_CARD","is_daily":false,"chose_seed":false,"campfire_upgraded":1,"win_rate":0.0,"timestamp":1612099947,"path_taken":["M","?","?","?","?","R","E","R","T","?","E"],"items_purchased_type":[],"build_version":"2020-12-22","purchased_purges":0,"victory":false,"max_hp_per_floor":[70,70,70,70,70,70,70,70,70,70,70,70],"card_choices":[{"not_picked":["Eviscerate","Concentrate","All Out Attack"],"picked":"SKIP","floor":1},{"not_picked":["Sucker Punch","Poisoned Stab","Heel Hook"],"picked":"SKIP","floor":3},{"not_picked":["Poisoned Stab","Bane","Accuracy"],"picked":"SKIP","floor":4},{"not_picked":["Outmaneuver","Concentrate"],"picked":"Acrobatics","floor":7}],"player_experience":317174,"relics_obtained":[{"floor":7,"key":"MealTicket"},{"floor":9,"key":"Oddly Smooth Stone"}],"event_choices":[{"damage_healed":0,"gold_gain":0,"cards_transformed":["Strike_G"],"player_choice":"Transformed","damage_taken":0,"max_hp_gain":0,"max_hp_loss":0,"event_name":"Transmorgrifier","floor":2,"gold_loss":0,"cards_obtained":["Riddle With Holes"]},{"damage_healed":0,"gold_gain":75,"player_choice":"Gather Gold","damage_taken":11,"max_hp_gain":0,"max_hp_loss":0,"event_name":"World of Goop","floor":5,"gold_loss":0},{"damage_healed":0,"gold_gain":0,"player_choice":"Take Wound","damage_taken":0,"relics_obtained":["Golden Idol"],"max_hp_gain":0,"max_hp_loss":0,"event_name":"Golden Idol","floor":10,"gold_loss":0,"cards_obtained":["Injury"]}],"is_beta":false,"boss_relics":[],"items_purged_floors":[],"is_endless":false,"potions_floor_spawned":[1,3],"killed_by":"Gremlin Nob","ascension_level":2}}