{"host":"hszimsrtxxc2k25w","time":1612121511,"event":{"mods":["AchievementEnabler","BaseMod","Colored Map","DeckTracker","Minty Spire (QoL Compilation)","Rare Cards Sparkle","SuperFastMode"],"gold_per_floor":[116,391,235,255,255,285,298,36,36,61,91,91,91],"floor_reached":12,"language":"KOR","playtime":250,"items_purged":["Regret","Strike_G"],"score":216,"play_id":"d1358930-0a10-4aaf-83b5-37abbcf901c2","local_time":"20210201043151","is_ascension_mode":true,"campfire_choices":[],"circlet_count":0,"master_deck":["AscendersBane","Strike_G","Strike_G","Strike_G","Strike_G","Defend_G","Defend_G","Defend_G","Defend_G","Defend_G","Survivor","Neutralize","Bouncing Flask","Noxious Fumes","Dagger Spray","Prepared"],"relics":["Ring of the Snake","NeowsBlessing","Pantograph","TwistedFunnel","Bag of Preparation","Molten Egg 2","Odd Mushroom"],"acts_visited":["Exordium"],"potions_floor_usage":[12,12],"damage_taken":[{"damage":0,"enemies":"Small Slimes","floor":1,"turns":1},{"damage":0,"enemies":"Cultist","floor":4,"turns":1},{"damage":0,"enemies":"Gremlin Nob","floor":6,"turns":1},{"damage":7,"enemies":"Jaw Worm","floor":7,"turns":4},{"damage":34,"enemies":"Lagavulin","floor":10,"turns":7},{"damage":10,"enemies":"The Mushroom Lair","floor":11,"turns":3},{"damage":6,"enemies":"Gremlin Nob","floor":12,"turns":3}],"seed_played":"-4322326294680785155","potions_obtained":[{"floor":4,"key":"SneckoOil"},{"floor":6,"key":"Strength Potion"},{"floor":11,"key":"DuplicationPotion"}],"is_trial":false,"path_per_floor":["M","?","$","M","?","E","M","$","T","E","?","E"],"character_chosen":"THE_SILENT","items_purchased":["Noxious Fumes","TwistedFunnel"],"campfire_rested":0,"item_purchase_floors":[3,8],"current_hp_per_floor":[59,59,59,59,59,59,52,52,52,18,8,2,2],"gold":91,"neow_bonus":"THREE_ENEMY_KILL","is_daily":false,"chose_seed":false,"campfire_upgraded":0,"win_rate":0.0,"timestamp":1612121511,"path_taken":["M","?","$","?","?","E","M","$","T","E","?","E"],"items_purchased_type":["Card","Relic"],"build_version":"2020-12-22","purchased_purges":2,"victory":false,"max_hp_per_floor":[66,66,66,66,66,66,66,66,66,66,66,66,66],"card_choices":[{"not_picked":["Backflip","Tactician"],"picked":"Bouncing Flask","floor":1},{"not_picked":["PiercingWail","Bane","Expertise"],"picked":"SKIP","floor":4},{"not_picked":["Poisoned Stab","Expertise"],"picked":"Dagger Spray","floor":6},{"not_picked":["Setup","Finisher","Slice"],"picked":"SKIP","floor":7},{"not_picked":["Choke+1","Sucker Punch+1","Finisher+1"],"picked":"SKIP","floor":10},{"not_picked":["Dodge and Roll","Blade Dance"],"picked":"Prepared","floor":11}],"player_experience":660398,"relics_obtained":[{"floor":6,"key":"Pantograph"},{"floor":9,"key":"Bag of Preparation"},{"floor":10,"key":"Molten Egg 2"},{"floor":11,"key":"Odd Mushroom"}],"event_choices":[{"damage_healed":0,"gold_gain":275,"player_choice":"Desecrate","damage_taken":0,"max_hp_gain":0,"max_hp_loss":0,"event_name":"Golden Shrine","floor":2,"gold_loss":0,"cards_obtained":["Regret"]},{"damage_healed":0,"gold_gain":0,"player_choice":"Ignored","damage_taken":0,"max_hp_gain":0,"max_hp_loss":0,"event_name":"Liars Game","floor":5,"gold_loss":0},{"damage_healed":0,"gold_gain":0,"player_choice":"Fought Mushrooms","damage_taken":0,"max_hp_gain":0,"max_hp_loss":0,"event_name":"Mushrooms","floor":11,"gold_loss":0}],"is_beta":false,"boss_relics":[],"items_purged_floors":[3,8],"is_endless":false,"potions_floor_spawned":[4,6,10,11],"killed_by":"Gremlin Nob","ascension_level":19}}