{"host":"o6rpelx2jpc8yies","time":1612076440,"event":{"mods":["BaseMod","Downfall","Minty Spire (QoL Compilation)","StSLib"],"gold_per_floor":[99,116,132,132,132,163,189,222,232,232,32,57,115,127,147,147,147,147],"floor_reached":16,"language":"ENG","playtime":745,"items_purged":[],"score":144,"play_id":"e4bf2347-80d1-4203-94df-c35b8aa7e896","local_time":"20210131000040","is_ascension_mode":true,"campfire_choices":[{"floor":1,"key":"RECALL"},{"floor":11,"key":"REST"}],"circlet_count":0,"master_deck":["bronze:Strike","bronze:Strike","bronze:Strike","bronze:Strike","bronze:Defend","bronze:Defend","bronze:Defend","bronze:Defend","bronze:Replicate","bronze:Goto","bronze:FindAndReplace","bronze:OilSpill","bronze:Optimize","bronze:Constructor","bronze:Frontload","bronze:DarkDash","bronze:Iterate","bronze:Verify","bronze:ItsAFeature","bronze:Constructor"],"relics":["bronze:BronzeCore","Potion Belt","Oddly Smooth Stone","Bronze Scales","downfall:HeartBlessingRed","downfall:HeartBlessingGreen","MealTicket","Dream Catcher"],"acts_visited":["Exordium"],"potions_floor_usage":[15,16],"damage_taken":[{"damage":8,"enemies":"Jaw Worm","floor":2,"turns":4},{"damage":1,"enemies":"2 Louse","floor":3,"turns":3},{"damage":33,"enemies":"Gremlin Nob","floor":6,"turns":4},{"damage":22,"enemies":"Lagavulin","floor":8,"turns":6},{"damage":0,"enemies":"Cultist","floor":9,"turns":3},{"damage":3,"enemies":"3 Sentries","floor":12,"turns":8},{"damage":13,"enemies":"Gremlin Nob","floor":13,"turns":4},{"damage":0,"enemies":"Blue Slaver","floor":14,"turns":2},{"damage":4,"enemies":"Exordium Thugs","floor":15,"turns":2},{"damage":14,"enemies":"SI_SHIV_ARCHETYPE","floor":16,"turns":5}],"seed_played":"-5701188829693271183","potions_obtained":[{"floor":3,"key":"Explosive Potion"},{"floor":6,"key":"PowerPotion"},{"floor":9,"key":"GamblersBrew"},{"floor":14,"key":"bronze:FreeFunctionsPotion"},{"floor":15,"key":"sneckomod:MuddlingPotion"}],"is_trial":false,"path_per_floor":["R","M","M","?","?","E","T","E","M","?","R","E","?","M","M","B"],"character_chosen":"THE_AUTOMATON","items_purchased":[],"campfire_rested":1,"item_purchase_floors":[],"current_hp_per_floor":[70,62,61,61,66,33,33,11,11,11,33,30,17,17,13,0,0,0],"gold":147,"neow_bonus":"ONE_RANDOM_RARE_CARD","is_daily":false,"chose_seed":false,"campfire_upgraded":0,"win_rate":0.0,"timestamp":1612076440,"path_taken":["R","M","M","?","?","E","T","E","M","?","R","E","?","M","M","BOSS"],"items_purchased_type":[],"build_version":"2020-12-22","purchased_purges":0,"victory":false,"max_hp_per_floor":[70,70,70,70,75,75,75,75,75,75,75,75,75,75,75,75,75,75],"card_choices":[{"not_picked":["bronze:Separator","bronze:Repair"],"picked":"bronze:OilSpill","floor":2},{"not_picked":["bronze:ItsAFeature","bronze:BugBarrage"],"picked":"bronze:Optimize","floor":3},{"not_picked":["bronze:Overheat","bronze:ForceShield"],"picked":"bronze:Constructor","floor":6},{"not_picked":["bronze:Boost","bronze:BitShift"],"picked":"bronze:Frontload","floor":8},{"not_picked":["bronze:WildBeam","bronze:BitShift"],"picked":"bronze:DarkDash","floor":9},{"not_picked":["bronze:ForLoop","bronze:Philosophize"],"picked":"bronze:Iterate","floor":12},{"not_picked":["bronze:CutThrough","bronze:Invalidate"],"picked":"bronze:Verify","floor":13},{"not_picked":["bronze:OilSpill","bronze:Shield"],"picked":"bronze:ItsAFeature","floor":14},{"not_picked":["bronze:BuggyMess","bronze:ClassDefault"],"picked":"bronze:Constructor","floor":15}],"player_experience":1885621,"relics_obtained":[{"floor":6,"key":"Potion Belt"},{"floor":7,"key":"Oddly Smooth Stone"},{"floor":8,"key":"Bronze Scales"},{"floor":12,"key":"MealTicket"},{"floor":13,"key":"Dream Catcher"}],"event_choices":[{"damage_healed":0,"gold_gain":0,"player_choice":"Donut","damage_taken":0,"max_hp_gain":5,"max_hp_loss":0,"event_name":"Big Fish","floor":5,"gold_loss":0},{"damage_healed":0,"gold_gain":0,"player_choice":"Fled","damage_taken":0,"max_hp_gain":0,"max_hp_loss":0,"event_name":"Scrap Ooze","floor":10,"gold_loss":0}],"is_beta":false,"boss_relics":[],"items_purged_floors":[],"is_endless":false,"potions_floor_spawned":[3,6,9,14,15],"killed_by":"SI_SHIV_ARCHETYPE","ascension_level":4}}