{"host":"x5w9zppki4gdwvc7","time":1612126698,"event":{"mods":["AchievementEnabler","BaseMod","Colored Powertips","DeckTracker","Minty Spire (QoL Compilation)","Relic Sorter","SuperFastMode"],"gold_per_floor":[219,2,13,13,13,43,56,56,108,120,45,45,70,86,86,86,86],"floor_reached":16,"language":"ENG","playtime":1118,"items_purged":["Strike_G"],"score":127,"play_id":"3d8035d1-2668-4eec-b9d3-85ddba776792","local_time":"20210131215818","is_ascension_mode":true,"campfire_choices":[{"data":"Neutralize","floor":8,"key":"SMITH"},{"floor":12,"key":"REST"},{"data":"Backflip","floor":15,"key":"SMITH"}],"circlet_count":0,"master_deck":["Strike_G","Strike_G","Strike_G","Defend_G","Defend_G+1","Defend_G","Defend_G","Defend_G+1","Survivor","Neutralize+1","Quick Slash","Escape Plan","Slice","Die Die Die","Acrobatics","PiercingWail","Endless Agony","Heel Hook","Dodge and Roll","Backflip+1"],"relics":["Ring of the Snake","Orrery","Centennial Puzzle","Orichalcum","The Courier"],"acts_visited":["Exordium"],"potions_floor_usage":[13,16],"damage_taken":[{"damage":1,"enemies":"2 Louse","floor":1,"turns":3},{"damage":9,"enemies":"Jaw Worm","floor":3,"turns":3},{"damage":24,"enemies":"Gremlin Nob","floor":6,"turns":4},{"damage":0,"enemies":"Cultist","floor":7,"turns":2},{"damage":0,"enemies":"Red Slaver","floor":10,"turns":3},{"damage":6,"enemies":"3 Sentries","floor":13,"turns":8},{"damage":3,"enemies":"Exordium Wildlife","floor":14,"turns":3},{"damage":39,"enemies":"Hexaghost","floor":16,"turns":16}],"seed_played":"-5926200140757192245","potions_obtained":[{"floor":3,"key":"GamblersBrew"},{"floor":10,"key":"Poison Potion"}],"is_trial":false,"path_per_floor":["M","$","M","?","?","E","M","R","T","M","$","R","E","M","R","B"],"character_chosen":"THE_SILENT","items_purchased":["Escape Plan","Orrery"],"campfire_rested":1,"item_purchase_floors":[2,2],"current_hp_per_floor":[69,69,60,46,46,22,22,22,22,22,22,43,37,34,34,0,0],"gold":86,"neow_bonus":"HUNDRED_GOLD","is_daily":false,"chose_seed":false,"campfire_upgraded":2,"win_rate":0.0,"timestamp":1612126698,"path_taken":["M","$","M","?","?","E","?","R","T","M","$","R","E","M","R","BOSS"],"items_purchased_type":["Card","Relic"],"build_version":"2020-12-22","purchased_purges":1,"victory":false,"max_hp_per_floor":[70,70,70,70,70,70,70,70,70,70,70,70,70,70,70,70,70],"card_choices":[{"not_picked":["Outmaneuver","Deflect"],"picked":"Quick Slash","floor":1},{"not_picked":["Dagger Throw","Prepared"],"picked":"Slice","floor":2},{"not_picked":["Poisoned Stab","Cloak And Dagger"],"picked":"Die Die Die","floor":2},{"not_picked":["Bane","Bouncing Flask"],"picked":"Acrobatics","floor":2},{"not_picked":["Noxious Fumes","Predator"],"picked":"PiercingWail","floor":2},{"not_picked":["Poisoned Stab","Deadly Poison"],"picked":"Endless Agony","floor":2},{"not_picked":["Prepared","Acrobatics"],"picked":"Heel Hook","floor":3},{"not_picked":["Concentrate","Dagger Throw"],"picked":"Dodge and Roll","floor":6},{"not_picked":["Crippling Poison","Corpse Explosion","Setup"],"picked":"SKIP","floor":7},{"not_picked":["Cloak And Dagger","Riddle With Holes","Leg Sweep"],"picked":"SKIP","floor":10},{"not_picked":["Sucker Punch","Deadly Poison","PiercingWail"],"picked":"SKIP","floor":13},{"not_picked":["Cloak And Dagger","Underhanded Strike"],"picked":"Backflip","floor":14}],"player_experience":341583,"relics_obtained":[{"floor":6,"key":"Centennial Puzzle"},{"floor":9,"key":"Orichalcum"},{"floor":13,"key":"The Courier"}],"event_choices":[{"damage_healed":0,"gold_gain":0,"player_choice":"Entered Light","damage_taken":14,"max_hp_gain":0,"max_hp_loss":0,"event_name":"Shining Light","floor":4,"gold_loss":0,"cards_upgraded":["Defend_G","Defend_G"]},{"cards_removed":["Strike_G"],"damage_healed":0,"gold_gain":0,"player_choice":"Purged","damage_taken":0,"max_hp_gain":0,"max_hp_loss":0,"event_name":"Purifier","floor":5,"gold_loss":0}],"is_beta":false,"boss_relics":[],"items_purged_floors":[11],"is_endless":false,"potions_floor_spawned":[3,10],"killed_by":"Hexaghost","ascension_level":3}}