{"host":"twbuyd87gsx4w7po","time":1612093778,"event":{"mods":["BaseMod","Downfall","Minty Spire (QoL Compilation)","StSLib"],"gold_per_floor":[99,117,117,131,149,161,187,187,200,200,219,219,249,268,283,384,384,384,394,494,494,504,295,295,323,323,340,340,340,240,265,275,374,374,274,293,306,137,156,174,174,192,92,297,308,337,337,347,363,363,363,363],"floor_reached":50,"language":"ENG","playtime":3345,"items_purged":["downfall:Malfunctioning","hexamod:Strike","hexamod:Defend"],"score":571,"play_id":"a59f2151-ce4e-471f-a225-9ac0c24cfb52","local_time":"20210131034938","is_ascension_mode":true,"campfire_choices":[{"data":"hexamod:Sear","floor":1.0,"key":"SMITH"},{"data":"hexamod:GhostShield","floor":8.0,"key":"SMITH"},{"data":"hexamod:NightmareStrike","floor":12.0,"key":"SMITH"},{"data":"hexamod:ParanormalForm","floor":18.0,"key":"SMITH"},{"floor":26.0,"key":"REST"},{"floor":28.0,"key":"RECALL"},{"data":"hexamod:RetreatToShadows","floor":30.0,"key":"SMITH"},{"data":"hexamod:ForkedFlame","floor":35.0,"key":"SMITH"},{"data":"1","floor":43.0,"key":"LIFT"},{"data":"2","floor":47,"key":"LIFT"}],"circlet_count":0,"master_deck":["hexamod:Strike+1","hexamod:Strike","hexamod:Defend+1","hexamod:Defend","hexamod:Sear+1","hexamod:Float+1","hexamod:Hexaguard+1","hexamod:GhostShield+1","hexamod:NightmareStrike+1","hexamod:SuperheatedStrike","hexamod:RecurringNightmare","hexamod:FlamesFromBeyond","hexamod:ParanormalForm+1","hexamod:FlamesFromBeyond","hexamod:AdvancingGuard+1","hexamod:RetreatToShadows+1","hexamod:RadiantFlame+1","hexamod:FastForward","hexamod:Hexaguard","hexamod:FirstSeal","hexamod:UnleashSpirits","hexamod:SpectersWail","hexamod:PowerFromBeyond","hexamod:NightmareGuise","hexamod:ForkedFlame+1","hexamod:PowerFromBeyond+1","hexamod:FastForward","hexamod:UnleashSpirits","hexamod:GhostLash","hexamod:Hexaguard+1","hexamod:PowerFromBeyond+1","hexamod:NightmareStrike+1","hexamod:NecessarySacrifice+1","hexamod:ApocalypticArmor+1"],"relics":["hexamod:UnbrokenSoul","Oddly Smooth Stone","Dream Catcher","StrikeDummy","Girya","Frozen Egg 2","Ornamental Fan","Happy Flower","downfall:HeartBlessingRed","Blue Candle","hexamod:IceCube","downfall:HeartBlessingGreen","downfall:HeartBlessingBlue","Ancient Tea Set"],"acts_visited":["Exordium","TheCity","TheBeyond"],"potions_floor_usage":[46,49,49,50],"damage_taken":[{"damage":10.0,"enemies":"Small Slimes","floor":2.0,"turns":3.0},{"damage":0.0,"enemies":"2 Louse","floor":4.0,"turns":3.0},{"damage":0.0,"enemies":"Jaw Worm","floor":5.0,"turns":3.0},{"damage":0.0,"enemies":"Large Slime","floor":6.0,"turns":7.0},{"damage":0.0,"enemies":"3 Louse","floor":9.0,"turns":3.0},{"damage":0.0,"enemies":"Gremlin Gang","floor":11.0,"turns":6.0},{"damage":13.0,"enemies":"Lagavulin","floor":13.0,"turns":6.0},{"damage":0.0,"enemies":"Large Slime","floor":14.0,"turns":5.0},{"damage":0.0,"enemies":"Exordium Thugs","floor":15.0,"turns":5.0},{"damage":1.0,"enemies":"WA_ARCHETYPE_RETAIN","floor":16.0,"turns":5.0},{"damage":7.0,"enemies":"Shell Parasite","floor":19.0,"turns":5.0},{"damage":24.0,"enemies":"Colosseum Nobs","floor":20.0,"turns":4.0},{"damage":0.0,"enemies":"Snake Plant","floor":22.0,"turns":4.0},{"damage":0.0,"enemies":"downfall:FleeingMerchant","floor":23.0,"turns":4.0},{"damage":32.0,"enemies":"Book of Stabbing","floor":25.0,"turns":6.0},{"damage":0.0,"enemies":"Centurion and Healer","floor":27.0,"turns":4.0},{"damage":20.0,"enemies":"Gremlin Leader","floor":31.0,"turns":6.0},{"damage":0.0,"enemies":"3 Cultists","floor":32.0,"turns":4.0},{"damage":22.0,"enemies":"DF_ARCHETYPE_CLAW","floor":33.0,"turns":8.0},{"damage":6.0,"enemies":"3 Darklings","floor":36.0,"turns":4.0},{"damage":0.0,"enemies":"3 Shapes","floor":37.0,"turns":5.0},{"damage":0.0,"enemies":"downfall:FleeingMerchant","floor":38.0,"turns":4.0},{"damage":4.0,"enemies":"Spire Growth","floor":39.0,"turns":4.0},{"damage":16.0,"enemies":"Sphere and 2 Shapes","floor":40.0,"turns":4.0},{"damage":15.0,"enemies":"Jaw Worm Horde","floor":42.0,"turns":5.0},{"damage":0.0,"enemies":"downfall:FleeingMerchant","floor":44.0,"turns":4.0},{"damage":3.0,"enemies":"Transient","floor":45.0,"turns":5.0},{"damage":18,"enemies":"Giant Head","floor":46,"turns":7},{"damage":3,"enemies":"Spire Growth","floor":48,"turns":4},{"damage":6,"enemies":"Jaw Worm Horde","floor":49,"turns":3},{"damage":103,"enemies":"IC_BLOCK_ARCHETYPE","floor":50,"turns":4}],"seed_played":"-4576845931509656946","potions_obtained":[{"floor":4.0,"key":"Fire Potion"},{"floor":6.0,"key":"SpeedPotion"},{"floor":13.0,"key":"PowerPotion"},{"floor":14.0,"key":"hexamod:SoulburnPotion"},{"floor":20.0,"key":"hexamod:InfernoChargePotion"},{"floor":25.0,"key":"Explosive Potion"},{"floor":27.0,"key":"hexamod:DoubleChargePotion"},{"floor":29.0,"key":"Block Potion"},{"floor":31.0,"key":"Fire Potion"},{"floor":37.0,"key":"Energy Potion"},{"floor":39.0,"key":"LiquidMemories"},{"floor":45.0,"key":"Fire Potion"},{"floor":46,"key":"AttackPotion"}],"is_trial":false,"path_per_floor":["R","M","?","M","M","M","T","R","M","?","M","R","E","M","M","B",null,"R","M","?","?","M","$","T","E","R","M","R","?","R","E","M","B",null,"R","M","M","$","M","M","T","M","R","$","M","E","R","M","M","B"],"character_chosen":"THE_SPIRIT","items_purchased":["hexamod:Hexaguard","hexamod:FirstSeal","hexamod:GhostLash"],"campfire_rested":1,"item_purchase_floors":[23,23,38],"current_hp_per_floor":[70,60,60,60,60,60,60,60,60,60,60,60,47,47,47,46,70,70,63,39,39,39,39,39,14,35,42,42,42,42,29,36,21,70,70,70,70,70,70,61,61,53,63,70,74,63,63,60,54,0,0,0],"gold":363,"neow_bonus":"UPGRADE_CARD","is_daily":false,"chose_seed":false,"campfire_upgraded":6,"win_rate":0.0,"timestamp":1612093778,"path_taken":["R","M","?","M","M","M","T","R","M","?","M","R","E","M","M","BOSS","R","M","?","?","M","$","T","E","R","M","R","?","R","E","M","BOSS","R","M","M","$","M","M","T","M","R","$","?","E","R","M","M","BOSS"],"items_purchased_type":["Card","Card","Card"],"build_version":"2020-12-22","purchased_purges":3,"victory":false,"max_hp_per_floor":[70,70,70,70,70,70,70,70,70,70,70,70,70,70,70,70,70,70,70,70,70,70,70,70,70,70,70,70,70,70,70,70,70,70,70,70,70,70,70,70,70,70,80,80,80,80,80,80,80,80,80,80],"card_choices":[{"not_picked":["hexamod:GhostShield","hexamod:Firestarter"],"picked":"hexamod:Hexaguard","floor":2.0},{"not_picked":["hexamod:SwordOfDarkness","hexamod:SuperheatedStrike","hexamod:HeatShield"],"picked":"SKIP","floor":4.0},{"not_picked":["hexamod:BacktrackSmack","hexamod:PhantomFireball"],"picked":"hexamod:GhostShield","floor":5.0},{"not_picked":["hexamod:GhostShield","hexamod:FlamesFromBeyond"],"picked":"hexamod:NightmareStrike","floor":6.0},{"not_picked":["hexamod:GhostOfSpirePast","hexamod:InspiringFlames","hexamod:AdvancingGuard"],"picked":"SKIP","floor":9.0},{"not_picked":["hexamod:NecessarySacrifice","hexamod:ChargedBarrage"],"picked":"hexamod:SuperheatedStrike","floor":11.0},{"not_picked":["hexamod:ThermalTransfer","hexamod:Firestarter","hexamod:ShieldOfDarkness"],"picked":"SKIP","floor":13.0},{"not_picked":["hexamod:HauntingEcho","hexamod:DynamicBlow"],"picked":"hexamod:RecurringNightmare","floor":14.0},{"not_picked":["hexamod:BacktrackSmack","hexamod:HeatShield"],"picked":"hexamod:FlamesFromBeyond","floor":15.0},{"not_picked":["hexamod:FlameSwitch","hexamod:GiftsFromTheDead"],"picked":"hexamod:ParanormalForm","floor":16.0},{"not_picked":["hexamod:HauntingEcho","hexamod:SuperheatedStrike"],"picked":"hexamod:FlamesFromBeyond","floor":19.0},{"not_picked":["hexamod:SwordOfDarkness+1","hexamod:FlamesFromBeyond"],"picked":"hexamod:AdvancingGuard+1","floor":20.0},{"not_picked":["hexamod:ShieldOfDarkness","hexamod:SoulSteal"],"picked":"hexamod:FastForward","floor":22.0},{"not_picked":["hexamod:SwordOfDarkness","hexamod:SpectralSpark","hexamod:Incineration"],"picked":"SKIP","floor":23.0},{"not_picked":["hexamod:ForkedFlame","hexamod:PhantomCloak+1"],"picked":"hexamod:UnleashSpirits","floor":25.0},{"not_picked":["hexamod:SuperheatedStrike+1","hexamod:AdvancingGuard+1"],"picked":"hexamod:SpectersWail","floor":26.0},{"not_picked":["hexamod:RainOfEmbers","hexamod:FlamesFromBeyond"],"picked":"hexamod:PowerFromBeyond","floor":27.0},{"not_picked":["hexamod:InspiringFlames","hexamod:SwordOfDarkness","hexamod:GhostOfSpirePast+1"],"picked":"SKIP","floor":31.0},{"not_picked":["hexamod:HauntingEcho","hexamod:HeatMetal+1"],"picked":"hexamod:NightmareGuise","floor":32.0},{"not_picked":["hexamod:UnlimitedPower","hexamod:VolcanoVisage+1"],"picked":"hexamod:ForkedFlame","floor":33.0},{"not_picked":["hexamod:ThermalTransfer","hexamod:AdvancingGuard+1"],"picked":"hexamod:PowerFromBeyond+1","floor":36.0},{"not_picked":["hexamod:BacktrackSmack","hexamod:SkipABeat"],"picked":"hexamod:FastForward","floor":37.0},{"not_picked":["hexamod:BacktrackSmack","hexamod:Rewind"],"picked":"hexamod:UnleashSpirits","floor":38.0},{"not_picked":["hexamod:GhostOfSpirePast+1","hexamod:SwordOfDarkness+1"],"picked":"hexamod:Hexaguard+1","floor":39.0},{"not_picked":["hexamod:FlamesFromBeyond+1","hexamod:Firestarter+1"],"picked":"hexamod:PowerFromBeyond+1","floor":40.0},{"not_picked":["hexamod:RainOfEmbers","hexamod:HeatMetal"],"picked":"hexamod:NightmareStrike+1","floor":42.0},{"not_picked":["hexamod:HauntingEcho+1","hexamod:SecondSeal"],"picked":"hexamod:NecessarySacrifice+1","floor":44.0},{"not_picked":["hexamod:SuperheatedStrike","hexamod:FirstSeal","hexamod:BurningTouch+1"],"picked":"SKIP","floor":45.0},{"not_picked":["hexamod:HauntingEcho+1","hexamod:ExtraCrispy+1"],"picked":"hexamod:ApocalypticArmor+1","floor":46},{"not_picked":["hexamod:FlamesFromBeyond","hexamod:RainOfEmbers+1","hexamod:RetreatToShadows"],"picked":"SKIP","floor":48},{"not_picked":["hexamod:SpectralSpark","hexamod:Incineration","hexamod:SwordOfDarkness"],"picked":"SKIP","floor":49}],"player_experience":394816,"relics_obtained":[{"floor":7.0,"key":"Oddly Smooth Stone"},{"floor":13.0,"key":"StrikeDummy"},{"floor":20.0,"key":"Girya"},{"floor":20.0,"key":"Frozen Egg 2"},{"floor":24.0,"key":"Ornamental Fan"},{"floor":25.0,"key":"Happy Flower"},{"floor":31.0,"key":"Blue Candle"},{"floor":46,"key":"Ancient Tea Set"}],"event_choices":[{"damage_healed":0.0,"max_hp_gain":0.0,"max_hp_loss":0.0,"gold_gain":0.0,"cards_transformed":["hexamod:Strike","hexamod:Defend"],"event_name":"Drug Dealer","player_choice":"Became Test Subject","floor":21.0,"gold_loss":0.0,"damage_taken":0.0,"cards_obtained":["hexamod:RetreatToShadows","hexamod:RadiantFlame"]},{"damage_healed":0.0,"max_hp_gain":0.0,"max_hp_loss":0.0,"gold_gain":0.0,"event_name":"Lab","player_choice":"Got Potions","floor":29.0,"gold_loss":0.0,"damage_taken":0.0}],"is_beta":false,"boss_relics":[{"not_picked":["SacredBark","bronze:MakeshiftBattery"],"picked":"hexamod:UnbrokenSoul"},{"not_picked":["Coffee Dripper","Calling Bell"],"picked":"hexamod:IceCube"}],"items_purged_floors":[23,38,44],"is_endless":false,"potions_floor_spawned":[4,6,13,14,20,25,27,31,37,39,45,46],"killed_by":"IC_BLOCK_ARCHETYPE","ascension_level":1}}