{"host":"ji1fk25fd1ga4ji1","time":1612059306,"event":{"mods":["2.2 Compatiblity","BaseMod","Colored Map","DeckTracker","Minty Spire (QoL Compilation)","Permanent Neow","Quick Restart","StSLib","SuperFastMode"],"gold_per_floor":[19,36,54,54,69,109,109,143,168,180,233,268,280,312,324,461,473,505,328,328,343,136,175,175,100,152,152,165,165,165,190,190,313,313,337,361,361,199,219,219,262,278,278,278,296,315,328,352,352,352,352,352,26,61,61,61],"floor_reached":55,"language":"KOR","playtime":1125,"items_purged":["Strike_R","Strike_R","Entrench","Pommel Strike"],"score":827,"play_id":"1053ea4e-b9dd-4556-ba89-595eb08fe781","local_time":"20210131111506","is_ascension_mode":true,"campfire_choices":[{"data":"Berserk","floor":7.0,"key":"SMITH"},{"data":"Spot Weakness","floor":10.0,"key":"SMITH"},{"data":"Spot Weakness","floor":15.0,"key":"SMITH"},{"floor":24.0,"key":"RECALL"},{"data":"Demon Form","floor":27.0,"key":"SMITH"},{"floor":30.0,"key":"REST"},{"data":"Ghostly Armor","floor":32.0,"key":"SMITH"},{"data":"Bash","floor":40.0,"key":"SMITH"},{"floor":44,"key":"REST"},{"data":"Battle Trance","floor":49,"key":"SMITH"},{"data":"Intimidate","floor":52,"key":"SMITH"}],"circlet_count":0,"master_deck":["Bash+1","Anger","Berserk+1","Spot Weakness+1","Spot Weakness+1","Anger","Anger","Demon Form+1","Reaper","Anger","Intimidate+1","Battle Trance+1","Shrug It Off+1"],"relics":["Burning Blood","Golden Idol","Strawberry","Bronze Scales","MawBank","MealTicket","Black Star","Membership Card","Mango","Smiling Mask","Red Skull","Pandora\u0027s Box","HandDrill","Pen Nib","Centennial Puzzle","Calipers","War Paint","Orrery","Lantern","Gremlin Horn","Turnip"],"acts_visited":["Exordium","TheCity","TheBeyond","TheEnding"],"potions_floor_usage":[45,47,55],"damage_taken":[{"damage":9.0,"enemies":"Cultist","floor":1.0,"turns":3.0},{"damage":6.0,"enemies":"2 Louse","floor":2.0,"turns":2.0},{"damage":2.0,"enemies":"Small Slimes","floor":3.0,"turns":4.0},{"damage":5.0,"enemies":"Looter","floor":5.0,"turns":4.0},{"damage":21.0,"enemies":"Lagavulin","floor":6.0,"turns":6.0},{"damage":11.0,"enemies":"3 Sentries","floor":8.0,"turns":6.0},{"damage":14.0,"enemies":"Gremlin Nob","floor":11.0,"turns":4.0},{"damage":16.0,"enemies":"Large Slime","floor":12.0,"turns":4.0},{"damage":10.0,"enemies":"Exordium Wildlife","floor":14.0,"turns":4.0},{"damage":32.0,"enemies":"The Guardian","floor":16.0,"turns":8.0},{"damage":15.0,"enemies":"Chosen","floor":18.0,"turns":4.0},{"damage":10.0,"enemies":"Spheric Guardian","floor":21.0,"turns":4.0},{"damage":42.0,"enemies":"Slavers","floor":23.0,"turns":5.0},{"damage":21.0,"enemies":"Snake Plant","floor":28.0,"turns":5.0},{"damage":27.0,"enemies":"Snecko","floor":31.0,"turns":5.0},{"damage":25.0,"enemies":"Champ","floor":33.0,"turns":8.0},{"damage":39.0,"enemies":"3 Shapes","floor":35.0,"turns":6.0},{"damage":61.0,"enemies":"3 Darklings","floor":36.0,"turns":7.0},{"damage":24.0,"enemies":"Transient","floor":39.0,"turns":5.0},{"damage":85.0,"enemies":"Reptomancer","floor":41.0,"turns":7.0},{"damage":35,"enemies":"Jaw Worm Horde","floor":42,"turns":3},{"damage":87,"enemies":"3 Darklings","floor":45,"turns":6},{"damage":21,"enemies":"Maw","floor":46,"turns":5},{"damage":28,"enemies":"Sphere and 2 Shapes","floor":47,"turns":3},{"damage":11,"enemies":"Transient","floor":48,"turns":5},{"damage":82,"enemies":"Donu and Deca","floor":50,"turns":4},{"damage":96,"enemies":"Shield and Spear","floor":54,"turns":4},{"damage":75,"enemies":"The Heart","floor":55,"turns":3}],"seed_played":"4656693869831521833","potions_obtained":[{"floor":2.0,"key":"SkillPotion"},{"floor":5.0,"key":"Swift Potion"},{"floor":6.0,"key":"Explosive Potion"},{"floor":12.0,"key":"SkillPotion"},{"floor":21.0,"key":"Explosive Potion"},{"floor":23.0,"key":"Block Potion"},{"floor":33.0,"key":"BloodPotion"},{"floor":36.0,"key":"PowerPotion"},{"floor":41.0,"key":"SpeedPotion"},{"floor":45,"key":"Fruit Juice"}],"is_trial":false,"path_per_floor":["M","M","M","?","M","E","R","E","T","R","E","M","?","M","R","B",null,"M","$","?","M","$","E","R","?","T","R","M","?","R","M","R","B",null,"M","M","?","$","M","R","E","M","T","R","M","M","M","M","R","B",null,"R","$","E","B"],"character_chosen":"IRONCLAD","items_purchased":["Membership Card","Mango","HandDrill","Regen Potion","FairyPotion","War Paint","Orrery","Lantern"],"campfire_rested":2,"item_purchase_floors":[19,22,38,38,53,53,53,53],"current_hp_per_floor":[77,77,80,74,74,66,66,61,61,61,53,43,43,39,39,13,81,72,81,81,77,95,59,59,59,59,59,44,44,72,51,51,32,95,78,58,58,73,95,95,55,70,70,95,47,32,26,100,100,100,100,100,100,10,0,0],"gold":61,"neow_bonus":"TRANSFORM_TWO_CARDS","is_daily":false,"chose_seed":false,"campfire_upgraded":8,"win_rate":0.0,"timestamp":1612059306,"path_taken":["M","M","M","?","M","E","R","E","T","R","E","M","?","M","R","BOSS","M","$","?","M","$","E","R","?","T","R","M","?","R","M","R","BOSS","M","M","?","$","M","R","E","M","T","R","M","M","M","M","R","BOSS","R","$","E","BOSS"],"items_purchased_type":["Relic","Relic","Relic","Potion","Potion","Relic","Relic","Relic"],"build_version":"2020-12-22","purchased_purges":4,"victory":false,"max_hp_per_floor":[80,80,80,74,74,81,81,81,81,81,81,81,81,81,81,81,81,81,81,81,81,95,95,95,95,95,95,95,95,95,95,95,95,95,95,95,95,95,95,95,95,95,95,95,100,100,100,100,100,100,100,100,100,100,100,100],"card_choices":[{"not_picked":["Armaments","Clothesline","Wild Strike"],"picked":"SKIP","floor":1.0},{"not_picked":["Juggernaut","Flex"],"picked":"Spot Weakness","floor":2.0},{"not_picked":["Headbutt","Clash","Clothesline"],"picked":"SKIP","floor":3.0},{"not_picked":["Armaments","Headbutt"],"picked":"Ghostly Armor","floor":5.0},{"not_picked":["Immolate","Wild Strike"],"picked":"Spot Weakness","floor":6.0},{"not_picked":["Havoc","Second Wind"],"picked":"Anger","floor":8.0},{"not_picked":["Warcry","True Grit","Juggernaut"],"picked":"SKIP","floor":11.0},{"not_picked":["Dual Wield","Cleave"],"picked":"Anger","floor":12.0},{"not_picked":["Rampage","Ghostly Armor","Clash"],"picked":"SKIP","floor":14.0},{"not_picked":["Barricade","Immolate"],"picked":"Demon Form","floor":16.0},{"not_picked":["Iron Wave","Uppercut","Perfected Strike"],"picked":"SKIP","floor":18.0},{"not_picked":["Clothesline","Iron Wave","Perfected Strike"],"picked":"SKIP","floor":21.0},{"not_picked":["Cleave+1","Rupture+1","Rage"],"picked":"SKIP","floor":23.0},{"not_picked":["Sentinel","Warcry","Searing Blow"],"picked":"SKIP","floor":28.0},{"not_picked":["Anger","Pummel+1","Dropkick"],"picked":"SKIP","floor":31.0},{"not_picked":["Demon Form","Fiend Fire"],"picked":"Reaper","floor":33.0},{"not_picked":["Wild Strike","Combust","Cleave"],"picked":"SKIP","floor":35.0},{"not_picked":["Cleave","Clothesline","Rage"],"picked":"SKIP","floor":36.0},{"not_picked":["Intimidate+1","Warcry","Clash"],"picked":"SKIP","floor":39.0},{"not_picked":["Warcry","Perfected Strike","Burning Pact+1"],"picked":"SKIP","floor":41.0},{"not_picked":["Impervious","Iron Wave+1","Feel No Pain"],"picked":"SKIP","floor":42},{"not_picked":["Shockwave+1","Armaments","Sentinel+1"],"picked":"SKIP","floor":45},{"not_picked":["Body Slam+1","Clash+1"],"picked":"Battle Trance","floor":46},{"not_picked":["Rupture+1","Sentinel","Thunderclap+1"],"picked":"SKIP","floor":47},{"not_picked":["Headbutt","Heavy Blade","True Grit+1"],"picked":"SKIP","floor":48},{"not_picked":["Rage+1","Wild Strike"],"picked":"Pommel Strike","floor":53},{"not_picked":["Rage","Feel No Pain+1"],"picked":"Shrug It Off+1","floor":54}],"player_experience":481816,"relics_obtained":[{"floor":6.0,"key":"Strawberry"},{"floor":8.0,"key":"Bronze Scales"},{"floor":9.0,"key":"MawBank"},{"floor":11.0,"key":"MealTicket"},{"floor":23.0,"key":"Smiling Mask"},{"floor":23.0,"key":"Red Skull"},{"floor":41.0,"key":"Pen Nib"},{"floor":41.0,"key":"Centennial Puzzle"},{"floor":43,"key":"Calipers"},{"floor":54,"key":"Gremlin Horn"},{"floor":54,"key":"Turnip"}],"event_choices":[{"damage_healed":0.0,"max_hp_gain":0.0,"max_hp_loss":6.0,"gold_gain":0.0,"event_name":"Golden Idol","player_choice":"Lose Max HP","floor":4.0,"gold_loss":0.0,"damage_taken":0.0,"relics_obtained":["Golden Idol"]},{"damage_healed":0.0,"max_hp_gain":0.0,"max_hp_loss":0.0,"gold_gain":0.0,"event_name":"Lab","player_choice":"Got Potions","floor":13.0,"gold_loss":0.0,"damage_taken":0.0},{"damage_healed":0.0,"max_hp_gain":0.0,"max_hp_loss":0.0,"gold_gain":0.0,"event_name":"Vampires","player_choice":"Ignored","floor":20.0,"gold_loss":0.0,"damage_taken":0.0},{"cards_removed":["Strike_R"],"damage_healed":0.0,"max_hp_gain":0.0,"max_hp_loss":0.0,"gold_gain":0.0,"event_name":"Beggar","player_choice":"Gave Gold","floor":25.0,"gold_loss":75.0,"damage_taken":0.0},{"cards_removed":["Strike_R"],"damage_healed":0.0,"max_hp_gain":0.0,"max_hp_loss":0.0,"gold_gain":0.0,"event_name":"Back to Basics","player_choice":"Elegance","floor":29.0,"gold_loss":0.0,"damage_taken":0.0},{"cards_removed":["Ghostly Armor"],"damage_healed":0.0,"max_hp_gain":0.0,"max_hp_loss":0.0,"gold_gain":0.0,"event_name":"Falling","player_choice":"Removed Skill","floor":37.0,"gold_loss":0.0,"damage_taken":0.0}],"is_beta":false,"boss_relics":[{"not_picked":["SacredBark","Tiny House"],"picked":"Black Star"},{"not_picked":["Calling Bell","Busted Crown"],"picked":"Pandora\u0027s Box"}],"items_purged_floors":[19,22,38,53],"is_endless":false,"potions_floor_spawned":[2,5,6,12,16,21,23,33,36,41,45],"killed_by":"The Heart","ascension_level":1}}