{"host":"w7pthw6r6331n954","time":1612126791,"event":{"mods":["AchievementEnabler","BaseMod","BetterRewards","Card Forge","Colored Map","Colored Powertips","Custom Start","Hero for Fun","Jorbs\u0027s Wanderer Trilogy","Minty Spire (QoL Compilation)","Replay The Spire","Shop Mod","StSLib"],"gold_per_floor":[14,24,24,41,59,59,59,85,174,200,200,213,66,97,97,116,116,212,212,222,116,116,166,166,166,184,283,333,333,333,347,360,377,377,474,474,489,166,179,192,207,238,238,255,329,342,369,94,109,128,128,128,128,128,128,156,156],"floor_reached":58,"language":"ENG","playtime":1155,"items_purged":["Defend_Y","Defend_Y","Defend_Y","Defend_Y","Defend_Y","Strike_Y","Strike_Y","Toss_Stone","Strike_Y+1"],"score":1733,"play_id":"2b4f1a69-1f52-497f-b2a8-36f99b01d954","local_time":"20210131155951","is_ascension_mode":true,"campfire_choices":[{"floor":17,"key":"RECALL"},{"floor":25,"key":"REST"},{"data":"Strike_Y","floor":29,"key":"SMITH"},{"data":"Strike_Y","floor":34,"key":"SMITH"},{"data":"Rip and Tear","floor":51,"key":"SMITH"},{"data":"Toss_Stone","floor":54,"key":"SMITH"}],"circlet_count":0,"master_deck":["Slap+1","Toss_Stone+1","Slap+1","Rip and Tear+1"],"relics":["Cape","Hammer of Thor","Seething Fire","Anvil of the Gods","MerchantsRug","Lantern","PrismaticShard","Blue Doll","Empty Cage"],"acts_visited":["Exordium","TheCity","TheBeyond","TheEnding"],"potions_floor_usage":[],"damage_taken":[{"damage":0,"enemies":"Cultist","floor":1,"turns":1},{"damage":0,"enemies":"2 Louse","floor":2,"turns":1},{"damage":0,"enemies":"Jaw Worm","floor":4,"turns":1},{"damage":0,"enemies":"Red Slaver","floor":5,"turns":1},{"damage":0,"enemies":"Lagavulin","floor":8,"turns":1},{"damage":0,"enemies":"Replay:BlueRogue","floor":10,"turns":1},{"damage":0,"enemies":"Looter","floor":12,"turns":1},{"damage":0,"enemies":"3 Sentries","floor":14,"turns":1},{"damage":0,"enemies":"2 Fungi Beasts","floor":16,"turns":1},{"damage":0,"enemies":"The Guardian","floor":18,"turns":1},{"damage":0,"enemies":"Chosen","floor":20,"turns":1},{"damage":0,"enemies":"3 Byrds","floor":26,"turns":1},{"damage":0,"enemies":"Snake Plant","floor":31,"turns":1},{"damage":0,"enemies":"Snecko","floor":32,"turns":1},{"damage":0,"enemies":"Shelled Parasite and Fungi","floor":33,"turns":1},{"damage":0,"enemies":"Collector","floor":35,"turns":1},{"damage":0,"enemies":"3 Darklings","floor":37,"turns":2},{"damage":0,"enemies":"Orb Walker","floor":39,"turns":1},{"damage":0,"enemies":"3 Darklings","floor":40,"turns":1},{"damage":0,"enemies":"4 Shapes","floor":41,"turns":1},{"damage":0,"enemies":"R_Hoarder","floor":42,"turns":1},{"damage":0,"enemies":"Spire Growth","floor":44,"turns":1},{"damage":0,"enemies":"Transient","floor":46,"turns":1},{"damage":0,"enemies":"Nemesis","floor":47,"turns":1},{"damage":0,"enemies":"Jaw Worm Horde","floor":49,"turns":1},{"damage":0,"enemies":"3 Darklings","floor":50,"turns":1},{"damage":0,"enemies":"Replay:Hell Engine","floor":52,"turns":1},{"damage":0,"enemies":"Shield and Spear","floor":56,"turns":1},{"damage":0,"enemies":"The Heart","floor":57,"turns":4}],"seed_played":"-1737273445964315373","potions_obtained":[{"floor":2,"key":"SmokeBomb"},{"floor":26,"key":"Block Potion"}],"is_trial":false,"path_per_floor":["M","M","$","M","M","PTL","PTL","E","?","E","T","M","$","E","?","M","R","B",null,"M","$","?","?","$","R","M","?","T","R","?","M","M","M","R","B",null,"M","$","M","M","M","E","$","M","T","M","E","$","M","M","R","B",null,"R","$","E","B",null],"character_chosen":"OPM","items_purchased":["MerchantsRug","Slap","PrismaticShard","Toss_Stone","Slap+1"],"campfire_rested":1,"item_purchase_floors":[0,0,13,38,38],"current_hp_per_floor":[999,999,999,999,999,999,999,999,999,999,999,999,999,999,999,999,999,999,999,999,999,999,999,999,999,999,999,999,999,999,999,999,999,999,999,999,999,999,999,999,999,999,999,999,999,999,999,999,999,999,999,999,999,999,999,999,999],"gold":156,"neow_bonus":"","is_daily":false,"chose_seed":false,"campfire_upgraded":4,"win_rate":0.0,"timestamp":1612126791,"path_taken":["M","M","$","M","M","PTL","PTL","E","?","E","T","M","?","E","?","?","R","BOSS","M","$","?","?","$","R","?","?","T","R","?","M","M","M","R","BOSS","M","?","M","M","M","E","$","M","T","M","E","$","M","M","R","BOSS","R","$","E","BOSS"],"items_purchased_type":["Relic","Card","Relic","Card","Card"],"build_version":"2020-12-22","purchased_purges":9,"victory":true,"max_hp_per_floor":[999,999,999,999,999,999,999,999,999,999,999,999,999,999,999,999,999,999,999,999,999,999,999,999,999,999,999,999,999,999,999,999,999,999,999,999,999,999,999,999,999,999,999,999,999,999,999,999,999,999,999,999,999,999,999,999,999],"card_choices":[{"not_picked":["Ignore","Hop","Side_Hop"],"picked":"SKIP","floor":1},{"not_picked":["Hop","Side_Hop","Slap"],"picked":"SKIP","floor":2},{"not_picked":["Yawn","Consecutive_Normal_Punch","Side_Hop"],"picked":"SKIP","floor":4},{"not_picked":["Side_Hop","Toss_Stone","Slap"],"picked":"SKIP","floor":5},{"not_picked":["Yawn","Ignore","Side_Hop"],"picked":"SKIP","floor":8},{"not_picked":["Toss_Stone","Wear_Disguise","Side_Hop"],"picked":"SKIP","floor":10},{"not_picked":["Yawn","Hop","Ignore"],"picked":"SKIP","floor":12},{"not_picked":["Worship","stsjorbsmod:WastingStrike","Clothesline"],"picked":"SKIP","floor":14},{"not_picked":["Flechettes","True Grit","stsjorbsmod:FlameWard"],"picked":"SKIP","floor":16},{"not_picked":["Redo"],"picked":"SKIP","floor":20},{"not_picked":["FollowUp","stsjorbsmod:ParryingBlow","Aggregate"],"picked":"SKIP","floor":26},{"not_picked":["stsjorbsmod:Message","Evaluate+1","Rage+1"],"picked":"SKIP","floor":31},{"not_picked":["Rampage","Hologram+1","Distraction"],"picked":"SKIP","floor":32},{"not_picked":["Fire Breathing+1","Survey Options","Enlightenment+1"],"picked":"SKIP","floor":33},{"not_picked":["ReplayTheSpireMod:Scrap Shanks+1","Perseverance+1","ReachHeaven+1"],"picked":"SKIP","floor":37},{"not_picked":["FlurryOfBlows+1","stsjorbsmod:Pollute","Compile Driver"],"picked":"SKIP","floor":39},{"not_picked":["Ignore+1","stsjorbsmod:Panic","Warcry+1"],"picked":"SKIP","floor":40},{"not_picked":["stsjorbsmod:ParryingBlow+1","stsjorbsmod:Apparate+1"],"picked":"Rip and Tear","floor":41},{"not_picked":["ReplaySort+1","Run Through","Multi-Cast"],"picked":"SKIP","floor":42},{"not_picked":["Cloak And Dagger","stsjorbsmod:Double+1","stsjorbsmod:Aid"],"picked":"SKIP","floor":44},{"not_picked":["PathToVictory","Shrug It Off+1","stsjorbsmod:Cleanse+1"],"picked":"SKIP","floor":46},{"not_picked":["stsjorbsmod:Hibernate","Metallicize+1","stsjorbsmod:Brooding+1"],"picked":"SKIP","floor":47},{"not_picked":["Backflip","Bandage Up+1","Headbutt"],"picked":"SKIP","floor":49},{"not_picked":["Poisoned Stab","Yawn+1","Masterful Stab"],"picked":"SKIP","floor":50},{"not_picked":["Poisoned Strike","stsjorbsmod:Hurt+1","Headbutt+1"],"picked":"SKIP","floor":56}],"player_experience":1193137,"relics_obtained":[{"floor":9,"key":"Lantern"},{"floor":28,"key":"Blue Doll"}],"event_choices":[{"damage_healed":0,"gold_gain":0,"player_choice":"Got Potions","damage_taken":0,"max_hp_gain":0,"max_hp_loss":0,"event_name":"Lab","floor":15,"gold_loss":0},{"damage_healed":0,"gold_gain":0,"player_choice":"Ignored","damage_taken":0,"max_hp_gain":0,"max_hp_loss":0,"event_name":"Vampires","floor":22,"gold_loss":0},{"damage_healed":0,"gold_gain":100,"player_choice":"Bet on Murderer","damage_taken":0,"max_hp_gain":0,"max_hp_loss":0,"event_name":"The Joust","floor":23,"gold_loss":50},{"damage_healed":0,"gold_gain":99,"player_choice":"Stole From Cult","damage_taken":0,"max_hp_gain":0,"max_hp_loss":0,"event_name":"Nest","floor":27,"gold_loss":0},{"damage_healed":0,"gold_gain":0,"player_choice":"Forge","damage_taken":0,"max_hp_gain":0,"max_hp_loss":0,"event_name":"Accursed Blacksmith","floor":30,"gold_loss":0,"cards_upgraded":["Slap"]}],"is_beta":false,"boss_relics":[{"not_picked":["Runic Pyramid","Tiny House"],"picked":"Busted Crown"},{"not_picked":["Coffee Dripper","Sozu"],"picked":"Empty Cage"}],"items_purged_floors":[0,0,0,0,0,0,21,38,48],"is_endless":false,"potions_floor_spawned":[2,4,8,16,18,26,31,35,39,42,44,50,56],"ascension_level":1}}