{"host":"nnmmiiw4bez2c8ei","time":1612068278,"event":{"mods":["AchievementEnabler","BaseMod","Colored Map","Colored Powertips","Minty Spire (QoL Compilation)","Rare Cards Sparkle","StSLib"],"gold_per_floor":[109,34,209,159,159,159,191,191,215,250,261,290,290,310,310,310,310],"floor_reached":16,"language":"KOR","playtime":366,"items_purged":["Defend_G"],"score":191,"play_id":"bccdcfd7-1949-4fc2-ae18-d934efc6d41c","local_time":"20210131134438","is_ascension_mode":true,"campfire_choices":[{"data":"Survivor","floor":6,"key":"SMITH"},{"data":"Neutralize","floor":8,"key":"SMITH"},{"floor":13,"key":"REST"},{"data":"Cloak And Dagger","floor":15,"key":"SMITH"}],"circlet_count":0,"master_deck":["Strike_G","Strike_G","Strike_G","Strike_G","Defend_G","Defend_G","Defend_G","Defend_G","Survivor+1","Neutralize+1","Outmaneuver","Cloak And Dagger+1","Tactician","Dagger Spray","PiercingWail","Backflip"],"relics":["Ring of the Snake","NeowsBlessing","Blue Candle","Dream Catcher","Bag of Marbles","Anchor"],"acts_visited":["Exordium"],"potions_floor_usage":[12],"damage_taken":[{"damage":0,"enemies":"Jaw Worm","floor":1,"turns":1},{"damage":0,"enemies":"Lagavulin","floor":7,"turns":1},{"damage":0,"enemies":"3 Sentries","floor":10,"turns":1},{"damage":0,"enemies":"2 Louse","floor":11,"turns":2},{"damage":21,"enemies":"Gremlin Nob","floor":12,"turns":5},{"damage":0,"enemies":"Small Slimes","floor":14,"turns":2},{"damage":17,"enemies":"Hexaghost","floor":16,"turns":9}],"seed_played":"8051785692742588280","potions_obtained":[{"floor":7,"key":"Poison Potion"},{"floor":10,"key":"EssenceOfSteel"}],"is_trial":false,"path_per_floor":["M","$","?","?","?","R","E","R","T","E","M","E","R","M","R","B"],"character_chosen":"THE_SILENT","items_purchased":[],"campfire_rested":1,"item_purchase_floors":[],"current_hp_per_floor":[70,70,70,70,63,63,63,63,63,63,63,42,63,63,63,46,46],"gold":310,"neow_bonus":"THREE_ENEMY_KILL","is_daily":false,"chose_seed":false,"campfire_upgraded":3,"win_rate":0.0,"timestamp":1612068278,"path_taken":["M","$","?","?","?","R","E","R","T","E","M","E","R","M","R","BOSS"],"items_purchased_type":[],"build_version":"2020-12-22","purchased_purges":1,"victory":false,"max_hp_per_floor":[70,70,70,70,70,70,70,70,70,70,70,70,70,70,70,70,70],"card_choices":[{"not_picked":["Acrobatics","Underhanded Strike"],"picked":"Outmaneuver","floor":1},{"not_picked":["Quick Slash","Prepared","Dash"],"picked":"SKIP","floor":7},{"not_picked":["Footwork","Acrobatics"],"picked":"Cloak And Dagger","floor":10},{"not_picked":["Dagger Throw","Distraction"],"picked":"Tactician","floor":11},{"not_picked":["Deflect","Escape Plan"],"picked":"Dagger Spray","floor":12},{"not_picked":["Endless Agony","Backstab"],"picked":"PiercingWail","floor":13},{"not_picked":["Distraction","Outmaneuver"],"picked":"Backflip","floor":14}],"player_experience":497453,"relics_obtained":[{"floor":7,"key":"Blue Candle"},{"floor":9,"key":"Dream Catcher"},{"floor":10,"key":"Bag of Marbles"},{"floor":12,"key":"Anchor"}],"event_choices":[{"damage_healed":0,"gold_gain":175,"player_choice":"AGREE","damage_taken":0,"max_hp_gain":0,"max_hp_loss":0,"event_name":"Liars Game","floor":3,"gold_loss":0,"cards_obtained":["Doubt"]},{"cards_removed":["Doubt"],"damage_healed":0,"gold_gain":0,"player_choice":"Card Removal","damage_taken":0,"max_hp_gain":0,"max_hp_loss":0,"event_name":"The Cleric","floor":4,"gold_loss":50},{"cards_removed":["Strike_G"],"damage_healed":0,"gold_gain":0,"player_choice":"Card Removal","damage_taken":7,"max_hp_gain":0,"max_hp_loss":0,"event_name":"Golden Wing","floor":5,"gold_loss":0}],"is_beta":false,"boss_relics":[],"items_purged_floors":[2],"is_endless":false,"potions_floor_spawned":[7,10],"killed_by":"Hexaghost","ascension_level":3}}