{"host":"2ty4h143nj8vwezc","time":1612072755,"event":{"mods":["BaseMod","Colored Map","Googly Eyes","Highlight Path","Minty Spire (QoL Compilation)","Quick Restart","StSLib"],"gold_per_floor":[112,123,123,147,147,177,189,189,189,205,237,256,274,328,328,402,402,419,434,434,434],"floor_reached":20,"language":"ENG","playtime":1040,"items_purged":[],"score":390,"play_id":"c1aa3b37-671d-451f-9022-9ddae59b174b","local_time":"20210131005915","is_ascension_mode":true,"campfire_choices":[{"floor":8.0,"key":"REST"},{"floor":15.0,"key":"REST"}],"circlet_count":0,"master_deck":["AscendersBane","Strike_G","Strike_G","Strike_G","Strike_G+1","Strike_G","Defend_G","Defend_G","Defend_G","Defend_G","Defend_G+1","Survivor","Neutralize","Deadly Poison","Terror","Dash","Skewer","Flying Knee","Venomology","Blur","Glass Knife","Outmaneuver","Crippling Poison"],"relics":["Ring of the Snake","NeowsBlessing","Bronze Scales","Bag of Preparation","Happy Flower","Pantograph","Snecko Eye"],"acts_visited":["Exordium","TheCity"],"potions_floor_usage":[20],"damage_taken":[{"damage":0.0,"enemies":"2 Louse","floor":1.0,"turns":1.0},{"damage":0.0,"enemies":"Jaw Worm","floor":2.0,"turns":1.0},{"damage":0.0,"enemies":"Gremlin Nob","floor":6.0,"turns":1.0},{"damage":7.0,"enemies":"Small Slimes","floor":7.0,"turns":3.0},{"damage":14.0,"enemies":"Exordium Wildlife","floor":10.0,"turns":4.0},{"damage":17.0,"enemies":"Lagavulin","floor":11.0,"turns":6.0},{"damage":1.0,"enemies":"Blue Slaver","floor":12.0,"turns":3.0},{"damage":10.0,"enemies":"Large Slime","floor":13.0,"turns":6.0},{"damage":15.0,"enemies":"The Guardian","floor":16.0,"turns":8.0},{"damage":0.0,"enemies":"3 Byrds","floor":18.0,"turns":2.0},{"damage":14.0,"enemies":"Shell Parasite","floor":19.0,"turns":5.0},{"damage":47,"enemies":"Shelled Parasite and Fungi","floor":20,"turns":5}],"seed_played":"4682493248116136731","potions_obtained":[{"floor":6.0,"key":"Dexterity Potion"},{"floor":7.0,"key":"Ancient Potion"},{"floor":11.0,"key":"Strength Potion"},{"floor":12.0,"key":"Poison Potion"},{"floor":19.0,"key":"Ancient Potion"}],"is_trial":false,"path_per_floor":["M","M","?","T","?","E","M","R","T","M","E","M","M","?","R","B",null,"M","M","M"],"character_chosen":"THE_SILENT","items_purchased":[],"campfire_rested":2,"item_purchase_floors":[],"current_hp_per_floor":[59,59,39,39,39,39,32,51,51,37,20,19,9,9,28,38,59,59,45,0,0],"gold":434,"neow_bonus":"THREE_ENEMY_KILL","is_daily":false,"chose_seed":false,"campfire_upgraded":0,"win_rate":0.0,"timestamp":1612072755,"path_taken":["M","M","?","?","?","E","M","R","T","M","E","M","M","?","R","BOSS","M","M","M"],"items_purchased_type":[],"build_version":"2020-12-22","purchased_purges":0,"victory":false,"max_hp_per_floor":[66,66,66,66,66,66,66,66,66,66,66,66,66,66,66,66,66,66,66,66,66],"card_choices":[{"not_picked":["Prepared","Dodge and Roll"],"picked":"Deadly Poison","floor":1.0},{"not_picked":["Poisoned Stab","Infinite Blades"],"picked":"Terror","floor":2.0},{"not_picked":["Deflect","Skewer"],"picked":"Dash","floor":6.0},{"not_picked":["Dagger Throw","Acrobatics"],"picked":"Skewer","floor":7.0},{"not_picked":["Predator","Reflex"],"picked":"Flying Knee","floor":10.0},{"not_picked":["Cloak And Dagger","Blade Dance"],"picked":"Venomology","floor":11.0},{"not_picked":["Backflip","Poisoned Stab","Riddle With Holes"],"picked":"SKIP","floor":12.0},{"not_picked":["Dagger Spray","Distraction"],"picked":"Blur","floor":13.0},{"not_picked":["Doppelganger","Venomology"],"picked":"Glass Knife","floor":16.0},{"not_picked":["Predator","Flying Knee"],"picked":"Outmaneuver","floor":18.0},{"not_picked":["Blade Dance","Dagger Throw"],"picked":"Crippling Poison","floor":19.0}],"player_experience":312957,"relics_obtained":[{"floor":4.0,"key":"Bronze Scales"},{"floor":6.0,"key":"Bag of Preparation"},{"floor":9.0,"key":"Happy Flower"},{"floor":11.0,"key":"Pantograph"}],"event_choices":[{"damage_healed":0.0,"max_hp_gain":0.0,"max_hp_loss":0.0,"gold_gain":0.0,"event_name":"Shining Light","player_choice":"Entered Light","floor":3.0,"gold_loss":0.0,"damage_taken":20.0,"cards_upgraded":["Defend_G","Strike_G"]},{"damage_healed":0.0,"max_hp_gain":0.0,"max_hp_loss":0.0,"gold_gain":0.0,"event_name":"Scrap Ooze","player_choice":"Fled","floor":5.0,"gold_loss":0.0,"damage_taken":0.0},{"damage_healed":0.0,"max_hp_gain":0.0,"max_hp_loss":0.0,"gold_gain":54.0,"event_name":"Golden Wing","player_choice":"Gained Gold","floor":14.0,"gold_loss":0.0,"damage_taken":0.0}],"is_beta":false,"boss_relics":[{"not_picked":["Pandora\u0027s Box","Fusion Hammer"],"picked":"Snecko Eye"}],"items_purged_floors":[],"is_endless":false,"potions_floor_spawned":[6,7,11,12,13,19],"killed_by":"Shelled Parasite and Fungi","ascension_level":17}}