{"host":"1mv6gj0zv8k9e9tz","time":1612106051,"event":{"mods":["AchievementEnabler","BaseMod","Better Third Choice","Colored Map","DeckTracker","Highlight Path","KOR Keyword Fix","Keyboard Shortcuts","Minty Spire (QoL Compilation)","Permanent Neow","Quick Restart","Rare Cards Sparkle","StSLib","SuperFastMode","everything is the same but u backflip on backflip"],"gold_per_floor":[114,130,146,166,14,14,14,14,65,95,95,95,123,137,137,137,137],"floor_reached":16,"language":"KOR","playtime":488,"items_purged":[],"score":176,"play_id":"da2dd61b-9c9a-4900-bac6-4885d3050136","local_time":"20210201001411","is_ascension_mode":true,"campfire_choices":[{"data":"Sunder","floor":6.0,"key":"SMITH"},{"data":"Electrodynamics","floor":8.0,"key":"SMITH"},{"data":"Defragment","floor":12.0,"key":"SMITH"},{"data":"Double Energy","floor":15.0,"key":"SMITH"}],"circlet_count":0,"master_deck":["AscendersBane","Strike_B","Strike_B","Strike_B","Defend_B","Defend_B","Defend_B","Defend_B","Zap","Dualcast","Electrodynamics+1","Cold Snap","Chill","Defragment+1","Sunder+1","Seek","Reinforced Body","Double Energy+1"],"relics":["Cracked Core","Toy Ornithopter","Singing Bowl"],"acts_visited":["Exordium"],"potions_floor_usage":[],"damage_taken":[{"damage":1.0,"enemies":"Cultist","floor":1.0,"turns":4.0},{"damage":10.0,"enemies":"Small Slimes","floor":2.0,"turns":2.0},{"damage":0.0,"enemies":"2 Louse","floor":3.0,"turns":1.0},{"damage":2.0,"enemies":"Lots of Slimes","floor":4.0,"turns":2.0},{"damage":13.0,"enemies":"Gremlin Nob","floor":10.0,"turns":3.0},{"damage":24.0,"enemies":"Lagavulin","floor":13.0,"turns":4.0},{"damage":3.0,"enemies":"Red Slaver","floor":14.0,"turns":2.0},{"damage":16,"enemies":"The Guardian","floor":16,"turns":5}],"seed_played":"-7139312071530566005","potions_obtained":[{"floor":2.0,"key":"CultistPotion"},{"floor":3.0,"key":"Explosive Potion"},{"floor":4.0,"key":"DuplicationPotion"}],"is_trial":false,"path_per_floor":["M","M","M","M","$","R","?","R","T","E","?","R","E","M","R","B"],"character_chosen":"DEFECT","items_purchased":["Seek"],"campfire_rested":0,"item_purchase_floors":[5],"current_hp_per_floor":[67,57,57,55,55,55,48,48,48,35,35,35,18,15,15,0,0],"gold":137,"neow_bonus":"THREE_RARE_CARDS","is_daily":false,"chose_seed":false,"campfire_upgraded":4,"win_rate":0.0,"timestamp":1612106051,"path_taken":["M","?","M","M","$","R","?","R","T","E","?","R","E","M","R","BOSS"],"items_purchased_type":["Card"],"build_version":"2020-12-22","purchased_purges":0,"victory":false,"max_hp_per_floor":[68,68,68,68,68,68,68,68,68,68,68,68,70,70,70,70,70],"card_choices":[{"not_picked":["Reboot","Amplify"],"picked":"Electrodynamics","floor":0.0},{"not_picked":["Beam Cell","Redo"],"picked":"Cold Snap","floor":1.0},{"not_picked":["Aggregate","Auto Shields"],"picked":"Chill","floor":2.0},{"not_picked":["Leap","Sunder"],"picked":"Defragment","floor":3.0},{"not_picked":["Streamline","Rip and Tear"],"picked":"Sunder","floor":4.0},{"not_picked":["Streamline","Lockon"],"picked":"Reinforced Body","floor":10.0},{"not_picked":["Leap","Aggregate","Blizzard"],"picked":"Singing Bowl","floor":13.0},{"not_picked":["Redo","Streamline"],"picked":"Double Energy","floor":14.0}],"player_experience":599447,"relics_obtained":[{"floor":10.0,"key":"Toy Ornithopter"},{"floor":13.0,"key":"Singing Bowl"}],"event_choices":[{"cards_removed":["Strike_B"],"damage_healed":0.0,"max_hp_gain":0.0,"max_hp_loss":0.0,"gold_gain":0.0,"event_name":"Golden Wing","player_choice":"Card Removal","floor":7.0,"gold_loss":0.0,"damage_taken":7.0},{"damage_healed":0.0,"max_hp_gain":0.0,"max_hp_loss":0.0,"gold_gain":0.0,"event_name":"betterThird:BetterScrap","player_choice":"LEAVE","floor":11.0,"gold_loss":0.0,"damage_taken":0.0,"cards_obtained":["Corruption"]}],"is_beta":false,"boss_relics":[],"items_purged_floors":[],"is_endless":false,"potions_floor_spawned":[2,3,4],"killed_by":"The Guardian","ascension_level":12}}