{"host":"928gv66myv2vlnsd","time":1612070703,"event":{"mods":["BaseMod","Highlight Path","Minty Spire (QoL Compilation)","StSLib"],"gold_per_floor":[116,134,147,3,56,99,99,133,133,157,182,257,22,44,44,158,158,179,190,210,219,228,228,228],"floor_reached":23,"language":"ENG","playtime":770,"items_purged":["Strike_B"],"score":317,"play_id":"d21b5acb-dbd1-4c85-8f56-25b819b44e75","local_time":"20210131002503","is_ascension_mode":true,"campfire_choices":[{"data":"Hologram","floor":7,"key":"SMITH"},{"floor":15,"key":"REST"}],"circlet_count":0,"master_deck":["AscendersBane","Strike_B","Strike_B","Strike_B","Defend_B","Defend_B","Defend_B","Defend_B","Zap","Dualcast","Hologram+1","Ball Lightning","Leap","Bandage Up","Ball Lightning","Sweeping Beam","Coolheaded","Loop","Conserve Battery","Barrage","Echo Form","Leap","Sunder","Writhe","Capacitor"],"relics":["Cracked Core","NeowsBlessing","CeramicFish","TungstenRod","MealTicket","Symbiotic Virus","Gremlin Horn","Nuclear Battery","Mango"],"acts_visited":["Exordium","TheCity"],"potions_floor_usage":[6,8,11,16,19],"damage_taken":[{"damage":0,"enemies":"Cultist","floor":1,"turns":1},{"damage":0,"enemies":"Jaw Worm","floor":2,"turns":1},{"damage":0,"enemies":"Small Slimes","floor":3,"turns":1},{"damage":22,"enemies":"Lagavulin","floor":6,"turns":7},{"damage":10,"enemies":"3 Sentries","floor":8,"turns":9},{"damage":5,"enemies":"Looter","floor":10,"turns":2},{"damage":15,"enemies":"Gremlin Nob","floor":11,"turns":3},{"damage":7,"enemies":"3 Louse","floor":14,"turns":2},{"damage":16,"enemies":"Hexaghost","floor":16,"turns":9},{"damage":11,"enemies":"Shell Parasite","floor":18,"turns":7},{"damage":0,"enemies":"3 Byrds","floor":19,"turns":3},{"damage":6,"enemies":"3 Cultists","floor":20,"turns":4},{"damage":83,"enemies":"Book of Stabbing","floor":23,"turns":7}],"seed_played":"7935591646226150457","potions_obtained":[{"floor":2,"key":"EssenceOfSteel"},{"floor":6,"key":"GamblersBrew"},{"floor":8,"key":"Block Potion"}],"is_trial":false,"path_per_floor":["M","M","M","$","T","E","R","E","T","M","E","?","$","M","R","B",null,"M","M","M","?","?","E"],"character_chosen":"DEFECT","items_purchased":["Bandage Up","Block Potion","Loop","Conserve Battery","LiquidBronze"],"campfire_rested":1,"item_purchase_floors":[4,4,13,13,13],"current_hp_per_floor":[68,68,68,68,68,50,50,44,44,43,28,18,33,30,52,40,66,59,67,65,79,79,0,0],"gold":228,"neow_bonus":"THREE_ENEMY_KILL","is_daily":false,"chose_seed":false,"campfire_upgraded":1,"win_rate":0.0,"timestamp":1612070703,"path_taken":["M","M","M","$","?","E","R","E","T","?","E","?","$","M","R","BOSS","M","M","M","?","?","E"],"items_purchased_type":["Card","Potion","Card","Card","Potion"],"build_version":"2020-12-22","purchased_purges":1,"victory":false,"max_hp_per_floor":[75,75,75,75,75,75,75,75,75,75,75,75,75,75,75,75,75,75,75,75,89,89,89,89],"card_choices":[{"not_picked":["Beam Cell","Rip and Tear"],"picked":"Hologram","floor":1},{"not_picked":["Go for the Eyes","Storm"],"picked":"Ball Lightning","floor":2},{"not_picked":["Barrage","Turbo"],"picked":"Leap","floor":3},{"not_picked":["Stack","Cold Snap"],"picked":"Ball Lightning","floor":6},{"not_picked":["Turbo","Reboot"],"picked":"Sweeping Beam","floor":8},{"not_picked":["Reprogram","Double Energy"],"picked":"Coolheaded","floor":10},{"not_picked":["Steam","Streamline","Aggregate"],"picked":"SKIP","floor":11},{"not_picked":["Reinforced Body","Skim"],"picked":"Barrage","floor":14},{"not_picked":["Hyperbeam","Amplify"],"picked":"Echo Form","floor":16},{"not_picked":["Steam+1","Sweeping Beam"],"picked":"Leap","floor":18},{"not_picked":["Static Discharge","Coolheaded","Chaos"],"picked":"SKIP","floor":19},{"not_picked":["Leap","Streamline"],"picked":"Sunder","floor":20}],"player_experience":1408525,"relics_obtained":[{"floor":5,"key":"CeramicFish"},{"floor":6,"key":"TungstenRod"},{"floor":8,"key":"MealTicket"},{"floor":9,"key":"Symbiotic Virus"},{"floor":11,"key":"Gremlin Horn"}],"event_choices":[{"damage_healed":0,"gold_gain":75,"player_choice":"Gather Gold","damage_taken":11,"max_hp_gain":0,"max_hp_loss":0,"event_name":"World of Goop","floor":12,"gold_loss":0},{"damage_healed":0,"gold_gain":0,"player_choice":"Opened","damage_taken":0,"relics_obtained":["Mango"],"max_hp_gain":0,"max_hp_loss":0,"event_name":"The Mausoleum","floor":21,"gold_loss":0,"cards_obtained":["Writhe"]},{"damage_healed":0,"gold_gain":0,"player_choice":"Read","damage_taken":0,"max_hp_gain":0,"max_hp_loss":0,"event_name":"The Library","floor":22,"gold_loss":0,"cards_obtained":["Capacitor"]}],"is_beta":false,"boss_relics":[{"not_picked":["Pandora\u0027s Box","Philosopher\u0027s Stone"],"picked":"Nuclear Battery"}],"items_purged_floors":[13],"is_endless":false,"potions_floor_spawned":[2,6,8],"killed_by":"Book of Stabbing","ascension_level":10}}