{"host":"2se5dq1do2gp0x9k","time":1612111047,"event":{"mods":["AchievementEnabler","BaseMod","Block Reminder","Colored Map","Colored Powertips","Minty Spire (QoL Compilation)","Relic Stats","StSLib","SuperFastMode"],"gold_per_floor":[155,205,242,277,35,83,140,140,140,154,184,184,55,113,113,209,209,251,293,39,39,39,66,82,82,82,102,113,113,164,184,184,257,257,274,317,317],"floor_reached":36,"language":"ENG","playtime":1428,"items_purged":["Strike_P"],"score":1122,"play_id":"7fedc4ec-ecf1-455b-a6be-4d378391a5c3","local_time":"20210131083727","is_ascension_mode":true,"campfire_choices":[{"data":"HandOfGreed","floor":8.0,"key":"SMITH"},{"data":"Halt","floor":12.0,"key":"SMITH"},{"data":"Crescendo","floor":15.0,"key":"SMITH"},{"floor":25.0,"key":"REST"},{"floor":29.0,"key":"REST"},{"floor":32.0,"key":"REST"}],"circlet_count":0,"master_deck":["AscendersBane","Strike_P+1","Strike_P","Strike_P+1","Defend_P+1","Defend_P","Defend_P","Defend_P","Eruption+1","Vigilance","HandOfGreed+1","ReachHeaven","CutThroughFate","FearNoEvil","Trip","Crescendo+1","Halt+1","CrushJoints+1","TalkToTheHand+1","FlurryOfBlows+1","DeceiveReality","LessonLearned+1","ThirdEye+1","Halt","FlurryOfBlows+1","TalkToTheHand+1","TalkToTheHand+1","TalkToTheHand+1","DeusExMachina","Scrawl","FlyingSleeves+1","FlurryOfBlows+1","WaveOfTheHand","FlurryOfBlows+1","DeusExMachina","Vengeance"],"relics":["PureWater","MealTicket","White Beast Statue","Molten Egg 2","Pen Nib","SlaversCollar","DollysMirror","Shovel","Shuriken","Tiny Chest","SacredBark"],"acts_visited":["Exordium","TheCity","TheBeyond"],"potions_floor_usage":[],"damage_taken":[{"damage":2.0,"enemies":"2 Louse","floor":1.0,"turns":3.0},{"damage":0.0,"enemies":"Cultist","floor":3.0,"turns":2.0},{"damage":4.0,"enemies":"Jaw Worm","floor":4.0,"turns":3.0},{"damage":17.0,"enemies":"3 Sentries","floor":6.0,"turns":7.0},{"damage":0.0,"enemies":"3 Louse","floor":7.0,"turns":4.0},{"damage":9.0,"enemies":"Red Slaver","floor":10.0,"turns":2.0},{"damage":3.0,"enemies":"Gremlin Nob","floor":11.0,"turns":3.0},{"damage":10.0,"enemies":"3 Sentries","floor":14.0,"turns":3.0},{"damage":0.0,"enemies":"Hexaghost","floor":16.0,"turns":5.0},{"damage":23.0,"enemies":"2 Thieves","floor":18.0,"turns":5.0},{"damage":4.0,"enemies":"Chosen","floor":19.0,"turns":3.0},{"damage":16.0,"enemies":"Book of Stabbing","floor":23.0,"turns":4.0},{"damage":8.0,"enemies":"Centurion and Healer","floor":24.0,"turns":9.0},{"damage":14.0,"enemies":"Sentry and Sphere","floor":27.0,"turns":5.0},{"damage":12.0,"enemies":"Shelled Parasite and Fungi","floor":28.0,"turns":5.0},{"damage":6.0,"enemies":"Slavers","floor":30.0,"turns":4.0},{"damage":8.0,"enemies":"Snake Plant","floor":31.0,"turns":3.0},{"damage":0.0,"enemies":"Champ","floor":33.0,"turns":6.0},{"damage":13.0,"enemies":"Orb Walker","floor":35.0,"turns":3.0},{"damage":31,"enemies":"3 Shapes","floor":36,"turns":9}],"seed_played":"-1551089660237183402","potions_obtained":[{"floor":1.0,"key":"Energy Potion"},{"floor":3.0,"key":"Dexterity Potion"},{"floor":6.0,"key":"AttackPotion"},{"floor":14.0,"key":"LiquidBronze"},{"floor":27.0,"key":"Block Potion"},{"floor":30.0,"key":"AttackPotion"},{"floor":31.0,"key":"Ancient Potion"},{"floor":36,"key":"FairyPotion"}],"is_trial":false,"path_per_floor":["M","?","M","M","$","E","M","R","T","M","E","R","$","E","R","B",null,"M","M","$","?","?","E","M","R","T","M","M","R","E","M","R","B",null,"M","M"],"character_chosen":"WATCHER","items_purchased":["FearNoEvil","Trip","TalkToTheHand+1","FlurryOfBlows+1","Halt","FlurryOfBlows+1","DollysMirror"],"campfire_rested":3,"item_purchase_floors":[5,5,13,13,20,20,20],"current_hp_per_floor":[59,53,53,49,49,32,32,32,32,23,20,20,35,25,25,25,53,30,26,41,41,41,25,17,35,35,21,9,27,21,13,31,31,54,41,10,10],"gold":317,"neow_bonus":"RANDOM_COLORLESS_2","is_daily":false,"chose_seed":false,"campfire_upgraded":3,"win_rate":0.0,"timestamp":1612111047,"path_taken":["M","?","M","?","$","E","M","R","T","?","E","R","$","E","R","BOSS","M","M","$","?","?","E","M","R","T","M","M","R","E","M","R","BOSS","M","M"],"items_purchased_type":["Card","Card","Card","Card","Card","Card","Relic"],"build_version":"2020-12-22","purchased_purges":1,"victory":false,"max_hp_per_floor":[62,62,62,62,62,62,62,62,62,62,62,62,62,62,62,62,62,62,62,62,62,62,62,62,62,62,62,62,62,62,62,62,62,62,62,62,62],"relic_stats":{"Shovel":0,"counters":[20,88],"Shuriken":[15],"MealTicket":30,"Tiny Chest":0,"Pen Nib":[14],"obtain_stats":[{"SlaversCollar":17,"Shovel":23,"DollysMirror":20,"Shuriken":26,"SacredBark":34,"MealTicket":6,"Molten Egg 2":11,"Tiny Chest":30,"Pen Nib":14,"PureWater":0,"White Beast Statue":9},{"SlaversCollar":9,"Shovel":12,"DollysMirror":11,"Shuriken":13,"SacredBark":18,"MealTicket":4,"Molten Egg 2":7,"Tiny Chest":16,"Pen Nib":8,"PureWater":0,"White Beast Statue":5},{"SlaversCollar":32,"Shovel":44,"DollysMirror":40,"Shuriken":53,"SacredBark":76,"MealTicket":15,"Molten Egg 2":24,"Tiny Chest":67,"Pen Nib":27,"PureWater":0,"White Beast Statue":19}]},"card_choices":[{"not_picked":["Secret Weapon","Secret Technique"],"picked":"HandOfGreed","floor":0.0},{"not_picked":["Fasting2","FlyingSleeves"],"picked":"ReachHeaven","floor":1.0},{"not_picked":["JustLucky","FlyingSleeves"],"picked":"CutThroughFate","floor":3.0},{"not_picked":["WindmillStrike","SashWhip","ReachHeaven"],"picked":"SKIP","floor":4.0},{"not_picked":["ClearTheMind","FlyingSleeves"],"picked":"Crescendo","floor":6.0},{"not_picked":["EmptyBody","ClearTheMind"],"picked":"Halt","floor":7.0},{"not_picked":["EmptyBody","Fasting2","SashWhip"],"picked":"SKIP","floor":10.0},{"not_picked":["ThirdEye","FearNoEvil+1"],"picked":"CrushJoints+1","floor":11.0},{"not_picked":["Fasting2","Blasphemy"],"picked":"DeceiveReality","floor":14.0},{"not_picked":["MasterReality","Devotion"],"picked":"LessonLearned+1","floor":16.0},{"not_picked":["SashWhip+1","Protect","FollowUp+1"],"picked":"SKIP","floor":18.0},{"not_picked":["Prostrate","Pray"],"picked":"ThirdEye","floor":19.0},{"not_picked":["EmptyBody","SashWhip+1"],"picked":"Scrawl","floor":23.0},{"not_picked":["Nirvana","PathToVictory"],"picked":"FlyingSleeves+1","floor":24.0},{"not_picked":["ThirdEye","MentalFortress+1"],"picked":"FlurryOfBlows+1","floor":27.0},{"not_picked":["FollowUp+1","DeceiveReality+1"],"picked":"WaveOfTheHand","floor":28.0},{"not_picked":["Pray","EmptyFist+1","SignatureMove+1"],"picked":"SKIP","floor":30.0},{"not_picked":["Crescendo","FollowUp+1"],"picked":"FlurryOfBlows+1","floor":31.0},{"not_picked":["Omniscience","Blasphemy"],"picked":"DeusExMachina","floor":33.0},{"not_picked":["Vengeance","WheelKick+1","Evaluate"],"picked":"SKIP","floor":35.0},{"not_picked":["WheelKick+1","Evaluate"],"picked":"Vengeance","floor":35.0}],"player_experience":4017259,"relics_obtained":[{"floor":6.0,"key":"MealTicket"},{"floor":9.0,"key":"White Beast Statue"},{"floor":11.0,"key":"Molten Egg 2"},{"floor":14.0,"key":"Pen Nib"},{"floor":23.0,"key":"Shovel"},{"floor":26.0,"key":"Shuriken"},{"floor":30.0,"key":"Tiny Chest"}],"event_choices":[{"damage_healed":0.0,"max_hp_gain":0.0,"max_hp_loss":0.0,"gold_gain":50.0,"event_name":"FaceTrader","player_choice":"Touch","floor":2.0,"gold_loss":0.0,"damage_taken":6.0},{"damage_healed":0.0,"max_hp_gain":0.0,"max_hp_loss":0.0,"gold_gain":0.0,"event_name":"The Library","player_choice":"Read","floor":21.0,"gold_loss":0.0,"damage_taken":0.0,"cards_obtained":["TalkToTheHand"]},{"damage_healed":0.0,"max_hp_gain":0.0,"max_hp_loss":0.0,"gold_gain":0.0,"event_name":"Match and Keep!","player_choice":"2 cards matched","floor":22.0,"gold_loss":0.0,"damage_taken":0.0,"cards_obtained":["TalkToTheHand","DeusExMachina"]}],"is_beta":false,"boss_relics":[{"not_picked":["Busted Crown","Black Star"],"picked":"SlaversCollar"},{"not_picked":["Astrolabe","Coffee Dripper"],"picked":"SacredBark"}],"items_purged_floors":[5],"is_endless":false,"potions_floor_spawned":[1,3,6,10,11,14,16,18,19,23,24,27,28,30,31,33,35,36],"killed_by":"3 Shapes","ascension_level":18}}