{"host":"xxyfyv4t3rs3ce5d","time":1612133267,"event":{"mods":["BaseMod","Hubris","Infinite Spire","Minty Spire (QoL Compilation)","Replay The Spire","Shop Mod","StSLib","The Jungle"],"gold_per_floor":[116,128,9,9,9,9,44,44,71,84,84,84,112,112,112,209,209,192,217,217,217,23,23,41,41,112,112,112,122,148,162,162,260,260,271,271,271,271,282,282,312,328,380,416,416,416,52,77,77,189,189,208,216,12,12,26,26,40,40,89,112,112,112,123,139,139,245,245,261,261,271,286,295,295,311,311,388,388,90,107,57,156,156,261,261,270,270,285,298,350,350,371,371,424,441,441,441,496,517,517,613,613,629,629,649,649,656,684,684,714,714,738,738,738,774,787,787,887,887,898,910,910,910,929,929,940,940,964,964,982,1007,1025,1044,1044,1198,1198,1293,1390,1390,1390,1385,1385],"floor_reached":141,"language":"ENG","playtime":4221,"items_purged":["Strike_B","Strike_B","Strike_B","Strike_B","White Noise","BootSequence+1"],"score":3624,"play_id":"6b0afa9e-0a82-4737-a89c-3a3054c7fbf2","local_time":"20210131174747","is_ascension_mode":false,"campfire_choices":[{"data":"Loop","floor":6,"key":"SMITH"},{"data":"Dualcast","floor":8,"key":"SMITH"},{"floor":11,"key":"RECALL"},{"data":"Capacitor","floor":15,"key":"SMITH"},{"data":"Buffer","floor":23,"key":"SMITH"},{"data":"hubris:InfiniteBlow+40","floor":25,"key":"SMITH"},{"data":"hubris:InfiniteBlow+41","floor":28,"key":"SMITH"},{"data":"Loop","floor":32,"key":"SMITH"},{"data":"BootSequence","floor":40,"key":"SMITH"},{"data":"Seek","floor":46,"key":"SMITH"},{"data":"Heatsinks","floor":57,"key":"SMITH"},{"data":"Pot Of Greed","floor":59,"key":"SMITH"},{"data":"Pot Of Greed","floor":66,"key":"SMITH"},{"data":"Pot Of Greed","floor":74,"key":"SMITH"},{"data":"Capacitor","floor":76,"key":"SMITH"},{"data":"infinitespire:Gouge","floor":83,"key":"SMITH"},{"data":"infinitespire:NeuralNetwork","floor":91,"key":"SMITH"},{"data":"hubris:InfiniteBlow+42","floor":93,"key":"SMITH"},{"data":"hubris:InfiniteBlow+42","floor":96,"key":"SMITH"},{"data":"hubris:InfiniteBlow+43","floor":100,"key":"SMITH"},{"data":"Seek","floor":109,"key":"SMITH"},{"data":"ReplayTheSpireMod:Chaos Vortex","floor":114,"key":"SMITH"},{"data":"hubris:InfiniteBlow+43","floor":117,"key":"SMITH"},{"data":"hubris:InfiniteBlow+44","floor":125,"key":"SMITH"},{"data":"hubris:InfiniteBlow+44","floor":127,"key":"SMITH"},{"data":"hubris:InfiniteBlow+45","floor":129,"key":"SMITH"},{"data":"hubris:InfiniteBlow+45","floor":134,"key":"SMITH"}],"circlet_count":1,"master_deck":["Defend_B+1","Zap+1","Dualcast+1","Loop+1","Static Discharge+1","Capacitor+1","Buffer+1","hubris:InfiniteBlow+46","Loop+1","Electrodynamics+1","hubris:InfiniteBlow+46","Seek+1","Self Repair+1","Pot Of Greed+1","Pot Of Greed+1","infinitespire:Gouge+1","Heatsinks+1","Coolheaded+1","Pot Of Greed+1","Capacitor+1","infinitespire:NeuralNetwork+1","Seek+1","ReplayTheSpireMod:Chaos Vortex+1"],"relics":["Cracked Core","Smiling Mask","Simple Rune","Tiny Chest","Odd Mushroom","Bag of Preparation","Coffee Dripper","Lantern","Frozen Eye","Blood Vial","Replay:Accelerometer","Quantum Egg","hubris:Potato","hubris:Backtick","Mummified Hand","hubris:Icosahedron","hubris:TenFootPole","Replay:Bandana","Replay:Bottled Snecko","Grinning Jar","ClockworkSouvenir","infinitespire:Freezer","hubris:ScarierMask","ReplayFunnel","Ring of Shattering","Geode","Blue Doll","Bird Faced Urn","Empty Cage","Carrot","hubris:MysteriousPyramids","ReplayTheSpireMod:Shallot","Busted Crown","Omamori","Oddly Smooth Stone","Ginger","Black Star","Art of War","FaceOfCleric","Strawberry","FossilizedHelix","Circlet","hubris:SlimyHat","MealTicket","Orichalcum","hubris:BallOfYels","Runic Dome","hubris:Towel","ReplayTheSpireMod:Lightbulb","Replay:Rubber Ducky","infinitespire:EvilPickle","Philosopher\u0027s Stone","infinitespire:WardingShard"],"acts_visited":["Exordium","TheCity","TheBeyond","Exordium","TheCity","TheBeyond","Exordium","TheCity","TheBeyond"],"potions_floor_usage":[13,13,30,50],"damage_taken":[{"damage":0,"enemies":"Cultist","floor":1,"turns":3},{"damage":0,"enemies":"Small Slimes","floor":2,"turns":2},{"damage":23,"enemies":"Lagavulin","floor":7,"turns":7},{"damage":0,"enemies":"Jaw Worm","floor":10,"turns":4},{"damage":0,"enemies":"The Mushroom Lair","floor":13,"turns":5},{"damage":22,"enemies":"Fading Forest","floor":16,"turns":11},{"damage":2,"enemies":"2 Thieves","floor":18,"turns":4},{"damage":0,"enemies":"Spheric Guardian","floor":24,"turns":3},{"damage":0,"enemies":"Snake Plant","floor":29,"turns":1},{"damage":0,"enemies":"Nightmare","floor":30,"turns":2},{"damage":0,"enemies":"Centurion and Healer","floor":31,"turns":3},{"damage":0,"enemies":"Automaton","floor":33,"turns":1},{"damage":0,"enemies":"Orb Walker","floor":35,"turns":1},{"damage":15,"enemies":"3 Shapes","floor":39,"turns":2},{"damage":10,"enemies":"R_Hoarder","floor":41,"turns":7},{"damage":0,"enemies":"Transient","floor":42,"turns":2},{"damage":0,"enemies":"Nightmare","floor":44,"turns":2},{"damage":0,"enemies":"3 Darklings","floor":48,"turns":4},{"damage":9,"enemies":"LordOfAnnihilation","floor":50,"turns":5},{"damage":0,"enemies":"Jaw Worm","floor":52,"turns":1},{"damage":0,"enemies":"Cultist","floor":53,"turns":2},{"damage":0,"enemies":"Small Slimes","floor":56,"turns":1},{"damage":0,"enemies":"Exordium Thugs","floor":58,"turns":1},{"damage":0,"enemies":"Red Slaver","floor":64,"turns":1},{"damage":0,"enemies":"Looter","floor":65,"turns":1},{"damage":0,"enemies":"Slime Boss","floor":67,"turns":1},{"damage":0,"enemies":"Shell Parasite","floor":69,"turns":1},{"damage":0,"enemies":"Spheric Guardian","floor":71,"turns":1},{"damage":0,"enemies":"Shelled Parasite and Fungi","floor":72,"turns":1},{"damage":0,"enemies":"Chosen and Byrds","floor":73,"turns":1},{"damage":0,"enemies":"Centurion and Healer","floor":75,"turns":1},{"damage":0,"enemies":"Cultist and Chosen","floor":80,"turns":1},{"damage":0,"enemies":"Automaton","floor":84,"turns":1},{"damage":0,"enemies":"3 Shapes","floor":86,"turns":2},{"damage":0,"enemies":"3 Darklings","floor":88,"turns":1},{"damage":0,"enemies":"Maw","floor":89,"turns":1},{"damage":0,"enemies":"Jaw Worm Horde","floor":92,"turns":1},{"damage":0,"enemies":"3 Darklings","floor":95,"turns":1},{"damage":0,"enemies":"2 Orb Walkers","floor":98,"turns":1},{"damage":0,"enemies":"Maw","floor":99,"turns":1},{"damage":0,"enemies":"infinitespire:MassOfShapes","floor":101,"turns":1},{"damage":0,"enemies":"Cultist","floor":103,"turns":1},{"damage":0,"enemies":"Small Slimes","floor":105,"turns":1},{"damage":0,"enemies":"2 Louse","floor":107,"turns":1},{"damage":0,"enemies":"Lagavulin","floor":108,"turns":1},{"damage":0,"enemies":"The Mushroom Lair","floor":110,"turns":1},{"damage":0,"enemies":"Nightmare","floor":115,"turns":1},{"damage":0,"enemies":"Red Slaver","floor":116,"turns":1},{"damage":0,"enemies":"Fading Forest","floor":118,"turns":1},{"damage":0,"enemies":"Chosen","floor":120,"turns":1},{"damage":0,"enemies":"Spheric Guardian","floor":121,"turns":1},{"damage":0,"enemies":"Cultist and Chosen","floor":124,"turns":1},{"damage":0,"enemies":"3 Cultists","floor":126,"turns":1},{"damage":0,"enemies":"Snake Plant","floor":130,"turns":1},{"damage":0,"enemies":"Cultist and Chosen","floor":132,"turns":1},{"damage":0,"enemies":"Sentry and Sphere","floor":133,"turns":1},{"damage":0,"enemies":"Pondfish","floor":135,"turns":2},{"damage":0,"enemies":"3 Shapes","floor":137,"turns":1},{"damage":0,"enemies":"Orb Walker","floor":138,"turns":1},{"damage":0,"enemies":"infinitespire:Three Voidlings","floor":141,"turns":1},{"damage":108,"enemies":"Nightmare_Alpha","floor":141,"turns":2}],"seed_played":"417031581635741067","potions_obtained":[{"floor":7,"key":"GamblersBrew"},{"floor":10,"key":"Dexterity Potion"},{"floor":18,"key":"Swift Potion"},{"floor":33,"key":"Explosive Potion"},{"floor":35,"key":"AttackPotion"},{"floor":42,"key":"Energy Potion"},{"floor":50,"key":"FocusPotion"},{"floor":52,"key":"SkillPotion"},{"floor":80,"key":"SkillPotion"},{"floor":138,"key":"DistilledChaos"}],"is_trial":false,"path_per_floor":["M","M","$","?","?","R","E","R","T","M","R","?","?","T","R","B",null,"M","T","AVR","?","$","R","M","R","T","T","R","M","NM","M","R","B",null,"M","?","?","?","M","R","E","M","T","NM","T","R","$","M","R","B",null,"M","M","$","?","M","R","M","R","T","T","?","T","M","M","R","B",null,"M","?","M","M","M","R","M","R","T","T","$","M","$","?","R","B",null,"M","?","M","M","T","R","M","R","T","M","R","?","?","M","R","B",null,"M","T","M","?","M","E","R","?","T","T","?","R","NM","M","R","B",null,"M","M","?","?","M","R","M","R","T","R","M","T","M","M","R","B",null,"M","M","?","T","?"],"character_chosen":"DEFECT","items_purchased":["Static Discharge","Blood Vial","ClockworkSouvenir","infinitespire:Freezer","ReplayFunnel","ReplayTheSpireMod:Shallot"],"campfire_rested":0,"item_purchase_floors":[3,22,47,47,54,79],"current_hp_per_floor":[75,75,75,60,60,60,37,37,37,37,37,42,42,42,42,30,80,78,78,78,78,78,78,80,80,80,80,80,80,80,80,80,80,80,80,80,80,80,65,65,57,59,59,61,61,61,61,70,80,80,80,80,80,80,80,80,80,80,80,80,80,80,80,80,80,80,80,80,80,80,80,80,80,80,80,80,80,80,80,80,80,80,80,80,80,80,76,76,76,76,76,76,76,76,76,76,76,76,76,76,76,76,76,76,76,76,77,85,85,86,86,86,76,76,79,82,82,89,89,90,91,91,91,92,92,93,93,93,93,94,94,95,96,96,97,97,98,99,99,99,0,0],"gold":1385,"neow_bonus":"RANDOM_COMMON_RELIC","is_daily":false,"chose_seed":false,"campfire_upgraded":26,"win_rate":0.0,"timestamp":1612133267,"path_taken":["M","M","?","?","?","R","E","R","T","M","R","?","?","?","R","BOSS","M","?","AVR","?","?","R","?","R","T","?","R","M","NM","M","R","BOSS","M","?","?","?","M","R","E","M","T","NM","?","R","$","M","R","BOSS","M","M","$","?","M","R","M","R","T","?","?","?","M","?","R","BOSS","M","?","M","M","?","R","M","R","T","?","$","M","?","?","R","BOSS","M","?","M","M","?","R","M","R","T","?","R","?","?","M","R","BOSS","M","?","M","?","?","E","R","?","T","?","?","R","NM","M","R","BOSS","M","M","?","?","M","R","M","R","T","R","M","?","?","?","R","BOSS","M","M","?","?","?"],"items_purchased_type":["Card","Relic","Relic","Relic","Relic","Relic"],"build_version":"2020-12-22","purchased_purges":6,"victory":false,"max_hp_per_floor":[75,75,75,75,75,75,75,75,75,75,75,80,80,80,80,80,80,80,80,80,80,80,80,80,80,80,80,80,80,80,80,80,80,80,80,80,80,80,80,80,80,80,80,80,80,80,80,80,80,80,80,80,80,80,80,80,80,80,80,80,80,80,80,80,80,80,80,80,80,80,80,80,80,80,80,80,80,80,80,80,80,80,80,80,80,80,76,76,76,76,76,76,76,76,76,76,76,76,76,76,76,76,76,76,76,76,77,85,85,86,86,86,86,86,87,88,88,89,89,90,91,91,91,92,92,93,93,93,93,94,94,95,96,96,97,97,98,99,99,99,100,100],"card_choices":[{"not_picked":["Stack","Chill"],"picked":"Loop","floor":1},{"not_picked":["Stack","Panic Button","Hologram"],"picked":"SKIP","floor":2},{"not_picked":["ReplayTheSpireMod:Reroute Power","Sweeping Beam"],"picked":"BootSequence","floor":7},{"not_picked":["hubris:Ukulele","ReplaySort","Leap"],"picked":"SKIP","floor":10},{"not_picked":["Ball Lightning","Go for the Eyes"],"picked":"Capacitor","floor":13},{"not_picked":["Rainbow","hubris:Prefetch"],"picked":"Buffer","floor":16},{"not_picked":["Stack","Compile Driver+1"],"picked":"Gash+1","floor":18},{"not_picked":["Rebound+1","Ball Lightning","Steam"],"picked":"SKIP","floor":24},{"not_picked":["ReplayTheSpireMod:Repulse","Darkness+1"],"picked":"Loop","floor":29},{"not_picked":["Turbo","Conserve Battery","Leap"],"picked":"SKIP","floor":30},{"not_picked":["Rebound","Recycle","ReplayTheSpireMod:GoodbyeWorld"],"picked":"SKIP","floor":31},{"not_picked":["ReplayTheSpireMod:Fabricate Wheel","hubris:SpecializedCircuitry"],"picked":"Electrodynamics","floor":33},{"not_picked":["Coolheaded+1","Reprogram+1","Panic Button"],"picked":"SKIP","floor":35},{"not_picked":["Glacier+1","Panic Button+1","Conserve Battery"],"picked":"SKIP","floor":39},{"not_picked":["Beam Cell+1","Echo Form"],"picked":"Seek","floor":41},{"not_picked":["Gash","Barrage","Streamline+1"],"picked":"SKIP","floor":42},{"not_picked":["ReplayTheSpireMod:Repulse","Hyperbeam"],"picked":"Self Repair","floor":44},{"not_picked":["Stack+1","hubris:PowerSurge","Gash+1"],"picked":"SKIP","floor":48},{"not_picked":["infinitespire:Menacing","infinitespire:Starlight"],"picked":"infinitespire:Gouge","floor":50},{"not_picked":["Gash","Stack"],"picked":"Heatsinks","floor":52},{"not_picked":["Beam Cell","Chaos","hubris:PowerSurge"],"picked":"SKIP","floor":53},{"not_picked":["Barrage","Hologram","hubris:PowerSurge"],"picked":"SKIP","floor":56},{"not_picked":["Steam","BasicCrystalCard"],"picked":"Cold Snap","floor":58},{"not_picked":["Redo","Gash","Crystallizer"],"picked":"SKIP","floor":64},{"not_picked":["hubris:Prefetch","Hologram"],"picked":"Capacitor","floor":65},{"not_picked":["ReplayTheSpireMod:Black Plague","ReplayTheSpireMod:Echoes of Time"],"picked":"infinitespire:NeuralNetwork","floor":67},{"not_picked":["Turbo","BasicCrystalCard+1","Auto Shields+1"],"picked":"SKIP","floor":69},{"not_picked":["Coolheaded","Stack"],"picked":"White Noise","floor":71},{"not_picked":["Go for the Eyes+1","Coolheaded","Steam+1"],"picked":"SKIP","floor":72},{"not_picked":["ReplayTheSpireMod:Reroute Power","Leap","hubris:PowerSurge+1"],"picked":"SKIP","floor":73},{"not_picked":["Sweeping Beam","Rebound","Self Repair"],"picked":"SKIP","floor":75},{"not_picked":["Barrage","Stack","FIFO Queue"],"picked":"SKIP","floor":80},{"not_picked":["Sweeping Beam+1"],"picked":"SKIP","floor":86},{"not_picked":["Conserve Battery"],"picked":"SKIP","floor":88},{"not_picked":["Stack+1"],"picked":"SKIP","floor":89},{"not_picked":["Time Bomb+1"],"picked":"SKIP","floor":92},{"not_picked":["Redo+1"],"picked":"SKIP","floor":95},{"not_picked":["Fusion+1"],"picked":"SKIP","floor":99},{"not_picked":[],"picked":"Seek","floor":101},{"not_picked":["Chaos"],"picked":"SKIP","floor":103},{"not_picked":["Redo"],"picked":"SKIP","floor":105},{"not_picked":["Barrage"],"picked":"SKIP","floor":107},{"not_picked":["ReplayTheSpireMod:System Scan"],"picked":"SKIP","floor":108},{"not_picked":["ReplayTheSpireMod:Black Plague","infinitespire:DeathsTouch"],"picked":"ReplayTheSpireMod:Chaos Vortex","floor":113},{"not_picked":["hubris:SpecializedCircuitry"],"picked":"SKIP","floor":115},{"not_picked":["Redo"],"picked":"SKIP","floor":116},{"not_picked":["Barrage"],"picked":"SKIP","floor":120},{"not_picked":["ReplayTheSpireMod:GoodbyeWorld"],"picked":"SKIP","floor":121},{"not_picked":["Aggregate"],"picked":"SKIP","floor":124},{"not_picked":["Panic Button"],"picked":"SKIP","floor":126},{"not_picked":["Self Repair+1"],"picked":"SKIP","floor":130},{"not_picked":["Streamline+1"],"picked":"SKIP","floor":132},{"not_picked":["Time Bomb"],"picked":"SKIP","floor":133},{"not_picked":["Stack+1"],"picked":"SKIP","floor":137},{"not_picked":["BasicCrystalCard+1"],"picked":"SKIP","floor":138}],"player_experience":202838,"relics_obtained":[{"floor":7,"key":"Simple Rune"},{"floor":9,"key":"Tiny Chest"},{"floor":13,"key":"Odd Mushroom"},{"floor":14,"key":"Bag of Preparation"},{"floor":19,"key":"Lantern"},{"floor":26,"key":"Replay:Accelerometer"},{"floor":27,"key":"Quantum Egg"},{"floor":30,"key":"hubris:Potato"},{"floor":41,"key":"hubris:TenFootPole"},{"floor":43,"key":"Replay:Bandana"},{"floor":44,"key":"Replay:Bottled Snecko"},{"floor":45,"key":"Grinning Jar"},{"floor":55,"key":"Ring of Shattering"},{"floor":60,"key":"Geode"},{"floor":61,"key":"Blue Doll"},{"floor":63,"key":"Bird Faced Urn"},{"floor":77,"key":"Carrot"},{"floor":78,"key":"hubris:MysteriousPyramids"},{"floor":90,"key":"Omamori"},{"floor":94,"key":"Oddly Smooth Stone"},{"floor":98,"key":"Ginger"},{"floor":104,"key":"Art of War"},{"floor":108,"key":"Strawberry"},{"floor":108,"key":"FossilizedHelix"},{"floor":110,"key":"Circlet"},{"floor":111,"key":"hubris:SlimyHat"},{"floor":112,"key":"MealTicket"},{"floor":115,"key":"Orichalcum"},{"floor":115,"key":"hubris:BallOfYels"},{"floor":128,"key":"ReplayTheSpireMod:Lightbulb"},{"floor":131,"key":"Replay:Rubber Ducky"},{"floor":140,"key":"infinitespire:WardingShard"}],"event_choices":[{"damage_healed":0,"gold_gain":0,"player_choice":"Entered Light","damage_taken":15,"max_hp_gain":0,"max_hp_loss":0,"event_name":"Shining Light","floor":4,"gold_loss":0,"cards_upgraded":["Static Discharge","Defend_B"]},{"damage_healed":0,"gold_gain":0,"player_choice":"Donut","damage_taken":0,"max_hp_gain":5,"max_hp_loss":0,"event_name":"Big Fish","floor":12,"gold_loss":0},{"damage_healed":0,"gold_gain":0,"player_choice":"Fought Mushrooms","damage_taken":0,"max_hp_gain":0,"max_hp_loss":0,"event_name":"Mushrooms","floor":13,"gold_loss":0},{"damage_healed":0,"gold_gain":0,"player_choice":"Copied","damage_taken":0,"max_hp_gain":0,"max_hp_loss":0,"event_name":"Duplicator","floor":38,"gold_loss":0,"cards_obtained":["hubris:InfiniteBlow"]},{"damage_healed":0,"gold_gain":0,"player_choice":"Ignored","damage_taken":0,"max_hp_gain":0,"max_hp_loss":0,"event_name":"NoteForYourself","floor":70,"gold_loss":0},{"damage_healed":0,"gold_gain":99,"player_choice":"Stole From Cult","damage_taken":0,"max_hp_gain":0,"max_hp_loss":0,"event_name":"Nest","floor":82,"gold_loss":0},{"damage_healed":0,"gold_gain":0,"player_choice":"Max HP","damage_taken":0,"max_hp_gain":0,"max_hp_loss":4,"event_name":"Winding Halls","floor":87,"gold_loss":0},{"cards_removed":["Defend_B"],"damage_healed":0,"gold_gain":0,"player_choice":"Removed Skill","damage_taken":0,"max_hp_gain":0,"max_hp_loss":0,"event_name":"Falling","floor":97,"gold_loss":0},{"damage_healed":0,"gold_gain":0,"player_choice":"Fight","damage_taken":0,"max_hp_gain":0,"max_hp_loss":0,"event_name":"Mysterious Sphere","floor":98,"gold_loss":0},{"damage_healed":0,"gold_gain":0,"player_choice":"Trade","damage_taken":0,"relics_obtained":["FaceOfCleric"],"max_hp_gain":0,"max_hp_loss":0,"event_name":"FaceTrader","floor":106,"gold_loss":0},{"damage_healed":0,"gold_gain":0,"player_choice":"Fought Mushrooms","damage_taken":0,"max_hp_gain":0,"max_hp_loss":0,"event_name":"Mushrooms","floor":110,"gold_loss":0},{"cards_removed":["Defend_B"],"damage_healed":0,"gold_gain":0,"player_choice":"Elegance","damage_taken":0,"max_hp_gain":0,"max_hp_loss":0,"event_name":"Back to Basics","floor":122,"gold_loss":0},{"damage_healed":0,"gold_gain":0,"player_choice":"0 cards matched","damage_taken":0,"max_hp_gain":0,"max_hp_loss":0,"event_name":"Match and Keep!","floor":139,"gold_loss":0,"cards_obtained":[]}],"is_beta":false,"boss_relics":[{"not_picked":["Pandora\u0027s Box","ChewingGum"],"picked":"Coffee Dripper"},{"not_picked":["Fusion Hammer","Honey Jar"],"picked":"hubris:Backtick"},{"not_picked":["hubris:HollowSoul","hubris:TerracottaHorce"],"picked":"hubris:ScarierMask"},{"not_picked":["hubris:BlackHole","Replay:Ancient Bell"],"picked":"Empty Cage"},{"not_picked":["ReplayTheSpireMod:DimensionalGlitch","Replay:Fungal Core"],"picked":"Busted Crown"},{"not_picked":["Velvet Choker","Cursed Key"],"picked":"Black Star"},{"not_picked":["Cursed Key","Fusion Hammer"],"picked":"Runic Dome"},{"not_picked":["hubris:VirtuousBlindfold","hubris:Stopwatch"],"picked":"Philosopher\u0027s Stone"}],"items_purged_floors":[3,22,47,54,79,81],"is_endless":true,"potions_floor_spawned":[7,10,18,33,35,42,50,52,53,58,71,73,80,86,92,95,98,105,107,108,115,132,133,135,138],"killed_by":"Nightmare_Alpha","ascension_level":0}}