{"host":"tpad8qsc9e0g0pa5","time":1612077158,"event":{"mods":["BaseMod","Minty Spire (QoL Compilation)","Quick Restart","StSLib","The Cursed"],"gold_per_floor":[114,114,33,33,33,33,52,90,165,165,184,184,203,241,241,241,241],"floor_reached":16,"language":"ZHS","playtime":992,"items_purged":[],"score":108,"play_id":"288a1287-f4c4-4949-ad17-b70126d75473","local_time":"20210131151238","daily_mods":["Allstar","Diverse","Elite Swarm"],"is_ascension_mode":false,"campfire_choices":[{"floor":6,"key":"REST"},{"floor":10,"key":"REST"},{"data":"Double Energy","floor":12,"key":"SMITH"},{"data":"Blasphemy","floor":15,"key":"SMITH"}],"circlet_count":0,"master_deck":["Strike_G","Strike_G","Strike_G","Strike_G","Strike_G","Defend_G","Defend_G","Defend_G","Defend_G","Defend_G","Survivor","Neutralize","Discovery","Blind","Transmutation","Impatience","Panacea","CutThroughFate","Aggregate","TheCursedMod:CircleOfAmplification","Reboot","Evaluate","MasterReality","Double Energy+1","TheCursedMod:CircleOfBlood","Blasphemy+1"],"relics":["Ring of the Snake","Incense Burner","Golden Idol","Ninja Scroll","Paper Crane","Bronze Scales"],"acts_visited":["Exordium"],"potions_floor_usage":[16],"damage_taken":[{"damage":0,"enemies":"Small Slimes","floor":1,"turns":3},{"damage":0,"enemies":"Jaw Worm","floor":7,"turns":3},{"damage":18,"enemies":"Lagavulin","floor":8,"turns":9},{"damage":0,"enemies":"Cultist","floor":11,"turns":2},{"damage":3,"enemies":"Lots of Slimes","floor":13,"turns":4},{"damage":23,"enemies":"3 Sentries","floor":14,"turns":9},{"damage":100002,"enemies":"Slime Boss","floor":16,"turns":11}],"seed_played":"7510361231737359051","potions_obtained":[{"floor":13,"key":"Ancient Potion"},{"floor":14,"key":"Weak Potion"}],"is_trial":false,"path_per_floor":["M","?","$","?","?","R","M","E","T","R","M","R","M","E","R","B"],"character_chosen":"THE_SILENT","items_purchased":["Aggregate"],"campfire_rested":2,"item_purchase_floors":[3],"current_hp_per_floor":[70,52,52,35,35,56,56,38,38,59,59,59,56,41,41,0,0],"gold":241,"neow_bonus":"","is_daily":true,"chose_seed":false,"campfire_upgraded":2,"win_rate":0.0,"timestamp":1612077158,"path_taken":["M","?","$","?","?","R","M","E","T","R","M","R","?","E","R","BOSS"],"items_purchased_type":["Card"],"build_version":"2020-12-22","purchased_purges":0,"victory":false,"max_hp_per_floor":[70,70,70,70,70,70,70,70,70,70,70,70,70,70,70,70,70],"card_choices":[{"not_picked":["CrushJoints","Thunderclap"],"picked":"CutThroughFate","floor":1},{"not_picked":["Bane","Backflip"],"picked":"Evaluate","floor":7},{"not_picked":["Biased Cognition","Feed"],"picked":"MasterReality","floor":8},{"not_picked":["TheCursedMod:Stigma","Redo"],"picked":"Double Energy","floor":11},{"not_picked":["Undo","ClearTheMind"],"picked":"TheCursedMod:CircleOfBlood","floor":13},{"not_picked":["Doppelganger","Meteor Strike"],"picked":"Blasphemy","floor":14}],"player_experience":244340,"relics_obtained":[{"floor":8,"key":"Ninja Scroll"},{"floor":9,"key":"Paper Crane"},{"floor":14,"key":"Bronze Scales"}],"event_choices":[{"damage_healed":0,"gold_gain":0,"player_choice":"Success","damage_taken":18,"relics_obtained":["Incense Burner"],"max_hp_gain":0,"max_hp_loss":0,"event_name":"Scrap Ooze","floor":2,"gold_loss":0},{"damage_healed":0,"gold_gain":0,"player_choice":"Take Damage","damage_taken":17,"relics_obtained":["Golden Idol"],"max_hp_gain":0,"max_hp_loss":0,"event_name":"Golden Idol","floor":4,"gold_loss":0},{"damage_healed":0,"gold_gain":0,"player_choice":"2 cards matched","damage_taken":0,"max_hp_gain":0,"max_hp_loss":0,"event_name":"Match and Keep!","floor":5,"gold_loss":0,"cards_obtained":["TheCursedMod:CircleOfAmplification","Reboot"]}],"is_beta":false,"boss_relics":[],"items_purged_floors":[],"is_endless":false,"potions_floor_spawned":[13,14],"killed_by":"Slime Boss","ascension_level":0}}