{"host":"w3d3m1yxg9zt90yy","time":1612090841,"event":{"mods":["BaseMod","Colored Map","Infinite Spire","Minty Spire (QoL Compilation)","Quick Restart","Replay The Spire","Shop Mod","StSLib","The Bladedancer","The Necromancer"],"gold_per_floor":[165,180,180,194,39,64,64,95,95,121,121,141,141,151,151,250,250,268,268,268,285,200,200,200,233,309,322,322,350,129,139,139,253,253,287,316,370,405,449,449,27,27,27,27,364,401,438,484,484,617,617,660,706,706,753,753,753,831,885,885,450,495,532,569,569,569,631,631,669,265,277,277,277,297,297,297,297,315,315,230,246,261,261,333,333,350,377,377,440,440,472,472,508,543,543,543,238,238,238,267,267,290,327,362,362,452,452,470,496,511,39,37,33,34,34,86,86,86,92,92,92,92,149,149,163,164,164,12,12,31,35,26,53,53,44,64,64,56,56,0,0],"floor_reached":140,"language":"ENG","playtime":7278,"items_purged":["Strike_W","Blood_Whip","Bite","Specialist+1"],"score":3401,"play_id":"0b923da0-b732-4d8c-b7e0-d3294f8013e1","local_time":"20210131050041","is_ascension_mode":true,"campfire_choices":[{"data":"Bones_to_Steel","floor":7.0,"key":"SMITH"},{"floor":15.0,"key":"REST"},{"data":"Skeleton_Dragon","floor":23.0,"key":"SMITH"},{"floor":32.0,"key":"REST"},{"floor":40.0,"key":"REST"},{"floor":42,"key":"REST"},{"floor":49,"key":"REST"},{"floor":57,"key":"REST"},{"floor":66,"key":"REST"},{"floor":76,"key":"REST"},{"floor":79,"key":"REST"},{"data":"1","floor":83,"key":"LIFT"},{"data":"2","floor":96,"key":"LIFT"},{"data":"3","floor":98,"key":"LIFT"},{"floor":101,"key":"REST"},{"floor":105,"key":"REST"},{"floor":115,"key":"REST"},{"floor":118,"key":"REST"},{"floor":122,"key":"REST"},{"floor":134,"key":"REST"},{"floor":139,"key":"REST"}],"circlet_count":0,"master_deck":["Negative_Energy_Arrows+1","Bone_Wall","Bone_Bullets+1","Bone_Armor+1","Bones_to_Steel+1","Siphon_Strength","Spectral_Armor+1","Bone_Bullets+1","Summon_Lich+1","Life_Drain+1","Skeleton_Dragon+1","AbeCurse","Bone_Bullets+1","Summon_Undead+1","J.A.X.","Bone_Armor+1","Negative_Energy_Shield+1","Summon_Vampire_Lady+1","Spectral_Walk","Negative_Energy_Sphere+1","Summon_Vampire_Lady+1","Slay_Living","Spectral_Walk+1","Bone_Bullets+1","Summon_Death_Knight+1","Apotheosis+1","Summon_Undead_Army+1","Life_Tap+1","Spectral_Armor+1","Bone_Armor+1","Life_Tap+1","Bone_Armor+1","Exploit+1","Bone_Armor+1","Siphon_Strength+1","Bone_Shift+1","Bone_Shift","Summon_Undead_Army","Bone_Armory+1","Summon_Vampire_Lady+1","infinitespire:TheBestDefense","Skeleton_Dragon+1","Blood_Is_Power","Bite+1","Bite","Bite+1","Bite","infinitespire:UltimateForm","J.A.X.+1","Spectral_Walk","Grasp_Heart+1","Summon_Death_Knight+1","Shade_Step+1","ReplayTheSpireMod:Restless Dread","Negative_Energy_Sphere","Summon_Lich+1","Summon_Undead_Army","Strike_from_Beyond+1","Bone_Bullets","Summon_Vampire_Lady+1","Doubt","Grasp_Heart+1","infinitespire:Fortify","Jack Of All Trades","Blood_Shield+1","Negative_Energy_Shield+1","Specialist+1","Shade_Step+1","Siphon_Strength","Thousand_Bone_Knives+1","infinitespire:Fortify+1","Summon_Vampire_Lady+1","infinitespire:DeathsTouch"],"relics":["Tiny House","Gremlin Food","infinitespire:CheckeredPen","Matryoshka","Replay:Bottled Steam","Replay:Bottled Eggs","infinitespire:PuzzleCube","infinitespire:Lucky Rock","Replay:Accelerometer","Abe\u0027s Treasure","Replay:Bottled Flurry","Ancient Tea Set","Sundial","Boot","Golden Egg","Whetstone","DollysMirror","infinitespire:EvilPickle","Pandora\u0027s Box","Centennial Puzzle","BargainBundle","Blue Doll","Pantograph","Old Coin","Philosopher\u0027s Stone","Black Star","Bird Faced Urn","Onion Ring","infinitespire:BottledMercury","Replay:WaspNest","Replay:Kaleidoscope","Dream Catcher","Oddly Smooth Stone","Fusion Hammer","Calipers","Mirror","Painkiller Herb","Nunchaku","Strawberry","WingedGreaves","Girya","Sozu","Ring of Chaos","Art of War","Replay:Towering Pillar of Hats","infinitespire:Beetle Shell","Eternal Feather","Juzu Bracelet","infinitespire:CursedDice","infinitespire:Broken Mirror","ReplayTheSpireMod:SealedPack","ClockworkSouvenir","infinitespire:EmpoweringShard","ReplayTheSpireMod:TigerMarble","Ginger","Pet Ghost","infinitespire:WardingShard","Busted Crown","Membership Card","Omamori","Lantern","infinitespire:Golems Mask","Quantum Egg","Regal Pillow","Thread and Needle"],"acts_visited":["Exordium","TheCity","TheBeyond","Exordium","TheCity","TheBeyond","Exordium","TheCity","TheBeyond"],"potions_floor_usage":[],"damage_taken":[{"damage":13.0,"enemies":"Jaw Worm","floor":1.0,"turns":4.0},{"damage":3.0,"enemies":"Cultist","floor":2.0,"turns":5.0},{"damage":9.0,"enemies":"2 Louse","floor":4.0,"turns":2.0},{"damage":5.0,"enemies":"Lagavulin","floor":6.0,"turns":14.0},{"damage":18.0,"enemies":"Gremlin Nob","floor":8.0,"turns":5.0},{"damage":16.0,"enemies":"3 Sentries","floor":10.0,"turns":11.0},{"damage":4.0,"enemies":"Gremlin Gang","floor":12.0,"turns":4.0},{"damage":0.0,"enemies":"Blue Slaver","floor":14.0,"turns":4.0},{"damage":36.0,"enemies":"Fading Forest","floor":16.0,"turns":11.0},{"damage":18.0,"enemies":"2 Thieves","floor":18.0,"turns":4.0},{"damage":0.0,"enemies":"3 Byrds","floor":21.0,"turns":4.0},{"damage":28.0,"enemies":"Nightmare","floor":25.0,"turns":7.0},{"damage":0.0,"enemies":"Snecko","floor":27.0,"turns":4.0},{"damage":62.0,"enemies":"Slavers","floor":29.0,"turns":7.0},{"damage":0.0,"enemies":"Centurion and Healer","floor":31.0,"turns":5.0},{"damage":33.0,"enemies":"Pondfish","floor":33.0,"turns":11.0},{"damage":4.0,"enemies":"3 Shapes","floor":35.0,"turns":6.0},{"damage":30.0,"enemies":"Orb Walker","floor":36.0,"turns":4.0},{"damage":46.0,"enemies":"Spire Growth","floor":38.0,"turns":6.0},{"damage":19.0,"enemies":"Jaw Worm Horde","floor":39.0,"turns":5.0},{"damage":34,"enemies":"Reptomancer","floor":45,"turns":5},{"damage":12,"enemies":"Sphere and 2 Shapes","floor":46,"turns":4},{"damage":23,"enemies":"Maw","floor":47,"turns":7},{"damage":28,"enemies":"Jaw Worm Horde","floor":48,"turns":4},{"damage":49,"enemies":"Time Eater","floor":50,"turns":10},{"damage":0,"enemies":"Cultist","floor":52,"turns":3},{"damage":0,"enemies":"Jaw Worm","floor":53,"turns":3},{"damage":3,"enemies":"Small Slimes","floor":55,"turns":3},{"damage":0,"enemies":"3 Sentries","floor":58,"turns":1},{"damage":3,"enemies":"Exordium Wildlife","floor":59,"turns":3},{"damage":14,"enemies":"Gremlin Nob","floor":62,"turns":3},{"damage":27,"enemies":"Red Slaver","floor":63,"turns":2},{"damage":8,"enemies":"3 Louse","floor":64,"turns":3},{"damage":71,"enemies":"Fading Forest","floor":67,"turns":11},{"damage":1,"enemies":"Chosen","floor":69,"turns":4},{"damage":7,"enemies":"2 Thieves","floor":71,"turns":3},{"damage":6,"enemies":"Gremlin Leader","floor":74,"turns":4},{"damage":47,"enemies":"Centurion and Healer","floor":78,"turns":4},{"damage":40,"enemies":"Chosen and Byrds","floor":81,"turns":4},{"damage":44,"enemies":"Shelled Parasite and Fungi","floor":82,"turns":2},{"damage":25,"enemies":"Champ","floor":84,"turns":9},{"damage":20,"enemies":"Orb Walker","floor":86,"turns":4},{"damage":10,"enemies":"3 Shapes","floor":87,"turns":2},{"damage":127,"enemies":"Replay:Hell Engine","floor":89,"turns":10},{"damage":0,"enemies":"2 Louse","floor":91,"turns":2},{"damage":22,"enemies":"Jaw Worm","floor":93,"turns":2},{"damage":14,"enemies":"Small Slimes","floor":94,"turns":2},{"damage":47,"enemies":"Lagavulin","floor":100,"turns":3},{"damage":16,"enemies":"Looter","floor":102,"turns":2},{"damage":80,"enemies":"Lagavulin Event","floor":103,"turns":4},{"damage":0,"enemies":"Gremlin Nob","floor":104,"turns":2},{"damage":15,"enemies":"The Guardian","floor":106,"turns":6},{"damage":48,"enemies":"Shell Parasite","floor":108,"turns":4},{"damage":65,"enemies":"2 Thieves","floor":109,"turns":3},{"damage":22,"enemies":"Chosen and Byrds","floor":110,"turns":4},{"damage":9,"enemies":"Snecko","floor":112,"turns":3},{"damage":35,"enemies":"Centurion and Healer","floor":113,"turns":4},{"damage":34,"enemies":"Gremlin Leader","floor":114,"turns":5},{"damage":48,"enemies":"Snake Plant","floor":119,"turns":2},{"damage":43,"enemies":"Automaton","floor":123,"turns":5},{"damage":1,"enemies":"Orb Walker","floor":125,"turns":2},{"damage":0,"enemies":"3 Shapes","floor":126,"turns":3},{"damage":57,"enemies":"Giant Head","floor":130,"turns":6},{"damage":76,"enemies":"3 Darklings","floor":131,"turns":3},{"damage":4,"enemies":"R_Hoarder","floor":132,"turns":5},{"damage":1,"enemies":"Writhing Mass","floor":135,"turns":2},{"damage":4,"enemies":"Mind Bloom Boss Battle","floor":136,"turns":4},{"damage":2,"enemies":"Spire Growth","floor":138,"turns":3},{"damage":175,"enemies":"infinitespire:LordOfFortification","floor":140,"turns":8}],"seed_played":"1983052928278222765","potions_obtained":[{"floor":0.0,"key":"LifebloodPotion"},{"floor":2.0,"key":"SkillPotion"},{"floor":8.0,"key":"Regen Potion"},{"floor":14.0,"key":"Dexterity Potion"},{"floor":31.0,"key":"Adrenaline Potion"},{"floor":35.0,"key":"Venom Potion"},{"floor":37.0,"key":"Venom Potion"},{"floor":37.0,"key":"LiquidBronze"},{"floor":39.0,"key":"SpeedPotion"},{"floor":52,"key":"Death Potion"}],"is_trial":false,"path_per_floor":["M","M","?","M","$","E","R","E","T","E","T","M","?","M","R","B",null,"M","?","T","M","?","R","T","NM","T","M","?","E","$","M","R","B",null,"M","M","?","M","M","R","$","R","T","?","E","M","M","M","R","B",null,"M","M","?","M","AVR","R","E","M","T","$","E","M","M","?","R","B",null,"M","$","M","?","AVR","E","?","T","T","?","T","?","?","?","R_BF","B",null,"?","?","?","B",null,"?","?","?","?","?","T","T","T","T","E","T","?","?","E","T","B",null,"?","?","?","T","?","?","E","T","T","?","T","?","AVR","?","T","B",null,"?","?","?","T","?","E","?","E","T","T","?","?","?","?","T","B"],"character_chosen":"NECROMANCER","items_purchased":["Gremlin Food","DollysMirror","BargainBundle","Apotheosis","Summon_Undead_Army","Life_Tap","Blue Doll","Replay:Kaleidoscope","Bone_Armory","Siphon_Strength","Bone_Shift","Calipers","Skeleton_Dragon+1","Summon_Lich","Art of War","Specialist","ClockworkSouvenir","infinitespire:EmpoweringShard","Membership Card"],"campfire_rested":16,"item_purchase_floors":[5,30,41,41,41,41,41,61,61,61,61,70,70,97,97,111,111,111,128],"current_hp_per_floor":[67,64,57,48,48,43,43,25,25,9,9,9,9,11,35,29,80,64,64,64,72,72,72,72,56,56,64,64,7,7,15,39,20,80,80,59,39,39,37,61,61,80,80,80,60,68,71,48,72,77,80,80,80,80,77,77,80,80,80,80,80,74,57,64,64,80,68,80,80,80,80,80,80,87,87,87,87,65,87,87,75,49,49,87,87,87,85,85,26,87,87,87,73,69,69,69,69,69,69,33,87,71,19,27,87,87,87,55,16,26,26,39,34,45,87,87,87,87,39,39,68,87,58,87,86,87,66,66,66,70,63,87,87,87,87,84,84,87,87,0,0],"gold":0,"neow_bonus":"BOSS_RELIC","is_daily":false,"chose_seed":false,"campfire_upgraded":2,"win_rate":0.0,"timestamp":1612090841,"path_taken":["M","M","?","M","$","E","R","E","T","E","?","?","?","?","R","BOSS","M","?","?","M","?","R","?","NM","T","?","?","E","$","M","R","BOSS","M","M","?","?","M","R","$","R","T","?","E","?","M","M","R","BOSS","M","M","?","M","AVR","R","E","M","T","$","E","M","M","?","R","BOSS","M","$","M","?","AVR","E","?","T","T","?","T","?","?","?","R_BF","BOSS","?","?","?","BOSS","?","?","?","?","?","T","?","T","T","E","T","?","?","E","T","BOSS","?","?","?","T","?","?","E","T","T","?","T","?","AVR","?","T","BOSS","?","?","?","T","?","E","?","E","T","T","?","?","?","?","T","BOSS"],"items_purchased_type":["Relic","Relic","Relic","Card","Card","Card","Relic","Relic","Card","Card","Card","Relic","Card","Card","Relic","Card","Relic","Relic","Relic"],"build_version":"2020-12-22","purchased_purges":4,"victory":false,"max_hp_per_floor":[80,80,80,80,80,80,80,80,80,80,80,80,80,80,80,80,80,80,80,80,80,80,80,80,80,80,80,80,80,80,80,80,80,80,80,80,80,80,80,80,80,80,80,80,80,80,80,80,80,80,80,80,80,80,80,80,80,80,80,80,80,80,80,80,80,80,80,80,80,80,80,80,80,87,87,87,87,87,87,87,87,87,87,87,87,87,87,87,87,87,87,87,87,87,87,87,87,87,87,87,87,87,87,87,87,87,87,87,87,87,87,87,87,87,87,87,87,87,87,87,87,87,87,87,87,87,87,87,87,87,87,87,87,87,87,87,87,87,87,87,87],"card_choices":[{"not_picked":["Bone_Prison","Acid_Javelin"],"picked":"Bone_Bullets","floor":0.0},{"not_picked":["Negative_Energy_Mist","Summon_Undead_Army"],"picked":"Bone_Armor","floor":1.0},{"not_picked":["Bone_Armor","Necromantic_Selection"],"picked":"Bones_to_Steel","floor":2.0},{"not_picked":["Vampiric_Strike","Flesh_Made_Foul"],"picked":"Siphon_Strength","floor":4.0},{"not_picked":["Blood_Curse","Death_March_Dance"],"picked":"Spectral_Armor","floor":6.0},{"not_picked":["Life_Tap","Shackles_Of_Pain"],"picked":"Bone_Bullets","floor":8.0},{"not_picked":["Shackles_Of_Pain","Epidemic"],"picked":"Vampiric_Strike","floor":10.0},{"not_picked":["Blood_Whip","Acid_Javelin"],"picked":"Summon_Lich","floor":12.0},{"not_picked":["Strike_from_Beyond","Violent_Necrosis"],"picked":"Life_Drain","floor":14.0},{"not_picked":["Summon_Death_Knight","Blood_Wake"],"picked":"Skeleton_Dragon","floor":16.0},{"not_picked":["Plague_Bolt","Pandemic"],"picked":"Bone_Bullets","floor":18.0},{"not_picked":["Consume_Illness+1","Negative_Energy_Mist"],"picked":"Summon_Undead+1","floor":21.0},{"not_picked":["Blood_Curse","Blood_Shield+1","Corrupt"],"picked":"SKIP","floor":25.0},{"not_picked":["Consume_Illness","Toxic_Smoke_Screen","Negative_Energy_Sphere"],"picked":"SKIP","floor":27.0},{"not_picked":["Blood_Whip+1","Corrupt+1","Negative_Energy_Mist"],"picked":"SKIP","floor":29.0},{"not_picked":["Blood_for_Blood","Bones_to_Steel+1"],"picked":"Negative_Energy_Shield","floor":31.0},{"not_picked":["Hellfire","Summon_Death_Knight"],"picked":"Summon_Vampire_Lady","floor":33.0},{"not_picked":["Negative_Energy_Sphere","Bones_to_Steel","Negative_Energy_Javelin+1"],"picked":"SKIP","floor":35.0},{"not_picked":["Death_Coil","Bone_Bullets"],"picked":"Spectral_Walk+1","floor":36.0},{"not_picked":["Bones_to_Steel","Consume_Illness+1"],"picked":"Bone_Bullets+1","floor":37.0},{"not_picked":["Whirlwind_of_Bones+1","Chill_Blood+1"],"picked":"Summon_Death_Knight","floor":38.0},{"not_picked":["Negative_Energy_Sphere+1","Bones_to_Steel+1","Chill_Blood"],"picked":"SKIP","floor":39.0},{"not_picked":["Negative_Energy_Sphere+1","Bones_to_Steel+1","Chill_Blood"],"picked":"SKIP","floor":39.0},{"not_picked":["Shackles_Of_Pain+1","Negative_Energy_Mist"],"picked":"Spectral_Armor+1","floor":45},{"not_picked":["Life_Tap+1","Negative_Energy_Shield"],"picked":"Bone_Armor+1","floor":46},{"not_picked":["Death_March_Dance+1","Negative_Energy_Mist"],"picked":"Life_Tap","floor":47},{"not_picked":["Death_Knell","Consume_Illness","Bone_Bullets"],"picked":"SKIP","floor":48},{"not_picked":["Shackles_Of_Pain","Shade_Step"],"picked":"Bone_Armor","floor":52},{"not_picked":["Blood_Shield","Spectral_Armor"],"picked":"Exploit","floor":53},{"not_picked":["Negative_Energy_Shield","Stop_Heart","Toxic_Smoke_Screen"],"picked":"SKIP","floor":55},{"not_picked":["Negative_Energy_Shield","Death_Coil","Epidemic"],"picked":"SKIP","floor":58},{"not_picked":["Consume_Illness","Shade_Step"],"picked":"Bone_Armor","floor":59},{"not_picked":["Requiem","Summon_Undead"],"picked":"Bone_Shift","floor":62},{"not_picked":["Negative_Energy_Sphere","Death_March_Dance"],"picked":"Summon_Undead_Army","floor":63},{"not_picked":["Death_Coil","Bone_Spikes"],"picked":"Bone_Armory","floor":64},{"not_picked":["Negative_Energy_Bomb","Summon_Death_Knight"],"picked":"Summon_Vampire_Lady","floor":67},{"not_picked":["infinitespire:Fortify","infinitespire:SealOfDarkness+"],"picked":"infinitespire:TheBestDefense","floor":69},{"not_picked":["Scare","Bone_Spikes+1","Finger_Of_Death"],"picked":"SKIP","floor":69},{"not_picked":["Bone_Armor","Necromantic_Selection"],"picked":"Blood_Is_Power","floor":71},{"not_picked":["Negative_Energy_Shield","Negative_Energy_Sphere","Toxic_Smoke_Screen"],"picked":"SKIP","floor":74},{"not_picked":["Bone_Bullets","Negative_Energy_Javelin","Negative_Energy_Shield"],"picked":"SKIP","floor":78},{"not_picked":["Strike_from_Beyond","Vampiric_Strike","Slay_Living+1"],"picked":"SKIP","floor":81},{"not_picked":["Stop_Heart","Bone_Bullets"],"picked":"Spectral_Walk","floor":82},{"not_picked":["Reap_The_Weak","Requiem"],"picked":"Grasp_Heart","floor":84},{"not_picked":["Negative_Energy_Javelin+1","Negative_Energy_Sphere+1","Consume_Illness+1"],"picked":"SKIP","floor":86},{"not_picked":["Pandemic","Blood_Whip","Negative_Energy_Mist+1"],"picked":"SKIP","floor":87},{"not_picked":["Hellfire","Reap_The_Weak"],"picked":"Summon_Death_Knight","floor":89},{"not_picked":["Finger_Of_Death","Necromantic_Selection"],"picked":"Shade_Step","floor":91},{"not_picked":["Consume_Illness","Acid_Javelin"],"picked":"Negative_Energy_Sphere","floor":93},{"not_picked":["Strike_from_Beyond","Chill_Blood","Death_March_Dance"],"picked":"SKIP","floor":94},{"not_picked":["Life_Tap","Corrupt"],"picked":"Summon_Undead_Army","floor":100},{"not_picked":["Chill_Blood","Negative_Energy_Mist"],"picked":"Strike_from_Beyond","floor":102},{"not_picked":["Death_Coil","Slay_Living"],"picked":"Bone_Bullets","floor":103},{"not_picked":["Flesh_Made_Foul","Scare","Negative_Energy_Javelin"],"picked":"SKIP","floor":104},{"not_picked":["Blood_Wake","Skeleton_Dragon"],"picked":"Summon_Vampire_Lady","floor":106},{"not_picked":["Skeleton_Dragon","Blood_Wake"],"picked":"Grasp_Heart","floor":107},{"not_picked":["Replay:Fractal Strike","infinitespire:TheBestDefense"],"picked":"infinitespire:Fortify","floor":107},{"not_picked":["Replay:Bootleg Shield Generator","Panacea"],"picked":"Jack Of All Trades","floor":107},{"not_picked":["Thousand_Bone_Knives","Corrupt"],"picked":"Blood_Shield+1","floor":108},{"not_picked":["Bone_Prison","Negative_Energy_Javelin+1","Bones_to_Steel"],"picked":"SKIP","floor":109},{"not_picked":["Blood_for_Blood","Acid_Javelin+1"],"picked":"Negative_Energy_Shield+1","floor":110},{"not_picked":["Flesh_Made_Foul+1","Necromantic_Selection","Epidemic+1"],"picked":"SKIP","floor":112},{"not_picked":["Toxic_Smoke_Screen","Summon_Undead_Army"],"picked":"Shade_Step+1","floor":113},{"not_picked":["Spectral_Armor+1","Negative_Energy_Shield","Negative_Energy_Mist"],"picked":"SKIP","floor":114},{"not_picked":["Negative_Energy_Sphere+1","Bone_Bullets"],"picked":"Siphon_Strength","floor":115},{"not_picked":["Bone_Shift","Negative_Energy_Shield"],"picked":"Thousand_Bone_Knives+1","floor":118},{"not_picked":["Death_Coil","Stop_Heart","Death_Knell"],"picked":"SKIP","floor":119},{"not_picked":["Hellfire","Summon_Death_Knight"],"picked":"Summon_Vampire_Lady","floor":123},{"not_picked":["Death_Coil"],"picked":"SKIP","floor":125},{"not_picked":["Acid_Javelin+1"],"picked":"SKIP","floor":126},{"not_picked":["infinitespire:SealOfDarkness+","ReplayTheSpireMod:??????????????????????"],"picked":"infinitespire:DeathsTouch","floor":127},{"not_picked":["Blood_Whip"],"picked":"SKIP","floor":130},{"not_picked":["Consume_Illness+1"],"picked":"SKIP","floor":131},{"not_picked":["Vampiric_Strike+1"],"picked":"SKIP","floor":132},{"not_picked":["Necromantic_Selection"],"picked":"SKIP","floor":135},{"not_picked":["Cloudkill"],"picked":"SKIP","floor":138}],"player_experience":173605,"relics_obtained":[{"floor":6.0,"key":"infinitespire:CheckeredPen"},{"floor":8.0,"key":"Matryoshka"},{"floor":9.0,"key":"Replay:Bottled Steam"},{"floor":9.0,"key":"Replay:Bottled Eggs"},{"floor":10.0,"key":"infinitespire:PuzzleCube"},{"floor":11.0,"key":"Blood Vial"},{"floor":11.0,"key":"infinitespire:Lucky Rock"},{"floor":20.0,"key":"Replay:Bottled Flurry"},{"floor":24.0,"key":"Sundial"},{"floor":25.0,"key":"Boot"},{"floor":26.0,"key":"Golden Egg"},{"floor":29.0,"key":"Whetstone"},{"floor":37.0,"key":"Centennial Puzzle"},{"floor":43,"key":"Pantograph"},{"floor":45,"key":"Old Coin"},{"floor":58,"key":"Onion Ring"},{"floor":58,"key":"infinitespire:BottledMercury"},{"floor":60,"key":"Replay:WaspNest"},{"floor":62,"key":"Dream Catcher"},{"floor":62,"key":"Oddly Smooth Stone"},{"floor":74,"key":"Nunchaku"},{"floor":74,"key":"Strawberry"},{"floor":77,"key":"WingedGreaves"},{"floor":99,"key":"Replay:Towering Pillar of Hats"},{"floor":100,"key":"infinitespire:Beetle Shell"},{"floor":100,"key":"Eternal Feather"},{"floor":104,"key":"infinitespire:CursedDice"},{"floor":104,"key":"infinitespire:Broken Mirror"},{"floor":114,"key":"ReplayTheSpireMod:TigerMarble"},{"floor":114,"key":"Ginger"},{"floor":116,"key":"Pet Ghost"},{"floor":130,"key":"Omamori"},{"floor":130,"key":"Lantern"},{"floor":132,"key":"infinitespire:Golems Mask"},{"floor":132,"key":"Quantum Egg"},{"floor":133,"key":"Regal Pillow"},{"floor":136,"key":"Thread and Needle"}],"event_choices":[{"cards_removed":["Defend_W"],"damage_healed":0.0,"max_hp_gain":0.0,"max_hp_loss":0.0,"gold_gain":0.0,"event_name":"Golden Wing","player_choice":"Card Removal","floor":3.0,"gold_loss":0.0,"damage_taken":7.0},{"damage_healed":0.0,"max_hp_gain":0.0,"max_hp_loss":0.0,"gold_gain":0.0,"event_name":"WeMeetAgain","player_choice":"Gave Potion","floor":13.0,"gold_loss":0.0,"damage_taken":0.0,"relics_obtained":["Replay:Accelerometer"]},{"damage_healed":0.0,"max_hp_gain":0.0,"max_hp_loss":0.0,"gold_gain":0.0,"event_name":"Ghosts","player_choice":"Ignored","floor":19.0,"gold_loss":0.0,"damage_taken":0.0},{"damage_healed":0.0,"max_hp_gain":0.0,"max_hp_loss":0.0,"gold_gain":0.0,"event_name":"Addict","player_choice":"Obtained Relic","floor":22.0,"gold_loss":85.0,"damage_taken":0.0,"relics_obtained":["Ancient Tea Set"]},{"damage_healed":0.0,"max_hp_gain":0.0,"max_hp_loss":0.0,"gold_gain":0.0,"event_name":"Drug Dealer","player_choice":"Obtain J.A.X.","floor":28.0,"gold_loss":0.0,"damage_taken":0.0,"cards_obtained":["J.A.X."]},{"cards_removed":["Vampiric_Strike"],"damage_healed":0,"gold_gain":0,"player_choice":"Purged","damage_taken":0,"max_hp_gain":0,"max_hp_loss":0,"event_name":"Purifier","floor":44,"gold_loss":0},{"cards_removed":["Death_Knell"],"damage_healed":0,"gold_gain":0,"player_choice":"Forget","damage_taken":0,"max_hp_gain":0,"max_hp_loss":0,"event_name":"Living Wall","floor":54,"gold_loss":0},{"damage_healed":0,"gold_gain":0,"player_choice":"Became a vampire (Vial)","damage_taken":0,"max_hp_gain":0,"max_hp_loss":0,"event_name":"Vampires","floor":72,"relics_lost":["Blood Vial"],"gold_loss":0,"cards_obtained":["Bite","Bite","Bite","Bite","Bite"]},{"damage_healed":0,"gold_gain":0,"player_choice":"Obtain J.A.X.","damage_taken":0,"max_hp_gain":0,"max_hp_loss":0,"event_name":"Drug Dealer","floor":75,"gold_loss":0,"cards_obtained":["J.A.X."]},{"damage_healed":0,"gold_gain":0,"player_choice":"Obtained Relic","damage_taken":0,"relics_obtained":["Girya"],"max_hp_gain":0,"max_hp_loss":0,"event_name":"Addict","floor":80,"gold_loss":85},{"damage_healed":0,"gold_gain":0,"player_choice":"Took Portal","damage_taken":0,"max_hp_gain":0,"max_hp_loss":0,"event_name":"SecretPortal","floor":88,"gold_loss":0},{"damage_healed":0,"gold_gain":0,"player_choice":"Searched \u00272\u0027 times","damage_taken":0,"relics_obtained":["Juzu Bracelet"],"max_hp_gain":0,"max_hp_loss":0,"event_name":"Dead Adventurer","floor":103,"gold_loss":0},{"cards_removed":["Bone_Armory"],"damage_healed":0,"gold_gain":0,"player_choice":"Elegance","damage_taken":0,"max_hp_gain":0,"max_hp_loss":0,"event_name":"Back to Basics","floor":117,"gold_loss":0},{"damage_healed":29,"gold_gain":0,"player_choice":"Heal","damage_taken":0,"max_hp_gain":0,"max_hp_loss":0,"event_name":"The Library","floor":121,"gold_loss":0},{"damage_healed":0,"gold_gain":0,"player_choice":"Memory 1","damage_taken":0,"max_hp_gain":0,"max_hp_loss":0,"event_name":"SensoryStone","floor":129,"gold_loss":0},{"damage_healed":0,"gold_gain":0,"player_choice":"Fight","damage_taken":0,"max_hp_gain":0,"max_hp_loss":0,"event_name":"MindBloom","floor":136,"gold_loss":0},{"damage_healed":0,"gold_gain":0,"player_choice":"Bought 0 Potions","damage_taken":0,"max_hp_gain":0,"max_hp_loss":0,"event_name":"The Woman in Blue","floor":137,"gold_loss":0}],"is_beta":false,"boss_relics":[{"not_picked":["Honey Jar","Snecko Eye"],"picked":"Abe\u0027s Treasure"},{"not_picked":["Replay:Drink Me","Empty Cage"],"picked":"Pandora\u0027s Box"},{"not_picked":["SacredBark","Coffee Dripper"],"picked":"Philosopher\u0027s Stone"},{"not_picked":["Velvet Choker","Replay:Bronze Core"],"picked":"Fusion Hammer"},{"not_picked":["ReplayTheSpireMod:DimensionalGlitch","ReplayTheSpireMod:SealedPack"],"picked":"Sozu"},{"not_picked":["Replay:Drink Me","Calling Bell"],"picked":"Ring of Chaos"},{"not_picked":["SacredBark","Replay:Drink Me"],"picked":"ReplayTheSpireMod:SealedPack"},{"not_picked":["Calling Bell","Replay:Grab Bag"],"picked":"Busted Crown"}],"items_purged_floors":[30,41,97,120],"is_endless":true,"potions_floor_spawned":[2,8,10,14,25,27,31,35,38,39,45,52,59,63,64,67,69,71,78,89,91,93,100,102,106,109,113,119,126,131,138],"killed_by":"infinitespire:LordOfFortification","ascension_level":1}}