{"host":"lnt5dzsuhru0aonl","time":1612062529,"event":{"mods":["2.2 Compatiblity","BaseMod","Colored Map","Colored Powertips","DeckTracker","Keyboard Shortcuts","Minty Spire (QoL Compilation)","Permanent Neow","Rare Cards Sparkle","StSLib","SuperFastMode","everything is the same but u backflip on backflip"],"gold_per_floor":[113,38,38,13,31,64,90,90,90,90,90],"floor_reached":10,"language":"KOR","playtime":234,"items_purged":[],"score":128,"play_id":"7f920cb2-3eb1-4f95-b772-cf90bf61adf1","local_time":"20210131120849","is_ascension_mode":true,"campfire_choices":[{"floor":8,"key":"REST"}],"circlet_count":0,"master_deck":["AscendersBane","Strike_R","Strike_R","Strike_R","Strike_R","Defend_R","Defend_R","Defend_R","Defend_R","Bash","Fire Breathing","Pain","Warcry","Flame Barrier","Wild Strike"],"relics":["Burning Blood","WarpedTongs","Potion Belt","Odd Mushroom","CeramicFish"],"acts_visited":["Exordium"],"potions_floor_usage":[6,7],"damage_taken":[{"damage":10,"enemies":"2 Louse","floor":1,"turns":4},{"damage":4,"enemies":"Small Slimes","floor":5,"turns":3},{"damage":39,"enemies":"Lagavulin","floor":6,"turns":11},{"damage":27,"enemies":"The Mushroom Lair","floor":7,"turns":7},{"damage":45,"enemies":"Gremlin Nob","floor":10,"turns":4}],"seed_played":"-1558460139201078064","potions_obtained":[{"floor":1,"key":"SpeedPotion"},{"floor":5,"key":"Fire Potion"}],"is_trial":false,"path_per_floor":["M","?","?","$","M","E","?","R","T","E"],"character_chosen":"IRONCLAD","items_purchased":["Warcry"],"campfire_rested":1,"item_purchase_floors":[4],"current_hp_per_floor":[60,60,60,60,62,29,8,34,34,0,0],"gold":90,"neow_bonus":"TWENTY_PERCENT_HP_BONUS","is_daily":false,"chose_seed":false,"campfire_upgraded":0,"win_rate":0.0,"timestamp":1612062529,"path_taken":["M","?","?","$","?","E","?","R","T","E"],"items_purchased_type":["Card"],"build_version":"2020-12-22","purchased_purges":0,"victory":false,"max_hp_per_floor":[89,89,89,89,89,89,89,89,89,89,89],"card_choices":[{"not_picked":["Entrench","Heavy Blade"],"picked":"Fire Breathing","floor":1},{"not_picked":["Carnage","Blood for Blood"],"picked":"Flame Barrier","floor":5},{"not_picked":["Seeing Red","Shockwave","Ghostly Armor"],"picked":"SKIP","floor":6},{"not_picked":["Sever Soul","Twin Strike"],"picked":"Wild Strike","floor":7}],"player_experience":784413,"relics_obtained":[{"floor":6,"key":"Potion Belt"},{"floor":7,"key":"Odd Mushroom"},{"floor":9,"key":"CeramicFish"}],"event_choices":[{"cards_removed":["Strike_R"],"damage_healed":0,"gold_gain":0,"player_choice":"Card Removal","damage_taken":0,"max_hp_gain":0,"max_hp_loss":0,"event_name":"The Cleric","floor":2,"gold_loss":75},{"damage_healed":0,"gold_gain":0,"player_choice":"Rummage","damage_taken":0,"relics_obtained":["WarpedTongs"],"max_hp_gain":0,"max_hp_loss":0,"event_name":"Accursed Blacksmith","floor":3,"gold_loss":0,"cards_obtained":["Pain"]},{"damage_healed":0,"gold_gain":0,"player_choice":"Fought Mushrooms","damage_taken":0,"max_hp_gain":0,"max_hp_loss":0,"event_name":"Mushrooms","floor":7,"gold_loss":0}],"is_beta":false,"boss_relics":[],"items_purged_floors":[],"is_endless":false,"potions_floor_spawned":[1,5],"killed_by":"Gremlin Nob","ascension_level":20}}