{"host":"ueu9p0h3qc1t2vnw","time":1612072789,"event":{"mods":["BaseMod","Colored Map","Downfall","Highlight Path","Minty Spire (QoL Compilation)","StSLib"],"gold_per_floor":[99,9,29,45,145,45,45,62,97,109,124,124,29,43,61,157,157,157,170,182,167,167,167,167,252,252,352,364,383,383,383,394,498,498,498,517,401,414,259,10,10,10,20,53,53,69,69,69,83,83],"floor_reached":51,"language":"ENG","playtime":3438,"items_purged":["champ:Strike","champ:Defend"],"score":754,"play_id":"91f29afc-dbc2-4a4d-bc0b-c256420304e2","local_time":"20210130205949","is_ascension_mode":false,"campfire_choices":[{"floor":1.0,"key":"RECALL"},{"data":"champ:StrikeOfGenius","floor":6.0,"key":"SMITH"},{"data":"champ:Taunt","floor":12.0,"key":"SMITH"},{"data":"champ:CheapShot","floor":18,"key":"SMITH"},{"data":"champ:UltimateStance","floor":23,"key":"SMITH"},{"data":"champ:UltimateStance","floor":26,"key":"SMITH"},{"data":"champ:TripleStrike","floor":30,"key":"SMITH"},{"data":"champ:TornadoPunch","floor":35,"key":"SMITH"},{"data":"champ:EnGarde","floor":45,"key":"SMITH"},{"data":"champ:Execute","floor":47,"key":"SMITH"}],"circlet_count":0,"master_deck":["champ:Strike","champ:Strike","champ:Strike","champ:Defend","champ:Defend+1","champ:Defend","champ:Execute+1","champ:Taunt+1","champ:StrikeOfGenius+1","champ:CheapShot+1","champ:EnGarde+1","champ:CrownThrow","champ:TornadoPunch+1","champ:SetATrap+1","champ:CrownThrow","champ:ShieldWall+1","champ:UltimateStance+1","champ:UltimateStance+1","champ:TripleStrike+1","champ:Parry+1","champ:Circumvent+1","champ:FocusedDefense+1","champ:Lariat+1","champ:Improvising","champ:FalseCounter+1","champ:Haymaker+1","expansioncontent:AwakenDeath"],"relics":["champ:ChampionCrown","WristBlade","downfall:HeartBlessingRed","Mummified Hand","Strawberry","SlaversCollar","MutagenicStrength","Thread and Needle","champ:GladiatorsBookOfMartialProwess","Toxic Egg 2","Coffee Dripper","HandDrill","Bottled Tornado","War Paint","Lantern","Molten Egg 2","Guardian:PocketSentry","Blue Candle"],"acts_visited":["Exordium","TheCity","TheBeyond"],"potions_floor_usage":[33,33,50],"damage_taken":[{"damage":25.0,"enemies":"downfall:FleeingMerchant","floor":2.0,"turns":4.0},{"damage":5.0,"enemies":"Small Slimes","floor":3.0,"turns":6.0},{"damage":0.0,"enemies":"2 Louse","floor":4.0,"turns":3.0},{"damage":24.0,"enemies":"2 Louse","floor":5.0,"turns":6.0},{"damage":0.0,"enemies":"Cultist","floor":8.0,"turns":2.0},{"damage":5.0,"enemies":"Lagavulin","floor":9.0,"turns":4.0},{"damage":0.0,"enemies":"Red Slaver","floor":10.0,"turns":3.0},{"damage":19.0,"enemies":"Blue Slaver","floor":11.0,"turns":5.0},{"damage":17.0,"enemies":"downfall:FleeingMerchant","floor":13.0,"turns":5.0},{"damage":10.0,"enemies":"Large Slime","floor":14.0,"turns":4.0},{"damage":0.0,"enemies":"3 Louse","floor":15.0,"turns":1.0},{"damage":49.0,"enemies":"SI_SHIV_ARCHETYPE","floor":16.0,"turns":8.0},{"damage":25,"enemies":"Chosen","floor":19,"turns":4},{"damage":0,"enemies":"Shell Parasite","floor":20,"turns":4},{"damage":17,"enemies":"downfall:FleeingMerchant","floor":21,"turns":5},{"damage":19,"enemies":"IC_STATUS_ARCHETYPE","floor":27,"turns":5},{"damage":5,"enemies":"Snecko","floor":28,"turns":4},{"damage":18,"enemies":"Chosen and Byrds","floor":29,"turns":5},{"damage":20,"enemies":"Cultist and Chosen","floor":32,"turns":4},{"damage":47,"enemies":"IC_MUSHROOM_ARCHETYPE","floor":33,"turns":6},{"damage":10,"enemies":"Orb Walker","floor":36,"turns":2},{"damage":0,"enemies":"downfall:FleeingMerchant","floor":37,"turns":1},{"damage":0,"enemies":"3 Darklings","floor":38,"turns":3},{"damage":10,"enemies":"4 Shapes","floor":43,"turns":3},{"damage":25,"enemies":"Giant Head","floor":44,"turns":6},{"damage":10,"enemies":"Maw","floor":46,"turns":6},{"damage":35,"enemies":"Spire Growth","floor":49,"turns":2},{"damage":31,"enemies":"WA_ARCHETYPE_DIVINITY","floor":50,"turns":6}],"seed_played":"5040950610726928817","potions_obtained":[{"floor":9.0,"key":"Swift Potion"},{"floor":11.0,"key":"Block Potion"},{"floor":14.0,"key":"Fire Potion"},{"floor":16.0,"key":"SteroidPotion"},{"floor":27,"key":"GamblersBrew"},{"floor":28,"key":"SteroidPotion"},{"floor":44,"key":"PowerPotion"},{"floor":46,"key":"BlessingOfTheForge"}],"is_trial":false,"path_per_floor":["R","$","M","M","?","R","T","M","E","M","M","R","$","M","M","B",null,"R","M","M","$","?","R","T","?","R","?","M","M","R","?","M","B",null,"R","M","$","M","$","$","T","?","M","E","R","M","R","?","M","B",null],"character_chosen":"THE_CHAMP","items_purchased":["champ:CheapShot","champ:UltimateStance","HandDrill","Bottled Tornado","War Paint","Lantern"],"campfire_rested":0,"item_purchase_floors":[2,13,37,37,39,40],"current_hp_per_floor":[99,94,89,89,75,75,75,75,77,77,73,73,66,66,66,37,106,106,106,106,99,99,99,99,81,81,72,72,59,59,59,59,42,106,106,106,106,106,106,106,106,106,106,106,106,106,106,101,101,85],"gold":83,"neow_bonus":"TEN_PERCENT_HP_BONUS","is_daily":false,"chose_seed":false,"campfire_upgraded":9,"win_rate":0.0,"timestamp":1612072789,"path_taken":["R","$","M","M","?","R","T","M","E","M","M","R","$","M","M","BOSS","R","M","M","$","?","R","T","?","R","?","M","M","R","?","M","BOSS","R","M","?","?","?","$","T","?","M","E","R","M","R","?","M","BOSS"],"items_purchased_type":["Card","Card","Relic","Relic","Relic","Relic"],"build_version":"2020-12-22","purchased_purges":2,"victory":true,"max_hp_per_floor":[99,99,99,99,99,99,99,99,106,106,106,106,106,106,106,106,106,106,106,106,106,106,106,106,106,106,106,106,106,106,106,106,106,106,106,106,106,106,106,106,106,106,106,106,106,106,106,106,106,106],"card_choices":[{"not_picked":["champ:BladeFlurry","champ:FocusedDefense"],"picked":"champ:StrikeOfGenius","floor":2.0},{"not_picked":["champ:HeartStrike","champ:CrownThrow"],"picked":"champ:EnGarde","floor":3.0},{"not_picked":["champ:Backstep","champ:Parry","champ:BladeFlurry"],"picked":"SKIP","floor":4.0},{"not_picked":["champ:BerserkersShout","champ:DefensiveShout"],"picked":"champ:CrownThrow","floor":5.0},{"not_picked":["champ:ShieldSlam","champ:Backstep"],"picked":"champ:TornadoPunch","floor":8.0},{"not_picked":["champ:FanOfKnives","champ:AdrenalArmor","champ:Circumvent"],"picked":"SKIP","floor":9.0},{"not_picked":["champ:Encircle","champ:FanOfKnives"],"picked":"champ:SetATrap","floor":10.0},{"not_picked":["champ:BringItOn","champ:GutPunch"],"picked":"champ:CrownThrow","floor":11.0},{"not_picked":["champ:BerserkersShout","champ:Parry"],"picked":"champ:ShieldWall","floor":13.0},{"not_picked":["champ:SetATrap","champ:BladeFlurry"],"picked":"champ:UltimateStance","floor":14.0},{"not_picked":["champ:GutPunch","champ:FaceSlap","champ:Backstep"],"picked":"SKIP","floor":15.0},{"not_picked":["champ:DancingMaster","champ:CheapShot"],"picked":"champ:TripleStrike","floor":16.0},{"not_picked":["champ:AdrenalArmor","champ:SetATrap+1","champ:DeathBlow"],"picked":"SKIP","floor":19},{"not_picked":["champ:TornadoPunch+1","champ:Shatter"],"picked":"champ:Parry+1","floor":20},{"not_picked":["champ:EnGarde+1","champ:CrownThrow"],"picked":"champ:Circumvent+1","floor":21},{"not_picked":["champ:Circumvent+1","champ:Lariat+1"],"picked":"champ:FocusedDefense+1","floor":28},{"not_picked":["champ:EnGarde+1","champ:CrownThrow","champ:EndlessRage"],"picked":"SKIP","floor":29},{"not_picked":["champ:Backstep+1","champ:Parry+1"],"picked":"champ:Lariat+1","floor":32},{"not_picked":["champ:GladiatorForm","champ:VampiricStrike"],"picked":"champ:Improvising","floor":33},{"not_picked":["champ:BringItOn+1","champ:FocusedDefense+1"],"picked":"champ:FalseCounter+1","floor":36},{"not_picked":["champ:PerfectedStrike+1","champ:Backstep+1","champ:PreciseThrust"],"picked":"SKIP","floor":37},{"not_picked":["champ:BladeFlurry+1","champ:GutPunch"],"picked":"champ:Haymaker+1","floor":38},{"not_picked":["expansioncontent:Hexaburn","expansioncontent:PolyBeam"],"picked":"expansioncontent:AwakenDeath","floor":42},{"not_picked":["champ:TornadoPunch+1","champ:FancyFootwork+1","champ:BladeFlurry+1"],"picked":"SKIP","floor":43},{"not_picked":["champ:PreemptiveStrike+1","champ:AdrenalArmor+1","champ:BerserkersShout+1"],"picked":"SKIP","floor":44},{"not_picked":["champ:GutPunch+1","champ:BladeFlurry+1","champ:ArenaPreparation+1"],"picked":"SKIP","floor":46},{"not_picked":["champ:AdrenalArmor+1","champ:BladeFlurry+1","champ:BerserkersShout+1"],"picked":"SKIP","floor":49}],"player_experience":862337,"relics_obtained":[{"floor":5.0,"key":"WristBlade"},{"floor":7.0,"key":"Mummified Hand"},{"floor":9.0,"key":"Strawberry"},{"floor":24,"key":"Thread and Needle"},{"floor":27,"key":"champ:GladiatorsBookOfMartialProwess"},{"floor":27,"key":"Toxic Egg 2"},{"floor":41,"key":"Molten Egg 2"},{"floor":44,"key":"Guardian:PocketSentry"}],"event_choices":[{"damage_healed":0,"gold_gain":0,"player_choice":"Inject Mutagens","damage_taken":0,"relics_obtained":["MutagenicStrength"],"max_hp_gain":0,"max_hp_loss":0,"event_name":"Drug Dealer","floor":22,"gold_loss":0}],"is_beta":false,"boss_relics":[{"not_picked":["Snecko Eye","Runic Dome"],"picked":"SlaversCollar"},{"not_picked":["Philosopher\u0027s Stone","Calling Bell"],"picked":"Coffee Dripper"}],"items_purged_floors":[37,40],"is_endless":false,"potions_floor_spawned":[9,11,14,16,27,28,44,46],"ascension_level":0}}