{"host":"aas8f8jvicx6tcxp","time":1612055956,"event":{"mods":["BaseMod","Better Third Choice","BetterRewards","Clockwork Mod","Downfall","Minty Spire (QoL Compilation)","StSLib","The Cursed"],"gold_per_floor":[99,99,99,112,130,140,140,168,36,36,36,36],"floor_reached":11,"language":"ENG","playtime":25380,"items_purged":[],"score":71,"play_id":"31aefed7-7a78-4a00-807b-42be198c6858","local_time":"20210130191916","is_ascension_mode":false,"campfire_choices":[{"data":"Clockwork:DefectiveParts","floor":1,"key":"SMITH"},{"floor":10,"key":"REST"}],"circlet_count":0,"master_deck":["Clockwork:Strike","Clockwork:Strike","Clockwork:Strike","Clockwork:Strike","Clockwork:Shield","Clockwork:Shield","Clockwork:Shield","Clockwork:Shield","Clockwork:Tinker","Clockwork:WarmUp","Clockwork:DefectiveParts+1","Clockwork:DefectiveParts+1","Clockwork:ZeroPointEnergy","Clockwork:CogBarrier","Clockwork:ElasticNanites","Clockwork:SnapKeep"],"relics":["Clockwork:MomentumEngine","Pantograph","Clockwork:CopperScales","Mercury Hourglass","Art of War"],"acts_visited":["Exordium"],"potions_floor_usage":[11],"damage_taken":[{"damage":18,"enemies":"Cultist","floor":4,"turns":7},{"damage":4,"enemies":"Small Slimes","floor":5,"turns":7},{"damage":11,"enemies":"Jaw Worm","floor":6,"turns":9},{"damage":43,"enemies":"Lagavulin","floor":8,"turns":11},{"damage":0,"enemies":"downfall:FleeingMerchant","floor":9,"turns":4},{"damage":34,"enemies":"Gremlin Nob","floor":11,"turns":3}],"seed_played":"1591834650611487137","potions_obtained":[{"floor":8,"key":"Energy Potion"}],"is_trial":false,"path_per_floor":["R","T","?","M","M","M","T","E","$","R","E"],"character_chosen":"CLOCKWORK","items_purchased":["Clockwork:ElasticNanites","Clockwork:SnapKeep"],"campfire_rested":1,"item_purchase_floors":[9,9],"current_hp_per_floor":[85,85,85,67,63,52,52,9,9,34,0,0],"gold":36,"neow_bonus":"ONE_RANDOM_RARE_CARD","is_daily":false,"chose_seed":false,"campfire_upgraded":1,"win_rate":0.0,"timestamp":1612055956,"path_taken":["R","?","?","?","M","?","T","E","$","R","E"],"items_purchased_type":["Card","Card"],"build_version":"2020-12-22","purchased_purges":0,"victory":false,"max_hp_per_floor":[85,85,85,85,85,85,85,85,85,85,85,85],"card_choices":[{"not_picked":["Clockwork:Enhance","Clockwork:SystemHardening"],"picked":"Clockwork:CraftCopperScales","floor":4},{"not_picked":["Clockwork:SystemHardening","Clockwork:Roundhouse","Clockwork:SystemScan"],"picked":"SKIP","floor":5},{"not_picked":["Clockwork:SystemHardening","Clockwork:Improve"],"picked":"Clockwork:ZeroPointEnergy","floor":6},{"not_picked":["Clockwork:Improve","Clockwork:Downsize","Clockwork:ChargingShield"],"picked":"SKIP","floor":8},{"not_picked":["Clockwork:CogShield","Clockwork:Inspiration"],"picked":"Clockwork:CogBarrier","floor":9}],"player_experience":325505,"relics_obtained":[{"floor":2,"key":"Pantograph"},{"floor":7,"key":"Mercury Hourglass"},{"floor":8,"key":"Art of War"}],"event_choices":[],"is_beta":false,"boss_relics":[],"items_purged_floors":[],"is_endless":false,"potions_floor_spawned":[8],"killed_by":"Gremlin Nob","ascension_level":0}}