{"host":"ve5hox67eka4rdnb","time":1612103535,"event":{"mods":["ATMod(∞¢Ë™Mod)","AchievementEnabler","Act Like it!","BaseMod","Decade(Õı–°√˜)","Downfall","Gensokyo","Hermit","Koishi","Lobotomy","LobotomyExtend","Marisa£®ÏF”Í°°ƒß¿Ì…≥£©","Minty Spire (QoL Compilation)","Reimu£®≤©¿ˆ¡È√Œ£©","Remilia£®¿Ÿ√◊¿Ú—«£©","Replay The Spire","Shop Mod","StSLib","The Construct","The Cursed","The Servant 0.9.4"],"gold_per_floor":[109,34,34,34,50,83,100,100,123,123,153,183,10,24,24,121,121,136,136,148,162,172,172,201,201,225,225,237,265,326,384,384,554,654,749,649,649,791,850,850,980,980,980,1020,1071,1107,1147,1197,1197,1222,1272,1272,696,776,801],"floor_reached":56,"language":"ZHS","playtime":3173,"items_purged":["Defend_G","Defend_G+1","Defend_G"],"score":1926,"play_id":"11074de9-ba02-4fbe-9448-8037f4a8f968","local_time":"20210131223215","is_ascension_mode":true,"campfire_choices":[{"floor":8.0,"key":"REST"},{"data":"AT_ArcaneSupremacy","floor":15.0,"key":"SMITH"},{"data":"AT_EssenceShift","floor":23.0,"key":"SMITH"},{"data":"AT_EmpoweredMortalDraw","floor":25.0,"key":"SMITH"},{"floor":27.0,"key":"REST"},{"floor":32.0,"key":"RECALL"},{"data":"Storm of Steel","floor":40.0,"key":"SMITH"},{"data":"Cloak And Dagger","floor":42.0,"key":"SMITH"},{"data":"Hidden Blade","floor":52,"key":"SMITH"}],"circlet_count":1,"master_deck":["Strike_G","Strike_G","Strike_G","Strike_G","Strike_G","Defend_G","Defend_G","Neutralize","AT_EssenceShift+1","AT_ArcaneSupremacy+1","Cloak And Dagger+1","m_Survivalism+1","Backflip+1","AT_EmpoweredMortalDraw+1","Blade Dance","Escape Plan","Dagger Spray","Hidden Blade+1","Storm of Steel+1","Hidden Blade","Hidden Blade+1","Dagger Spray","Tools of the Trade","Hidden Blade+1","Backflip"],"relics":["AT_ATBox","SlaversCollar","LetterFromLob","Mastiff:ReiMu","Tiny Chest","Regal Pillow","Odd Mushroom","construct:WeddingRing","PreservedInsect","Circlet","Blue Doll","AT_MibuBalloonWealth","Replay:Rubber Ducky","Replay:Wanted Poster","HornCleat","Shuriken","Bottled Lightning","ReplayFunnel","AT_SunfireAegis","ClockworkSouvenir","construct:FoamFinger","Replay:WaspNest"],"acts_visited":["Exordium","TheCity","TheBeyond","TheEnding"],"potions_floor_usage":[55,55],"damage_taken":[{"damage":8.0,"enemies":"Small Slimes","floor":1.0,"turns":5.0},{"damage":3.0,"enemies":"2 Louse","floor":5.0,"turns":4.0},{"damage":9.0,"enemies":"Gremlin Nob","floor":6.0,"turns":6.0},{"damage":0.0,"enemies":"Jaw Worm","floor":7.0,"turns":5.0},{"damage":5.0,"enemies":"The Mushroom Lair","floor":11.0,"turns":4.0},{"damage":9.0,"enemies":"Lagavulin","floor":12.0,"turns":7.0},{"damage":0.0,"enemies":"Gremlin Gang","floor":14.0,"turns":3.0},{"damage":0.0,"enemies":"Fading Forest","floor":16.0,"turns":11.0},{"damage":19.0,"enemies":"Shell Parasite","floor":18.0,"turns":10.0},{"damage":11.0,"enemies":"3 Byrds","floor":20.0,"turns":3.0},{"damage":8.0,"enemies":"Shelled Parasite and Fungi","floor":21.0,"turns":6.0},{"damage":21.0,"enemies":"Chosen and Byrds","floor":22.0,"turns":7.0},{"damage":0.0,"enemies":"Book of Stabbing","floor":24.0,"turns":5.0},{"damage":0.0,"enemies":"Sentry and Sphere","floor":28.0,"turns":3.0},{"damage":4.0,"enemies":"Gremlin Leader","floor":29.0,"turns":4.0},{"damage":10.0,"enemies":"Centurion and Healer","floor":30.0,"turns":5.0},{"damage":6.0,"enemies":"Replay:Snechameleon","floor":31.0,"turns":4.0},{"damage":4.0,"enemies":"Automaton","floor":33.0,"turns":5.0},{"damage":0.0,"enemies":"3 Shapes","floor":35.0,"turns":3.0},{"damage":11.0,"enemies":"3 Darklings","floor":38.0,"turns":3.0},{"damage":0.0,"enemies":"Reptomancer","floor":41.0,"turns":2.0},{"damage":0.0,"enemies":"Transient","floor":44.0,"turns":5.0},{"damage":0.0,"enemies":"Writhing Mass","floor":46.0,"turns":5.0},{"damage":0.0,"enemies":"Maw","floor":47.0,"turns":5.0},{"damage":0.0,"enemies":"R_Hoarder","floor":48.0,"turns":4.0},{"damage":0.0,"enemies":"Time Eater","floor":50.0,"turns":8.0},{"damage":0.0,"enemies":"Malkuth","floor":51.0,"turns":4.0},{"damage":0.0,"enemies":"Yesod","floor":51.0,"turns":5.0},{"damage":0,"enemies":"Shield and Spear","floor":54,"turns":3},{"damage":0,"enemies":"The Heart","floor":55,"turns":5}],"seed_played":"-4480015515703830500","potions_obtained":[{"floor":5.0,"key":"SkillPotion"},{"floor":7.0,"key":"AttackPotion"},{"floor":12.0,"key":"LifebloodPotion"},{"floor":14.0,"key":"Poison Potion"},{"floor":21.0,"key":"Dexterity Potion"},{"floor":24.0,"key":"AttackPotion"},{"floor":29.0,"key":"GamblersBrew"},{"floor":33.0,"key":"Weak Potion"},{"floor":38.0,"key":"LifebloodPotion"},{"floor":39.0,"key":"CultistPotion"},{"floor":41.0,"key":"Strength Potion"},{"floor":48.0,"key":"SpeedPotion"}],"is_trial":false,"path_per_floor":["M","$","?","?","M","E","M","R","T","?","?","E","$","M","R","B",null,"M","T","M","M","M","R","E","R","T","R","M","E","M","E","R","B",null,"M","$","M","M","?","R","E","R","T","M","T","M","M","E","R","B",null,null,"R","$","E","B",null],"character_chosen":"THE_SILENT","items_purchased":["AT_EmpoweredMortalDraw","ClockworkSouvenir","construct:FoamFinger","Backflip"],"campfire_rested":2,"item_purchase_floors":[13,53,53,53],"current_hp_per_floor":[62,62,48,30,27,18,18,39,39,39,34,25,25,25,25,35,70,51,51,40,32,11,11,25,25,25,61,61,57,47,41,41,37,70,70,70,70,59,42,42,42,42,42,42,42,42,42,42,70,70,70,70,70,70,70],"gold":801,"neow_bonus":"BOSS_RELIC","is_daily":false,"chose_seed":false,"campfire_upgraded":6,"win_rate":0.0,"timestamp":1612103535,"path_taken":["M","$","?","?","M","E","M","R","T","?","?","E","?","M","R","BOSS","M","?","M","M","M","R","E","R","T","R","?","E","M","E","R","BOSS","M","$","?","M","?","R","E","R","T","M","?","M","M","E","R","BOSS","R","$","E","BOSS"],"items_purchased_type":["Card","Relic","Relic","Card"],"build_version":"2020-12-22","purchased_purges":3,"victory":true,"max_hp_per_floor":[70,70,70,70,70,70,70,70,70,70,70,70,70,70,70,70,70,70,70,70,70,70,70,70,70,70,70,70,70,70,70,70,70,70,70,70,70,70,70,70,70,70,70,70,70,70,70,70,70,70,70,70,70,70,70],"card_choices":[{"not_picked":["Dagger Spray","Bane"],"picked":"AT_ArcaneSupremacy","floor":1.0},{"not_picked":["Outmaneuver","Prepared","Dagger Throw"],"picked":"SKIP","floor":5.0},{"not_picked":["Masterful Stab","Poisoned Stab","Sucker Punch"],"picked":"SKIP","floor":6.0},{"not_picked":["Deadly Poison","Crippling Poison"],"picked":"Cloak And Dagger","floor":7.0},{"not_picked":["Prepared","Escape Plan"],"picked":"Backflip","floor":12.0},{"not_picked":["Footwork","Prepared","AT_KingSlayer"],"picked":"SKIP","floor":14.0},{"not_picked":["Riddle With Holes","Dagger Spray"],"picked":"Blade Dance","floor":18.0},{"not_picked":["Quick Slash","Deadly Poison","Dash+1"],"picked":"SKIP","floor":20.0},{"not_picked":["Sucker Punch","Predator","Deadly Poison"],"picked":"SKIP","floor":21.0},{"not_picked":["All Out Attack","Burst","Prepared+1"],"picked":"SKIP","floor":22.0},{"not_picked":["AT_WindFlip","Sucker Punch+1"],"picked":"Escape Plan","floor":24.0},{"not_picked":["Acrobatics","Sucker Punch"],"picked":"Dagger Spray","floor":28.0},{"not_picked":["AT_ArcaneSupremacy","Predator","Expertise+1"],"picked":"SKIP","floor":29.0},{"not_picked":["AT_WindFlip+1","Flying Knee"],"picked":"Hidden Blade","floor":30.0},{"not_picked":["Atom Bomb","AT_WomanClash","ReplayTheSpireMod:Tripwire"],"picked":"SKIP","floor":31.0},{"not_picked":["Night Terror","AT_EssenceShift"],"picked":"Storm of Steel","floor":33.0},{"not_picked":["AT_WindFlip","Poisoned Stab"],"picked":"Hidden Blade","floor":35.0},{"not_picked":["Poisoned Stab","Expertise+1"],"picked":"Hidden Blade+1","floor":38.0},{"not_picked":["Hidden Blade+1","AT_WomanClash+1"],"picked":"Dagger Spray","floor":39.0},{"not_picked":["All Out Attack","Bane","Flying Knee+1"],"picked":"SKIP","floor":41.0},{"not_picked":["ReplayTheSpireMod:Tripwire","Slice","Deadly Poison+1"],"picked":"SKIP","floor":44.0},{"not_picked":["Blur","Dodge and Roll"],"picked":"Tools of the Trade","floor":46.0},{"not_picked":["Sneak Up","Slice"],"picked":"Hidden Blade+1","floor":47.0},{"not_picked":["PiercingWail","Flying Knee","Crippling Poison"],"picked":"SKIP","floor":48.0},{"not_picked":["ReplayTheSpireMod:Tripwire","Catalyst+1","AT_TwilightShroud"],"picked":"SKIP","floor":54}],"player_experience":188365,"relics_obtained":[{"floor":1.0,"key":"LetterFromLob"},{"floor":6.0,"key":"Tiny Chest"},{"floor":9.0,"key":"Regal Pillow"},{"floor":11.0,"key":"Odd Mushroom"},{"floor":12.0,"key":"Dead Branch"},{"floor":19.0,"key":"PreservedInsect"},{"floor":24.0,"key":"Blue Doll"},{"floor":29.0,"key":"AT_MibuBalloonWealth"},{"floor":31.0,"key":"Replay:Rubber Ducky"},{"floor":39.0,"key":"HornCleat"},{"floor":41.0,"key":"Shuriken"},{"floor":43.0,"key":"Bottled Lightning"},{"floor":45.0,"key":"ReplayFunnel"},{"floor":48.0,"key":"AT_SunfireAegis"},{"floor":54,"key":"Replay:WaspNest"}],"event_choices":[{"damage_healed":0.0,"max_hp_gain":0.0,"max_hp_loss":0.0,"gold_gain":0.0,"event_name":"Shining Light","player_choice":"Entered Light","floor":3.0,"gold_loss":0.0,"damage_taken":14.0,"cards_upgraded":["Survivor","Defend_G"]},{"damage_healed":0.0,"max_hp_gain":0.0,"max_hp_loss":0.0,"gold_gain":0.0,"event_name":"Scrap Ooze","player_choice":"Success","floor":4.0,"gold_loss":0.0,"damage_taken":18.0,"relics_obtained":["Mastiff:ReiMu"]},{"damage_healed":0.0,"max_hp_gain":0.0,"max_hp_loss":0.0,"gold_gain":0.0,"event_name":"Mushrooms","player_choice":"Fought Mushrooms","floor":11.0,"gold_loss":0.0,"damage_taken":0.0}],"is_beta":false,"boss_relics":[{"not_picked":["Velvet Choker","Abe\u0027s Treasure"],"picked":"construct:WeddingRing"},{"not_picked":["SacredBark","Fusion Hammer"],"picked":"Replay:Wanted Poster"}],"items_purged_floors":[2,36,53],"is_endless":false,"potions_floor_spawned":[5,7,12,14,21,24,29,33,38,41,48],"ascension_level":1}}