{"host":"7nm1ow5v9mg4ehcw","time":1612111739,"event":{"mods":["BaseMod","Minty Spire (QoL Compilation)","Relic Stats","StSLib"],"gold_per_floor":[111,179,15,15,30,55,55,55,79,110,133,174,200,243,255,346,358,383,395,71,82,100,127,127,127,208,208,208,208,239,239,239,312,312,330,355,355,355,12,46,46,46,46,71,91,91,110,136,136,136],"floor_reached":51,"language":"ENG","playtime":2215,"items_purged":["Strike_R"],"score":1536,"play_id":"dd9ee4d1-b09c-45a2-bd64-d73835c7f174","local_time":"20210131174859","is_ascension_mode":true,"campfire_choices":[{"data":"Clothesline","floor":7.0,"key":"SMITH"},{"floor":15.0,"key":"REST"},{"floor":24.0,"key":"REST"},{"data":"Whirlwind","floor":25.0,"key":"SMITH"},{"data":"Limit Break","floor":27.0,"key":"SMITH"},{"data":"Double Tap","floor":29.0,"key":"SMITH"},{"floor":32.0,"key":"REST"},{"data":"Limit Break","floor":41.0,"key":"SMITH"},{"data":"Second Wind","floor":46.0,"key":"SMITH"},{"data":"Sword Boomerang","floor":49.0,"key":"SMITH"}],"circlet_count":0,"master_deck":["AscendersBane","Strike_R","Strike_R","Strike_R","Defend_R","Defend_R","Defend_R","Defend_R","Bash+1","Second Wind+1","Shrug It Off","Clothesline+1","Iron Wave","Limit Break+1","Sword Boomerang+1","Whirlwind+1","Inflame","Double Tap+1","Limit Break+1","Blood for Blood","Dual Wield+1","Bludgeon","Shrug It Off","Bludgeon","Fiend Fire","Heavy Blade+1"],"relics":["Burning Blood","Bronze Scales","MawBank","Singing Bowl","WingedGreaves","Snecko Eye","Brimstone","Nunchaku","Charon\u0027s Ashes","Bottled Lightning","Gremlin Horn","Nloth\u0027s Gift","Philosopher\u0027s Stone","Turnip","HornCleat","Regal Pillow","Ornamental Fan","Ancient Tea Set","Anchor"],"acts_visited":["Exordium","TheCity","TheBeyond"],"potions_floor_usage":[50,50,50],"damage_taken":[{"damage":4.0,"enemies":"2 Louse","floor":1.0,"turns":3.0},{"damage":0.0,"enemies":"Jaw Worm","floor":5.0,"turns":4.0},{"damage":49.0,"enemies":"3 Sentries","floor":6.0,"turns":10.0},{"damage":0.0,"enemies":"Cultist","floor":10.0,"turns":3.0},{"damage":11.0,"enemies":"3 Louse","floor":11.0,"turns":3.0},{"damage":7.0,"enemies":"Gremlin Nob","floor":12.0,"turns":4.0},{"damage":14.0,"enemies":"Exordium Thugs","floor":13.0,"turns":5.0},{"damage":12.0,"enemies":"3 Sentries","floor":14.0,"turns":4.0},{"damage":48.0,"enemies":"The Guardian","floor":16.0,"turns":10.0},{"damage":0.0,"enemies":"3 Byrds","floor":18.0,"turns":4.0},{"damage":24.0,"enemies":"Shell Parasite","floor":21.0,"turns":3.0},{"damage":20.0,"enemies":"Sentry and Sphere","floor":22.0,"turns":3.0},{"damage":37.0,"enemies":"Book of Stabbing","floor":23.0,"turns":3.0},{"damage":24.0,"enemies":"Slavers","floor":30.0,"turns":2.0},{"damage":60.0,"enemies":"Champ","floor":33.0,"turns":6.0},{"damage":0.0,"enemies":"3 Darklings","floor":35.0,"turns":2.0},{"damage":3.0,"enemies":"Mind Bloom Boss Battle","floor":36.0,"turns":4.0},{"damage":11.0,"enemies":"Reptomancer","floor":40.0,"turns":2.0},{"damage":0.0,"enemies":"Giant Head","floor":44.0,"turns":3.0},{"damage":18.0,"enemies":"Orb Walker","floor":45.0,"turns":2.0},{"damage":0.0,"enemies":"Jaw Worm Horde","floor":47.0,"turns":2.0},{"damage":8.0,"enemies":"Reptomancer","floor":48.0,"turns":3.0},{"damage":74,"enemies":"Time Eater","floor":50,"turns":5}],"seed_played":"-7266233095264007281","potions_obtained":[{"floor":10.0,"key":"FairyPotion"},{"floor":11.0,"key":"Regen Potion"},{"floor":13.0,"key":"Explosive Potion"},{"floor":14.0,"key":"Dexterity Potion"},{"floor":16.0,"key":"CultistPotion"},{"floor":21.0,"key":"Regen Potion"},{"floor":30.0,"key":"Fire Potion"},{"floor":33.0,"key":"EntropicBrew"},{"floor":44.0,"key":"FearPotion"}],"is_trial":false,"path_per_floor":["M","?","$","?","M","E","R","?","T","M","M","E","M","E","R","B",null,"M","?","$","M","M","E","R","R","T","R","?","R","E","?","R","B",null,"M","?","?","?","$","E","R","$","T","E","M","R","M","E","R","B",null],"character_chosen":"IRONCLAD","items_purchased":["Bronze Scales","Brimstone","Nunchaku","HornCleat"],"campfire_rested":3,"item_purchase_floors":[3,20,20,39],"current_hp_per_floor":[70,70,70,70,75,32,32,32,32,38,33,44,36,32,55,13,61,69,69,69,51,39,17,41,41,41,41,41,41,25,25,49,30,70,76,81,81,83,83,78,78,78,78,83,71,71,79,79,79,11],"gold":136,"neow_bonus":"UPGRADE_CARD","is_daily":false,"chose_seed":false,"campfire_upgraded":7,"win_rate":0.0,"timestamp":1612111739,"path_taken":["M","?","$","?","M","E","R","?","T","M","M","E","?","E","R","BOSS","M","?","?","M","M","E","R","R","T","R","?","R","E","?","R","BOSS","M","?","?","?","$","E","R","?","T","E","M","R","M","E","R","BOSS"],"items_purchased_type":["Relic","Relic","Relic","Relic"],"build_version":"2020-12-22","purchased_purges":1,"victory":true,"max_hp_per_floor":[75,75,75,75,75,75,75,75,75,75,75,75,75,77,77,77,77,79,79,79,79,81,81,81,81,81,81,81,81,83,83,83,83,83,83,85,81,83,83,83,83,83,83,83,83,83,85,87,87,87],"relic_stats":{"Regal Pillow":0,"Singing Bowl":16,"Gremlin Horn":[10,11],"counters":[23,90],"Charon\u0027s Ashes":[62],"MawBank":132,"Burning Blood":136,"Nunchaku":[9],"Ornamental Fan":[16],"Bronze Scales":[239],"Snecko Eye":[66,96,73,64],"Turnip":[0],"Nloth\u0027s Gift":2,"obtain_stats":[{"Regal Pillow":40,"Singing Bowl":12,"Gremlin Horn":30,"Vajra":6,"Charon\u0027s Ashes":23,"MawBank":9,"Ancient Tea Set":44,"Burning Blood":0,"Nunchaku":20,"Anchor":48,"HornCleat":39,"Brimstone":20,"Ornamental Fan":43,"Bronze Scales":3,"Snecko Eye":17,"Philosopher\u0027s Stone":34,"WingedGreaves":14,"Turnip":36,"Nloth\u0027s Gift":31,"Bottled Lightning":26},{"Regal Pillow":18,"Singing Bowl":6,"Gremlin Horn":14,"Vajra":3,"Charon\u0027s Ashes":13,"MawBank":3,"Ancient Tea Set":19,"Burning Blood":0,"Nunchaku":10,"Anchor":22,"HornCleat":17,"Brimstone":10,"Ornamental Fan":18,"Bronze Scales":1,"Snecko Eye":9,"Philosopher\u0027s Stone":15,"WingedGreaves":8,"Turnip":17,"Nloth\u0027s Gift":14,"Bottled Lightning":13},{"Regal Pillow":75,"Singing Bowl":27,"Gremlin Horn":61,"Vajra":17,"Charon\u0027s Ashes":59,"MawBank":17,"Ancient Tea Set":78,"Burning Blood":0,"Nunchaku":50,"Anchor":85,"HornCleat":73,"Brimstone":50,"Ornamental Fan":75,"Bronze Scales":3,"Snecko Eye":46,"Philosopher\u0027s Stone":67,"WingedGreaves":36,"Turnip":73,"Nloth\u0027s Gift":61,"Bottled Lightning":59}]},"card_choices":[{"not_picked":["Heavy Blade","Disarm"],"picked":"Second Wind","floor":1.0},{"not_picked":["Pommel Strike","Warcry"],"picked":"Clothesline","floor":5.0},{"not_picked":["Blood for Blood","Pommel Strike"],"picked":"Iron Wave","floor":6.0},{"not_picked":["Iron Wave","True Grit"],"picked":"Sword Boomerang","floor":10.0},{"not_picked":["Second Wind","Sever Soul","Juggernaut"],"picked":"SKIP","floor":11.0},{"not_picked":["Blood for Blood","Sword Boomerang"],"picked":"Whirlwind","floor":12.0},{"not_picked":["Pommel Strike","Heavy Blade"],"picked":"Inflame","floor":13.0},{"not_picked":["Reckless Charge","Cleave","Headbutt"],"picked":"Singing Bowl","floor":14.0},{"not_picked":["Immolate","Juggernaut"],"picked":"Double Tap","floor":16.0},{"not_picked":["Perfected Strike","Headbutt","Sentinel"],"picked":"Singing Bowl","floor":18.0},{"not_picked":["Warcry+1","Burning Pact"],"picked":"Blood for Blood","floor":21.0},{"not_picked":["Intimidate","Clash","Havoc"],"picked":"Singing Bowl","floor":22.0},{"not_picked":["Sever Soul","Headbutt"],"picked":"Dual Wield+1","floor":23.0},{"not_picked":["Intimidate","Pommel Strike+1","Rupture"],"picked":"Singing Bowl","floor":30.0},{"not_picked":["Brutality","Exhume"],"picked":"Bludgeon","floor":33.0},{"not_picked":["Perfected Strike","Clash"],"picked":"Shrug It Off","floor":35.0},{"not_picked":["Anger","Cleave+1","Dark Embrace"],"picked":"Singing Bowl","floor":36.0},{"not_picked":["Secret Technique","Dark Shackles","Sadistic Nature"],"picked":"Singing Bowl","floor":38.0},{"not_picked":["Shockwave","Dual Wield"],"picked":"Bludgeon","floor":40.0},{"not_picked":["Rage","Sword Boomerang"],"picked":"Fiend Fire","floor":44.0},{"not_picked":["Hemokinesis","Wild Strike+1"],"picked":"Heavy Blade+1","floor":45.0},{"not_picked":["Shrug It Off","Warcry","Perfected Strike"],"picked":"Singing Bowl","floor":47.0},{"not_picked":["Infernal Blade","Combust+1","Exhume"],"picked":"Singing Bowl","floor":48.0}],"player_experience":366596,"relics_obtained":[{"floor":6.0,"key":"Vajra"},{"floor":9.0,"key":"MawBank"},{"floor":12.0,"key":"Singing Bowl"},{"floor":14.0,"key":"WingedGreaves"},{"floor":23.0,"key":"Charon\u0027s Ashes"},{"floor":26.0,"key":"Bottled Lightning"},{"floor":30.0,"key":"Gremlin Horn"},{"floor":36.0,"key":"Turnip"},{"floor":40.0,"key":"Regal Pillow"},{"floor":43.0,"key":"Ornamental Fan"},{"floor":44.0,"key":"Ancient Tea Set"},{"floor":48.0,"key":"Anchor"}],"event_choices":[{"damage_healed":0.0,"max_hp_gain":0.0,"max_hp_loss":0.0,"gold_gain":68.0,"event_name":"Golden Wing","player_choice":"Gained Gold","floor":2.0,"gold_loss":0.0,"damage_taken":0.0},{"damage_healed":0.0,"max_hp_gain":0.0,"max_hp_loss":0.0,"gold_gain":0.0,"cards_transformed":["Strike_R"],"event_name":"Living Wall","player_choice":"Change","floor":4.0,"gold_loss":0.0,"damage_taken":0.0,"cards_obtained":["Shrug It Off"]},{"damage_healed":0.0,"max_hp_gain":0.0,"max_hp_loss":0.0,"gold_gain":0.0,"event_name":"Match and Keep!","player_choice":"1 cards matched","floor":8.0,"gold_loss":0.0,"damage_taken":0.0,"cards_obtained":["Limit Break"]},{"damage_healed":0.0,"max_hp_gain":0.0,"max_hp_loss":0.0,"gold_gain":0.0,"event_name":"Duplicator","player_choice":"Copied","floor":19.0,"gold_loss":0.0,"damage_taken":0.0,"cards_obtained":["Limit Break"]},{"damage_healed":0.0,"max_hp_gain":0.0,"max_hp_loss":0.0,"gold_gain":0.0,"event_name":"The Mausoleum","player_choice":"Ignored","floor":28.0,"gold_loss":0.0,"damage_taken":0.0},{"damage_healed":0.0,"max_hp_gain":0.0,"max_hp_loss":0.0,"gold_gain":0.0,"event_name":"N\u0027loth","player_choice":"Traded Relic","floor":31.0,"relics_lost":["Vajra"],"gold_loss":0.0,"damage_taken":0.0,"relics_obtained":["Nloth\u0027s Gift"]},{"damage_healed":0.0,"max_hp_gain":0.0,"max_hp_loss":0.0,"gold_gain":0.0,"event_name":"MindBloom","player_choice":"Fight","floor":36.0,"gold_loss":0.0,"damage_taken":0.0},{"damage_healed":0.0,"max_hp_gain":0.0,"max_hp_loss":4.0,"gold_gain":0.0,"event_name":"Winding Halls","player_choice":"Max HP","floor":37.0,"gold_loss":0.0,"damage_taken":0.0},{"damage_healed":0.0,"max_hp_gain":0.0,"max_hp_loss":0.0,"gold_gain":0.0,"event_name":"SensoryStone","player_choice":"Memory 1","floor":38.0,"gold_loss":0.0,"damage_taken":0.0}],"is_beta":false,"boss_relics":[{"not_picked":["Empty Cage","Tiny House"],"picked":"Snecko Eye"},{"not_picked":["Astrolabe","Runic Pyramid"],"picked":"Philosopher\u0027s Stone"}],"items_purged_floors":[39],"is_endless":false,"potions_floor_spawned":[10,11,13,14,16,21,30,33,35,44,48],"ascension_level":19}}