{"host":"jwbw4f4imxd0v0b0","time":1612076290,"event":{"mods":["BaseMod","Colored Map","Highlight Path","Minty Spire (QoL Compilation)","Relic Stats","StSLib"],"gold_per_floor":[116,134,22,22,22,22,48,48,48,61,61,92,92,108,108,182,182,202,202,217,243,259,259,292,309,309,309,309,332,345,32,32,106,106,120,120,120,134,134,134,34,34,34,58,2,57,83,103,103,103],"floor_reached":51,"language":"ENG","playtime":2914,"items_purged":["Strike_B","Strike_B"],"score":1218,"play_id":"3dbb6281-a5f2-4e66-958c-2fbce80cc698","local_time":"20210131005810","is_ascension_mode":true,"campfire_choices":[{"data":"Ball Lightning","floor":6.0,"key":"SMITH"},{"floor":8.0,"key":"REST"},{"data":"Capacitor","floor":13.0,"key":"SMITH"},{"data":"Multi-Cast","floor":15.0,"key":"SMITH"},{"floor":23.0,"key":"REST"},{"floor":28.0,"key":"REST"},{"floor":32.0,"key":"REST"},{"floor":40.0,"key":"REST"},{"floor":42.0,"key":"REST"},{"floor":49.0,"key":"REST"}],"circlet_count":0,"master_deck":["AscendersBane","Defend_B","Defend_B","Defend_B","Zap","Dualcast","Capacitor+1","Lockon","Ball Lightning+1","Cold Snap","Multi-Cast+1","Go for the Eyes","Cold Snap","Undo","Conserve Battery","Biased Cognition","Capacitor+1","White Noise","Defragment","Self Repair","Redo+1","FTL","Steam+1","Reboot","Compile Driver","Madness","Madness","Mayhem","Panacea","Blind","Amplify","Static Discharge+1","FTL","Coolheaded","Force Field"],"relics":["Cracked Core","Dream Catcher","MealTicket","Shuriken","Orichalcum","Art of War","Fusion Hammer","Red Mask","DataDisk","Sundial","Centennial Puzzle","Lantern","SlaversCollar","Shovel","Bronze Scales","Girya","Ancient Tea Set"],"acts_visited":["Exordium","TheCity","TheBeyond"],"potions_floor_usage":[50],"damage_taken":[{"damage":9.0,"enemies":"Jaw Worm","floor":1.0,"turns":3.0},{"damage":0.0,"enemies":"Small Slimes","floor":2.0,"turns":3.0},{"damage":7.0,"enemies":"Gremlin Nob","floor":7.0,"turns":5.0},{"damage":0.0,"enemies":"Cultist","floor":10.0,"turns":2.0},{"damage":6.0,"enemies":"Lagavulin","floor":12.0,"turns":7.0},{"damage":0.0,"enemies":"Large Slime","floor":14.0,"turns":4.0},{"damage":9.0,"enemies":"Hexaghost","floor":16.0,"turns":10.0},{"damage":0.0,"enemies":"3 Byrds","floor":18.0,"turns":3.0},{"damage":4.0,"enemies":"2 Thieves","floor":20.0,"turns":5.0},{"damage":32.0,"enemies":"Masked Bandits","floor":21.0,"turns":5.0},{"damage":4.0,"enemies":"Chosen and Byrds","floor":22.0,"turns":6.0},{"damage":28.0,"enemies":"Slavers","floor":24.0,"turns":9.0},{"damage":4.0,"enemies":"Snecko","floor":25.0,"turns":5.0},{"damage":6.0,"enemies":"Centurion and Healer","floor":30.0,"turns":7.0},{"damage":25.0,"enemies":"Automaton","floor":33.0,"turns":10.0},{"damage":0.0,"enemies":"3 Shapes","floor":35.0,"turns":5.0},{"damage":2.0,"enemies":"Orb Walker","floor":38.0,"turns":4.0},{"damage":28.0,"enemies":"2 Orb Walkers","floor":46.0,"turns":4.0},{"damage":12.0,"enemies":"Giant Head","floor":47.0,"turns":8.0},{"damage":17.0,"enemies":"3 Darklings","floor":48.0,"turns":5.0},{"damage":44,"enemies":"Awakened One","floor":50,"turns":12}],"seed_played":"713321083806962127","potions_obtained":[{"floor":1.0,"key":"SkillPotion"},{"floor":10.0,"key":"LiquidMemories"},{"floor":18.0,"key":"Block Potion"},{"floor":24.0,"key":"Fire Potion"},{"floor":25.0,"key":"Block Potion"},{"floor":47.0,"key":"Weak Potion"},{"floor":48.0,"key":"Ancient Potion"}],"is_trial":false,"path_per_floor":["M","M","$","?","?","R","E","R","T","M","?","E","R","M","R","B",null,"M","?","M","?","M","R","E","M","T","?","R","T","M","$","R","B",null,"M","?","?","M","?","R","$","R","T","T","$","?","E","M","R","B",null],"character_chosen":"DEFECT","items_purchased":["Ball Lightning","Cold Snap","Lantern","FTL","Dexterity Potion"],"campfire_rested":7,"item_purchase_floors":[3,3,31,31,45],"current_hp_per_floor":[55,55,55,48,48,48,41,62,62,62,44,38,38,38,38,29,61,61,61,57,25,21,42,14,24,24,24,45,45,46,61,71,53,67,71,71,58,63,53,71,71,71,71,71,71,50,45,35,56,12],"gold":103,"neow_bonus":"RANDOM_COMMON_RELIC","is_daily":false,"chose_seed":false,"campfire_upgraded":3,"win_rate":0.0,"timestamp":1612076290,"path_taken":["M","M","$","?","?","R","E","R","T","?","?","E","R","M","R","BOSS","M","?","M","?","M","R","E","M","T","?","R","?","M","$","R","BOSS","M","?","?","M","?","R","?","R","T","?","$","?","E","M","R","BOSS"],"items_purchased_type":["Card","Card","Relic","Card","Potion"],"build_version":"2020-12-22","purchased_purges":2,"victory":true,"max_hp_per_floor":[71,71,71,71,71,71,71,71,71,71,71,71,71,71,71,71,71,71,71,71,71,71,71,71,71,71,71,71,71,71,71,71,71,71,71,71,71,71,71,71,71,71,71,71,71,71,71,71,71,71],"relic_stats":{"Dream Catcher":7,"Centennial Puzzle":[21],"Shovel":0,"counters":[21,122],"Shuriken":[29],"Sundial":[6],"Bronze Scales":[118],"MealTicket":15,"Art of War":[11],"Orichalcum":[198],"obtain_stats":[{"Girya":46,"Lantern":31,"Orichalcum":11,"Ancient Tea Set":47,"SlaversCollar":34,"Dream Catcher":0,"DataDisk":24,"Centennial Puzzle":29,"Shovel":43,"Shuriken":9,"Sundial":26,"Bronze Scales":44,"MealTicket":7,"Fusion Hammer":17,"Art of War":12,"Red Mask":21,"Cracked Core":0},{"Girya":18,"Lantern":14,"Orichalcum":4,"Ancient Tea Set":19,"SlaversCollar":15,"Dream Catcher":0,"DataDisk":12,"Centennial Puzzle":13,"Shovel":17,"Shuriken":3,"Sundial":13,"Bronze Scales":17,"MealTicket":3,"Fusion Hammer":7,"Art of War":5,"Red Mask":10,"Cracked Core":0},{"Girya":97,"Lantern":74,"Orichalcum":13,"Ancient Tea Set":105,"SlaversCollar":84,"Dream Catcher":0,"DataDisk":62,"Centennial Puzzle":67,"Shovel":93,"Shuriken":11,"Sundial":67,"Bronze Scales":93,"MealTicket":11,"Fusion Hammer":34,"Art of War":20,"Red Mask":47,"Cracked Core":0}]},"card_choices":[{"not_picked":["Rebound","Stack"],"picked":"Capacitor","floor":1.0},{"not_picked":["Recycle","Consume"],"picked":"Lockon","floor":2.0},{"not_picked":["All For One","Gash"],"picked":"Go for the Eyes","floor":7.0},{"not_picked":["Auto Shields","Rebound"],"picked":"Cold Snap","floor":8.0},{"not_picked":["Redo","Steam"],"picked":"Undo","floor":10.0},{"not_picked":["Ball Lightning","Rebound","Stack"],"picked":"SKIP","floor":12.0},{"not_picked":["Meteor Strike","Streamline"],"picked":"Conserve Battery","floor":14.0},{"not_picked":["Meteor Strike","Amplify"],"picked":"Biased Cognition","floor":16.0},{"not_picked":["Conserve Battery","Streamline","Redo"],"picked":"SKIP","floor":18.0},{"not_picked":["Heatsinks","Genetic Algorithm"],"picked":"Capacitor+1","floor":20.0},{"not_picked":["Hello World","Redo"],"picked":"White Noise","floor":21.0},{"not_picked":["Streamline+1","Darkness+1"],"picked":"Defragment","floor":22.0},{"not_picked":["Streamline","Recycle"],"picked":"Self Repair","floor":24.0},{"not_picked":["Rebound","Beam Cell","Melter"],"picked":"SKIP","floor":25.0},{"not_picked":["Turbo","Thunder Strike"],"picked":"Redo+1","floor":28.0},{"not_picked":["Rebound","Turbo","Cold Snap"],"picked":"SKIP","floor":30.0},{"not_picked":["Stack","Conserve Battery+1"],"picked":"Steam+1","floor":32.0},{"not_picked":["Hyperbeam","Machine Learning"],"picked":"Reboot","floor":33.0},{"not_picked":["Turbo","Gash+1"],"picked":"Compile Driver","floor":35.0},{"not_picked":["Genetic Algorithm","Heatsinks","Compile Driver+1"],"picked":"SKIP","floor":38.0},{"not_picked":["Good Instincts","Magnetism"],"picked":"Mayhem","floor":39.0},{"not_picked":["Good Instincts","PanicButton"],"picked":"Panacea","floor":39.0},{"not_picked":["Transmutation","The Bomb"],"picked":"Blind","floor":39.0},{"not_picked":["Steam","Consume"],"picked":"Amplify","floor":42.0},{"not_picked":["Double Energy","Recycle"],"picked":"Static Discharge+1","floor":46.0},{"not_picked":["Conserve Battery","Gash"],"picked":"FTL","floor":47.0},{"not_picked":["White Noise","Reprogram+1"],"picked":"Coolheaded","floor":48.0},{"not_picked":["Rebound","Genetic Algorithm"],"picked":"Force Field","floor":49.0}],"player_experience":1179258,"relics_obtained":[{"floor":7.0,"key":"MealTicket"},{"floor":9.0,"key":"Shuriken"},{"floor":12.0,"key":"Art of War"},{"floor":21.0,"key":"Red Mask"},{"floor":24.0,"key":"DataDisk"},{"floor":26.0,"key":"Sundial"},{"floor":29.0,"key":"Centennial Puzzle"},{"floor":43.0,"key":"Shovel"},{"floor":44.0,"key":"Bronze Scales"},{"floor":46.0,"key":"Girya"},{"floor":47.0,"key":"Ancient Tea Set"}],"event_choices":[{"cards_removed":["Strike_B"],"damage_healed":0.0,"max_hp_gain":0.0,"max_hp_loss":0.0,"gold_gain":0.0,"event_name":"Golden Wing","player_choice":"Card Removal","floor":4.0,"gold_loss":0.0,"damage_taken":7.0},{"damage_healed":0.0,"max_hp_gain":0.0,"max_hp_loss":0.0,"gold_gain":0.0,"cards_transformed":["Strike_B"],"event_name":"Transmorgrifier","player_choice":"Transformed","floor":5.0,"gold_loss":0.0,"damage_taken":0.0,"cards_obtained":["Multi-Cast"]},{"damage_healed":0.0,"max_hp_gain":0.0,"max_hp_loss":0.0,"gold_gain":0.0,"event_name":"Scrap Ooze","player_choice":"Success","floor":11.0,"gold_loss":0.0,"damage_taken":18.0,"relics_obtained":["Orichalcum"]},{"damage_healed":0.0,"max_hp_gain":0.0,"max_hp_loss":0.0,"gold_gain":0.0,"event_name":"Ghosts","player_choice":"Ignored","floor":19.0,"gold_loss":0.0,"damage_taken":0.0},{"damage_healed":0.0,"max_hp_gain":0.0,"max_hp_loss":0.0,"gold_gain":0.0,"event_name":"Masked Bandits","player_choice":"Fought Bandits","floor":21.0,"gold_loss":0.0,"damage_taken":0.0},{"damage_healed":0.0,"max_hp_gain":0.0,"max_hp_loss":0.0,"gold_gain":0.0,"event_name":"Vampires","player_choice":"Ignored","floor":27.0,"gold_loss":0.0,"damage_taken":0.0},{"cards_removed":["Defend_B"],"damage_healed":0.0,"max_hp_gain":0.0,"max_hp_loss":0.0,"gold_gain":0.0,"event_name":"Falling","player_choice":"Removed Skill","floor":36.0,"gold_loss":0.0,"damage_taken":0.0},{"damage_healed":0.0,"max_hp_gain":0.0,"max_hp_loss":0.0,"gold_gain":0.0,"event_name":"Winding Halls","player_choice":"Embrace Madness","floor":37.0,"gold_loss":0.0,"damage_taken":13.0,"cards_obtained":["Madness","Madness"]},{"damage_healed":0.0,"max_hp_gain":0.0,"max_hp_loss":0.0,"gold_gain":0.0,"event_name":"SensoryStone","player_choice":"Memory 3","floor":39.0,"gold_loss":0.0,"damage_taken":10.0},{"damage_healed":0.0,"max_hp_gain":0.0,"max_hp_loss":0.0,"gold_gain":0.0,"event_name":"Mysterious Sphere","player_choice":"Fight","floor":46.0,"gold_loss":0.0,"damage_taken":0.0}],"is_beta":false,"boss_relics":[{"not_picked":["Velvet Choker","Inserter"],"picked":"Fusion Hammer"},{"not_picked":["Snecko Eye","Philosopher\u0027s Stone"],"picked":"SlaversCollar"}],"items_purged_floors":[31,41],"is_endless":false,"potions_floor_spawned":[1,10,18,24,25,47,48],"ascension_level":16}}