{"host":"y7b1p9nkx4idorr2","time":1612077025,"event":{"mods":["AchievementEnabler","Act Like it!","BaseMod","Colored Map","Downfall","GifTheSpireLib","Googly Eyes","Highlight Path","Mimic Mod","Minty Spire (QoL Compilation)","Shop Mod","Spicy Shops","StSLib","Unceasing Turn Reminder"],"gold_per_floor":[99,113,113,129,143,43,43,43,69,82,98,113,13,47,67,168,168,168,184,13,13,23,23,54,54,54,86,86,96,106,119,134,239,239,139,154,170,170,2,14,14,30,48,33,45,45,61,61,79,79,79,79],"floor_reached":50,"language":"ENG","playtime":3960,"items_purged":[],"score":557,"play_id":"acc4b1f9-ea80-4bdd-9271-96273f86222a","local_time":"20210131011025","is_ascension_mode":false,"campfire_choices":[{"floor":1,"key":"RECALL"},{"data":"hexamod:EmpoweredFlame","floor":6,"key":"SMITH"},{"data":"hexamod:Float","floor":13,"key":"SMITH"},{"data":"hexamod:ForkedFlame","floor":18,"key":"SMITH"},{"data":"hexamod:ExtraCrispy","floor":23,"key":"SMITH"},{"data":"hexamod:EmpoweredFlame","floor":26,"key":"SMITH"},{"floor":35,"key":"REST"},{"floor":46,"key":"REST"}],"circlet_count":0,"master_deck":["hexamod:Strike","hexamod:Defend","hexamod:Defend","hexamod:Sear","hexamod:Float+1","hexamod:AdvancingGuard","hexamod:Sear","hexamod:EmpoweredFlame+1","hexamod:HauntingEcho","hexamod:Toasty+1","hexamod:GhostShield+1","hexamod:EmpoweredFlame+1","hexamod:ExtraCrispy+1","hexamod:GhostflameBarrier+1","hexamod:ChargedBarrage+1","hexamod:ForkedFlame+1","hexamod:ApocalypticArmor+1","hexamod:Incineration+1","hexamod:WildfireWeapon+1","hexamod:Rewind+1","hexamod:DynamicBlow","hexamod:ExtraCrispy+1","hexamod:CatchUp+1","hexamod:Hexaguard+1","hexamod:Hexaguard+1","hexamod:ShieldOfDarkness+1","hexamod:FlameSwitch+1","hexamod:SoulSteal+1","hexamod:PhantomCloak+1","Writhe","hexamod:PowerFromBeyond+1","hexamod:SkipABeat+1","hexamod:FastForward+1","hexamod:WildfireWeapon","hexamod:NightmareGuise+1","hexamod:SoulSteal+1","hexamod:FastForward+1","hexamod:FastForward+1"],"relics":["hexamod:SpiritBrand","downfall:HeartBlessingRed","Toxic Egg 2","Bottled Tornado","downfall:HeartBlessingGreen","Question Card","Astrolabe","Membership Card","Nilry\u0027s Codex","Slimebound:PreparedRelic","Fusion Hammer","downfall:HeartBlessingBlue","Omamori","Ancient Tea Set","Pantograph"],"acts_visited":["Exordium","TheCity","TheBeyond"],"potions_floor_usage":[12,31,33,40,45],"damage_taken":[{"damage":1,"enemies":"Jaw Worm","floor":2,"turns":4},{"damage":0,"enemies":"Cultist","floor":4,"turns":3},{"damage":0,"enemies":"Small Slimes","floor":5,"turns":4},{"damage":17,"enemies":"Lagavulin","floor":9,"turns":7},{"damage":4,"enemies":"2 Fungi Beasts","floor":10,"turns":3},{"damage":6,"enemies":"Lots of Slimes","floor":11,"turns":4},{"damage":0,"enemies":"3 Louse","floor":12,"turns":2},{"damage":7,"enemies":"3 Sentries","floor":14,"turns":6},{"damage":0,"enemies":"Red Slaver","floor":15,"turns":4},{"damage":1,"enemies":"SI_SHIV_ARCHETYPE","floor":16,"turns":7},{"damage":0,"enemies":"Spheric Guardian","floor":19,"turns":5},{"damage":1,"enemies":"downfall:FleeingMerchant","floor":20,"turns":4},{"damage":7,"enemies":"Snecko","floor":22,"turns":4},{"damage":0,"enemies":"Centurion and Healer","floor":24,"turns":4},{"damage":14,"enemies":"Book of Stabbing","floor":27,"turns":4},{"damage":23,"enemies":"Centurion and Healer","floor":29,"turns":4},{"damage":16,"enemies":"Snake Plant","floor":30,"turns":4},{"damage":3,"enemies":"Snecko","floor":31,"turns":5},{"damage":17,"enemies":"Sentry and Sphere","floor":32,"turns":6},{"damage":31,"enemies":"DF_ARCHETYPE_CLAW","floor":33,"turns":10},{"damage":0,"enemies":"3 Shapes","floor":36,"turns":6},{"damage":5,"enemies":"Orb Walker","floor":37,"turns":4},{"damage":1,"enemies":"downfall:FleeingMerchant","floor":39,"turns":4},{"damage":22,"enemies":"Spire Growth","floor":40,"turns":3},{"damage":8,"enemies":"Sphere and 2 Shapes","floor":42,"turns":5},{"damage":51,"enemies":"4 Shapes","floor":43,"turns":4},{"damage":4,"enemies":"downfall:FleeingMerchant","floor":44,"turns":4},{"damage":2,"enemies":"Maw","floor":45,"turns":7},{"damage":6,"enemies":"Spire Growth","floor":47,"turns":6},{"damage":19,"enemies":"Sphere and 2 Shapes","floor":49,"turns":8},{"damage":159,"enemies":"IC_BLOCK_ARCHETYPE","floor":50,"turns":4}],"seed_played":"6341150415415869401","potions_obtained":[{"floor":4,"key":"Explosive Potion"},{"floor":11,"key":"FearPotion"},{"floor":12,"key":"Strength Potion"},{"floor":15,"key":"Energy Potion"},{"floor":27,"key":"FairyPotion"},{"floor":31,"key":"SteroidPotion"},{"floor":33,"key":"Swift Potion"},{"floor":36,"key":"SteroidPotion"},{"floor":43,"key":"FairyPotion"},{"floor":45,"key":"Fruit Juice"}],"is_trial":false,"path_per_floor":["R","M","?","M","M","R","T","?","E","M","M","M","R","E","M","B",null,"R","M","$","?","M","R","MIM","?","R","E","?","M","M","M","M","B",null,"R","M","M","?","$","M","T","M","M","$","M","R","M","?","M","B"],"character_chosen":"THE_SPIRIT","items_purchased":["Membership Card","Omamori","Ancient Tea Set"],"campfire_rested":2,"item_purchase_floors":[20,39,39],"current_hp_per_floor":[70,69,69,69,69,69,69,69,52,48,42,42,42,35,35,34,70,70,70,69,61,54,54,54,38,38,24,80,57,41,38,21,16,80,90,90,85,85,84,62,62,54,3,27,30,58,52,52,33,0,0,0],"gold":79,"neow_bonus":"ONE_RANDOM_RARE_CARD","is_daily":false,"chose_seed":false,"campfire_upgraded":5,"win_rate":0.0,"timestamp":1612077025,"path_taken":["R","M","?","?","M","R","T","?","E","M","M","M","R","E","M","BOSS","R","M","$","?","M","R","MIM","?","R","E","?","M","?","M","M","BOSS","R","M","M","?","$","M","T","?","?","$","M","R","M","?","M","BOSS"],"items_purchased_type":["Relic","Relic","Relic"],"build_version":"2020-12-22","purchased_purges":0,"victory":false,"max_hp_per_floor":[70,70,70,70,70,70,70,70,70,70,70,70,70,70,70,70,70,70,70,70,70,70,70,70,70,70,70,80,80,80,80,80,80,80,90,90,90,90,90,90,90,90,90,90,95,95,95,95,95,95,95,95],"card_choices":[{"not_picked":["hexamod:GhostShield","hexamod:GhostOfSpirePast"],"picked":"hexamod:AdvancingGuard","floor":2},{"not_picked":["hexamod:InspiringFlames","hexamod:EtherealExpedition"],"picked":"hexamod:EmpoweredFlame","floor":4},{"not_picked":["hexamod:SpectralSpark","hexamod:ShieldOfDarkness"],"picked":"hexamod:HauntingEcho","floor":5},{"not_picked":["hexamod:SuperheatedStrike","hexamod:BurningTouch+1"],"picked":"hexamod:Toasty","floor":9},{"not_picked":["hexamod:HeatMetal","hexamod:BacktrackSmack"],"picked":"hexamod:GhostShield+1","floor":10},{"not_picked":["hexamod:Firestarter","hexamod:GhostShield+1"],"picked":"hexamod:EmpoweredFlame","floor":11},{"not_picked":["hexamod:FlamesFromBeyond+1","hexamod:SwordOfDarkness"],"picked":"hexamod:ExtraCrispy","floor":12},{"not_picked":["hexamod:SpectersWail","hexamod:HauntingEcho"],"picked":"hexamod:GhostflameBarrier+1","floor":14},{"not_picked":["hexamod:ExtraCrispy","hexamod:GhostLash","hexamod:NightmareGuise+1"],"picked":"hexamod:ChargedBarrage+1","floor":15},{"not_picked":["hexamod:TimeWarp","hexamod:VolcanoVisage","hexamod:FifthSeal"],"picked":"hexamod:ForkedFlame","floor":16},{"not_picked":["hexamod:HeatMetal","hexamod:SpectersWail","hexamod:ThirdSeal"],"picked":"hexamod:Rewind+1","floor":19},{"not_picked":["hexamod:BacktrackSmack","hexamod:AdvancingGuard+1","hexamod:Haunt+1","hexamod:Again+1"],"picked":"SKIP","floor":20},{"not_picked":["hexamod:SuperheatedStrike","hexamod:ThermalTransfer","hexamod:ChargedBarrage+1"],"picked":"hexamod:DynamicBlow","floor":22},{"not_picked":["hexamod:InspiringFlames+1","hexamod:SuperheatedStrike+1","hexamod:NecessarySacrifice+1"],"picked":"hexamod:ExtraCrispy+1","floor":24},{"not_picked":["hexamod:UnleashSpirits","hexamod:GhostLash","hexamod:NightmareStrike"],"picked":"hexamod:CatchUp+1","floor":27},{"not_picked":["hexamod:FlamesFromBeyond+1","hexamod:NightmareStrike","hexamod:ThirdSeal","hexamod:Firestarter"],"picked":"SKIP","floor":29},{"not_picked":["hexamod:ShieldOfDarkness+1","hexamod:BurningTouch+1","hexamod:GhostShield+1"],"picked":"hexamod:Hexaguard+1","floor":30},{"not_picked":["hexamod:SkipABeat+1","hexamod:BacktrackSmack","hexamod:GhostShield+1"],"picked":"hexamod:Hexaguard+1","floor":31},{"not_picked":["hexamod:HeatShield+1","hexamod:Again+1","hexamod:Firestarter"],"picked":"hexamod:ShieldOfDarkness+1","floor":32},{"not_picked":["hexamod:GhostOfSpirePresent","hexamod:WildfireWeapon","hexamod:TimeWarp"],"picked":"hexamod:FlameSwitch+1","floor":33},{"not_picked":["hexamod:EmpoweredFlame+1","hexamod:DynamicBlow","hexamod:FirstSeal"],"picked":"hexamod:SoulSteal+1","floor":36},{"not_picked":["hexamod:SoulSteal+1","hexamod:SwordOfDarkness","hexamod:AdvancingGuard+1"],"picked":"hexamod:PhantomCloak","floor":37},{"not_picked":["hexamod:PhantomCloak","hexamod:Hexaguard+1","hexamod:BurningTouch+1"],"picked":"hexamod:PowerFromBeyond+1","floor":39},{"not_picked":["hexamod:FirstSeal","hexamod:SpectralAdrenaline+1","hexamod:SpectersWail"],"picked":"hexamod:SkipABeat+1","floor":40},{"not_picked":["hexamod:NightmareStrike","hexamod:RecurringNightmare+1","hexamod:ShieldOfDarkness+1"],"picked":"hexamod:FastForward+1","floor":42},{"not_picked":["hexamod:Firestarter","hexamod:FlamesFromBeyond+1","hexamod:BacktrackSmack+1"],"picked":"hexamod:WildfireWeapon","floor":43},{"not_picked":["hexamod:Rewind+1","hexamod:SecondSeal","hexamod:DynamicBlow+1"],"picked":"hexamod:NightmareGuise+1","floor":44},{"not_picked":["hexamod:Rewind+1","hexamod:RadiantFlame","hexamod:GhostOfSpireFuture"],"picked":"hexamod:SoulSteal+1","floor":45},{"not_picked":["hexamod:NecessarySacrifice+1","hexamod:GhostLash+1","hexamod:SuperheatedStrike+1"],"picked":"hexamod:FastForward+1","floor":47},{"not_picked":["hexamod:GhostflameInferno+1","hexamod:NightmareGuise+1","hexamod:HeatShield+1"],"picked":"hexamod:FastForward+1","floor":49}],"player_experience":2237887,"relics_obtained":[{"floor":7,"key":"Toxic Egg 2"},{"floor":9,"key":"Bottled Tornado"},{"floor":14,"key":"Question Card"},{"floor":25,"key":"Nilry\u0027s Codex"},{"floor":27,"key":"Slimebound:PreparedRelic"},{"floor":41,"key":"Pantograph"}],"event_choices":[{"cards_removed":["hexamod:ApocalypseNow"],"damage_healed":46,"gold_gain":0,"player_choice":"Offered Rare","damage_taken":0,"max_hp_gain":10,"max_hp_loss":0,"event_name":"Bonfire Elementals","floor":28,"gold_loss":0}],"is_beta":false,"boss_relics":[{"not_picked":["Calling Bell","Tiny House"],"picked":"Astrolabe"},{"not_picked":["Empty Cage","Coffee Dripper"],"picked":"Fusion Hammer"}],"items_purged_floors":[],"is_endless":false,"potions_floor_spawned":[4,11,12,15,27,30,31,33,36,43,45],"killed_by":"IC_BLOCK_ARCHETYPE","ascension_level":0}}