{"host":"0fmi5fguj5lvt8pf","time":1612129045,"event":{"mods":["BaseMod","Colored Map","Curses Come First","Downfall","Minty Spire (QoL Compilation)","Permanent Neow","StSLib"],"gold_per_floor":[99,112,123,123,34,45,70,70,170,181,181,181,181],"floor_reached":11,"language":"ENG","playtime":490,"items_purged":[],"score":63,"play_id":"978d3aa8-2d11-4ffb-80fd-79ea9d485b16","local_time":"20210131133725","is_ascension_mode":false,"campfire_choices":[{"data":"champ:Execute","floor":1,"key":"SMITH"},{"data":"champ:Taunt","floor":8,"key":"SMITH"}],"circlet_count":0,"master_deck":["champ:Strike","champ:Strike","champ:Strike","champ:Defend","champ:Defend","champ:Defend","champ:Defend","champ:Execute+1","champ:Taunt+1","champ:RageSigil","champ:RecklessLeap","champ:Encircle","champ:FancyFootwork","champ:IronFortress","champ:AdrenalArmor"],"relics":["champ:ChampionCrown","Thread and Needle","Blood Vial","downfall:GremlinWheel"],"acts_visited":["Exordium"],"potions_floor_usage":[9],"damage_taken":[{"damage":10,"enemies":"2 Louse","floor":2,"turns":2},{"damage":15,"enemies":"Jaw Worm","floor":3,"turns":3},{"damage":20,"enemies":"downfall:FleeingMerchant","floor":5,"turns":4},{"damage":15,"enemies":"Cultist","floor":6,"turns":4},{"damage":77,"enemies":"Cultist","floor":9,"turns":6},{"damage":32,"enemies":"3 Louse","floor":10,"turns":4},{"damage":33,"enemies":"Gremlin Nob","floor":11,"turns":4}],"seed_played":"7743810526215946960","potions_obtained":[{"floor":6,"key":"SneckoOil"}],"is_trial":false,"path_per_floor":["R","M","M","?","$","M","T","R","?","M","E"],"character_chosen":"THE_CHAMP","items_purchased":["champ:FancyFootwork"],"campfire_rested":0,"item_purchase_floors":[5],"current_hp_per_floor":[81,81,81,81,81,81,81,81,39,39,18,18,18],"gold":181,"neow_bonus":"ONE_RARE_RELIC","is_daily":false,"chose_seed":false,"campfire_upgraded":2,"win_rate":0.0,"timestamp":1612129045,"path_taken":["R","M","M","?","$","M","T","R","?","M","E"],"items_purchased_type":["Card"],"build_version":"2020-12-22","purchased_purges":0,"victory":false,"max_hp_per_floor":[81,81,81,81,81,81,81,81,81,81,81,81,81],"card_choices":[{"not_picked":["champ:AdrenalArmor","champ:Backstep"],"picked":"champ:RageSigil","floor":2},{"not_picked":["champ:Circumvent","champ:Shatter"],"picked":"champ:RecklessLeap","floor":3},{"not_picked":["champ:Circumvent","champ:Shatter"],"picked":"champ:Encircle","floor":5},{"not_picked":["champ:DefensiveShout","champ:Lariat"],"picked":"champ:IronFortress","floor":6},{"not_picked":["champ:ShieldSigil","champ:CrownThrow"],"picked":"champ:AdrenalArmor","floor":10}],"player_experience":1467764,"relics_obtained":[{"floor":7,"key":"Blood Vial"},{"floor":9,"key":"downfall:GremlinWheel"}],"event_choices":[{"cards_removed":["champ:Strike"],"damage_healed":0,"gold_gain":0,"player_choice":"Card Removal","damage_taken":0,"max_hp_gain":0,"max_hp_loss":0,"event_name":"The Cleric","floor":4,"gold_loss":0}],"is_beta":false,"boss_relics":[],"items_purged_floors":[],"is_endless":false,"potions_floor_spawned":[6],"killed_by":"Gremlin Nob","ascension_level":0}}