{"host":"u7t6gtnp6lus9at9","time":1612115844,"event":{"mods":["AchievementEnabler","Act Like it!","BaseMod","Card Forge","Colored Map","Colored Powertips","Custom Start","Downfall","Minty Spire (QoL Compilation)","Practice Mode","Replay The Spire","Shop Mod","StSLib"],"gold_per_floor":[114,5,55,105,119,119,153,153,153,188,208,258,274,313,313,434,434,449,552,570,31,81,115,52,91,91,141,192,341,366,416,416,545,545,565,615,644,694,718,718,767,767,767,817,10,23,55,102,102,110,110,110,13,64,84],"floor_reached":56,"language":"ENG","playtime":4935,"items_purged":[],"score":1649,"play_id":"4693fc50-4ec5-4e74-9080-c84e41136ef7","local_time":"20210131155724","is_ascension_mode":false,"campfire_choices":[{"floor":6,"key":"RECALL"}],"circlet_count":1,"master_deck":["Bane+1","Replay:Bag of Tricks+1","Catalyst+1","Corpse Explosion+1","Deadly Poison+1","Draining Mist+1","Envenom+1","Noxious Fumes+1","Replay:Poison Smokescreen+1","Poisoned Stab+1","Toxin Wave+1","Bane+1","Bouncing Flask+1","Catalyst+1","Envenom+1","Noxious Fumes+1","Poison Darts+1","Poisoned Stab+1","Replay:Poison Smokescreen+1","Tools of the Trade+1","Tactician+1","Prepared+1","Prepared+1","Tactician+1","Catalyst+1","Bouncing Flask+1"],"relics":["Ring of the Snake","Hammer of Thor","Seething Fire","Anvil of the Gods","Vajra","Circlet","Snake Skull","Snake Skull","Snake Skull","Snake Skull","Singing Bowl","Shuriken","Kunai","TungstenRod","Thread and Needle","Busted Crown","Incense Burner","Paper Crane","Paper Frog","Regal Pillow","Letter Opener","Meat on the Bone","Gambling Chip","Fusion Hammer","Bag of Marbles","Oddly Smooth Stone","Pen Nib","The Specimen","The Specimen","Lantern","Anchor","Bottled Flame","Bottled Lightning","Bottled Tornado","Bottled Tornado","Pantograph","Pear","Bird Faced Urn","FaceOfCleric","Chemical X","HoveringKite","HornCleat","CaptainsWheel","SacredBark","Juzu Bracelet","Mango","Lizard Tail","Philosopher\u0027s Stone","White Beast Statue","Enchiridion","Red Mask","Coffee Dripper","TwistedFunnel","Mummified Hand","Unceasing Top","Calipers","Black Star","GoldenEye","Golden Egg","Golden Idol","Golden Idol","Golden Idol","Golden Idol","Golden Idol","Golden Idol","Golden Idol","MealTicket","Art of War","Happy Flower","Tiny Chest","Sundial","Potion Belt","Potion Belt","Membership Card","Membership Card","The Courier","SsserpentHead","Snake Skull","ReplayTheSpireMod:CursedCoin","Chameleon Ring","InkBottle","Blue Candle","Frozen Egg 2","Bottled Tornado","Bronze Scales","Orichalcum","Bottled Flame","Replay:WaspNest","Omamori","ReplayTheSpireMod:TigerMarble","Black Star","Smiling Mask","BargainBundle","PreservedInsect","Bag of Marbles","Tiny Chest","ReplayFunnel","Blue Doll","Pen Nib","Letter Opener","Boot","War Paint","ClockworkSouvenir","Replay:Bandana","Blood Vial","Replay:Mystery Machine","White Beast Statue","Calipers","HornCleat","Grinning Jar","WristBlade","Ornamental Fan","Regal Pillow","Singing Bowl","Darkstone Periapt","Vampiric Spirits","Quantum Egg","Replay:PocketPolymizer","Lantern","Replay:Rubber Ducky","Whetstone","Mirror","Vajra","Anchor","Dream Catcher","Nunchaku","Akabeko","Toy Ornithopter","ReplayTheSpireMod:Ninjato","Kunai"],"acts_visited":["TheCity","TheBeyond","TheEnding"],"potions_floor_usage":[14,14,14,14,14,14,14,33,33,33,33,33,33,46,50,50,50,50,50,50,55,55,55,55,55,55],"damage_taken":[{"damage":0,"enemies":"2 Louse","floor":1,"turns":1},{"damage":0,"enemies":"Small Slimes","floor":5,"turns":1},{"damage":0,"enemies":"Lagavulin","floor":7,"turns":1},{"damage":0,"enemies":"Gremlin Nob","floor":10,"turns":1},{"damage":0,"enemies":"Jaw Worm","floor":11,"turns":1},{"damage":0,"enemies":"Exordium Thugs","floor":13,"turns":1},{"damage":0,"enemies":"Lagavulin","floor":14,"turns":1},{"damage":0,"enemies":"Slime Boss","floor":16,"turns":3},{"damage":0,"enemies":"2 Thieves","floor":18,"turns":1},{"damage":0,"enemies":"Shell Parasite","floor":20,"turns":1},{"damage":0,"enemies":"Replay:Snechameleon","floor":23,"turns":1},{"damage":0,"enemies":"Gremlin Leader","floor":25,"turns":1},{"damage":0,"enemies":"Slavers","floor":28,"turns":1},{"damage":0,"enemies":"Cultist and Chosen","floor":30,"turns":1},{"damage":0,"enemies":"Book of Stabbing","floor":31,"turns":1},{"damage":0,"enemies":"Automaton","floor":33,"turns":1},{"damage":0,"enemies":"3 Darklings","floor":35,"turns":1},{"damage":0,"enemies":"3 Shapes","floor":37,"turns":1},{"damage":0,"enemies":"3 Darklings","floor":39,"turns":2},{"damage":0,"enemies":"R_Hoarder","floor":41,"turns":2},{"damage":0,"enemies":"Sphere and 2 Shapes","floor":46,"turns":1},{"damage":0,"enemies":"4 Shapes","floor":47,"turns":1},{"damage":0,"enemies":"Reptomancer","floor":48,"turns":1},{"damage":9,"enemies":"Replay:Hell Engine","floor":50,"turns":2},{"damage":0,"enemies":"Shield and Spear","floor":54,"turns":1},{"damage":0,"enemies":"The Heart","floor":55,"turns":2}],"seed_played":"8424650216809684598","potions_obtained":[{"floor":0,"key":"SpeedPotion"},{"floor":0,"key":"CultistPotion"},{"floor":0,"key":"Flashbang"},{"floor":1,"key":"Languid Potion"},{"floor":5,"key":"Explosive Potion"},{"floor":7,"key":"SteroidPotion"},{"floor":8,"key":"EntropicBrew"},{"floor":15,"key":"FairyPotion"},{"floor":33,"key":"Death Potion"},{"floor":35,"key":"DuplicationPotion"},{"floor":37,"key":"Swift Potion"},{"floor":39,"key":"PowerPotion"},{"floor":40,"key":"SkillPotion"},{"floor":41,"key":"LiquidMemories"},{"floor":46,"key":"Fruit Juice"},{"floor":47,"key":"Swift Potion"},{"floor":52,"key":"sneckomod:MuddlingPotion"},{"floor":52,"key":"Languid Potion"}],"is_trial":false,"path_per_floor":["M","$","?","?","M","R","E","R","T","E","M","?","M","E","R","B",null,"M","T","M","$","?","E","$","E","T","?","E","?","M","E","R","B",null,"M","T","M","?","M","R","E","R","T","?","$","M","M","E","R","B",null,"R","$","E","B",null],"character_chosen":"THE_SILENT","items_purchased":["Snake Skull","ReplayTheSpireMod:CursedCoin","Chameleon Ring","InkBottle","BargainBundle","PreservedInsect","Bag of Marbles","Tiny Chest","ReplayFunnel","Blue Doll","Pen Nib","Letter Opener","ClockworkSouvenir","Vampiric Spirits","Quantum Egg","Replay:PocketPolymizer","Lantern","Replay:Rubber Ducky","Whetstone","Mirror","Vajra","Anchor","Dream Catcher","Nunchaku","Languid Potion","Weak Potion","Fire Potion","bronze:BurnAndBuffPotion"],"campfire_rested":0,"item_purchase_floors":[2,2,2,2,21,21,21,21,21,21,21,21,24,45,45,45,45,45,45,45,45,45,45,45,53,53,53,53],"current_hp_per_floor":[97,97,93,93,100,100,103,103,103,106,109,107,112,115,115,118,118,121,121,124,124,124,127,127,130,130,125,133,133,136,139,139,142,142,145,145,148,146,151,151,154,154,154,154,154,172,175,178,178,179,179,179,179,182,183],"gold":84,"neow_bonus":"THREE_SMALL_POTIONS","is_daily":false,"chose_seed":false,"campfire_upgraded":0,"win_rate":0.0,"timestamp":1612115844,"path_taken":["M","$","?","?","M","R","E","R","T","E","M","?","M","E","R","BOSS","M","?","M","$","?","E","$","E","T","?","E","?","M","E","R","BOSS","M","?","M","?","M","R","E","R","T","?","?","M","M","E","R","BOSS","R","$","E","BOSS"],"items_purchased_type":["Relic","Relic","Relic","Relic","Relic","Relic","Relic","Relic","Relic","Relic","Relic","Relic","Relic","Relic","Relic","Relic","Relic","Relic","Relic","Relic","Relic","Relic","Relic","Relic","Potion","Potion","Potion","Potion"],"build_version":"2020-12-22","purchased_purges":0,"victory":true,"max_hp_per_floor":[97,97,97,97,100,100,103,103,103,106,109,109,112,115,115,118,118,121,121,124,124,124,127,127,130,130,130,133,133,136,139,139,142,142,145,145,148,148,151,151,154,154,154,154,154,172,175,178,178,179,179,179,179,182,183],"card_choices":[{"not_picked":["Prepared"],"picked":"Singing Bowl","floor":1},{"not_picked":["Endless Agony"],"picked":"Singing Bowl","floor":5},{"not_picked":["Cloak And Dagger"],"picked":"Singing Bowl","floor":7},{"not_picked":["Skewer"],"picked":"Singing Bowl","floor":10},{"not_picked":["Slice"],"picked":"Singing Bowl","floor":11},{"not_picked":["Flying Knee"],"picked":"Singing Bowl","floor":13},{"not_picked":["Malaise"],"picked":"Singing Bowl","floor":14},{"not_picked":["Malaise"],"picked":"Singing Bowl","floor":16},{"not_picked":["Reflex"],"picked":"Singing Bowl","floor":18},{"not_picked":["Deadly Poison"],"picked":"Singing Bowl","floor":20},{"not_picked":["Deadly Poison"],"picked":"Singing Bowl","floor":23},{"not_picked":["Dagger Throw"],"picked":"Singing Bowl","floor":25},{"not_picked":["Underhanded Strike"],"picked":"Singing Bowl","floor":28},{"not_picked":["Bouncing Flask+1"],"picked":"Singing Bowl","floor":30},{"not_picked":["Storm of Steel"],"picked":"Singing Bowl","floor":31},{"not_picked":["Poison Darts"],"picked":"Singing Bowl","floor":33},{"not_picked":["Flying Knee+1"],"picked":"Singing Bowl","floor":35},{"not_picked":["Backflip+1"],"picked":"Singing Bowl","floor":37},{"not_picked":["Blade Dance"],"picked":"Singing Bowl","floor":39},{"not_picked":["Choke"],"picked":"Singing Bowl","floor":41},{"not_picked":["Heel Hook+1"],"picked":"Singing Bowl","floor":46},{"not_picked":["Choke"],"picked":"Singing Bowl","floor":47},{"not_picked":["Sucker Punch"],"picked":"Singing Bowl","floor":48},{"not_picked":["Leg Sweep+1"],"picked":"Singing Bowl","floor":54}],"player_experience":187802,"relics_obtained":[{"floor":7,"key":"Bottled Tornado"},{"floor":7,"key":"Bronze Scales"},{"floor":10,"key":"Orichalcum"},{"floor":10,"key":"Bottled Flame"},{"floor":14,"key":"Omamori"},{"floor":14,"key":"ReplayTheSpireMod:TigerMarble"},{"floor":19,"key":"Smiling Mask"},{"floor":23,"key":"Boot"},{"floor":23,"key":"War Paint"},{"floor":25,"key":"Replay:Bandana"},{"floor":25,"key":"Blood Vial"},{"floor":26,"key":"Replay:Mystery Machine"},{"floor":28,"key":"White Beast Statue"},{"floor":28,"key":"Calipers"},{"floor":31,"key":"HornCleat"},{"floor":31,"key":"Grinning Jar"},{"floor":36,"key":"Ornamental Fan"},{"floor":41,"key":"Regal Pillow"},{"floor":41,"key":"Singing Bowl"},{"floor":43,"key":"Darkstone Periapt"},{"floor":48,"key":"Akabeko"},{"floor":48,"key":"Toy Ornithopter"},{"floor":54,"key":"ReplayTheSpireMod:Ninjato"},{"floor":54,"key":"Kunai"}],"event_choices":[{"damage_healed":0,"gold_gain":0,"player_choice":"Box","damage_taken":0,"relics_obtained":["Frozen Egg 2"],"max_hp_gain":0,"max_hp_loss":0,"event_name":"Big Fish","floor":4,"gold_loss":0,"cards_obtained":["Regret"]},{"damage_healed":0,"gold_gain":0,"player_choice":"Success","damage_taken":3,"relics_obtained":["Replay:WaspNest"],"max_hp_gain":0,"max_hp_loss":0,"event_name":"Scrap Ooze","floor":12,"gold_loss":0},{"damage_healed":0,"gold_gain":0,"player_choice":"Stopped","damage_taken":9,"max_hp_gain":0,"max_hp_loss":0,"event_name":"Cursed Tome","floor":27,"gold_loss":0},{"damage_healed":0,"gold_gain":99,"player_choice":"Stole From Cult","damage_taken":0,"max_hp_gain":0,"max_hp_loss":0,"event_name":"Nest","floor":29,"gold_loss":0},{"damage_healed":0,"gold_gain":0,"player_choice":"Punched","damage_taken":3,"max_hp_gain":0,"max_hp_loss":0,"event_name":"Designer","floor":38,"gold_loss":0},{"damage_healed":0,"gold_gain":0,"player_choice":"Ignored","damage_taken":0,"max_hp_gain":0,"max_hp_loss":0,"event_name":"Duplicator","floor":44,"gold_loss":0}],"is_beta":false,"boss_relics":[{"not_picked":["Snecko Eye","Busted Crown"],"picked":"Black Star"},{"not_picked":["Runic Dome","Velvet Choker"],"picked":"WristBlade"}],"items_purged_floors":[],"is_endless":false,"potions_floor_spawned":[1,5,7,10,11,13,14,16,18,20,23,25,28,30,31,33,35,37,39,41,46,47,48,54],"ascension_level":0}}