{"host":"g2yp6paluzgljz05","time":1612079812,"event":{"mods":["BaseMod","Bestiary","Colored Powertips","DeckTracker","Highlight Path","Minty Spire (QoL Compilation)","Quick Restart"],"gold_per_floor":[112,112,112,112,187,112,146,46,46,58,58,93,105,143,155,264,276,307,319,67,81,81,81,93,103,155,169,203,203,214,245,245,347,347,359,35,0,0,16,16,51,51,51,80,80,44,44,72,72,72,72],"floor_reached":50,"language":"ENG","playtime":1978,"items_purged":["Strike_R","Strike_R","Strike_R"],"score":893,"play_id":"1b4e4007-53bc-489c-b4cf-840fe3364c0e","local_time":"20210131185652","is_ascension_mode":true,"campfire_choices":[{"data":"Whirlwind","floor":11.0,"key":"SMITH"},{"floor":15.0,"key":"REST"},{"floor":23.0,"key":"REST"},{"floor":29.0,"key":"REST"},{"floor":32.0,"key":"REST"},{"data":"Immolate","floor":40.0,"key":"SMITH"},{"floor":49,"key":"REST"}],"circlet_count":0,"master_deck":["Defend_R","Defend_R","Defend_R","Defend_R","Bash","Whirlwind+1","Offering","Shockwave+1","Demon Form","Immolate+1","Burning Pact+1","Evolve","Demon Form","Fiend Fire","CurseOfTheBell","Fire Breathing","Power Through+1","Writhe","Bloodletting+1","Transmutation+1","Whirlwind+1"],"relics":["Burning Blood","NeowsBlessing","Oddly Smooth Stone","Red Skull","Question Card","MawBank","Juzu Bracelet","Runic Dome","Strawberry","Meat on the Bone","Thread and Needle","Calling Bell","Regal Pillow","Pear","Magic Flower","Orichalcum","Pen Nib","Red Mask","Mercury Hourglass","Toxic Egg 2","Blood Vial","Turnip","Bronze Scales"],"acts_visited":["Exordium","TheCity","TheBeyond"],"potions_floor_usage":[],"damage_taken":[{"damage":0.0,"enemies":"Cultist","floor":1.0,"turns":1.0},{"damage":0.0,"enemies":"3 Sentries","floor":7.0,"turns":2.0},{"damage":0.0,"enemies":"2 Louse","floor":10.0,"turns":1.0},{"damage":40.0,"enemies":"Lagavulin","floor":12.0,"turns":5.0},{"damage":52.0,"enemies":"The Guardian","floor":16.0,"turns":15.0},{"damage":22.0,"enemies":"2 Thieves","floor":18.0,"turns":2.0},{"damage":21.0,"enemies":"Chosen","floor":21.0,"turns":4.0},{"damage":18.0,"enemies":"Shelled Parasite and Fungi","floor":24.0,"turns":3.0},{"damage":22.0,"enemies":"Centurion and Healer","floor":25.0,"turns":3.0},{"damage":6.0,"enemies":"3 Cultists","floor":27.0,"turns":2.0},{"damage":24.0,"enemies":"Slavers","floor":28.0,"turns":2.0},{"damage":6.0,"enemies":"Sentry and Sphere","floor":30.0,"turns":2.0},{"damage":43.0,"enemies":"Book of Stabbing","floor":31.0,"turns":4.0},{"damage":44.0,"enemies":"Champ","floor":33.0,"turns":9.0},{"damage":28.0,"enemies":"3 Darklings","floor":35.0,"turns":2.0},{"damage":18.0,"enemies":"Orb Walker","floor":39.0,"turns":4.0},{"damage":51.0,"enemies":"Nemesis","floor":41.0,"turns":7.0},{"damage":34.0,"enemies":"Giant Head","floor":44.0,"turns":7.0},{"damage":35.0,"enemies":"Nemesis","floor":48.0,"turns":7.0},{"damage":97,"enemies":"Time Eater","floor":50,"turns":5}],"seed_played":"-312842107685701024","potions_obtained":[{"floor":7.0,"key":"Explosive Potion"},{"floor":24.0,"key":"Regen Potion"},{"floor":28.0,"key":"AttackPotion"},{"floor":30.0,"key":"LiquidMemories"},{"floor":31.0,"key":"DuplicationPotion"},{"floor":33.0,"key":"AttackPotion"},{"floor":39.0,"key":"Ancient Potion"},{"floor":41.0,"key":"Block Potion"},{"floor":48.0,"key":"ColorlessPotion"}],"is_trial":false,"path_per_floor":["M","?","?","?","?","$","E","$","T","M","R","E","$","T","R","B",null,"M","?","$","M","$","R","M","M","T","M","E","R","M","E","R","B",null,"M","$","?","?","M","R","E","?","T","E","T","$","?","E","R","B"],"character_chosen":"IRONCLAD","items_purchased":["Immolate","Fire Breathing","Orichalcum","Pen Nib","Bloodletting+1"],"campfire_rested":5,"item_purchase_floors":[20,36,36,36,46],"current_hp_per_floor":[78,75,75,68,57,57,63,63,63,69,69,35,35,35,59,13,63,47,47,47,32,32,56,44,28,35,35,17,43,55,30,56,45,87,68,68,68,68,59,59,35,59,59,52,52,52,52,47,91,0,0],"gold":72,"neow_bonus":"THREE_ENEMY_KILL","is_daily":false,"chose_seed":false,"campfire_upgraded":2,"win_rate":0.0,"timestamp":1612079812,"path_taken":["M","?","?","?","?","$","E","$","T","M","R","E","?","?","R","BOSS","M","?","$","M","?","R","M","M","T","M","E","R","M","E","R","BOSS","M","$","?","?","M","R","E","?","T","E","?","?","?","E","R","BOSS"],"items_purchased_type":["Card","Card","Relic","Relic","Card"],"build_version":"2020-12-22","purchased_purges":3,"victory":false,"max_hp_per_floor":[80,80,80,80,80,80,80,80,80,80,80,80,80,80,80,80,80,80,80,80,80,80,80,80,80,87,87,87,87,87,87,87,87,97,97,97,97,97,97,97,97,97,97,97,97,97,97,97,97,97,97],"card_choices":[{"not_picked":["Headbutt","Carnage","Twin Strike"],"picked":"SKIP","floor":1.0},{"not_picked":["Armaments","Sever Soul"],"picked":"Whirlwind","floor":7.0},{"not_picked":["Feel No Pain","Heavy Blade","Searing Blow","Anger"],"picked":"SKIP","floor":10.0},{"not_picked":["Twin Strike","Pommel Strike","Cleave","Exhume"],"picked":"SKIP","floor":12.0},{"not_picked":["Reaper","Limit Break","Barricade"],"picked":"Offering","floor":16.0},{"not_picked":["Infernal Blade","True Grit","Flex"],"picked":"Shockwave","floor":18.0},{"not_picked":["Spot Weakness","Thunderclap","Perfected Strike","Pommel Strike+1"],"picked":"SKIP","floor":21.0},{"not_picked":["Clash","Shrug It Off+1","Warcry"],"picked":"Burning Pact+1","floor":24.0},{"not_picked":["Sword Boomerang+1","Intimidate","Clothesline","Heavy Blade"],"picked":"SKIP","floor":25.0},{"not_picked":["Immolate","Anger","Combust"],"picked":"Evolve","floor":27.0},{"not_picked":["Inflame","Anger+1","Disarm","Carnage"],"picked":"SKIP","floor":28.0},{"not_picked":["Spot Weakness+1","Hemokinesis","Searing Blow","Perfected Strike"],"picked":"SKIP","floor":30.0},{"not_picked":["Iron Wave","Armaments","Pummel+1"],"picked":"Demon Form","floor":31.0},{"not_picked":["Feed","Demon Form","Berserk"],"picked":"Fiend Fire","floor":33.0},{"not_picked":["Spot Weakness","Fire Breathing","Iron Wave","Disarm"],"picked":"SKIP","floor":35.0},{"not_picked":["Clothesline+1","Warcry+1","Clash"],"picked":"Power Through+1","floor":39.0},{"not_picked":["Evolve+1","Spot Weakness","Clash+1","Body Slam"],"picked":"SKIP","floor":41.0},{"not_picked":["Iron Wave","Clothesline","Dropkick+1","Twin Strike"],"picked":"SKIP","floor":44.0},{"not_picked":["Chrysalis+1","Trip+1","Discovery+1"],"picked":"Transmutation+1","floor":47.0},{"not_picked":["Inflame+1","Bludgeon","Clash"],"picked":"Whirlwind+1","floor":48.0}],"player_experience":288951,"relics_obtained":[{"floor":7.0,"key":"Red Skull"},{"floor":9.0,"key":"Question Card"},{"floor":12.0,"key":"MawBank"},{"floor":14.0,"key":"Juzu Bracelet"},{"floor":26.0,"key":"Strawberry"},{"floor":28.0,"key":"Meat on the Bone"},{"floor":31.0,"key":"Thread and Needle"},{"floor":34.0,"key":"Regal Pillow"},{"floor":34.0,"key":"Pear"},{"floor":34.0,"key":"Magic Flower"},{"floor":41.0,"key":"Mercury Hourglass"},{"floor":43.0,"key":"Toxic Egg 2"},{"floor":44.0,"key":"Blood Vial"},{"floor":45.0,"key":"Turnip"},{"floor":48.0,"key":"Bronze Scales"}],"event_choices":[{"damage_healed":0.0,"max_hp_gain":0.0,"max_hp_loss":0.0,"gold_gain":0.0,"event_name":"Scrap Ooze","player_choice":"Success","floor":2.0,"gold_loss":0.0,"damage_taken":3.0,"relics_obtained":["Oddly Smooth Stone"]},{"cards_removed":["Strike_R"],"damage_healed":0.0,"max_hp_gain":0.0,"max_hp_loss":0.0,"gold_gain":0.0,"event_name":"Living Wall","player_choice":"Forget","floor":3.0,"gold_loss":0.0,"damage_taken":0.0},{"cards_removed":["Strike_R"],"damage_healed":0.0,"max_hp_gain":0.0,"max_hp_loss":0.0,"gold_gain":0.0,"event_name":"Golden Wing","player_choice":"Card Removal","floor":4.0,"gold_loss":0.0,"damage_taken":7.0},{"damage_healed":0.0,"max_hp_gain":0.0,"max_hp_loss":0.0,"gold_gain":75.0,"event_name":"World of Goop","player_choice":"Gather Gold","floor":5.0,"gold_loss":0.0,"damage_taken":11.0},{"damage_healed":0.0,"max_hp_gain":0.0,"max_hp_loss":0.0,"gold_gain":0.0,"event_name":"Match and Keep!","player_choice":"1 cards matched","floor":19.0,"gold_loss":0.0,"damage_taken":0.0,"cards_obtained":["Demon Form"]},{"damage_healed":0.0,"max_hp_gain":0.0,"max_hp_loss":0.0,"gold_gain":0.0,"event_name":"Tomb of Lord Red Mask","player_choice":"Paid","floor":37.0,"gold_loss":35.0,"damage_taken":0.0,"relics_obtained":["Red Mask"]},{"damage_healed":0.0,"max_hp_gain":0.0,"max_hp_loss":0.0,"gold_gain":0.0,"event_name":"Upgrade Shrine","player_choice":"Upgraded","floor":38.0,"gold_loss":0.0,"damage_taken":0.0,"cards_upgraded":["Shockwave"]},{"damage_healed":24.0,"max_hp_gain":0.0,"max_hp_loss":0.0,"gold_gain":0.0,"event_name":"Winding Halls","player_choice":"Writhe","floor":42.0,"gold_loss":0.0,"damage_taken":0.0,"cards_obtained":["Writhe"]},{"damage_healed":0.0,"max_hp_gain":0.0,"max_hp_loss":0.0,"gold_gain":0.0,"event_name":"SensoryStone","player_choice":"Memory 1","floor":47.0,"gold_loss":0.0,"damage_taken":0.0}],"is_beta":false,"boss_relics":[{"not_picked":["Pandora\u0027s Box","SacredBark"],"picked":"Runic Dome"},{"not_picked":["Fusion Hammer","Philosopher\u0027s Stone"],"picked":"Calling Bell"}],"items_purged_floors":[6,8,20],"is_endless":false,"potions_floor_spawned":[7,24,28,30,31,33,39,41,48],"killed_by":"Time Eater","ascension_level":8}}