{"host":"8kd0mw0b4mjhs7vl","time":1612131755,"event":{"mods":["BaseMod","Colored Map","Conspire","Downfall","Friendly Minions","Minty Spire (QoL Compilation)","Replay The Spire","StSLib","SuperFastMode"],"gold_per_floor":[111,111,111,136,106,144,144,188,188,202,202,2,2,15,15,145,145,163,187,187,187,51,84,84,119,119,119,137,137,149,164,164,266,266,285,299,0,0,0],"floor_reached":40,"language":"ENG","playtime":1972,"items_purged":["Strike_B","Strike_B"],"score":748,"play_id":"9dc477fb-40d7-4001-be5d-34824d9a6e47","local_time":"20210131222235","is_ascension_mode":true,"campfire_choices":[{"data":"BasicCrystalCard","floor":7,"key":"SMITH"},{"floor":11,"key":"REST"},{"data":"Storm","floor":13,"key":"SMITH"},{"data":"Storm","floor":15,"key":"SMITH"},{"data":"Capacitor","floor":24,"key":"SMITH"},{"data":"Sweeping Beam","floor":27,"key":"SMITH"},{"floor":29,"key":"REST"},{"floor":32,"key":"REST"}],"circlet_count":0,"master_deck":["Strike_B","Strike_B","Defend_B","Defend_B","Defend_B","Defend_B","Zap+1","Dualcast","Leap","Storm+1","BasicCrystalCard+1","Defragment","Sweeping Beam+1","Chaos+1","Storm+1","Echo Form","Hologram+1","Capacitor+1","Panic Button","Heatsinks+1","Barrage+1","FIFO Queue+1","Undo+1","Steam+1"],"relics":["Cracked Core","Bloody Idol","Replay:WaspNest","Dream Catcher","Nunchaku","conspire:SpecialSausage","conspire:GlowingRock","Oddly Smooth Stone","Bottled Flame","Fusion Hammer","Red Mask"],"acts_visited":["Exordium","TheCity","TheBeyond"],"potions_floor_usage":[6,6,10,10,16,23,25,33,39,39,39],"damage_taken":[{"damage":4,"enemies":"Small Slimes","floor":1,"turns":2},{"damage":0,"enemies":"Cultist","floor":4,"turns":3},{"damage":12,"enemies":"3 Sentries","floor":6,"turns":6},{"damage":36,"enemies":"Gremlin Nob","floor":8,"turns":5},{"damage":0,"enemies":"2 Louse","floor":10,"turns":2},{"damage":3,"enemies":"Blue Slaver","floor":14,"turns":3},{"damage":23,"enemies":"The Guardian","floor":16,"turns":11},{"damage":8,"enemies":"3 Byrds","floor":18,"turns":3},{"damage":18,"enemies":"conspire:FuzzyDice","floor":19,"turns":4},{"damage":11,"enemies":"Gremlin Leader","floor":23,"turns":5},{"damage":44,"enemies":"Book of Stabbing","floor":25,"turns":5},{"damage":18,"enemies":"Centurion and Healer","floor":28,"turns":5},{"damage":20,"enemies":"Snecko","floor":30,"turns":4},{"damage":12,"enemies":"Cultist and Chosen","floor":31,"turns":3},{"damage":37,"enemies":"Pondfish","floor":33,"turns":6},{"damage":11,"enemies":"Orb Walker","floor":35,"turns":2},{"damage":18,"enemies":"3 Darklings","floor":36,"turns":4},{"damage":47,"enemies":"Replay:Hell Engine","floor":39,"turns":6}],"seed_played":"981542663409480176","potions_obtained":[{"floor":1,"key":"GamblersBrew"},{"floor":5,"key":"PowerPotion"},{"floor":5,"key":"ColorlessPotion"},{"floor":8,"key":"Block Potion"},{"floor":10,"key":"Fruit Juice"},{"floor":16,"key":"sneckomod:MuddlingPotion"},{"floor":19,"key":"AttackPotion"},{"floor":23,"key":"conspire:TimeTravelPotion"},{"floor":28,"key":"LiquidMemories"},{"floor":33,"key":"BlessingOfTheForge"},{"floor":35,"key":"Weak Potion"}],"is_trial":false,"path_per_floor":["M","?","?","M","?","E","R","E","T","M","R","$","R","M","R","B",null,"M","M","?","?","$","E","R","E","T","R","M","R","M","M","R","B",null,"M","M","?","?","B",null],"character_chosen":"DEFECT","items_purchased":["Chaos+1","Storm","Capacitor"],"campfire_rested":3,"item_purchase_floors":[12,12,22],"current_hp_per_floor":[71,71,53,53,53,41,41,5,5,10,34,34,34,31,31,8,80,72,54,54,54,54,48,48,25,25,25,12,36,21,14,38,6,80,74,61,61,61,14],"gold":0,"neow_bonus":"UPGRADE_CARD","is_daily":false,"chose_seed":false,"campfire_upgraded":5,"win_rate":0.0,"timestamp":1612131755,"path_taken":["M","?","?","M","?","E","R","E","T","?","R","$","R","M","R","BOSS","M","M","?","?","$","E","R","E","T","R","M","R","M","M","R","BOSS","M","M","?","?","BOSS"],"items_purchased_type":["Card","Card","Card"],"build_version":"2020-12-22","purchased_purges":2,"victory":true,"max_hp_per_floor":[75,75,75,75,75,75,75,75,75,80,80,80,80,80,80,80,80,80,80,80,80,80,80,80,80,80,80,80,80,80,80,80,80,80,80,80,80,80,80],"card_choices":[{"not_picked":["Doom and Gloom","Gash"],"picked":"Leap","floor":1},{"not_picked":["Rebound","Streamline"],"picked":"Storm","floor":4},{"not_picked":["Barrage","Panic Button"],"picked":"BasicCrystalCard","floor":6},{"not_picked":["ReplayTheSpireMod:GoodbyeWorld","Steam"],"picked":"Defragment","floor":8},{"not_picked":["conspire:Rain","Go for the Eyes"],"picked":"Sweeping Beam","floor":10},{"not_picked":["Lockon","Beam Cell","Go for the Eyes"],"picked":"SKIP","floor":14},{"not_picked":["Creative AI","Hyperbeam"],"picked":"Echo Form","floor":16},{"not_picked":["Genetic Algorithm","ReplayTheSpireMod:Repulse","Beam Cell"],"picked":"SKIP","floor":18},{"not_picked":["Steam","Stack"],"picked":"Hologram+1","floor":19},{"not_picked":["Redo+1","Streamline","Consume"],"picked":"SKIP","floor":23},{"not_picked":["Stack+1","Double Energy"],"picked":"Panic Button","floor":25},{"not_picked":["Coolheaded","Cold Snap"],"picked":"Heatsinks+1","floor":28},{"not_picked":["Gash+1","Compile Driver"],"picked":"Barrage+1","floor":30},{"not_picked":["Crystallizer+1","Core Surge","Stack+1"],"picked":"SKIP","floor":31},{"not_picked":["Double Energy+1","Coolheaded"],"picked":"FIFO Queue+1","floor":32},{"not_picked":["Coolheaded","Heatsinks+1"],"picked":"Undo+1","floor":35},{"not_picked":["Skim","Rebound+1"],"picked":"Steam+1","floor":36}],"player_experience":302726,"relics_obtained":[{"floor":6,"key":"Replay:WaspNest"},{"floor":8,"key":"Dream Catcher"},{"floor":9,"key":"Nunchaku"},{"floor":23,"key":"conspire:GlowingRock"},{"floor":25,"key":"Oddly Smooth Stone"},{"floor":26,"key":"Bottled Flame"}],"event_choices":[{"damage_healed":0,"gold_gain":0,"player_choice":"Ignored","damage_taken":0,"max_hp_gain":0,"max_hp_loss":0,"event_name":"Liars Game","floor":2,"gold_loss":0},{"damage_healed":0,"gold_gain":0,"player_choice":"Take Damage","damage_taken":18,"relics_obtained":["Golden Idol"],"max_hp_gain":0,"max_hp_loss":0,"event_name":"Golden Idol","floor":3,"gold_loss":0},{"damage_healed":0,"gold_gain":0,"player_choice":"Bought 2 Potions","damage_taken":0,"max_hp_gain":0,"max_hp_loss":0,"event_name":"The Woman in Blue","floor":5,"gold_loss":0},{"damage_healed":0,"gold_gain":0,"player_choice":"Gave Idol","damage_taken":0,"relics_obtained":["Bloody Idol"],"max_hp_gain":0,"max_hp_loss":0,"event_name":"Forgotten Altar","floor":20,"relics_lost":["Golden Idol"],"gold_loss":0},{"damage_healed":0,"gold_gain":0,"player_choice":"Paid","damage_taken":0,"relics_obtained":["Red Mask"],"max_hp_gain":0,"max_hp_loss":0,"event_name":"Tomb of Lord Red Mask","floor":37,"gold_loss":299},{"damage_healed":0,"gold_gain":0,"player_choice":"Took Portal","damage_taken":0,"max_hp_gain":0,"max_hp_loss":0,"event_name":"SecretPortal","floor":38,"gold_loss":0}],"is_beta":false,"boss_relics":[{"not_picked":["Snecko Eye","ChewingGum"],"picked":"conspire:SpecialSausage"},{"not_picked":["SlaversCollar","Kintsugi"],"picked":"Fusion Hammer"}],"items_purged_floors":[12,22],"is_endless":false,"potions_floor_spawned":[1,8,10,16,19,23,28,33,35],"ascension_level":4}}