{"host":"flash","time":1612083132,"event":{"mods":["ATMod(°¢èªMod)","Act Like it!","Aspiration","BaseMod","Minty Spire (QoL Compilation)","Shop Mod","StSLib","¡¾ÒÅÎï¿¨ÅÆ¡¿REMEMod"],"gold_per_floor":[111,130,130,149,149,182,198,198,198,233,183,183,8,26,26,103,103,118,118,118,130,5,33,45,99,99,99,128,28,28,62,62,134,134,152,152,170,182,196,222,241,276,276,21,21,39,39,67,67,67],"floor_reached":51,"language":"ZHS","playtime":2187,"items_purged":["Writhe","Defend_B"],"score":1664,"play_id":"5af26dca-cb17-4280-8090-5fddece1d5b4","local_time":"20210131165212","is_ascension_mode":true,"campfire_choices":[{"floor":8.0,"key":"REST"},{"floor":12.0,"key":"REST"},{"data":"Dualcast","floor":15.0,"key":"SMITH"},{"floor":27.0,"key":"DIG"},{"data":"Gash","floor":32.0,"key":"SMITH"},{"data":"AT_StudyProgram","floor":45.0,"key":"SMITH"},{"floor":49,"key":"DIG"}],"circlet_count":0,"master_deck":["AscendersBane","Defend_B","Defend_B","Zap+1","Dualcast+1","AT_EMC2","All For One","Scrape","Gash+1","AT_DarkMatter","Streamline","Buffer","Steam","Panache","REME_Shoggoth","Glacier+1","REME_Compress+1","AT_ThunderBolt+1","Redo+1","Gash","Steam","AT_StudyProgram+1","Turbo","Biased Cognition","CurseOfTheBell","REME_DataAnalysis","Gash","White Noise+1","REME_Shoggoth","Good Instincts","REME_WheelOfFate"],"relics":["Cracked Core","AT_ATBox","REME_ComplimentaryCards","aspiration:Nostalgia","Burning Blood","aspiration:HatOfInfinitePower","aspiration:StickyExplosives_weak","AT_ImmortalShieldbow","REME_HandOfSuture","Astrolabe","HornCleat","Shovel","AT_ChloranthyRing","Bronze Scales","StrikeDummy","AT_PhaseBoots","AT_ArchangelStaff","Calling Bell","Tiny Chest","Pantograph","AT_RabadonDeathcap","Happy Flower","Bag of Marbles","AT_SunfireAegis","Ornamental Fan","Ancient Tea Set","Mummified Hand"],"acts_visited":["Exordium","TheCity","TheBeyond"],"potions_floor_usage":[48,50],"damage_taken":[{"damage":5.0,"enemies":"2 Louse","floor":1.0,"turns":3.0},{"damage":12.0,"enemies":"Jaw Worm","floor":2.0,"turns":3.0},{"damage":10.0,"enemies":"Small Slimes","floor":4.0,"turns":2.0},{"damage":30.0,"enemies":"Lagavulin","floor":6.0,"turns":5.0},{"damage":8.0,"enemies":"Blue Slaver","floor":7.0,"turns":2.0},{"damage":35.0,"enemies":"3 Sentries","floor":10.0,"turns":6.0},{"damage":0.0,"enemies":"Looter","floor":14.0,"turns":2.0},{"damage":33.0,"enemies":"The Guardian","floor":16.0,"turns":7.0},{"damage":0.0,"enemies":"2 Thieves","floor":18.0,"turns":2.0},{"damage":0.0,"enemies":"3 Byrds","floor":21.0,"turns":2.0},{"damage":14.0,"enemies":"Gremlin Leader","floor":23.0,"turns":3.0},{"damage":0.0,"enemies":"Centurion and Healer","floor":24.0,"turns":4.0},{"damage":6.0,"enemies":"Slavers","floor":25.0,"turns":3.0},{"damage":2.0,"enemies":"Gremlin Leader","floor":28.0,"turns":4.0},{"damage":20.0,"enemies":"Slavers","floor":31.0,"turns":2.0},{"damage":0.0,"enemies":"Champ","floor":33.0,"turns":3.0},{"damage":8.0,"enemies":"3 Shapes","floor":35.0,"turns":4.0},{"damage":0.0,"enemies":"3 Darklings","floor":37.0,"turns":1.0},{"damage":0.0,"enemies":"Sphere and 2 Shapes","floor":38.0,"turns":3.0},{"damage":0.0,"enemies":"Jaw Worm Horde","floor":39.0,"turns":2.0},{"damage":0.0,"enemies":"Giant Head","floor":40.0,"turns":4.0},{"damage":0.0,"enemies":"Maw","floor":41.0,"turns":2.0},{"damage":0.0,"enemies":"Reptomancer","floor":42.0,"turns":3.0},{"damage":12.0,"enemies":"Transient","floor":46.0,"turns":5.0},{"damage":7,"enemies":"Nemesis","floor":48,"turns":3},{"damage":10,"enemies":"Donu and Deca","floor":50,"turns":3}],"seed_played":"8633471506703192981","potions_obtained":[{"floor":2.0,"key":"CultistPotion"},{"floor":4.0,"key":"SneckoOil"},{"floor":6.0,"key":"ColorlessPotion"},{"floor":18.0,"key":"GamblersBrew"},{"floor":28.0,"key":"DistilledChaos"},{"floor":31.0,"key":"FearPotion"},{"floor":35.0,"key":"Fire Potion"},{"floor":37.0,"key":"AttackPotion"},{"floor":48,"key":"FearPotion"}],"is_trial":false,"path_per_floor":["M","M","?","M","?","E","M","R","T","E","?","R","$","M","R","B",null,"M","?","?","M","$","E","M","E","T","R","E","$","?","E","R","B",null,"M","?","M","M","M","E","M","E","T","$","R","M","?","E","R","B",null],"character_chosen":"DEFECT","items_purchased":["Panache","Gash","Ornamental Fan"],"campfire_rested":2,"item_purchase_floors":[13,22,44],"current_hp_per_floor":[69,63,56,52,52,28,26,48,48,27,27,49,49,55,55,36,65,71,71,71,75,75,67,73,73,73,73,75,75,61,47,47,53,73,71,71,77,80,80,80,80,80,80,80,80,74,69,68,68,76],"gold":67,"neow_bonus":"NOSTALGIA","is_daily":false,"chose_seed":false,"campfire_upgraded":3,"win_rate":0.0,"timestamp":1612083132,"path_taken":["M","M","?","M","?","E","M","R","T","E","?","R","$","?","R","BOSS","M","?","?","M","$","E","M","E","T","R","E","?","?","E","R","BOSS","M","?","M","M","M","E","M","E","T","$","R","?","?","E","R","BOSS"],"items_purchased_type":["Card","Card","Relic"],"build_version":"2020-12-18","purchased_purges":2,"victory":true,"max_hp_per_floor":[75,75,75,75,75,75,75,75,75,75,75,75,75,75,75,75,75,75,75,75,75,75,75,75,75,75,75,75,75,80,80,80,80,80,80,80,80,80,80,80,80,80,80,80,80,80,80,80,80,80],"card_choices":[{"not_picked":["Compile Driver","Redo"],"picked":"Scrape","floor":1.0},{"not_picked":["BootSequence","Ball Lightning"],"picked":"Gash","floor":2.0},{"not_picked":["Rebound","Cold Snap"],"picked":"AT_DarkMatter","floor":4.0},{"not_picked":["Cold Snap","Redo"],"picked":"Streamline","floor":6.0},{"not_picked":["Gash","Conserve Battery"],"picked":"Buffer","floor":7.0},{"not_picked":["Rip and Tear","Compile Driver"],"picked":"Steam","floor":10.0},{"not_picked":["Leap","BootSequence","Hologram"],"picked":"SKIP","floor":14.0},{"not_picked":["Core Surge","Machine Learning"],"picked":"REME_Shoggoth","floor":16.0},{"not_picked":["Compile Driver","Cold Snap","Stack"],"picked":"SKIP","floor":18.0},{"not_picked":["White Noise","Rebound"],"picked":"Redo+1","floor":21.0},{"not_picked":["Compile Driver","BootSequence"],"picked":"Steam","floor":23.0},{"not_picked":["Stack","Darkness","Conserve Battery"],"picked":"SKIP","floor":24.0},{"not_picked":["Redo","Darkness"],"picked":"AT_StudyProgram","floor":25.0},{"not_picked":["Leap","Static Discharge+1"],"picked":"Turbo","floor":28.0},{"not_picked":["Leap","Compile Driver+1","BootSequence"],"picked":"SKIP","floor":31.0},{"not_picked":["Fission","Rainbow"],"picked":"Biased Cognition","floor":33.0},{"not_picked":["AT_ThunderBolt","Leap+1"],"picked":"REME_DataAnalysis","floor":35.0},{"not_picked":["Self Repair+1","Leap","Barrage"],"picked":"SKIP","floor":37.0},{"not_picked":["Hologram","Steam+1"],"picked":"Gash","floor":38.0},{"not_picked":["Barrage+1","Conserve Battery+1","Cold Snap+1"],"picked":"SKIP","floor":39.0},{"not_picked":["Steam+1","Streamline"],"picked":"White Noise+1","floor":40.0},{"not_picked":["Sweeping Beam+1","Melter","Capacitor"],"picked":"SKIP","floor":41.0},{"not_picked":["Rebound","Streamline","Loop"],"picked":"SKIP","floor":42.0},{"not_picked":["AT_ThunderBolt","AT_HeatAcrobatics","Compile Driver+1"],"picked":"REME_Shoggoth","floor":46.0},{"not_picked":["REME_BattleFury","AT_Homeward"],"picked":"Good Instincts","floor":47},{"not_picked":["Discovery","REME_TheoryOfElimination"],"picked":"REME_WheelOfFate","floor":47},{"not_picked":["All For One","Ball Lightning+1","Compile Driver"],"picked":"SKIP","floor":48}],"player_experience":675906,"relics_obtained":[{"floor":6.0,"key":"aspiration:StickyExplosives_weak"},{"floor":9.0,"key":"AT_ImmortalShieldbow"},{"floor":10.0,"key":"REME_HandOfSuture"},{"floor":23.0,"key":"Shovel"},{"floor":25.0,"key":"AT_ChloranthyRing"},{"floor":26.0,"key":"Bronze Scales"},{"floor":27.0,"key":"StrikeDummy"},{"floor":28.0,"key":"AT_SpeedBoots"},{"floor":31.0,"key":"AT_ArchangelStaff"},{"floor":34.0,"key":"Tiny Chest"},{"floor":34.0,"key":"Pantograph"},{"floor":34.0,"key":"AT_RabadonDeathcap"},{"floor":40.0,"key":"Happy Flower"},{"floor":42.0,"key":"Bag of Marbles"},{"floor":43.0,"key":"AT_SunfireAegis"},{"floor":48,"key":"Ancient Tea Set"},{"floor":49,"key":"Mummified Hand"}],"event_choices":[{"damage_healed":0.0,"max_hp_gain":0.0,"max_hp_loss":0.0,"gold_gain":0.0,"event_name":"Scrap Ooze","player_choice":"Success","floor":3.0,"gold_loss":0.0,"damage_taken":7.0,"relics_obtained":["aspiration:HatOfInfinitePower"]},{"damage_healed":0.0,"max_hp_gain":0.0,"max_hp_loss":0.0,"gold_gain":0.0,"event_name":"Living Wall","player_choice":"Grow","floor":5.0,"gold_loss":0.0,"damage_taken":0.0,"cards_upgraded":["Zap"]},{"cards_removed":["Strike_B"],"damage_healed":0.0,"max_hp_gain":0.0,"max_hp_loss":0.0,"gold_gain":0.0,"event_name":"The Cleric","player_choice":"Card Removal","floor":11.0,"gold_loss":50.0,"damage_taken":0.0},{"damage_healed":0.0,"max_hp_gain":0.0,"max_hp_loss":0.0,"gold_gain":0.0,"event_name":"Vampires","player_choice":"Ignored","floor":19.0,"gold_loss":0.0,"damage_taken":0.0},{"damage_healed":0.0,"max_hp_gain":0.0,"max_hp_loss":0.0,"gold_gain":0.0,"event_name":"The Mausoleum","player_choice":"Opened","floor":20.0,"gold_loss":0.0,"damage_taken":0.0,"relics_obtained":["HornCleat"],"cards_obtained":["Writhe"]},{"damage_healed":0.0,"max_hp_gain":5.0,"max_hp_loss":0.0,"gold_gain":0.0,"event_name":"Forgotten Altar","player_choice":"Shed Blood","floor":30.0,"gold_loss":0.0,"damage_taken":19.0},{"cards_removed":["Strike_B"],"damage_healed":0.0,"max_hp_gain":0.0,"max_hp_loss":0.0,"gold_gain":0.0,"event_name":"Purifier","player_choice":"Purged","floor":36.0,"gold_loss":0.0,"damage_taken":0.0},{"damage_healed":0,"gold_gain":0,"player_choice":"Memory 2","damage_taken":5,"max_hp_gain":0,"max_hp_loss":0,"event_name":"SensoryStone","floor":47,"gold_loss":0}],"is_beta":true,"boss_relics":[{"not_picked":["SacredBark","Sozu"],"picked":"Astrolabe"},{"not_picked":["SlaversCollar","Velvet Choker"],"picked":"Calling Bell"}],"items_purged_floors":[22,29],"is_endless":false,"potions_floor_spawned":[2,4,6,10,18,25,28,31,35,37,40,48],"ascension_level":13}}