{"host":"0fmi5fguj5lvt8pf","time":1612109715,"event":{"mods":["BaseMod","Colored Map","Curses Come First","Downfall","Minty Spire (QoL Compilation)","Permanent Neow","StSLib"],"gold_per_floor":[99,118,118,118,132,161,161,161,161,178,178,178,178,193,206,206,206,206],"floor_reached":16,"language":"ENG","playtime":597,"items_purged":[],"score":102,"play_id":"64b368a8-eeb3-414a-a9b6-77770f59d3dd","local_time":"20210131081515","is_ascension_mode":false,"campfire_choices":[{"data":"Guardian:TwinSlam","floor":1,"key":"SMITH"},{"floor":12,"key":"RECALL"}],"circlet_count":0,"master_deck":["Guardian:Strike_Guardian","Guardian:Strike_Guardian","Guardian:Strike_Guardian","Guardian:Defend_Guardian","Guardian:Defend_Guardian","Guardian:Defend_Guardian","Guardian:CurlUp","Guardian:TwinSlam+1","Guardian:DecasProtection+1","Guardian:TemporalStrike","Guardian:ChargeUp","Guardian:BronzeOrb","Guardian:TemporalStrike"],"relics":["Guardian:ModeShifter","Calipers","hexamod:CandleOfCauterizing"],"acts_visited":["Exordium"],"potions_floor_usage":[6,6,6,13,16],"damage_taken":[{"damage":8,"enemies":"Small Slimes","floor":2,"turns":3},{"damage":2,"enemies":"2 Louse","floor":5,"turns":2},{"damage":18,"enemies":"Lagavulin","floor":6,"turns":4},{"damage":0,"enemies":"Cultist","floor":8,"turns":1},{"damage":7,"enemies":"Blue Slaver","floor":10,"turns":3},{"damage":3,"enemies":"Gremlin Gang","floor":13,"turns":2},{"damage":6,"enemies":"Large Slime","floor":14,"turns":3},{"damage":0,"enemies":"3 Louse","floor":15,"turns":3},{"damage":45,"enemies":"IC_STATUS_ARCHETYPE","floor":16,"turns":8}],"seed_played":"2370683979164602718","potions_obtained":[{"floor":2,"key":"Fire Potion"},{"floor":4,"key":"Guardian:AcceleratePotion"},{"floor":4,"key":"Fire Potion"},{"floor":4,"key":"SteroidPotion"},{"floor":10,"key":"SmokeBomb"},{"floor":14,"key":"Regen Potion"}],"is_trial":false,"path_per_floor":["R","M","?","?","M","E","T","M","?","M","?","R","M","M","M","B"],"character_chosen":"GUARDIAN","items_purchased":[],"campfire_rested":0,"item_purchase_floors":[],"current_hp_per_floor":[72,64,64,64,62,44,44,44,44,37,37,37,34,28,28,0,0,0],"gold":206,"neow_bonus":"REMOVE_TWO","is_daily":false,"chose_seed":false,"campfire_upgraded":1,"win_rate":0.0,"timestamp":1612109715,"path_taken":["R","M","?","?","M","E","T","?","?","?","?","R","M","?","M","BOSS"],"items_purchased_type":[],"build_version":"2020-12-22","purchased_purges":0,"victory":false,"max_hp_per_floor":[72,72,72,72,72,72,72,72,72,72,72,72,72,72,72,72,72,72],"card_choices":[{"not_picked":["Guardian:Reroute","Guardian:TemporalShield"],"picked":"Guardian:DecasProtection","floor":2},{"not_picked":["Guardian:Clone","Guardian:Gem_Green"],"picked":"Guardian:TemporalStrike","floor":5},{"not_picked":["Guardian:Gem_Green","Guardian:Preprogram"],"picked":"Guardian:ChargeUp","floor":6},{"not_picked":["Guardian:Gem_Red","Guardian:Gem_Cyan"],"picked":"Guardian:Gem_Fragmented","floor":8},{"not_picked":["Guardian:Gem_Green","Guardian:Gem_Cyan"],"picked":"Guardian:BronzeOrb","floor":10},{"not_picked":["Guardian:Gem_Yellow","Guardian:TimeCapacitor"],"picked":"Guardian:TemporalStrike","floor":14},{"not_picked":["Guardian:Gem_Red","Guardian:Gem_Lightblue","Guardian:BodySlam"],"picked":"SKIP","floor":15}],"player_experience":1462098,"relics_obtained":[{"floor":6,"key":"Calipers"},{"floor":7,"key":"hexamod:CandleOfCauterizing"}],"event_choices":[{"damage_healed":0,"gold_gain":0,"player_choice":"Got Potions","damage_taken":0,"max_hp_gain":0,"max_hp_loss":0,"event_name":"Lab","floor":4,"gold_loss":0}],"is_beta":false,"boss_relics":[],"items_purged_floors":[],"is_endless":false,"potions_floor_spawned":[2,5,10,13,14],"killed_by":"IC_STATUS_ARCHETYPE","ascension_level":0}}