{"host":"3498uni0c31c9bdm","time":1612098934,"event":{"mods":["BaseMod","Better Third Choice","Minty Spire (QoL Compilation)","Replay The Spire","StSLib"],"gold_per_floor":[110,110,110,129,149,149,4,37,37,37,37,50,11,38,38,141,141,160,160,183,197,215,215,215,249,275,275,128,128,228,228,228,331,331,343,343,357,53,53,82,82,97,97,97,123,173,201,217,217,217,217,217,32,58,58],"floor_reached":56,"language":"ENG","playtime":3070,"items_purged":[],"score":1833,"play_id":"994d7d62-f8f9-44a0-9102-ca5a720533bb","local_time":"20210201001534","is_ascension_mode":true,"campfire_choices":[{"floor":6,"key":"RECALL"},{"data":"TalkToTheHand","floor":11,"key":"SMITH"},{"data":"MentalFortress","floor":15,"key":"SMITH"},{"floor":23,"key":"REST"},{"floor":27,"key":"REST"},{"floor":29,"key":"REST"},{"floor":32,"key":"DIG"},{"floor":41,"key":"REST"},{"data":"MasterReality","floor":44,"key":"SMITH"},{"data":"SpiritShield","floor":52,"key":"SMITH"}],"circlet_count":0,"master_deck":["Strike_P","Strike_P","Strike_P","Strike_P","Defend_P","Defend_P","Defend_P","Defend_P","Eruption","Vigilance","Prostrate","TalkToTheHand+1","CutThroughFate+1","MentalFortress+1","Prostrate","Prostrate","Consecrate","DevaForm","EmptyBody","WindmillStrike","DeceiveReality","ReachHeaven","SpiritShield+1","MasterReality+1","MentalFortress+1","Evaluate+1","Replay:ManipulateFuture","Prostrate","Enlightenment","Sanctity"],"relics":["PureWater","Eternal Feather","Anchor","Oddly Smooth Stone","Happy Flower","Damaru","ChewingGum","MutagenicStrength","Bronze Scales","ReplayTheSpireMod:TigerMarble","Whetstone","ReplayFunnel","Lizard Tail","Sundial","Lantern","Busted Crown","FossilizedHelix","Bottled Tornado","Gremlin Horn","Simple Rune","Calipers","ReplayTheSpireMod:Lightbulb","Replay:Wax Seal"],"acts_visited":["Exordium","TheCity","TheBeyond","TheEnding"],"potions_floor_usage":[8,22,22,30,40,42,50,55,55,55],"damage_taken":[{"damage":0,"enemies":"Small Slimes","floor":1,"turns":3},{"damage":1,"enemies":"2 Louse","floor":4,"turns":2},{"damage":0,"enemies":"Cultist","floor":5,"turns":4},{"damage":16,"enemies":"Lagavulin","floor":8,"turns":7},{"damage":0,"enemies":"Exordium Wildlife","floor":12,"turns":4},{"damage":14,"enemies":"Replay:BlueRogue","floor":14,"turns":10},{"damage":5,"enemies":"Slime Boss","floor":16,"turns":7},{"damage":21,"enemies":"Spheric Guardian","floor":18,"turns":7},{"damage":21,"enemies":"3 Byrds","floor":21,"turns":4},{"damage":1,"enemies":"Shelled Parasite and Fungi","floor":22,"turns":4},{"damage":52,"enemies":"Book of Stabbing","floor":25,"turns":8},{"damage":14,"enemies":"Colosseum Slavers","floor":30,"turns":4},{"damage":23,"enemies":"Colosseum Nobs","floor":30,"turns":4},{"damage":15,"enemies":"Automaton","floor":33,"turns":10},{"damage":0,"enemies":"Orb Walker","floor":35,"turns":4},{"damage":0,"enemies":"3 Shapes","floor":37,"turns":6},{"damage":34,"enemies":"Reptomancer","floor":40,"turns":8},{"damage":0,"enemies":"Jaw Worm Horde","floor":42,"turns":4},{"damage":0,"enemies":"R_Hoarder","floor":45,"turns":10},{"damage":0,"enemies":"Mind Bloom Boss Battle","floor":46,"turns":7},{"damage":0,"enemies":"Giant Head","floor":47,"turns":9},{"damage":0,"enemies":"Transient","floor":48,"turns":5},{"damage":0,"enemies":"Time Eater","floor":50,"turns":11},{"damage":20,"enemies":"Shield and Spear","floor":54,"turns":14},{"damage":47,"enemies":"The Heart","floor":55,"turns":14}],"seed_played":"-5491536566823358559","potions_obtained":[{"floor":1,"key":"Reflective Coating"},{"floor":5,"key":"BlessingOfTheForge"},{"floor":16,"key":"Elixir"},{"floor":21,"key":"Swift Potion"},{"floor":22,"key":"Toxic Potion"},{"floor":33,"key":"Explosive Potion"},{"floor":40,"key":"Swift Potion"},{"floor":45,"key":"SpeedPotion"},{"floor":47,"key":"Explosive Potion"}],"is_trial":false,"path_per_floor":["M","?","?","M","M","R","$","E","T","?","R","M","$","E","R","B",null,"M","?","T","M","M","R","$","E","T","R","$","R","?","?","R","B",null,"M","?","M","$","$","E","R","M","T","R","E","?","E","M","R","B",null,"R","$","E","B",null],"character_chosen":"WATCHER","items_purchased":["Anchor","Prostrate","ReplayFunnel","FossilizedHelix","SkillPotion","Prostrate","Enlightenment"],"campfire_rested":4,"item_purchase_floors":[7,13,28,38,53,53,53],"current_hp_per_floor":[65,65,65,64,64,70,70,54,54,54,60,60,60,46,55,50,67,46,46,46,25,24,57,57,5,5,38,38,71,34,34,46,31,62,62,62,62,62,62,28,64,64,64,72,72,72,72,72,72,72,72,72,72,52,5],"gold":58,"neow_bonus":"RANDOM_EVENT","is_daily":false,"chose_seed":false,"campfire_upgraded":4,"win_rate":0.0,"timestamp":1612098934,"path_taken":["M","?","?","M","M","R","$","E","T","?","R","M","$","E","R","BOSS","M","?","?","?","M","R","?","E","T","R","$","R","?","?","R","BOSS","M","?","?","?","$","E","R","M","T","R","E","?","E","M","R","BOSS","R","$","E","BOSS"],"items_purchased_type":["Relic","Card","Relic","Relic","Potion","Card","Card"],"build_version":"2020-12-22","purchased_purges":0,"victory":true,"max_hp_per_floor":[72,72,72,72,72,72,72,72,72,72,72,72,72,72,72,72,72,72,72,72,72,72,72,72,72,72,72,72,72,72,72,72,72,72,72,72,72,72,72,72,72,72,72,72,72,72,72,72,72,72,72,72,72,72,72],"card_choices":[{"not_picked":["Replay:ManipulateFuture","WaveOfTheHand"],"picked":"Prostrate","floor":1},{"not_picked":["Adaptation","Prostrate"],"picked":"TalkToTheHand","floor":4},{"not_picked":["ClearTheMind","Replay:AtTheReady"],"picked":"CutThroughFate","floor":5},{"not_picked":["Vault","Replay:DivineShield"],"picked":"Collect","floor":8},{"not_picked":["CutThroughFate","Evaluate"],"picked":"MentalFortress","floor":12},{"not_picked":["FlyingSleeves","Adaptation"],"picked":"Consecrate","floor":14},{"not_picked":["Devotion","Omniscience"],"picked":"DevaForm","floor":16},{"not_picked":["FollowUp","Collect"],"picked":"EmptyBody","floor":18},{"not_picked":["FearNoEvil+1","DeceiveReality"],"picked":"WindmillStrike","floor":21},{"not_picked":["JustLucky","Halt"],"picked":"DeceiveReality","floor":22},{"not_picked":["CarveReality","Protect"],"picked":"ReachHeaven","floor":25},{"not_picked":["Replay:ManipulateFuture","Protect+1"],"picked":"SpiritShield","floor":30},{"not_picked":["Devotion","Omniscience"],"picked":"MasterReality","floor":33},{"not_picked":["Indignation+1"],"picked":"SKIP","floor":35},{"not_picked":["Halt+1"],"picked":"SKIP","floor":37},{"not_picked":["Collect+1"],"picked":"SKIP","floor":40},{"not_picked":[],"picked":"Evaluate+1","floor":42},{"not_picked":["JustLucky"],"picked":"SKIP","floor":45},{"not_picked":[],"picked":"Replay:ManipulateFuture","floor":47},{"not_picked":["Replay:BluntJabs+1"],"picked":"SKIP","floor":48},{"not_picked":[],"picked":"Sanctity","floor":54}],"player_experience":763926,"relics_obtained":[{"floor":8,"key":"Oddly Smooth Stone"},{"floor":14,"key":"Damaru"},{"floor":20,"key":"Bronze Scales"},{"floor":25,"key":"ReplayTheSpireMod:TigerMarble"},{"floor":26,"key":"Whetstone"},{"floor":30,"key":"Lizard Tail"},{"floor":30,"key":"Sundial"},{"floor":32,"key":"Lantern"},{"floor":40,"key":"Bottled Tornado"},{"floor":43,"key":"Gremlin Horn"},{"floor":45,"key":"Simple Rune"},{"floor":46,"key":"Calipers"},{"floor":47,"key":"ReplayTheSpireMod:Lightbulb"},{"floor":54,"key":"Replay:Wax Seal"}],"event_choices":[{"damage_healed":0,"gold_gain":0,"player_choice":"Box","damage_taken":0,"relics_obtained":["Eternal Feather"],"max_hp_gain":0,"max_hp_loss":0,"event_name":"Big Fish","floor":0,"gold_loss":0,"cards_obtained":["Regret"]},{"cards_removed":["Regret"],"damage_healed":0,"gold_gain":0,"player_choice":"Forget","damage_taken":0,"max_hp_gain":0,"max_hp_loss":0,"event_name":"Living Wall","floor":2,"gold_loss":0},{"cards_removed":["Collect"],"damage_healed":0,"gold_gain":0,"player_choice":"Gave Card","damage_taken":0,"relics_obtained":["Happy Flower"],"max_hp_gain":0,"max_hp_loss":0,"event_name":"WeMeetAgain","floor":10,"gold_loss":0},{"damage_healed":0,"gold_gain":0,"player_choice":"Inject Mutagens","damage_taken":0,"relics_obtained":["MutagenicStrength"],"max_hp_gain":0,"max_hp_loss":0,"event_name":"Drug Dealer","floor":19,"gold_loss":0},{"damage_healed":0,"gold_gain":0,"player_choice":"Fight","damage_taken":0,"max_hp_gain":0,"max_hp_loss":0,"event_name":"Colosseum","floor":30,"gold_loss":0},{"damage_healed":0,"gold_gain":0,"player_choice":"Fought Nobs","damage_taken":0,"max_hp_gain":0,"max_hp_loss":0,"event_name":"Colosseum","floor":30,"gold_loss":0},{"damage_healed":0,"gold_gain":0,"player_choice":"Ignored","damage_taken":0,"max_hp_gain":0,"max_hp_loss":0,"event_name":"Beggar","floor":31,"gold_loss":0},{"damage_healed":0,"gold_gain":0,"player_choice":"Copied","damage_taken":0,"max_hp_gain":0,"max_hp_loss":0,"event_name":"Duplicator","floor":36,"gold_loss":0,"cards_obtained":["MentalFortress"]},{"damage_healed":0,"gold_gain":0,"player_choice":"Fight","damage_taken":0,"max_hp_gain":0,"max_hp_loss":0,"event_name":"MindBloom","floor":46,"gold_loss":0}],"is_beta":false,"boss_relics":[{"not_picked":["SacredBark","Tiny House"],"picked":"ChewingGum"},{"not_picked":["Fusion Hammer","Pandora\u0027s Box"],"picked":"Busted Crown"}],"items_purged_floors":[],"is_endless":false,"potions_floor_spawned":[1,5,16,21,22,33,40,45,47,48],"ascension_level":9}}