{"host":"exhp4inpfmbngj23","time":1612069331,"event":{"mods":["Abigail Mod","BaseMod","Beaked The Cultist","Downfall","Friendly Minions","Kiyohime????","Minty Spire (QoL Compilation)","StSLib","The Alterego"],"gold_per_floor":[99,112,125,225,225,256,256,256,266,300,311,328,28,60,76,179,179,179,196,196,196,196],"floor_reached":20,"language":"ENG","playtime":1604,"items_purged":[],"score":230,"play_id":"88169ee5-307c-45b8-a101-9c385c802d31","local_time":"20210130210211","is_ascension_mode":true,"campfire_choices":[{"floor":1,"key":"RECALL"},{"floor":13,"key":"REST"},{"data":"Slimebound:Teamwork","floor":18,"key":"SMITH"}],"circlet_count":0,"master_deck":["Slimebound:Strike_Slimebound","Slimebound:Strike_Slimebound+1","Slimebound:Strike_Slimebound","Slimebound:Tackle","Slimebound:Defend_Slimebound","Slimebound:Defend_Slimebound","Slimebound:Defend_Slimebound+1","Slimebound:Defend_Slimebound","Slimebound:Split+1","Slimebound:CorrosiveSpit","Slimebound:RainOfGoop+1","Slimebound:SplitSpecialist","downfall:Malfunctioning","Slimebound:RollThrough","Slimebound:SplitLeeching","Slimebound:Schlurp","Slimebound:RollThrough","Slimebound:RainOfGoop","Slimebound:Teamwork+1","Slimebound:ForwardTackle+1","Slimebound:SlimeSlap+1","Slimebound:LeadByExample+1","Slimebound:PressTheAttack+1"],"relics":["Slimebound:AbsorbEndCombat","Oddly Smooth Stone","Bird Faced Urn","downfall:HeartBlessingRed","downfall:HeartBlessingGreen","downfall:HeartBlessingBlue","Kunai","Astrolabe"],"acts_visited":["Exordium","TheCity"],"potions_floor_usage":[14,16,20],"damage_taken":[{"damage":1,"enemies":"Jaw Worm","floor":2,"turns":4},{"damage":8,"enemies":"Small Slimes","floor":3,"turns":3},{"damage":34,"enemies":"3 Sentries","floor":6,"turns":7},{"damage":0,"enemies":"2 Louse","floor":9,"turns":3},{"damage":11,"enemies":"Gremlin Nob","floor":10,"turns":3},{"damage":4,"enemies":"Large Slime","floor":11,"turns":3},{"damage":19,"enemies":"Gremlin Gang","floor":12,"turns":5},{"damage":0,"enemies":"Lagavulin","floor":14,"turns":6},{"damage":6,"enemies":"Red Slaver","floor":15,"turns":3},{"damage":16,"enemies":"DF_ARCHETYPE_STREAMLINE","floor":16,"turns":12},{"damage":28,"enemies":"Shell Parasite","floor":19,"turns":5},{"damage":67,"enemies":"3 Cultists","floor":20,"turns":5}],"seed_played":"5268497390255793079","potions_obtained":[{"floor":6,"key":"BlessingOfTheForge"},{"floor":9,"key":"GamblersBrew"},{"floor":10,"key":"Regen Potion"},{"floor":15,"key":"Dexterity Potion"},{"floor":16,"key":"BlessingOfTheForge"}],"is_trial":false,"path_per_floor":["R","M","M","?","?","E","T","?","M","E","M","M","R","E","M","B",null,"R","M","M"],"character_chosen":"SLIMEBOUND","items_purchased":[],"campfire_rested":1,"item_purchase_floors":[],"current_hp_per_floor":[65,65,59,59,59,33,33,33,35,28,30,15,47,70,68,60,75,75,51,0,0,0],"gold":196,"neow_bonus":"THREE_CARDS","is_daily":false,"chose_seed":false,"campfire_upgraded":1,"win_rate":0.0,"timestamp":1612069331,"path_taken":["R","M","M","?","?","E","T","?","M","E","M","?","R","E","M","BOSS","R","M","M"],"items_purchased_type":[],"build_version":"2020-12-22","purchased_purges":0,"victory":false,"max_hp_per_floor":[65,65,65,65,65,65,65,65,65,65,65,65,75,75,75,75,75,75,75,75,75,75],"card_choices":[{"not_picked":["Slimebound:Prepare","Slimebound:GoopTackle"],"picked":"Slimebound:HauntingLick","floor":0},{"not_picked":["Slimebound:SpikyOuterGoop","Slimebound:LivingWall"],"picked":"Slimebound:ItLooksTasty","floor":2},{"not_picked":["Slimebound:SpikyOuterGoop","Slimebound:LeechingTouch"],"picked":"Slimebound:RainOfGoop","floor":3},{"not_picked":["Slimebound:Prepare","Slimebound:LeechEnergy"],"picked":"Slimebound:SplitSpecialist","floor":6},{"not_picked":["Slimebound:BestDefense","Slimebound:OneTwoCombo"],"picked":"Slimebound:PressTheAttack","floor":9},{"not_picked":["Slimebound:ForwardTackle","Slimebound:LeechingTouch"],"picked":"Slimebound:RollThrough","floor":10},{"not_picked":["Slimebound:Grow","Slimebound:SlimeSpikes"],"picked":"Slimebound:SplitLeeching","floor":11},{"not_picked":["Slimebound:GoopTackle","Slimebound:BestDefense"],"picked":"Slimebound:Schlurp","floor":12},{"not_picked":["Slimebound:DisruptingSlam","Slimebound:SplitMire"],"picked":"Slimebound:RollThrough","floor":14},{"not_picked":["Slimebound:SplitMire","Slimebound:LevelUp"],"picked":"Slimebound:RainOfGoop","floor":15},{"not_picked":["Slimebound:FirmFortitude","Slimebound:OneTwoCombo"],"picked":"Slimebound:Teamwork","floor":16},{"not_picked":["Slimebound:GoopTackle","Slimebound:ViciousTackle"],"picked":"Slimebound:PressTheAttack+1","floor":19}],"player_experience":2088239,"relics_obtained":[{"floor":6,"key":"Oddly Smooth Stone"},{"floor":10,"key":"Bird Faced Urn"},{"floor":14,"key":"Kunai"}],"event_choices":[{"damage_healed":0,"gold_gain":0,"player_choice":"Grow","damage_taken":0,"max_hp_gain":0,"max_hp_loss":0,"event_name":"Living Wall","floor":5,"gold_loss":0,"cards_upgraded":["Slimebound:Split"]}],"is_beta":false,"boss_relics":[{"not_picked":["Calling Bell","SacredBark"],"picked":"Astrolabe"}],"items_purged_floors":[],"is_endless":false,"potions_floor_spawned":[6,9,10,11,15,16],"killed_by":"3 Cultists","ascension_level":1}}