{"host":"g7mkzn6qfoxkk5sz","time":1612133391,"event":{"mods":["BaseMod","Colored Map","Colored Powertips","Downfall","Hermit","Marisa????????","Minty Spire (QoL Compilation)","StSLib","The Animator","The Bug Knight","The Servant 0.9.4"],"gold_per_floor":[99,109,123,84,84,84,84,84,97,97,122,122,160,314,335,446,446,446,475,484,493,332,353,378,85,102,130,145,180,180,26,52,52,52,52],"floor_reached":33,"language":"ENG","playtime":1766,"items_purged":["downfall:Haunted","downfall:Haunted","downfall:Haunted"],"score":358,"play_id":"65703219-322d-41cd-8d8e-f14e9d790b0d","local_time":"20210201004951","is_ascension_mode":true,"campfire_choices":[{"data":"Slimebound:Split","floor":1,"key":"SMITH"},{"data":"Slimebound:CorrosiveSpit","floor":10,"key":"SMITH"},{"data":"Slimebound:SlimeSpikes","floor":12,"key":"SMITH"},{"data":"Slimebound:RainOfGoop","floor":18,"key":"SMITH"},{"floor":30,"key":"RECALL"}],"circlet_count":0,"master_deck":["Slimebound:Strike_Slimebound+1","Slimebound:Strike_Slimebound+1","Slimebound:Tackle","Slimebound:Defend_Slimebound+1","Slimebound:Defend_Slimebound","Slimebound:Defend_Slimebound","Slimebound:Split+1","Slimebound:CorrosiveSpit+1","Slimebound:SplitLeeching","Slimebound:ForwardTackle","Slimebound:SlimeSpikes+1","Slimebound:GoopSpray+1","downfall:Malfunctioning","Slimebound:SplitMire","Slimebound:LivingWall","Slimebound:RainOfGoop+1","animator:Curse_Nutcracker","downfall:Bewildered","Slimebound:Recycling","Slimebound:LevelUp","Slimebound:TagTeam","Slimebound:SplitMire+1","RitualDagger","Necronomicurse","Slimebound:LeadByExample","Slimebound:SplitLeeching","Slimebound:SplitSpecialist","Slimebound:Schlurp","Slimebound:Equalize","Slimebound:Prepare","Slimebound:SplitBruiser"],"relics":["Slimebound:AbsorbEndCombat","Pen Nib","Singing Bowl","Juzu Bracelet","CeramicFish","Darkstone Periapt","Slimebound:TarBlob","Necronomicon","Oddly Smooth Stone","Slimebound:SelfDamagePreventRelic","Bag of Preparation"],"acts_visited":["Exordium","TheCity"],"potions_floor_usage":[11,11,23,28,29,33],"damage_taken":[{"damage":3,"enemies":"Small Slimes","floor":2,"turns":3},{"damage":2,"enemies":"Jaw Worm","floor":3,"turns":4},{"damage":7,"enemies":"downfall:FleeingMerchant","floor":4,"turns":4},{"damage":3,"enemies":"2 Louse","floor":9,"turns":1},{"damage":11,"enemies":"3 Sentries","floor":11,"turns":8},{"damage":1,"enemies":"Lagavulin","floor":13,"turns":5},{"damage":28,"enemies":"Exordium Thugs","floor":15,"turns":4},{"damage":13,"enemies":"SI_SHIV_ARCHETYPE","floor":16,"turns":8},{"damage":18,"enemies":"3 Byrds","floor":19,"turns":5},{"damage":0,"enemies":"downfall:FleeingMerchant","floor":22,"turns":4},{"damage":4,"enemies":"Shell Parasite","floor":23,"turns":3},{"damage":23,"enemies":"downfall:FleeingMerchant","floor":25,"turns":4},{"damage":17,"enemies":"Snake Plant","floor":26,"turns":4},{"damage":26,"enemies":"Shelled Parasite and Fungi","floor":27,"turns":6},{"damage":0,"enemies":"Snecko","floor":28,"turns":3},{"damage":0,"enemies":"downfall:FleeingMerchant","floor":29,"turns":3},{"damage":0,"enemies":"Cultist and Chosen","floor":32,"turns":4},{"damage":67,"enemies":"IC_MUSHROOM_ARCHETYPE","floor":33,"turns":11}],"seed_played":"8255475518303699120","potions_obtained":[{"floor":3,"key":"Regen Potion"},{"floor":9,"key":"SteroidPotion"},{"floor":11,"key":"sneckomod:MuddlingPotion"},{"floor":19,"key":"Swift Potion"},{"floor":23,"key":"SpeedPotion"},{"floor":27,"key":"DistilledChaos"},{"floor":28,"key":"Slimebound:ThreeZeroPotion"},{"floor":32,"key":"SteroidPotion"}],"is_trial":false,"path_per_floor":["R","M","M","$","?","?","T","?","M","R","E","R","E","?","M","B",null,"R","M","?","?","$","M","T","$","M","M","M","$","R","$","M","B"],"character_chosen":"SLIMEBOUND","items_purchased":["Slimebound:GoopSpray","Slimebound:LeadByExample","Slimebound:SplitSpecialist","Oddly Smooth Stone","Slimebound:SelfDamagePreventRelic","Slimebound:Prepare","Bag of Preparation"],"campfire_rested":0,"item_purchase_floors":[4,22,25,25,29,29,31],"current_hp_per_floor":[59,58,59,56,38,38,38,38,37,37,45,45,48,83,59,50,94,94,76,70,60,70,70,70,53,40,18,26,32,32,32,38,0,0,0],"gold":52,"neow_bonus":"REMOVE_TWO","is_daily":false,"chose_seed":false,"campfire_upgraded":4,"win_rate":0.0,"timestamp":1612133391,"path_taken":["R","M","M","$","?","?","T","?","?","R","E","R","E","?","M","BOSS","R","M","?","?","?","M","T","$","M","M","M","$","R","$","M","BOSS"],"items_purchased_type":["Card","Card","Card","Relic","Relic","Card","Relic"],"build_version":"2020-12-22","purchased_purges":3,"victory":false,"max_hp_per_floor":[59,59,59,59,59,59,59,59,59,59,59,59,59,94,94,94,94,94,94,94,100,102,102,102,104,106,106,108,108,108,108,108,108,108,108],"card_choices":[{"not_picked":["Slimebound:ItLooksTasty","Slimebound:BestDefense"],"picked":"Slimebound:SplitLeeching","floor":2},{"not_picked":["Slimebound:DisruptingSlam","Slimebound:ItLooksTasty"],"picked":"Slimebound:ForwardTackle","floor":3},{"not_picked":["Slimebound:SplitBruiser","Slimebound:SpikyOuterGoop"],"picked":"Slimebound:SlimeSpikes","floor":4},{"not_picked":["Slimebound:SlimeBrawl","Slimebound:LeechingTouch"],"picked":"Slimebound:SplitMire","floor":9},{"not_picked":["Slimebound:FirmFortitude","Slimebound:PressTheAttack"],"picked":"Slimebound:LivingWall","floor":11},{"not_picked":["Slimebound:DouseInSlime","Slimebound:SplitBruiser"],"picked":"Slimebound:RainOfGoop","floor":13},{"not_picked":["Slimebound:DisruptingSlam","Slimebound:LeechEnergy"],"picked":"Slimebound:LevelUp","floor":15},{"not_picked":["Slimebound:Darklings","Slimebound:MinionMaster"],"picked":"Slimebound:TagTeam","floor":16},{"not_picked":["Slimebound:RollThrough","Slimebound:SplitAcid"],"picked":"Slimebound:SplitMire+1","floor":19},{"not_picked":["Slimebound:MegaLick","Slimebound:DivideAndConquer","Slimebound:FinishingTackle"],"picked":"Singing Bowl","floor":22},{"not_picked":["Slimebound:SlimeBarrage","Slimebound:FlameTackle"],"picked":"Slimebound:SplitLeeching","floor":23},{"not_picked":["Slimebound:BestDefense+1","Slimebound:GoopTackle+1","Slimebound:Replication"],"picked":"Singing Bowl","floor":25},{"not_picked":["Slimebound:PressTheAttack","Slimebound:Grow","Slimebound:ComboTackle"],"picked":"Singing Bowl","floor":26},{"not_picked":["Slimebound:FlameTackle","Slimebound:SplitAcid"],"picked":"Slimebound:Schlurp","floor":27},{"not_picked":["Slimebound:PressTheAttack","Slimebound:GrowthPunch+1","Slimebound:SamplingLick+1"],"picked":"Singing Bowl","floor":28},{"not_picked":["Slimebound:HungryTackle","Slimebound:TongueLash"],"picked":"Slimebound:Equalize","floor":29},{"not_picked":["Slimebound:GoopTackle","Slimebound:SlimeSpikes+1"],"picked":"Slimebound:SplitBruiser","floor":32}],"player_experience":464735,"relics_obtained":[{"floor":7,"key":"Singing Bowl"},{"floor":11,"key":"Juzu Bracelet"},{"floor":13,"key":"CeramicFish"},{"floor":21,"key":"Necronomicon"}],"event_choices":[{"damage_healed":0,"gold_gain":0,"player_choice":"Success","damage_taken":18,"relics_obtained":["Pen Nib"],"max_hp_gain":0,"max_hp_loss":0,"event_name":"Scrap Ooze","floor":5,"gold_loss":0},{"damage_healed":0,"gold_gain":0,"player_choice":"Grow","damage_taken":0,"max_hp_gain":0,"max_hp_loss":0,"event_name":"Living Wall","floor":6,"gold_loss":0,"cards_upgraded":["Slimebound:GoopSpray"]}],"is_beta":false,"boss_relics":[{"not_picked":["Busted Crown","Slimebound:AbsorbEndCombatUpgraded"],"picked":"Slimebound:TarBlob"}],"items_purged_floors":[22,25,29],"is_endless":false,"potions_floor_spawned":[3,9,11,19,23,27,28,32],"killed_by":"IC_MUSHROOM_ARCHETYPE","ascension_level":2}}