{"host":"p9c4qzklcm73s90n","time":1612079029,"event":{"mods":["Aspiration","BaseMod","Dota2Spire","Minty Spire (QoL Compilation)","MostiFishMod","Nova Terra(ÅµÍÞ¡¤Ì©À­)","Reliquary","Replay The Spire","StSLib"],"gold_per_floor":[112,112,165,8,8,35,53,70,70,70,99,109,109,124,124,220,220,160,160,160,259,239,239,256,256,256,272,272,272],"floor_reached":28,"language":"ZHS","playtime":1053,"items_purged":[],"score":249,"play_id":"de747404-4d61-45c8-a0b2-3669850fe3a0","local_time":"20210131154349","is_ascension_mode":false,"campfire_choices":[{"data":"NovaMod:ScienceVessel","floor":10,"key":"SMITH"},{"data":"NovaMod:GhostOps","floor":13,"key":"SMITH"},{"data":"NovaMod:Chaos","floor":15,"key":"SMITH"},{"data":"NovaMod:StealthMode","floor":23,"key":"SMITH"},{"data":"NovaMod:QuickResponse","floor":25,"key":"SMITH"}],"circlet_count":0,"master_deck":["NovaMod:Basic_Strike_Nova","NovaMod:Basic_Strike_Nova","NovaMod:Basic_Strike_Nova","NovaMod:Basic_Strike_Nova","NovaMod:Basic_Defend_Nova","NovaMod:Basic_Defend_Nova","NovaMod:Basic_Defend_Nova","NovaMod:Basic_Defend_Nova+1","NovaMod:Snipe+1","NovaMod:PenetratingBlast","NovaMod:Upgrade+1","NovaMod:ScienceVessel+1","NovaMod:MechanicalArmor","NovaMod:GhostOps+1","NovaMod:HoloDecoy","NovaMod:Chaos+1","NovaMod:StealthMode+1","NovaMod:Lurk+1","NovaMod:QuickResponse+1","NovaMod:JetAssault+1"],"relics":["NovaMod:GhostSuit","DaveBox","NeowsBlessing","RhineFirstAidKit","SynthV:TestCard","Membership Card","reliquary:Stiletto","White Beast Statue","ReplayTheSpireMod:Shallot","Black Star","MutagenicStrength"],"acts_visited":["Exordium","TheCity"],"potions_floor_usage":[12,16,16],"damage_taken":[{"damage":0,"enemies":"Jaw Worm","floor":1,"turns":1},{"damage":0,"enemies":"Lagavulin","floor":6,"turns":1},{"damage":0,"enemies":"Small Slimes","floor":7,"turns":1},{"damage":0,"enemies":"2 Louse","floor":8,"turns":2},{"damage":15,"enemies":"Replay:BlueRogue","floor":11,"turns":4},{"damage":3,"enemies":"Large Slime","floor":12,"turns":4},{"damage":6,"enemies":"3 Louse","floor":14,"turns":3},{"damage":61,"enemies":"Slime Boss","floor":16,"turns":13},{"damage":7,"enemies":"2 Thieves","floor":18,"turns":4},{"damage":19,"enemies":"Shell Parasite","floor":24,"turns":3},{"damage":43,"enemies":"Snecko","floor":27,"turns":6},{"damage":0,"enemies":"Cultist and Chosen","floor":28,"turns":1}],"seed_played":"1215758996914800913","potions_obtained":[{"floor":8,"key":"Dota2Spire:HealingSalve"},{"floor":11,"key":"Fire Potion"},{"floor":12,"key":"SpeedPotion"},{"floor":14,"key":"PowerPotion"},{"floor":16,"key":"DistilledChaos"},{"floor":18,"key":"Dota2Spire:Clarity"},{"floor":22,"key":"Swift Potion"}],"is_trial":false,"path_per_floor":["M","?","?","$","?","E","M","M","T","R","E","M","R","M","R","B",null,"M","?","?","?","?","R","M","R","T","M","M"],"character_chosen":"NOVA","items_purchased":["Membership Card"],"campfire_rested":0,"item_purchase_floors":[4],"current_hp_per_floor":[80,80,80,80,64,64,64,64,64,64,49,46,46,80,80,19,80,73,73,73,73,73,73,54,54,54,80,80,80],"gold":272,"neow_bonus":"THREE_ENEMY_KILL","is_daily":false,"chose_seed":false,"campfire_upgraded":5,"win_rate":0.0,"timestamp":1612079029,"path_taken":["M","?","?","$","?","E","M","?","T","R","E","M","R","M","R","BOSS","M","?","?","?","?","R","?","R","T","?","M"],"items_purchased_type":["Relic"],"build_version":"2020-12-22","purchased_purges":0,"victory":false,"max_hp_per_floor":[80,80,80,80,80,80,80,80,80,80,80,80,80,80,80,80,80,80,80,80,80,80,80,80,80,80,80,80,80],"card_choices":[{"not_picked":["NovaMod:RadiationShooting","NovaMod:TechLab"],"picked":"NovaMod:Upgrade","floor":1},{"not_picked":["NovaMod:Detonation","NovaMod:Blink","NovaMod:BarrageShooting","NovaMod:Pollution"],"picked":"NovaMod:ScienceVessel","floor":6},{"not_picked":["NovaMod:RaidArtillery","NovaMod:NuclearInterference","NovaMod:JetAssault","NovaMod:Detonation"],"picked":"NovaMod:MechanicalArmor","floor":7},{"not_picked":["NovaMod:FastGuidance","NovaMod:TripleTap","NovaMod:WaitingGame","NovaMod:StimPack","NovaMod:AssaultMode"],"picked":"SKIP","floor":8},{"not_picked":["NovaMod:NuclearFactory+","NovaMod:MechanicalArmor","NovaMod:MultilayerArmor","NovaMod:JetAssault"],"picked":"NovaMod:GhostOps","floor":11},{"not_picked":["NovaMod:Barrier","NovaMod:RaidArtillery","NovaMod:WaitingGame","NovaMod:WidowMine"],"picked":"NovaMod:HoloDecoy","floor":12},{"not_picked":["NovaMod:Pollution","NovaMod:Detonation","NovaMod:PenetratingBlast","NovaMod:Barrier"],"picked":"NovaMod:Chaos","floor":14},{"not_picked":["NovaMod:ExtremeReovery","NovaMod:SabotageDrone","NovaMod:ScienceVessel","NovaMod:WeaknessInsights"],"picked":"NovaMod:StealthMode","floor":16},{"not_picked":["NovaMod:PrecsionAssembly","NovaMod:PredatorMissile","NovaMod:GhostAcademy","NovaMod:Mediatation"],"picked":"NovaMod:Lurk+1","floor":18},{"not_picked":["NovaMod:Standby","NovaMod:FastGuidance","NovaMod:TechLab","NovaMod:PsychicShield+1"],"picked":"NovaMod:QuickResponse","floor":24},{"not_picked":["NovaMod:TripleTap","NovaMod:RaidArtillery","NovaMod:SuperStimPack","NovaMod:AirDrop"],"picked":"NovaMod:JetAssault+1","floor":27}],"player_experience":47474,"relics_obtained":[{"floor":1,"key":"SynthV:TestCard"},{"floor":6,"key":"reliquary:Stiletto"},{"floor":9,"key":"White Beast Statue"},{"floor":11,"key":"ReplayTheSpireMod:Shallot"}],"event_choices":[{"damage_healed":0,"gold_gain":0,"player_choice":"Grow","damage_taken":0,"max_hp_gain":0,"max_hp_loss":0,"event_name":"Living Wall","floor":2,"gold_loss":0,"cards_upgraded":["NovaMod:Upgrade"]},{"damage_healed":0,"gold_gain":53,"player_choice":"Gained Gold","damage_taken":0,"max_hp_gain":0,"max_hp_loss":0,"event_name":"Golden Wing","floor":3,"gold_loss":0},{"damage_healed":0,"gold_gain":0,"player_choice":"Entered Light","damage_taken":16,"max_hp_gain":0,"max_hp_loss":0,"event_name":"Shining Light","floor":5,"gold_loss":0,"cards_upgraded":["NovaMod:Basic_Defend_Nova","NovaMod:Snipe"]},{"damage_healed":0,"gold_gain":0,"player_choice":"Inject Mutagens","damage_taken":0,"relics_obtained":["MutagenicStrength"],"max_hp_gain":0,"max_hp_loss":0,"event_name":"Drug Dealer","floor":19,"gold_loss":0},{"damage_healed":0,"gold_gain":0,"player_choice":"Ignored","damage_taken":0,"max_hp_gain":0,"max_hp_loss":0,"event_name":"Ghosts","floor":20,"gold_loss":0},{"damage_healed":0,"gold_gain":99,"player_choice":"Stole From Cult","damage_taken":0,"max_hp_gain":0,"max_hp_loss":0,"event_name":"Nest","floor":21,"gold_loss":0},{"damage_healed":0,"gold_gain":0,"player_choice":"Bought 1 Potion","damage_taken":0,"max_hp_gain":0,"max_hp_loss":0,"event_name":"The Woman in Blue","floor":22,"gold_loss":0}],"is_beta":false,"boss_relics":[{"not_picked":["reliquary:KinkedSpring","Calling Bell"],"picked":"Black Star"}],"items_purged_floors":[],"is_endless":false,"potions_floor_spawned":[8,11,12,14,16,18,24,27],"killed_by":"Cultist and Chosen","ascension_level":0}}