{"host":"iblpanoclcg2giwu","time":1612062966,"event":{"mods":["BaseMod","Better Third Choice","BetterRewards","Colored Map","Gold Saver","Googly Eyes","Highlight Path","Minty Spire (QoL Compilation)","Remove Card Discount Mod","StSLib"],"gold_per_floor":[113,113,113,127,152,152,175,0,74,74,108,121,121,144,144,275,275,290,290,290,310,29,29,29,72,95,95,119,138,101,101,101,227,227,242,30,46,109,128,128,152,152,175,175,218,236,251,251,251,251],"floor_reached":51,"language":"ENG","playtime":4036,"items_purged":["Strike_B"],"score":697,"play_id":"80f17828-5a36-4fb1-afe7-5cfc822cf4b5","local_time":"20210130191606","is_ascension_mode":false,"campfire_choices":[{"data":"Redo","floor":6,"key":"SMITH"},{"floor":13,"key":"REST"},{"floor":15,"key":"REST"},{"data":"Conserve Battery","floor":23,"key":"SMITH"},{"data":"1","floor":32,"key":"LIFT"},{"floor":40,"key":"REST"},{"floor":44,"key":"REST"},{"floor":49,"key":"REST"}],"circlet_count":1,"master_deck":["Strike_B","Strike_B","Defend_B","Defend_B","Defend_B","Zap","Dualcast","Ball Lightning","Sweeping Beam","Redo+1","Doom and Gloom","Darkness","Enlightenment","Bandage Up","Capacitor","Leap","Conserve Battery","Multi-Cast","Go for the Eyes","Conserve Battery+1","Self Repair","Shame","Sweeping Beam","Writhe","Cold Snap+1","Compile Driver+1","FTL","J.A.X.","Core Surge","Coolheaded","Meteor Strike","Doom and Gloom","Sweeping Beam","Buffer","Coolheaded+1","Darkness+1","Rebound+1","Force Field+1","Skim+1"],"relics":["FrozenCore","Runic Capacitor","Girya","Gambling Chip","Golden Idol","Circlet","PreservedInsect","Mercury Hourglass","Letter Opener","Mummified Hand","Gremlin Horn","Kunai","Oddly Smooth Stone","Boot","SacredBark","Turnip","Happy Flower","Potion Belt"],"acts_visited":["Exordium","TheCity","TheBeyond"],"potions_floor_usage":[7,7,16,16,18,21,21,25,29,37,38,50],"damage_taken":[{"damage":6,"enemies":"2 Louse","floor":1,"turns":2},{"damage":1,"enemies":"Jaw Worm","floor":4,"turns":3},{"damage":0,"enemies":"Small Slimes","floor":5,"turns":2},{"damage":22,"enemies":"Exordium Thugs","floor":7,"turns":4},{"damage":13,"enemies":"Lagavulin","floor":11,"turns":5},{"damage":2,"enemies":"Blue Slaver","floor":12,"turns":2},{"damage":2,"enemies":"Large Slime","floor":14,"turns":4},{"damage":31,"enemies":"The Guardian","floor":16,"turns":9},{"damage":0,"enemies":"3 Byrds","floor":18,"turns":2},{"damage":22,"enemies":"2 Thieves","floor":21,"turns":4},{"damage":35,"enemies":"Slavers","floor":25,"turns":5},{"damage":8,"enemies":"Chosen and Byrds","floor":28,"turns":6},{"damage":0,"enemies":"3 Cultists","floor":29,"turns":4},{"damage":14,"enemies":"Champ","floor":33,"turns":12},{"damage":3,"enemies":"Orb Walker","floor":35,"turns":5},{"damage":12,"enemies":"3 Shapes","floor":37,"turns":3},{"damage":3,"enemies":"Mind Bloom Boss Battle","floor":38,"turns":5},{"damage":40,"enemies":"Jaw Worm Horde","floor":39,"turns":4},{"damage":35,"enemies":"Spire Growth","floor":41,"turns":7},{"damage":53,"enemies":"Nemesis","floor":45,"turns":7},{"damage":43,"enemies":"Transient","floor":46,"turns":5},{"damage":4,"enemies":"Sphere and 2 Shapes","floor":47,"turns":5},{"damage":72,"enemies":"Awakened One","floor":50,"turns":10}],"seed_played":"-8301723964007438827","potions_obtained":[{"floor":1,"key":"Swift Potion"},{"floor":4,"key":"ColorlessPotion"},{"floor":14,"key":"EntropicBrew"},{"floor":16,"key":"FearPotion"},{"floor":21,"key":"Fire Potion"},{"floor":25,"key":"ColorlessPotion"},{"floor":28,"key":"AttackPotion"},{"floor":29,"key":"FairyPotion"},{"floor":37,"key":"AttackPotion"},{"floor":41,"key":"FairyPotion"},{"floor":47,"key":"PowerPotion"}],"is_trial":false,"path_per_floor":["M","?","?","M","M","R","M","?","T","?","E","M","R","M","R","B",null,"M","?","?","M","$","R","?","E","T","?","M","M","$","?","R","B",null,"M","$","M","?","M","R","M","?","T","R","E","M","M","?","R","B",null],"character_chosen":"DEFECT","items_purchased":["Runic Capacitor","Gambling Chip","Ball Lightning","Mummified Hand","Self Repair","FTL","Meteor Strike","Doom and Gloom"],"campfire_rested":5,"item_purchase_floors":[0,0,0,22,22,30,36,36],"current_hp_per_floor":[69,51,33,32,32,32,10,16,16,16,7,9,33,35,59,32,81,81,81,81,63,63,63,63,32,32,32,35,39,39,39,39,36,81,78,78,69,77,37,61,30,30,30,54,12,29,32,32,56,55],"gold":251,"neow_bonus":"","is_daily":false,"chose_seed":false,"campfire_upgraded":2,"win_rate":0.0,"timestamp":1612062966,"path_taken":["M","?","?","?","M","R","M","?","T","?","E","?","R","M","R","BOSS","M","?","?","?","$","R","?","E","T","?","M","M","?","?","R","BOSS","M","$","M","?","M","R","M","?","T","R","E","?","M","?","R","BOSS"],"items_purchased_type":["Relic","Relic","Card","Relic","Card","Card","Card","Card"],"build_version":"2020-12-22","purchased_purges":1,"victory":true,"max_hp_per_floor":[75,75,75,75,75,75,75,81,81,81,81,81,81,81,81,81,81,81,81,81,81,81,81,81,81,81,81,81,81,81,81,81,81,81,81,81,81,81,81,81,81,81,81,81,81,81,81,81,81,81],"card_choices":[{"not_picked":["Hologram","Beam Cell"],"picked":"Sweeping Beam","floor":1},{"not_picked":["Sweeping Beam","Capacitor"],"picked":"Redo","floor":4},{"not_picked":["Go for the Eyes","Sweeping Beam"],"picked":"Doom and Gloom","floor":5},{"not_picked":["Gash","Turbo"],"picked":"Darkness","floor":7},{"not_picked":["Scrape","Steam"],"picked":"Capacitor","floor":11},{"not_picked":["Hyperbeam","Ball Lightning"],"picked":"Leap","floor":12},{"not_picked":["Cold Snap","Hologram"],"picked":"Conserve Battery","floor":14},{"not_picked":["Buffer","Thunder Strike"],"picked":"Multi-Cast","floor":16},{"not_picked":["Sweeping Beam+1","Melter"],"picked":"Go for the Eyes","floor":18},{"not_picked":["Beam Cell","Sweeping Beam"],"picked":"Conserve Battery","floor":21},{"not_picked":["Turbo","Core Surge"],"picked":"Sweeping Beam","floor":25},{"not_picked":["Compile Driver","Hologram+1"],"picked":"Cold Snap+1","floor":28},{"not_picked":["Tempest","Steam"],"picked":"Compile Driver+1","floor":29},{"not_picked":["All For One","Amplify"],"picked":"Core Surge","floor":33},{"not_picked":["Hologram","Ball Lightning"],"picked":"Coolheaded","floor":35},{"not_picked":["Rebound+1","Go for the Eyes"],"picked":"Sweeping Beam","floor":37},{"not_picked":["Beam Cell","Auto Shields"],"picked":"Buffer","floor":38},{"not_picked":["Consume+1","Barrage"],"picked":"Coolheaded+1","floor":39},{"not_picked":["Ball Lightning+1","Coolheaded+1"],"picked":"Darkness+1","floor":41},{"not_picked":["Storm+1","Rip and Tear"],"picked":"Rebound+1","floor":45},{"not_picked":["Hologram","Consume+1"],"picked":"Force Field+1","floor":46},{"not_picked":["Steam+1","Rebound+1"],"picked":"Skim+1","floor":47}],"player_experience":77899,"relics_obtained":[{"floor":9,"key":"Mercury Hourglass"},{"floor":11,"key":"Letter Opener"},{"floor":25,"key":"Kunai"},{"floor":26,"key":"Oddly Smooth Stone"},{"floor":38,"key":"Turnip"},{"floor":43,"key":"Happy Flower"},{"floor":45,"key":"Potion Belt"}],"event_choices":[{"damage_healed":0,"gold_gain":0,"player_choice":"Take Damage","damage_taken":18,"relics_obtained":["Circlet"],"max_hp_gain":0,"max_hp_loss":0,"event_name":"Golden Idol","floor":2,"gold_loss":0},{"damage_healed":0,"gold_gain":0,"player_choice":"Relic ","damage_taken":18,"max_hp_gain":0,"max_hp_loss":0,"event_name":"betterThird:BetterScrap","floor":3,"gold_loss":0,"cards_obtained":["Combust"]},{"damage_healed":0,"gold_gain":0,"player_choice":"RENOUNCE","damage_taken":175,"max_hp_gain":0,"max_hp_loss":0,"event_name":"betterThird:BetterSerpent","floor":8,"gold_loss":175,"cards_obtained":["Enlightenment"]},{"damage_healed":0,"gold_gain":0,"player_choice":"1 cards matched","damage_taken":0,"max_hp_gain":0,"max_hp_loss":0,"event_name":"Match and Keep!","floor":10,"gold_loss":0,"cards_obtained":["Bandage Up"]},{"damage_healed":0,"gold_gain":0,"player_choice":"Adaptability","damage_taken":0,"max_hp_gain":0,"max_hp_loss":0,"event_name":"betterThird:BetterWriting","floor":19,"gold_loss":0},{"cards_removed":["Strike_B"],"damage_healed":0,"gold_gain":0,"player_choice":"Purged","damage_taken":0,"max_hp_gain":0,"max_hp_loss":0,"event_name":"Purifier","floor":20,"gold_loss":0},{"damage_healed":0,"gold_gain":0,"player_choice":"Stole Relic","damage_taken":0,"relics_obtained":["Gremlin Horn"],"max_hp_gain":0,"max_hp_loss":0,"event_name":"Addict","floor":24,"gold_loss":0,"cards_obtained":["Shame"]},{"damage_healed":0,"gold_gain":0,"player_choice":"Opened","damage_taken":0,"relics_obtained":["Boot"],"max_hp_gain":0,"max_hp_loss":0,"event_name":"The Mausoleum","floor":27,"gold_loss":0,"cards_obtained":["Writhe"]},{"damage_healed":0,"gold_gain":0,"player_choice":"Obtain J.A.X.","damage_taken":0,"max_hp_gain":0,"max_hp_loss":0,"event_name":"Drug Dealer","floor":31,"gold_loss":0,"cards_obtained":["J.A.X."]},{"damage_healed":0,"gold_gain":0,"player_choice":"Fight","damage_taken":0,"max_hp_gain":0,"max_hp_loss":0,"event_name":"MindBloom","floor":38,"gold_loss":0},{"cards_removed":["Defend_B"],"damage_healed":0,"gold_gain":0,"player_choice":"Purged","damage_taken":0,"max_hp_gain":0,"max_hp_loss":0,"event_name":"Purifier","floor":42,"gold_loss":0},{"damage_healed":0,"gold_gain":0,"player_choice":"Ignored","damage_taken":0,"max_hp_gain":0,"max_hp_loss":0,"event_name":"NoteForYourself","floor":48,"gold_loss":0}],"is_beta":false,"boss_relics":[{"not_picked":["Coffee Dripper","Sozu"],"picked":"FrozenCore"},{"not_picked":["Busted Crown","Runic Dome"],"picked":"SacredBark"}],"items_purged_floors":[22],"is_endless":false,"potions_floor_spawned":[1,4,14,16,21,25,28,29,37,41,47],"ascension_level":0}}