{"host":"15dd7v8o90xso62x","time":1612087290,"event":{"mods":["BaseMod","Minty Spire (QoL Compilation)","Quick Restart","StSLib","SuperFastMode"],"gold_per_floor":[114,114,36,36,36,75,75,96,119,119,119,119],"floor_reached":11,"language":"KOR","playtime":127,"items_purged":[],"score":188,"play_id":"79cf7e68-5e23-4e95-8896-bb83ab0852e3","local_time":"20210131190130","is_ascension_mode":true,"campfire_choices":[{"data":"Acrobatics","floor":7,"key":"SMITH"},{"data":"Dagger Spray","floor":10,"key":"SMITH"}],"circlet_count":0,"master_deck":["AscendersBane","Strike_G","Strike_G","Strike_G","Strike_G","Strike_G","Defend_G","Defend_G","Defend_G","Defend_G","Survivor","Neutralize","Quick Slash","Acrobatics+1","Dagger Spray+1"],"relics":["Ring of the Snake","NeowsBlessing","Golden Idol","Molten Egg 2","Potion Belt","CeramicFish"],"acts_visited":["Exordium"],"potions_floor_usage":[11,11],"damage_taken":[{"damage":0,"enemies":"Jaw Worm","floor":1,"turns":1},{"damage":0,"enemies":"Lagavulin","floor":6,"turns":1},{"damage":0,"enemies":"2 Louse","floor":8,"turns":1},{"damage":15,"enemies":"3 Sentries","floor":11,"turns":4}],"seed_played":"-3557495665172544511","potions_obtained":[{"floor":6,"key":"BlessingOfTheForge"},{"floor":8,"key":"CunningPotion"}],"is_trial":false,"path_per_floor":["M","?","$","?","?","E","R","M","T","R","E"],"character_chosen":"THE_SILENT","items_purchased":["Acrobatics","Dagger Spray"],"campfire_rested":0,"item_purchase_floors":[3,3],"current_hp_per_floor":[59,36,36,18,18,18,18,18,18,18,3,3],"gold":119,"neow_bonus":"THREE_ENEMY_KILL","is_daily":false,"chose_seed":false,"campfire_upgraded":2,"win_rate":0.0,"timestamp":1612087290,"path_taken":["M","?","$","?","?","E","R","M","T","R","E"],"items_purchased_type":["Card","Card"],"build_version":"2020-12-22","purchased_purges":0,"victory":false,"max_hp_per_floor":[66,66,66,66,66,66,66,66,66,66,66,66],"card_choices":[{"not_picked":["Prepared","Caltrops"],"picked":"Quick Slash","floor":1},{"not_picked":["Setup","Sucker Punch+1","Choke+1"],"picked":"SKIP","floor":6},{"not_picked":["Deflect","Slice+1","Concentrate"],"picked":"SKIP","floor":8}],"player_experience":912976,"relics_obtained":[{"floor":6,"key":"Potion Belt"},{"floor":9,"key":"CeramicFish"}],"event_choices":[{"damage_healed":0,"gold_gain":0,"player_choice":"Take Damage","damage_taken":23,"relics_obtained":["Golden Idol"],"max_hp_gain":0,"max_hp_loss":0,"event_name":"Golden Idol","floor":2,"gold_loss":0},{"damage_healed":0,"gold_gain":0,"player_choice":"Success","damage_taken":18,"relics_obtained":["Molten Egg 2"],"max_hp_gain":0,"max_hp_loss":0,"event_name":"Scrap Ooze","floor":4,"gold_loss":0},{"cards_removed":["Defend_G"],"damage_healed":0,"gold_gain":0,"player_choice":"Purged","damage_taken":0,"max_hp_gain":0,"max_hp_loss":0,"event_name":"Purifier","floor":5,"gold_loss":0}],"is_beta":false,"boss_relics":[],"items_purged_floors":[],"is_endless":false,"potions_floor_spawned":[6,8],"killed_by":"3 Sentries","ascension_level":20}}