{"host":"87mnajev72vv2sjg","time":1612080845,"event":{"mods":["BaseMod","BetterRewards","Colored Map","Curses Come First","Infinite Spire","Minty Spire (QoL Compilation)","Shop Mod","StSLib","SuperFastMode","The Gatherer"],"gold_per_floor":[117,67,30,30,30,30,30,30,30],"floor_reached":7,"language":"ENG","playtime":255,"items_purged":[],"score":39,"play_id":"bd0cab9e-703f-48d0-a08d-af8a5548e090","local_time":"20210131031405","is_ascension_mode":true,"metric_token":657,"campfire_choices":[{"data":"Gatherer:SmartManeuver","floor":6,"key":"SMITH"}],"circlet_count":0,"master_deck":["Gatherer:Strike_Gatherer","Gatherer:Strike_Gatherer","Gatherer:Strike_Gatherer","Gatherer:Strike_Gatherer","Gatherer:Defend_Gatherer","Gatherer:Defend_Gatherer","Gatherer:Defend_Gatherer","Gatherer:Defend_Gatherer","Gatherer:Defend_Gatherer","Gatherer:Centralize","Gatherer:FlowerWhip","Gatherer:Liquidism","Gatherer:WoolGloves","Gatherer:SmartManeuver+1"],"relics":["Burning Blood","infinitespire:Cubic Diamond","Frozen Egg 2"],"acts_visited":["Exordium"],"potions_floor_usage":[],"damage_taken":[{"damage":2,"enemies":"Jaw Worm","floor":1,"turns":6},{"damage":59,"enemies":"3 Sentries","floor":7,"turns":13}],"seed_played":"8515958841107296217","potions_obtained":[],"is_trial":false,"path_per_floor":["M","?","$","?","?","R","E"],"character_chosen":"THE_GATHERER","items_purchased":["Gatherer:Liquidism","Gatherer:SmartManeuver"],"campfire_rested":0,"item_purchase_floors":[0,3],"current_hp_per_floor":[70,70,70,70,58,58,0,0,0],"gold":30,"neow_bonus":"","is_daily":false,"chose_seed":false,"campfire_upgraded":1,"win_rate":0.0,"timestamp":1612080845,"path_taken":["M","?","$","?","?","R","E"],"items_purchased_type":["Card","Card"],"build_version":"2020-12-22","purchased_purges":0,"victory":false,"max_hp_per_floor":[72,72,72,72,72,72,72,72,72],"card_choices":[{"not_picked":["Gatherer:CarefulStrike","Gatherer:SaveValuables"],"picked":"Gatherer:WoolGloves","floor":1}],"player_experience":323169,"relics_obtained":[],"event_choices":[{"cards_removed":["Gatherer:Strike_Gatherer"],"damage_healed":0,"gold_gain":0,"player_choice":"Card Removal","damage_taken":0,"max_hp_gain":0,"max_hp_loss":0,"event_name":"The Cleric","floor":2,"gold_loss":50},{"damage_healed":0,"gold_gain":0,"player_choice":"Success","damage_taken":12,"relics_obtained":["Frozen Egg 2"],"max_hp_gain":0,"max_hp_loss":0,"event_name":"Scrap Ooze","floor":5,"gold_loss":0}],"is_beta":false,"boss_relics":[],"items_purged_floors":[],"is_endless":false,"potions_floor_spawned":[],"killed_by":"3 Sentries","ascension_level":1}}