{"host":"m4qpn8a4h7jhbw2f","time":1612068909,"event":{"mods":["BaseMod","Colored Map","Colored Powertips","Minty Spire (QoL Compilation)","Rare Cards Sparkle","Relic Stats"],"gold_per_floor":[117,117,92,106,123,123,156,156,156,156,175,185,185,213,213,314,314,329,121,135,153,153,153,169,69,69,88,106,196,208,242,242,242,242],"floor_reached":33,"language":"ENG","playtime":2872,"items_purged":["Defend_R","Shame"],"score":362,"play_id":"9e625cd0-5483-4734-b032-7cddc693faf0","local_time":"20210130235509","is_ascension_mode":true,"campfire_choices":[{"data":"Infernal Blade","floor":6,"key":"SMITH"},{"data":"Whirlwind","floor":8,"key":"SMITH"},{"data":"True Grit","floor":10,"key":"SMITH"},{"data":"Shrug It Off","floor":13,"key":"SMITH"},{"data":"Uppercut","floor":15,"key":"SMITH"},{"data":"Double Tap","floor":23,"key":"SMITH"},{"floor":32,"key":"REST"}],"circlet_count":0,"master_deck":["Strike_R","Strike_R","Strike_R","Strike_R","Strike_R","Defend_R","Defend_R","Defend_R","Bash","Sadistic Nature","Whirlwind+1","True Grit+1","Battle Trance","Infernal Blade+1","Bloodletting","Anger","Shrug It Off+1","Uppercut+1","Double Tap+1","Shrug It Off","Rampage","Perfected Strike","Warcry","Infernal Blade","Wild Strike","Disarm","Anger"],"relics":["Burning Blood","GremlinMask","Letter Opener","HornCleat","CaptainsWheel","SacredBark","Oddly Smooth Stone","Red Skull","Centennial Puzzle"],"acts_visited":["Exordium","TheCity"],"potions_floor_usage":[14,14,16,20,27,28,31,33],"damage_taken":[{"damage":5,"enemies":"2 Louse","floor":1,"turns":3},{"damage":0,"enemies":"Cultist","floor":4,"turns":4},{"damage":7,"enemies":"Jaw Worm","floor":5,"turns":4},{"damage":35,"enemies":"3 Sentries","floor":7,"turns":9},{"damage":0,"enemies":"Large Slime","floor":11,"turns":4},{"damage":9,"enemies":"Red Slaver","floor":12,"turns":2},{"damage":3,"enemies":"Gremlin Nob","floor":14,"turns":3},{"damage":15,"enemies":"Hexaghost","floor":16,"turns":9},{"damage":9,"enemies":"Chosen","floor":18,"turns":5},{"damage":3,"enemies":"2 Thieves","floor":20,"turns":3},{"damage":10,"enemies":"Snake Plant","floor":21,"turns":5},{"damage":60,"enemies":"Centurion and Healer","floor":24,"turns":9},{"damage":3,"enemies":"Shelled Parasite and Fungi","floor":27,"turns":3},{"damage":0,"enemies":"3 Cultists","floor":28,"turns":5},{"damage":4,"enemies":"Snake Plant","floor":30,"turns":3},{"damage":3,"enemies":"Gremlin Leader","floor":31,"turns":5},{"damage":37,"enemies":"Automaton","floor":33,"turns":5}],"seed_played":"-4310561057926112560","potions_obtained":[{"floor":7,"key":"HeartOfIron"},{"floor":11,"key":"Explosive Potion"},{"floor":12,"key":"CultistPotion"},{"floor":14,"key":"Weak Potion"},{"floor":18,"key":"Swift Potion"},{"floor":27,"key":"Block Potion"},{"floor":30,"key":"Strength Potion"},{"floor":31,"key":"CultistPotion"}],"is_trial":false,"path_per_floor":["M","?","$","M","M","R","E","R","T","R","M","M","R","E","R","B",null,"M","$","M","M","?","R","M","$","T","M","M","?","M","E","R","B"],"character_chosen":"IRONCLAD","items_purchased":["True Grit","Rampage","Perfected Strike"],"campfire_rested":1,"item_purchase_floors":[3,19,19],"current_hp_per_floor":[72,72,72,72,71,71,42,42,42,42,48,45,45,48,48,39,72,69,69,72,68,68,68,14,14,14,17,23,11,13,16,37,0,0],"gold":242,"neow_bonus":"RANDOM_COLORLESS_2","is_daily":false,"chose_seed":false,"campfire_upgraded":6,"win_rate":0.0,"timestamp":1612068909,"path_taken":["M","?","$","M","?","R","E","R","T","R","M","M","R","E","R","BOSS","M","$","M","M","?","R","M","$","T","M","M","?","M","E","R","BOSS"],"items_purchased_type":["Card","Card","Card"],"build_version":"2020-12-22","purchased_purges":2,"victory":false,"max_hp_per_floor":[72,72,72,72,72,72,72,72,72,72,72,72,72,72,72,72,72,72,72,72,72,72,72,72,72,72,72,72,72,72,72,72,72,72],"relic_stats":{"Centennial Puzzle":[3],"counters":[17,81],"Letter Opener":[50],"obtain_stats":[{"CaptainsWheel":14,"Centennial Puzzle":31,"HornCleat":9,"SacredBark":17,"Oddly Smooth Stone":22,"GremlinMask":2,"Letter Opener":7,"Burning Blood":0,"Red Skull":26},{"CaptainsWheel":7,"Centennial Puzzle":16,"HornCleat":4,"SacredBark":8,"Oddly Smooth Stone":11,"GremlinMask":1,"Letter Opener":4,"Burning Blood":0,"Red Skull":12},{"CaptainsWheel":29,"Centennial Puzzle":76,"HornCleat":20,"SacredBark":38,"Oddly Smooth Stone":51,"GremlinMask":3,"Letter Opener":20,"Burning Blood":0,"Red Skull":60}],"Burning Blood":89},"card_choices":[{"not_picked":["Mayhem","Thinking Ahead"],"picked":"Sadistic Nature","floor":0},{"not_picked":["True Grit","Clash"],"picked":"Whirlwind","floor":1},{"not_picked":["Inflame","Hemokinesis"],"picked":"Battle Trance","floor":4},{"not_picked":["Cleave","Body Slam"],"picked":"Infernal Blade","floor":5},{"not_picked":["Dark Embrace","Thunderclap"],"picked":"Bloodletting","floor":7},{"not_picked":["Clothesline","Entrench"],"picked":"Anger","floor":11},{"not_picked":["Warcry","Juggernaut"],"picked":"Shrug It Off","floor":12},{"not_picked":["Dual Wield","True Grit"],"picked":"Uppercut","floor":14},{"not_picked":["Barricade","Feed"],"picked":"Double Tap","floor":16},{"not_picked":["True Grit","Sword Boomerang+1"],"picked":"Shrug It Off","floor":18},{"not_picked":["Inflame","Power Through"],"picked":"Warcry","floor":20},{"not_picked":["Perfected Strike","Dual Wield","Cleave"],"picked":"SKIP","floor":21},{"not_picked":["Pommel Strike","Body Slam","Armaments"],"picked":"SKIP","floor":24},{"not_picked":["True Grit+1","Double Tap"],"picked":"Infernal Blade","floor":27},{"not_picked":["Cleave","Flex"],"picked":"Wild Strike","floor":28},{"not_picked":["Warcry","Clash"],"picked":"Disarm","floor":30},{"not_picked":["Sever Soul","Armaments"],"picked":"Anger","floor":31}],"player_experience":188856,"relics_obtained":[{"floor":7,"key":"Letter Opener"},{"floor":9,"key":"HornCleat"},{"floor":14,"key":"CaptainsWheel"},{"floor":26,"key":"Red Skull"},{"floor":31,"key":"Centennial Puzzle"}],"event_choices":[{"damage_healed":0,"gold_gain":0,"player_choice":"Trade","damage_taken":0,"relics_obtained":["GremlinMask"],"max_hp_gain":0,"max_hp_loss":0,"event_name":"FaceTrader","floor":2,"gold_loss":0},{"damage_healed":0,"gold_gain":0,"player_choice":"Stole Relic","damage_taken":0,"relics_obtained":["Oddly Smooth Stone"],"max_hp_gain":0,"max_hp_loss":0,"event_name":"Addict","floor":22,"gold_loss":0,"cards_obtained":["Shame"]},{"damage_healed":0,"gold_gain":90,"player_choice":"GOLD ","damage_taken":12,"max_hp_gain":0,"max_hp_loss":0,"event_name":"Knowing Skull","floor":29,"potions_obtained":[],"gold_loss":0,"cards_obtained":[]}],"is_beta":false,"boss_relics":[{"not_picked":["Coffee Dripper","Runic Dome"],"picked":"SacredBark"}],"items_purged_floors":[19,25],"is_endless":false,"potions_floor_spawned":[7,11,12,14,18,27,30,31],"killed_by":"Automaton","ascension_level":2}}