{"host":"nwavcs7i011ziyjx","time":1612115010,"event":{"mods":["ATMod(∞¢Ë™Mod)","AchievementEnabler","Arknights","BaseMod","Colored Map","Colored Powertips","Downfall","Marisa£®ÏF”Í°°ƒß¿Ì…≥£©","Minty Spire (QoL Compilation)","MostiFishMod","Quick Restart","Rare Cards Sparkle","Reliquary","Remilia£®¿Ÿ√◊¿Ú—«£©","Replay The Spire","Spicy Shops","StSLib","TestMod","The Servant 0.9.4","Uncapped","UnlockEverythingMod","WarShipGirlsR/’ΩΩ¢…Ÿ≈ÆR mod","Youmu£®ªÍ∆«—˝√Œ£©","noobMod","°æ“≈ŒÔø®≈∆°øREMEMod"],"gold_per_floor":[4000,2661,2661,2681,1182,1182,1209,1209,1209,1228,1253,1253,522,522,522,625,625,638,653,653,4703,4723,4753,4763,4794,4845,3621,3633,3633,2408,2408,2408,2480,2480,2492,1671,1671,1671,1671,1749,1761,1795,1795,1825,1849,1867,613,1013,1025,1039,1039,1039,1039],"floor_reached":54,"language":"ZHS","playtime":3178,"items_purged":["Survivor","Doubt","Strike_G","Strike_G","Strike_G","Footwork","AT_ThistleTea+1","Neutralize+1","Acrobatics"],"score":2811,"play_id":"c4362450-329b-4961-b61e-01d3dc28e038","local_time":"20210201014330","is_ascension_mode":true,"campfire_choices":[{"data":"testmod-RepeatForm","floor":6,"key":"SMITH"},{"data":"AT_ThistleTea","floor":8,"key":"SMITH"},{"data":"Pot Of Greed","floor":12,"key":"SMITH"},{"data":"Strike_G","floor":15,"key":"PURGE"},{"data":"Burst","floor":29,"key":"SMITH"},{"data":"Venomology","floor":32,"key":"SMITH"},{"data":"Tactician","floor":43,"key":"SMITH"},{"data":"MostiFishMod:Dislodge","floor":51,"key":"SMITH"}],"circlet_count":0,"master_deck":["AscendersBane","Defend_G","Defend_G","Defend_G","Defend_G","Defend_G","Pot Of Greed+1","Pot Of Greed","Escape Plan","Infinite Blades","MostiFishMod:PreservedThorns","testmod-RepeatForm+1","AT_WindFlip","Tactician","ReplayTheSpireMod:Scrap Shanks","REME_CopyPotion","Pot Of Greed","Tactician+1","Venomology+1","AT_EssenceShift","AT_WindFlip+1","Phantasmal Killer","Burst","Burst+1","MostiFishMod:AdrenalineArouse","MostiFishMod:Dislodge+1","Prepared","Pot Of Greed","MostiFishMod:HiddenBlade","MostiFishMod:PerfectParry"],"relics":["Ring of the Snake","ice","DaveBox","testmod-TestBox","REME_ComplimentaryCards","AT_ATBox","ShadowXiaoBlade","testmod-CrystalShield","SynthV:TestCard","Grinning Jar","OrangePellets","ClockworkSouvenir","Bronze Scales","Dodecahedron","Centennial Puzzle","REME_CardOfGreed","Question Card","StrikeDummy","Dream Catcher","ReplayTheSpireMod:Shallot","reliquary:Firecrackers","Civilization","Toy Ornithopter","testmod-Recursion","Bottled Flame","reliquary:ExpiredCoupon","ReplayFunnel","AT_RedTearstoneRing","Mercury Hourglass","Darkstone Periapt","MealTicket","DollysMirror","Snake Skull","reliquary:SharkskinSheath","Frozen Eye","Mirror","HandDrill","Orichalcum","SacredBark","Whetstone","Tingsha","Ying","TheAbacus","SynthV:C4","Turnip","reliquary:RosewoodLute","BargainBundle","Bottled Lightning","reliquary:Pushpin"],"acts_visited":["Exordium","TheCity","TheBeyond"],"potions_floor_usage":[16,19,25,33,40,40,52,53,53,53,53],"damage_taken":[{"damage":0,"enemies":"Small Slimes","floor":1,"turns":2},{"damage":0,"enemies":"Cultist","floor":4,"turns":1},{"damage":0,"enemies":"Gremlin Nob","floor":7,"turns":1},{"damage":0,"enemies":"Jaw Worm","floor":10,"turns":2},{"damage":0,"enemies":"Lagavulin","floor":11,"turns":2},{"damage":0,"enemies":"Slime Boss","floor":16,"turns":3},{"damage":1,"enemies":"2 Thieves","floor":18,"turns":2},{"damage":0,"enemies":"Shell Parasite","floor":19,"turns":1},{"damage":0,"enemies":"3 Cultists","floor":22,"turns":2},{"damage":0,"enemies":"Gremlin Leader","floor":23,"turns":2},{"damage":0,"enemies":"Chosen and Byrds","floor":24,"turns":1},{"damage":0,"enemies":"REME_1_Revenger","floor":25,"turns":3},{"damage":0,"enemies":"Centurion and Healer","floor":28,"turns":1},{"damage":0,"enemies":"Automaton","floor":33,"turns":2},{"damage":0,"enemies":"Orb Walker","floor":35,"turns":1},{"damage":0,"enemies":"3 Darklings","floor":40,"turns":1},{"damage":0,"enemies":"Sphere and 2 Shapes","floor":41,"turns":1},{"damage":0,"enemies":"Giant Head","floor":42,"turns":2},{"damage":0,"enemies":"Reptomancer","floor":44,"turns":3},{"damage":0,"enemies":"Transient","floor":46,"turns":6},{"damage":0,"enemies":"Spire Growth","floor":49,"turns":2},{"damage":0,"enemies":"Maw","floor":50,"turns":4},{"damage":0,"enemies":"Donu and Deca","floor":52,"turns":2},{"damage":0,"enemies":"Time Eater","floor":53,"turns":3}],"seed_played":"6895271669989812974","potions_obtained":[{"floor":11,"key":"testmod-TestPotion"},{"floor":23,"key":"Toxic Potion"},{"floor":41,"key":"SpeedPotion"},{"floor":49,"key":"Milkshake"}],"is_trial":false,"path_per_floor":["M","$","?","M","$","R","E","R","T","M","E","R","$","?","R_BF","B",null,"M","M","?","?","M","E","M","E","T","$","M","R","$","?","R","B",null,"M","$","?","PTL","PTL","M","M","E","R","E","T","M","$","?","M","M","R","B","B",null],"character_chosen":"THE_SILENT","items_purchased":["Grinning Jar","OrangePellets","ClockworkSouvenir","Bronze Scales","Escape Plan","Infinite Blades","MostiFishMod:PreservedThorns","testmod-RepeatForm","AT_WindFlip","Dodecahedron","Centennial Puzzle","REME_CardOfGreed","Question Card","StrikeDummy","Dream Catcher","Tactician","ReplayTheSpireMod:Scrap Shanks","Civilization","Venomology","Toy Ornithopter","AT_RedTearstoneRing","Mercury Hourglass","Darkstone Periapt","MealTicket","DollysMirror","Snake Skull","reliquary:SharkskinSheath","Frozen Eye","Mirror","HandDrill","Orichalcum","Whetstone","Tingsha","Ying","TheAbacus","BargainBundle","Bottled Lightning","reliquary:Pushpin","PowerPotion"],"campfire_rested":0,"item_purchase_floors":[2,2,2,2,2,2,2,2,2,5,5,5,5,5,5,5,5,13,13,13,27,27,27,27,27,30,30,30,30,30,30,36,36,36,36,47,47,47,47],"current_hp_per_floor":[59,59,59,59,59,59,59,59,59,59,59,59,59,59,59,65,67,69,74,74,74,79,84,89,94,94,94,99,99,99,99,99,104,104,109,109,109,109,109,114,119,124,124,129,129,134,134,134,139,144,144,149,154],"gold":1039,"neow_bonus":"THREE_ENEMY_KILL","is_daily":false,"chose_seed":false,"campfire_upgraded":7,"win_rate":0.0,"timestamp":1612115010,"path_taken":["M","$","?","?","?","R","E","R","T","M","E","R","$","?","R_BF","BOSS","M","M","?","?","M","E","M","E","T","$","?","R","$","?","R","BOSS","M","$","?","PTL","PTL","M","M","E","R","E","T","M","$","?","M","M","R","BOSS","BOSS"],"items_purchased_type":["Relic","Relic","Relic","Relic","Card","Card","Card","Card","Card","Relic","Relic","Relic","Relic","Relic","Relic","Card","Card","Relic","Card","Relic","Relic","Relic","Relic","Relic","Relic","Relic","Relic","Relic","Relic","Relic","Relic","Relic","Relic","Relic","Relic","Relic","Relic","Relic","Potion"],"build_version":"2020-12-22","purchased_purges":9,"victory":true,"max_hp_per_floor":[66,66,66,66,66,66,66,66,66,66,66,66,66,66,66,67,67,70,74,74,74,79,84,89,94,94,94,99,99,99,99,99,104,104,109,109,109,109,109,114,119,124,124,129,129,134,134,134,139,144,144,149,154],"card_choices":[{"not_picked":["Sucker Punch","Choke","REME_ShadowStrike"],"picked":"SKIP","floor":1},{"not_picked":["Flying Knee","Noxious Fumes","Quick Slash","Backflip"],"picked":"Acrobatics","floor":4},{"not_picked":["Deadly Poison","ReplayTheSpireMod:Tripwire","Poisoned Stab","MostiFishMod:PerfectParry","Terror"],"picked":"AT_ThistleTea","floor":7},{"not_picked":["Quick Slash","Hidden Blade","Bane","Predator","Crippling Poison"],"picked":"REME_CopyPotion","floor":10},{"not_picked":["ReplayTheSpireMod:Speed Training","Acrobatics","Dagger Spray","Backflip","Poisoned Stab"],"picked":"Tactician","floor":11},{"not_picked":["Die Die Die","ReplayTheSpireMod:From All Sides","REME_CopyPotion","Corpse Explosion","Bullet Time"],"picked":"AT_EssenceShift","floor":16},{"not_picked":["PiercingWail","Sucker Punch","Dagger Throw","AT_ArcaneSupremacy","Dagger Spray+1"],"picked":"AT_WindFlip","floor":18},{"not_picked":["Outmaneuver","Terror","Dagger Spray","ReplayTheSpireMod:Scrap Shanks","Hidden Blade"],"picked":"Footwork","floor":19},{"not_picked":["Dash","Accuracy+1","Draining Mist+1","Dodge and Roll","Bane"],"picked":"MostiFishMod:FullyArmed","floor":22},{"not_picked":["Hidden Blade+1","Deadly Poison+1","Finisher","Flying Knee","PiercingWail","Backflip"],"picked":"SKIP","floor":23},{"not_picked":["Deadly Poison","Predator","Deflect","Sneak Up","Endless Agony"],"picked":"Phantasmal Killer","floor":24},{"not_picked":["Eviscerate","Envenom","Blade Dance","Fluid Movement","Dodge and Roll"],"picked":"Burst","floor":25},{"not_picked":["Outmaneuver+1","PiercingWail+1","ReplayTheSpireMod:The Works","Catalyst","AT_WindFlip+1","Acrobatics"],"picked":"SKIP","floor":28},{"not_picked":["Tools of the Trade","Bullet Time","Grand Finale","Unload","AT_KingSlayer"],"picked":"MostiFishMod:AdrenalineArouse","floor":33},{"not_picked":["ReplayTheSpireMod:Tripwire","Calculated Gamble","PiercingWail","Blur","Bane","MostiFishMod:PerfectParry"],"picked":"SKIP","floor":35},{"not_picked":[],"picked":"MostiFishMod:Dislodge","floor":37},{"not_picked":["Acrobatics","Flechettes","Quick Slash","Flying Knee","Reflex"],"picked":"Prepared","floor":40},{"not_picked":["Expertise","Cloak And Dagger","Flying Knee","Quick Slash","Outmaneuver"],"picked":"MostiFishMod:HiddenBlade","floor":41},{"not_picked":["Dagger Throw","Phantasmal Killer","Dagger Spray+1","PiercingWail","Slice","Accuracy"],"picked":"SKIP","floor":42},{"not_picked":["MostiFishMod:GrandStart","AT_ArcaneSupremacy","Backflip+1","Sucker Punch","Dagger Spray"],"picked":"MostiFishMod:PerfectParry","floor":44},{"not_picked":["Underhanded Strike","Endless Agony","Hidden Blade+1","ReplayTheSpireMod:Tripwire","Setup","Dodge and Roll+1"],"picked":"SKIP","floor":46},{"not_picked":["Footwork+1","MostiFishMod:VineMother","Hidden Blade+1","Dagger Throw","AT_WindFlip","MostiFishMod:PerfectParry"],"picked":"SKIP","floor":49},{"not_picked":["Underhanded Strike+1","MostiFishMod:PerfectParry","Quick Slash","Dodge and Roll+1","Blade Dance","Prepared"],"picked":"SKIP","floor":50}],"player_experience":283200,"relics_obtained":[{"floor":1,"key":"SynthV:TestCard"},{"floor":7,"key":"ReplayTheSpireMod:Shallot"},{"floor":11,"key":"reliquary:Firecrackers"},{"floor":23,"key":"Bottled Flame"},{"floor":25,"key":"reliquary:ExpiredCoupon"},{"floor":26,"key":"ReplayFunnel"},{"floor":42,"key":"SynthV:C4"},{"floor":44,"key":"Turnip"},{"floor":45,"key":"reliquary:RosewoodLute"}],"event_choices":[{"cards_removed":["Strike_G"],"damage_healed":0,"gold_gain":0,"player_choice":"Offered Basic","damage_taken":0,"max_hp_gain":0,"max_hp_loss":0,"event_name":"Bonfire Elementals","floor":3,"gold_loss":0},{"damage_healed":0,"gold_gain":0,"player_choice":"Ignored","damage_taken":0,"max_hp_gain":0,"max_hp_loss":0,"event_name":"Liars Game","floor":14,"gold_loss":0},{"damage_healed":0,"gold_gain":100,"player_choice":"Bet on Murderer","damage_taken":0,"max_hp_gain":0,"max_hp_loss":0,"event_name":"The Joust","floor":21,"gold_loss":50},{"damage_healed":0,"gold_gain":400,"player_choice":"Sell","damage_taken":0,"max_hp_gain":0,"max_hp_loss":0,"event_name":"∂˜¬ÂÀπµƒ≈Ã◊”","floor":48,"relics_lost":["NeowsBlessing"],"gold_loss":0}],"is_beta":false,"boss_relics":[{"not_picked":["Abe\u0027s Treasure","testmod-BloodSacrificeSpiritualization"],"picked":"testmod-Recursion"},{"not_picked":["RhineFirstAidKit","Sozu"],"picked":"SacredBark"}],"items_purged_floors":[2,5,5,13,27,30,36,47,47],"is_endless":false,"potions_floor_spawned":[11,18,22,23,35,41,44,49,50],"ascension_level":20}}