{"host":"1qqxmg542u37e44m","time":1612078556,"event":{"mods":["BaseMod","Card Forge","Colored Map","Minty Spire (QoL Compilation)","Quick Restart","Relic Sorter","Shop Mod","StSLib","SuperFastMode"],"gold_per_floor":[111,39,53,53,53,86,96,96,96],"floor_reached":8,"language":"ENG","playtime":212,"items_purged":[],"score":62,"play_id":"21380505-9a72-41ac-b5c2-08064537fd95","local_time":"20210131083556","is_ascension_mode":true,"campfire_choices":[],"circlet_count":0,"master_deck":["Strike_G","Strike_G","Strike_G","Strike_G","Strike_G","Defend_G","Defend_G","Defend_G","Defend_G","Defend_G","Survivor","Neutralize","Noxious Fumes","Dagger Spray","Prepared","Backflip"],"relics":["Ring of the Snake","Hammer of Thor","Seething Fire","Anvil of the Gods","Orichalcum"],"acts_visited":["Exordium"],"potions_floor_usage":[],"damage_taken":[{"damage":0,"enemies":"Small Slimes","floor":1,"turns":4},{"damage":2,"enemies":"Jaw Worm","floor":3,"turns":5},{"damage":18,"enemies":"3 Sentries","floor":6,"turns":9},{"damage":1,"enemies":"Cultist","floor":7,"turns":4},{"damage":0,"enemies":"Gremlin Nob","floor":8,"turns":1}],"seed_played":"8917211412292327674","potions_obtained":[{"floor":3,"key":"BlessingOfTheForge"},{"floor":6,"key":"LiquidBronze"},{"floor":7,"key":"EssenceOfSteel"}],"is_trial":false,"path_per_floor":["M","$","M","?","?","E","M","E"],"character_chosen":"THE_SILENT","items_purchased":["Noxious Fumes"],"campfire_rested":0,"item_purchase_floors":[2],"current_hp_per_floor":[70,70,68,73,75,57,56,56,56],"gold":96,"neow_bonus":"RANDOM_COLORLESS","is_daily":false,"chose_seed":false,"campfire_upgraded":0,"win_rate":0.0,"timestamp":1612078556,"path_taken":["M","$","M","?","?","E","?","E"],"items_purchased_type":["Card"],"build_version":"2020-12-22","purchased_purges":0,"victory":false,"max_hp_per_floor":[70,70,70,75,75,75,75,75,75],"card_choices":[{"not_picked":["Bandage Up","Deep Breath"],"picked":"Impatience","floor":0},{"not_picked":["Underhanded Strike","Dodge and Roll","Finisher"],"picked":"SKIP","floor":1},{"not_picked":["Poisoned Stab","Backstab"],"picked":"Dagger Spray","floor":3},{"not_picked":["Dash","Poisoned Stab"],"picked":"Prepared","floor":6},{"not_picked":["Setup","PiercingWail"],"picked":"Backflip","floor":7}],"player_experience":203591,"relics_obtained":[{"floor":6,"key":"Orichalcum"}],"event_choices":[{"damage_healed":0,"gold_gain":0,"player_choice":"Donut","damage_taken":0,"max_hp_gain":5,"max_hp_loss":0,"event_name":"Big Fish","floor":4,"gold_loss":0},{"cards_removed":["Impatience"],"damage_healed":2,"gold_gain":0,"player_choice":"Offered Uncommon","damage_taken":0,"max_hp_gain":0,"max_hp_loss":0,"event_name":"Bonfire Elementals","floor":5,"gold_loss":0}],"is_beta":false,"boss_relics":[],"items_purged_floors":[],"is_endless":false,"potions_floor_spawned":[3,6,7],"killed_by":"Gremlin Nob","ascension_level":2}}