{"host":"928gv66myv2vlnsd","time":1612055095,"event":{"mods":["BaseMod","Highlight Path","Minty Spire (QoL Compilation)","StSLib"],"gold_per_floor":[110,110,110,128,146,172,189,199,277,277,277,277],"floor_reached":11,"language":"ENG","playtime":577,"items_purged":[],"score":143,"play_id":"ac51669e-30ec-4380-a6e7-7d3f990eaabd","local_time":"20210130200455","is_ascension_mode":true,"campfire_choices":[{"floor":10,"key":"REST"}],"circlet_count":0,"master_deck":["AscendersBane","Strike_G","Strike_G","Defend_G","Defend_G","Defend_G","Defend_G","Survivor","Neutralize","Crippling Poison","Backflip","Poisoned Stab","Outmaneuver","Dagger Spray","Burst","Flechettes"],"relics":["Ring of the Snake","Pear","Sundial"],"acts_visited":["Exordium"],"potions_floor_usage":[6,11],"damage_taken":[{"damage":0,"enemies":"2 Louse","floor":1,"turns":4},{"damage":0,"enemies":"Jaw Worm","floor":4,"turns":7},{"damage":0,"enemies":"Cultist","floor":5,"turns":3},{"damage":24,"enemies":"Lagavulin","floor":6,"turns":9},{"damage":1,"enemies":"3 Louse","floor":7,"turns":3},{"damage":40,"enemies":"Large Slime","floor":8,"turns":14},{"damage":30,"enemies":"3 Sentries","floor":11,"turns":4}],"seed_played":"3471909214276373954","potions_obtained":[{"floor":1,"key":"CunningPotion"},{"floor":7,"key":"CultistPotion"},{"floor":8,"key":"CunningPotion"}],"is_trial":false,"path_per_floor":["M","?","?","M","M","E","M","M","T","R","E"],"character_chosen":"THE_SILENT","items_purchased":[],"campfire_rested":1,"item_purchase_floors":[],"current_hp_per_floor":[59,59,59,59,59,45,44,4,4,25,0,0],"gold":277,"neow_bonus":"REMOVE_TWO","is_daily":false,"chose_seed":false,"campfire_upgraded":0,"win_rate":0.0,"timestamp":1612055095,"path_taken":["M","?","?","M","M","E","?","M","T","R","E"],"items_purchased_type":[],"build_version":"2020-12-22","purchased_purges":0,"victory":false,"max_hp_per_floor":[60,60,60,60,60,70,70,70,70,70,70,70],"card_choices":[{"not_picked":["Infinite Blades","Sucker Punch"],"picked":"Crippling Poison","floor":1},{"not_picked":["Deflect","Backstab"],"picked":"Poisoned Stab","floor":4},{"not_picked":["Quick Slash","Prepared"],"picked":"Outmaneuver","floor":5},{"not_picked":["Endless Agony","Sucker Punch"],"picked":"Dagger Spray","floor":6},{"not_picked":["Backstab","Cloak And Dagger"],"picked":"Burst","floor":7},{"not_picked":["Well Laid Plans","Quick Slash"],"picked":"Flechettes","floor":8}],"player_experience":1403267,"relics_obtained":[{"floor":6,"key":"Pear"},{"floor":9,"key":"Sundial"}],"event_choices":[{"damage_healed":0,"gold_gain":0,"cards_transformed":["Strike_G"],"player_choice":"Change","damage_taken":0,"max_hp_gain":0,"max_hp_loss":0,"event_name":"Living Wall","floor":2,"gold_loss":0,"cards_obtained":["Backflip"]},{"cards_removed":["Defend_G"],"damage_healed":0,"gold_gain":0,"player_choice":"Offered Basic","damage_taken":0,"max_hp_gain":0,"max_hp_loss":0,"event_name":"Bonfire Elementals","floor":3,"gold_loss":0}],"is_beta":false,"boss_relics":[],"items_purged_floors":[],"is_endless":false,"potions_floor_spawned":[1,7,8],"killed_by":"3 Sentries","ascension_level":18}}