{"host":"kj566mc1j9861y4f","time":1612064394,"event":{"mods":["AchievementEnabler","Act Like it!","BaseMod","Better Altar","Better Note","Better Vampires","BetterRewards","Colored Powertips","Downfall","Hermit","Infinite Spire","Lobotomy","Luminous","Minty Spire (QoL Compilation)","Relic Stats","Replay The Spire","Shade Mod","Shop Mod","Spicy Shops","StSLib","The Blue Laboratory","Uncapped"],"gold_per_floor":[118,134,150,163,175,209,209,238,238,238,238],"floor_reached":10,"language":"ENG","playtime":485,"items_purged":[],"score":104,"play_id":"d6495a8e-c96b-4f1b-8f54-80abefd6dd3d","local_time":"20210130213954","is_ascension_mode":true,"campfire_choices":[{"data":"Disarm","floor":7,"key":"SMITH"}],"circlet_count":0,"master_deck":["Strike_R","Defend_R","Defend_R","Defend_R","Defend_R","QueenOfHatred","Funeral","Scarecrow","Heavy Blade","HappyTeddy","OldLady","Flame Barrier","OSAHOGD","Wellcheers","Shrug It Off"],"relics":["Burning Blood","CogitoBucket","Gremlin Food","Darkstone Periapt","HornCleat"],"acts_visited":["Exordium"],"potions_floor_usage":[6,6,10],"damage_taken":[{"damage":15,"enemies":"Small Slimes","floor":1,"turns":4},{"damage":4,"enemies":"2 Louse","floor":2,"turns":2},{"damage":4,"enemies":"Cultist","floor":3,"turns":3},{"damage":16,"enemies":"Looter","floor":4,"turns":3},{"damage":17,"enemies":"Large Slime","floor":5,"turns":8},{"damage":19,"enemies":"Gremlin Nob","floor":6,"turns":4},{"damage":62,"enemies":"Replay:BlueRogue","floor":8,"turns":12},{"damage":39,"enemies":"Gremlin Nob","floor":10,"turns":4}],"seed_played":"6721954164628157427","potions_obtained":[{"floor":1,"key":"Weak Potion"},{"floor":2,"key":"FearPotion"},{"floor":3,"key":"LiquidMemories"}],"is_trial":false,"path_per_floor":["M","M","M","M","M","E","R","E","T","E"],"character_chosen":"IRONCLAD","items_purchased":[],"campfire_rested":0,"item_purchase_floors":[],"current_hp_per_floor":[63,71,80,77,69,64,64,25,25,0,0],"gold":238,"neow_bonus":"","is_daily":false,"chose_seed":false,"campfire_upgraded":1,"win_rate":0.0,"timestamp":1612064394,"path_taken":["M","M","M","M","M","E","R","E","T","E"],"items_purchased_type":[],"build_version":"2020-12-22","purchased_purges":0,"victory":false,"max_hp_per_floor":[80,80,80,80,80,80,80,80,80,80,80],"relic_stats":{"Darkstone Periapt":0,"counters":[8,40],"obtain_stats":[{"Gremlin Food":6,"Darkstone Periapt":8,"CogitoBucket":0,"HornCleat":9,"Burning Blood":0},{"Gremlin Food":6,"Darkstone Periapt":7,"CogitoBucket":0,"HornCleat":7,"Burning Blood":0},{"Gremlin Food":24,"Darkstone Periapt":36,"CogitoBucket":0,"HornCleat":36,"Burning Blood":0}],"Burning Blood":42},"card_choices":[{"not_picked":["QueenBee","WallGazer"],"picked":"QueenOfHatred","floor":1},{"not_picked":["ReplayReversal","Heavy Blade"],"picked":"Sword Boomerang","floor":1},{"not_picked":["CrumblingArmor","HappyTeddy"],"picked":"Funeral","floor":2},{"not_picked":["ReplayTheSpireMod:Muscle Training","True Grit"],"picked":"Disarm","floor":2},{"not_picked":["SpiderBud","VoidDream"],"picked":"Scarecrow","floor":3},{"not_picked":["Combust","Sever Soul"],"picked":"Heavy Blade","floor":3},{"not_picked":["PunishingBird","CherryBlossoms"],"picked":"HappyTeddy","floor":4},{"not_picked":["Shockwave","Anger"],"picked":"Cleave","floor":4},{"not_picked":["WallGazer","UniverseFragment"],"picked":"OldLady","floor":5},{"not_picked":["Clothesline","Perfected Strike"],"picked":"Flame Barrier","floor":5},{"not_picked":["Woodsman","BeautyBeast"],"picked":"OSAHOGD","floor":6},{"not_picked":["Clash","Armaments"],"picked":"Inflame","floor":6},{"not_picked":["VoidDream","SpiderBud","PunishingBird"],"picked":"Singing Bowl","floor":8},{"not_picked":["PunishingBird","CherryBlossoms"],"picked":"Wellcheers","floor":8},{"not_picked":["Heavy Blade","Entrench"],"picked":"Shrug It Off","floor":8}],"player_experience":178279,"relics_obtained":[{"floor":6,"key":"Gremlin Food"},{"floor":8,"key":"Darkstone Periapt"},{"floor":9,"key":"HornCleat"}],"event_choices":[],"is_beta":false,"boss_relics":[],"items_purged_floors":[],"is_endless":false,"potions_floor_spawned":[1,2,3],"killed_by":"Gremlin Nob","ascension_level":6}}