{"host":"vumwfieg2b2mnrfl","time":1612061297,"event":{"mods":["AchievementEnabler","BaseMod","Minty Spire (QoL Compilation)","Rare Cards Sparkle","Relic Stats"],"gold_per_floor":[118,135,135,151,151,192,192,233,259,259,67,67,80,104,104,194,194,167,185,185,100,100,100,100],"floor_reached":23,"language":"ENG","playtime":669,"items_purged":["Injury"],"score":498,"play_id":"58ff41d9-2249-46f8-8a91-89fa3c364633","local_time":"20210130204817","is_ascension_mode":true,"campfire_choices":[{"floor":12.0,"key":"REST"},{"data":"Apotheosis","floor":15.0,"key":"SMITH"}],"circlet_count":0,"master_deck":["AscendersBane","Strike_G","Strike_G","Strike_G","Strike_G","Defend_G","Defend_G","Defend_G","Defend_G","Defend_G","Survivor","Neutralize","Apotheosis+1","Blade Dance","Skewer","Backflip","After Image","Deadly Poison","Accuracy","Cloak And Dagger","Blade Dance","Backflip","Wraith Form v2","CurseOfTheBell","PiercingWail","PiercingWail+1"],"relics":["Ring of the Snake","Bloody Idol","Smiling Mask","Pen Nib","PreservedInsect","Calling Bell","Orichalcum","Matryoshka","Bird Faced Urn","Letter Opener"],"acts_visited":["Exordium","TheCity"],"potions_floor_usage":[23,23],"damage_taken":[{"damage":9.0,"enemies":"Small Slimes","floor":1.0,"turns":5.0},{"damage":0.0,"enemies":"2 Louse","floor":2.0,"turns":5.0},{"damage":0.0,"enemies":"Jaw Worm","floor":4.0,"turns":3.0},{"damage":3.0,"enemies":"Lagavulin","floor":6.0,"turns":9.0},{"damage":39.0,"enemies":"Gremlin Nob","floor":8.0,"turns":4.0},{"damage":12.0,"enemies":"3 Louse","floor":13.0,"turns":4.0},{"damage":0.0,"enemies":"2 Fungi Beasts","floor":14.0,"turns":2.0},{"damage":0.0,"enemies":"Hexaghost","floor":16.0,"turns":8.0},{"damage":8.0,"enemies":"2 Thieves","floor":18.0,"turns":4.0},{"damage":14.0,"enemies":"Spheric Guardian","floor":19.0,"turns":7.0},{"damage":51,"enemies":"Gremlin Leader","floor":23,"turns":4}],"seed_played":"-5845414664718868344","potions_obtained":[{"floor":2.0,"key":"Strength Potion"},{"floor":4.0,"key":"Dexterity Potion"},{"floor":16.0,"key":"Dexterity Potion"},{"floor":19.0,"key":"CunningPotion"}],"is_trial":false,"path_per_floor":["M","M","?","M","?","E","?","E","T","?","$","R","M","M","R","B",null,"M","M","?","?","?","E"],"character_chosen":"THE_SILENT","items_purchased":["Accuracy","Cloak And Dagger"],"campfire_rested":1,"item_purchase_floors":[11,11],"current_hp_per_floor":[35,35,57,57,57,54,54,15,15,15,15,34,22,22,22,22,55,49,39,39,39,39,0,0],"gold":100,"neow_bonus":"RANDOM_COLORLESS_2","is_daily":false,"chose_seed":false,"campfire_upgraded":1,"win_rate":0.0,"timestamp":1612061297,"path_taken":["M","M","?","M","?","E","?","E","T","?","?","R","M","M","R","BOSS","M","M","?","?","?","E"],"items_purchased_type":["Card","Card"],"build_version":"2020-12-22","purchased_purges":1,"victory":false,"max_hp_per_floor":[66,66,66,66,66,66,66,66,66,66,66,66,66,66,66,66,66,66,66,66,66,66,66,66],"relic_stats":{"counters":[11,55],"Bloody Idol":0,"Bird Faced Urn":[8],"Pen Nib":[8],"PreservedInsect":49,"Letter Opener":[0],"Orichalcum":[18],"Smiling Mask":25,"obtain_stats":[{"Calling Bell":17,"Matryoshka":17,"Golden Idol":5,"Bird Faced Urn":17,"Bloody Idol":22,"Pen Nib":8,"PreservedInsect":9,"Letter Opener":21,"Orichalcum":17,"Smiling Mask":6,"Ring of the Snake":0},{"Calling Bell":8,"Matryoshka":8,"Golden Idol":3,"Bird Faced Urn":8,"Bloody Idol":10,"Pen Nib":5,"PreservedInsect":5,"Letter Opener":10,"Orichalcum":8,"Smiling Mask":4,"Ring of the Snake":0},{"Calling Bell":40,"Matryoshka":40,"Golden Idol":13,"Bird Faced Urn":40,"Bloody Idol":51,"Pen Nib":26,"PreservedInsect":26,"Letter Opener":51,"Orichalcum":40,"Smiling Mask":22,"Ring of the Snake":0}],"Ring of the Snake":[22]},"card_choices":[{"not_picked":["Magnetism","Sadistic Nature"],"picked":"Apotheosis","floor":0.0},{"not_picked":["Crippling Poison","PiercingWail"],"picked":"Blade Dance","floor":1.0},{"not_picked":["Terror","Acrobatics"],"picked":"Skewer","floor":2.0},{"not_picked":["Underhanded Strike","Quick Slash"],"picked":"Backflip","floor":4.0},{"not_picked":["Dagger Spray","Outmaneuver"],"picked":"After Image","floor":6.0},{"not_picked":["Sucker Punch","Dagger Throw"],"picked":"Deadly Poison","floor":8.0},{"not_picked":["Dagger Spray","Caltrops"],"picked":"Blade Dance","floor":13.0},{"not_picked":["Flechettes","Acrobatics"],"picked":"Backflip","floor":14.0},{"not_picked":["Bullet Time","Doppelganger"],"picked":"Wraith Form v2","floor":16.0},{"not_picked":["Predator","Eviscerate+1"],"picked":"PiercingWail","floor":18.0},{"not_picked":["Bane","Flying Knee"],"picked":"PiercingWail+1","floor":19.0}],"player_experience":504476,"relics_obtained":[{"floor":6.0,"key":"Smiling Mask"},{"floor":8.0,"key":"Pen Nib"},{"floor":9.0,"key":"PreservedInsect"},{"floor":17.0,"key":"Orichalcum"},{"floor":17.0,"key":"Matryoshka"},{"floor":17.0,"key":"Bird Faced Urn"}],"event_choices":[{"damage_healed":22.0,"max_hp_gain":0.0,"max_hp_loss":0.0,"gold_gain":0.0,"event_name":"Big Fish","player_choice":"Banana","floor":3.0,"gold_loss":0.0,"damage_taken":0.0},{"damage_healed":0.0,"max_hp_gain":0.0,"max_hp_loss":0.0,"gold_gain":0.0,"event_name":"Golden Idol","player_choice":"Take Wound","floor":5.0,"gold_loss":0.0,"damage_taken":0.0,"relics_obtained":["Golden Idol"],"cards_obtained":["Injury"]},{"damage_healed":0.0,"max_hp_gain":0.0,"max_hp_loss":0.0,"gold_gain":0.0,"event_name":"Shining Light","player_choice":"Ignored","floor":7.0,"gold_loss":0.0,"damage_taken":0.0},{"damage_healed":0.0,"max_hp_gain":0.0,"max_hp_loss":0.0,"gold_gain":0.0,"event_name":"Liars Game","player_choice":"Ignored","floor":10.0,"gold_loss":0.0,"damage_taken":0.0},{"cards_removed":["Strike_G"],"damage_healed":0.0,"max_hp_gain":0.0,"max_hp_loss":0.0,"gold_gain":0.0,"event_name":"Back to Basics","player_choice":"Elegance","floor":20.0,"gold_loss":0.0,"damage_taken":0.0},{"damage_healed":0.0,"max_hp_gain":0.0,"max_hp_loss":0.0,"gold_gain":0.0,"event_name":"Addict","player_choice":"Obtained Relic","floor":21.0,"gold_loss":85.0,"damage_taken":0.0,"relics_obtained":["Letter Opener"]},{"damage_healed":0.0,"max_hp_gain":0.0,"max_hp_loss":0.0,"gold_gain":0.0,"event_name":"Forgotten Altar","player_choice":"Gave Idol","floor":22.0,"relics_lost":["Golden Idol"],"gold_loss":0.0,"damage_taken":0.0,"relics_obtained":["Bloody Idol"]}],"is_beta":false,"boss_relics":[{"not_picked":["HoveringKite","Coffee Dripper"],"picked":"Calling Bell"}],"items_purged_floors":[11],"is_endless":false,"potions_floor_spawned":[2,4,16,19],"killed_by":"Gremlin Leader","ascension_level":20}}