{"host":"1pkwkj8mkn7raipg","time":1612105231,"event":{"mods":["BaseMod","LagranYue(¿≠∏Ò¿ °§‘¬)","Minty Spire (QoL Compilation)","Replay The Spire","StSLib","TestMod"],"gold_per_floor":[108,108,120,120,138,138,150,168,168,194,206,206,78,89,89,185,185,194,212,93,107,126,126,169,169,191,191,207,207,224,257,257,365,365,377,26,50,77,100,140,140,200,247,291,251,278,310,336,336,354,354,354,8,49,65],"floor_reached":56,"language":"ZHS","playtime":3443,"items_purged":["Strike_P","Strike_P","Pot Of Greed"],"score":1633,"play_id":"bb4e4fc1-1039-4c0b-8728-47c87f4958e9","local_time":"20210131230031","is_ascension_mode":false,"campfire_choices":[{"data":"Eruption","floor":6.0,"key":"SMITH"},{"floor":12.0,"key":"DIG"},{"floor":15.0,"key":"DIG"},{"floor":23.0,"key":"DIG"},{"floor":25.0,"key":"DIG"},{"floor":32.0,"key":"REST"},{"floor":41,"key":"RECALL"},{"floor":49,"key":"DIG"},{"floor":52,"key":"DIG"}],"circlet_count":0,"master_deck":["Strike_P","Strike_P","Defend_P","Defend_P","Defend_P","Eruption+1","Vigilance","Replay:Battleflow","FlurryOfBlows","EmptyFist","Replay:BluntJabs","ClearTheMind","Replay:LoomingThreat","EmptyBody","Halt","Replay:LoomingThreat+1","Collect+1","ClearTheMind","FlurryOfBlows","Replay:Battleflow","Replay:Battleflow+1","Protect","Replay:Vibes","Consecrate","Worship+1","DevaForm","FlurryOfBlows","Omniscience+1","Pot Of Greed","Pot Of Greed","Brilliance"],"relics":["testmod-TestBox","LagranYue:RandomDrawCardRelic","testmod-Charity","LagranYue:SoulBurningRelic","testmod-D®¶j®§vu","Replay:Purple Gloves","Shovel","Bag of Preparation","Replay:Towering Pillar of Hats","testmod-DeterminationOfClimber","Pen Nib","The Courier","Gambling Chip","testmod-ConstraintPeriapt","ReplayTheSpireMod:Lightbulb","testmod-CardMagician","Membership Card","LagranYue:GuideDeadRelic","Counterbalance","Unceasing Top","PreservedInsect","testmod-IndustrialRevolution","Replay:Rubber Ducky","Grinning Jar","Mercury Hourglass","HandDrill","Mummified Hand","Bronze Scales","Strawberry","Bag of Marbles"],"acts_visited":["Exordium","TheCity","TheBeyond","TheEnding"],"potions_floor_usage":[55,55],"damage_taken":[{"damage":0.0,"enemies":"2 Louse","floor":1.0,"turns":2.0},{"damage":0.0,"enemies":"Small Slimes","floor":3.0,"turns":2.0},{"damage":3.0,"enemies":"Jaw Worm","floor":5.0,"turns":2.0},{"damage":3.0,"enemies":"Lots of Slimes","floor":7.0,"turns":3.0},{"damage":0.0,"enemies":"Looter","floor":8.0,"turns":1.0},{"damage":0.0,"enemies":"3 Sentries","floor":10.0,"turns":3.0},{"damage":8.0,"enemies":"Exordium Wildlife","floor":11.0,"turns":3.0},{"damage":0.0,"enemies":"Exordium Thugs","floor":14.0,"turns":2.0},{"damage":15.0,"enemies":"Fading Forest","floor":16.0,"turns":11.0},{"damage":0.0,"enemies":"Shell Parasite","floor":18.0,"turns":2.0},{"damage":0.0,"enemies":"Chosen","floor":19.0,"turns":1.0},{"damage":0.0,"enemies":"Centurion and Healer","floor":21.0,"turns":1.0},{"damage":0.0,"enemies":"Snecko","floor":22.0,"turns":1.0},{"damage":0.0,"enemies":"Replay:Snechameleon","floor":24.0,"turns":2.0},{"damage":0.0,"enemies":"Snake Plant","floor":28.0,"turns":2.0},{"damage":0.0,"enemies":"Centurion and Healer","floor":30.0,"turns":2.0},{"damage":0.0,"enemies":"Slavers","floor":31.0,"turns":2.0},{"damage":0.0,"enemies":"Automaton","floor":33.0,"turns":2.0},{"damage":0.0,"enemies":"3 Shapes","floor":35.0,"turns":2.0},{"damage":0,"enemies":"Orb Walker","floor":37,"turns":1},{"damage":0,"enemies":"3 Darklings","floor":38,"turns":1},{"damage":0,"enemies":"Sphere and 2 Shapes","floor":39,"turns":1},{"damage":0,"enemies":"Nemesis","floor":40,"turns":1},{"damage":0,"enemies":"2 Orb Walkers","floor":42,"turns":1},{"damage":2,"enemies":"R_Hoarder","floor":44,"turns":2},{"damage":0,"enemies":"Jaw Worm Horde","floor":46,"turns":1},{"damage":0,"enemies":"Giant Head","floor":47,"turns":1},{"damage":0,"enemies":"Writhing Mass","floor":48,"turns":1},{"damage":0,"enemies":"Donu and Deca","floor":50,"turns":1},{"damage":0,"enemies":"Shield and Spear","floor":54,"turns":1},{"damage":111,"enemies":"The Heart","floor":55,"turns":4}],"seed_played":"-1143386472974836181","potions_obtained":[{"floor":1.0,"key":"SpeedPotion"},{"floor":10.0,"key":"DuplicationPotion"},{"floor":14.0,"key":"Toxic Potion"},{"floor":16.0,"key":"testmod-TimePotion"}],"is_trial":false,"path_per_floor":["M","?","M","?","M","R","M","M","T","E","M","R","$","M","R","B",null,"M","M","$","M","M","R","E","R","T","?","M","?","M","E","R","B",null,"M","$","M","M","M","E","R","?","T","E","?","M","E","M","R","B",null,"R","$","E","B",null],"character_chosen":"WATCHER","items_purchased":["EmptyBody","FlurryOfBlows","Replay:Battleflow","Membership Card","LagranYue:GuideDeadRelic","Omniscience","HandDrill","Mummified Hand","Bronze Scales","Strawberry"],"campfire_rested":1,"item_purchase_floors":[13,20,20,36,36,36,53,53,53,53],"current_hp_per_floor":[72,65,65,53,50,50,47,47,47,47,39,39,39,39,39,32,81,81,86,86,90,95,95,107,107,107,107,111,79,83,86,136,146,195,196,196,204,216,228,237,237,243,243,256,256,262,268,280,280,298,323,323,329,340,245],"gold":65,"neow_bonus":"BOSS_RELIC","is_daily":false,"chose_seed":false,"campfire_upgraded":1,"win_rate":0.0,"timestamp":1612105231,"path_taken":["M","?","M","?","M","R","M","M","T","E","M","R","$","M","R","BOSS","M","M","$","M","M","R","E","R","T","?","?","?","M","E","R","BOSS","M","$","M","M","M","E","R","?","T","E","?","?","E","M","R","BOSS","R","$","E","BOSS"],"items_purchased_type":["Card","Card","Card","Relic","Relic","Card","Relic","Relic","Relic","Relic"],"build_version":"2020-12-22","purchased_purges":3,"victory":true,"max_hp_per_floor":[73,73,74,74,75,75,76,77,77,78,79,79,79,80,80,81,81,87,97,97,110,120,120,130,130,131,131,144,149,160,172,172,195,195,204,204,215,223,233,242,242,250,251,259,259,264,278,293,293,323,323,323,330,343,375],"card_choices":[{"not_picked":["EmptyFist","Crescendo"],"picked":"Replay:Battleflow","floor":1.0},{"not_picked":["Indignation","Scrawl"],"picked":"FlurryOfBlows","floor":3.0},{"not_picked":["Fasting2","Crescendo"],"picked":"EmptyFist","floor":5.0},{"not_picked":["CarveReality","SashWhip"],"picked":"Replay:BluntJabs","floor":7.0},{"not_picked":["Replay:ManipulateFuture","CarveReality","SignatureMove"],"picked":"SKIP","floor":8.0},{"not_picked":["Replay:AtTheReady","Replay:BluntJabs"],"picked":"ClearTheMind","floor":10.0},{"not_picked":["EmptyFist","Wallop"],"picked":"Replay:LoomingThreat","floor":11.0},{"not_picked":["JustLucky","EmptyBody"],"picked":"Halt","floor":14.0},{"not_picked":["Judgement","DevaForm"],"picked":"Replay:LoomingThreat","floor":16.0},{"not_picked":["SashWhip","EmptyFist"],"picked":"Collect+1","floor":18.0},{"not_picked":["Replay:AtTheReady","LikeWater"],"picked":"ClearTheMind","floor":19.0},{"not_picked":["Crescendo","Meditate"],"picked":"Replay:Battleflow+1","floor":21.0},{"not_picked":["Conclude+1","JustLucky"],"picked":"Protect","floor":22.0},{"not_picked":["ThirdEye","WindmillStrike"],"picked":"Replay:Vibes","floor":24.0},{"not_picked":["BowlingBash","ClearTheMind+1"],"picked":"Consecrate","floor":28.0},{"not_picked":["DeceiveReality","EmptyFist","Meditate"],"picked":"SKIP","floor":30.0},{"not_picked":["Protect+1","SignatureMove"],"picked":"Worship+1","floor":31.0},{"not_picked":["DeusExMachina","Replay:AllIn"],"picked":"DevaForm","floor":33.0},{"not_picked":["FollowUp+1","EmptyFist+1"],"picked":"FlurryOfBlows","floor":35.0},{"not_picked":["Protect","Conclude","Nirvana+1"],"picked":"SKIP","floor":37},{"not_picked":["Consecrate","Replay:Vibes","CrushJoints+1"],"picked":"SKIP","floor":38},{"not_picked":["EmptyFist","Crescendo+1","PathToVictory"],"picked":"SKIP","floor":39},{"not_picked":["DeceiveReality","Protect","PathToVictory"],"picked":"SKIP","floor":40},{"not_picked":["Vengeance","Crescendo","Meditate+1"],"picked":"SKIP","floor":44},{"not_picked":["EmptyFist+1","Nirvana+1","Halt"],"picked":"SKIP","floor":46},{"not_picked":["Replay:DivineShield","WaveOfTheHand+1","DeceiveReality+1"],"picked":"SKIP","floor":47},{"not_picked":["Replay:DivineShield+1","WaveOfTheHand+1","Consecrate"],"picked":"SKIP","floor":48},{"not_picked":["BattleHymn+1","Adaptation+1"],"picked":"Brilliance","floor":54}],"player_experience":399018,"relics_obtained":[{"floor":9.0,"key":"Replay:Purple Gloves"},{"floor":10.0,"key":"Shovel"},{"floor":12.0,"key":"Bag of Preparation"},{"floor":15.0,"key":"Replay:Towering Pillar of Hats"},{"floor":23.0,"key":"Pen Nib"},{"floor":24.0,"key":"The Courier"},{"floor":25.0,"key":"Gambling Chip"},{"floor":31.0,"key":"ReplayTheSpireMod:Lightbulb"},{"floor":40,"key":"Counterbalance"},{"floor":42,"key":"Unceasing Top"},{"floor":43,"key":"PreservedInsect"},{"floor":44,"key":"testmod-IndustrialRevolution"},{"floor":47,"key":"Replay:Rubber Ducky"},{"floor":49,"key":"Grinning Jar"},{"floor":52,"key":"Mercury Hourglass"},{"floor":54,"key":"Bag of Marbles"}],"event_choices":[{"cards_removed":["Defend_P"],"damage_healed":0.0,"max_hp_gain":0.0,"max_hp_loss":0.0,"gold_gain":0.0,"event_name":"Golden Wing","player_choice":"Card Removal","floor":2.0,"gold_loss":0.0,"damage_taken":7.0},{"damage_healed":0.0,"max_hp_gain":0.0,"max_hp_loss":0.0,"gold_gain":0.0,"event_name":"Scrap Ooze","player_choice":"Success","floor":4.0,"gold_loss":0.0,"damage_taken":12.0,"relics_obtained":["testmod-D®¶j®§vu"]},{"damage_healed":0.0,"max_hp_gain":5.0,"max_hp_loss":0.0,"gold_gain":0.0,"event_name":"Forgotten Altar","player_choice":"Shed Blood","floor":29.0,"gold_loss":0.0,"damage_taken":36.0},{"damage_healed":0,"gold_gain":0,"player_choice":"Fight","damage_taken":0,"max_hp_gain":0,"max_hp_loss":0,"event_name":"Mysterious Sphere","floor":42,"gold_loss":0},{"damage_healed":0,"gold_gain":0,"player_choice":"Upgraded Two","damage_taken":0,"max_hp_gain":0,"max_hp_loss":0,"event_name":"Designer","floor":45,"gold_loss":40,"cards_upgraded":["Replay:LoomingThreat","Omniscience"]}],"is_beta":false,"boss_relics":[{"not_picked":["Velvet Choker","Ring of Chaos"],"picked":"testmod-DeterminationOfClimber"},{"not_picked":["ChewingGum","Runic Dome"],"picked":"testmod-CardMagician"}],"items_purged_floors":[13,36,53],"is_endless":false,"potions_floor_spawned":[1,10,14,16,19,22,24,28,33,38,40,42,44,46,47],"ascension_level":0}}