{"host":"kn32u0f2pym5bozc","time":1612079891,"event":{"mods":["2.2 Compatiblity","BaseMod","Better Third Choice","Minty Spire (QoL Compilation)","Permanent Neow","Relic Stats","StSLib","The Animator"],"gold_per_floor":[99,99,99,24,24,24,24,24,24,24,24,24,24,24,24,24,24],"floor_reached":16,"language":"ENG","playtime":876,"items_purged":[],"score":194,"play_id":"11bd2ade-f1a7-403b-9e3f-153fc30ae371","local_time":"20210131025811","is_ascension_mode":true,"campfire_choices":[{"data":"animator:Alexander","floor":6,"key":"SMITH"},{"data":"animator:Konayuki","floor":8,"key":"SMITH"},{"data":"animator:DolaRiku","floor":10,"key":"SMITH"},{"data":"animator:Sloth","floor":15,"key":"SMITH"}],"circlet_count":0,"master_deck":["AscendersBane","animator:Strike_Fate","animator:Defend_Fate+1","animator:Strike","animator:Defend","animator:Defend","animator:Defend","animator:Alexander+1","animator:Rider","animator:Konayuki+1","animator:DolaRiku+1","animator:Shigure","animator:EmiyaShirou","animator:Kaijin","animator:Sloth+1","animator:PandorasActor"],"relics":["animator:TheMissingPiece","animator:PurgingStone","Ectoplasm","Omamori","animator:PurpleTeddyBear","animator:WornHelmet"],"acts_visited":["Exordium"],"potions_floor_usage":[7,16,16],"damage_taken":[{"damage":5,"enemies":"2 Louse","floor":1,"turns":3},{"damage":7,"enemies":"Small Slimes","floor":2,"turns":4},{"damage":0,"enemies":"Cultist","floor":3,"turns":3},{"damage":15,"enemies":"Lagavulin","floor":7,"turns":7},{"damage":0,"enemies":"Blue Slaver","floor":11,"turns":4},{"damage":0,"enemies":"2 Fungi Beasts","floor":12,"turns":4},{"damage":0,"enemies":"Red Slaver","floor":14,"turns":4},{"damage":25,"enemies":"Slime Boss","floor":16,"turns":9}],"seed_played":"296643576784021763","potions_obtained":[{"floor":1,"key":"DuplicationPotion"},{"floor":3,"key":"ColorlessPotion"},{"floor":14,"key":"SteroidPotion"}],"is_trial":false,"path_per_floor":["M","M","M","?","?","R","E","R","T","R","M","M","?","M","R","B"],"character_chosen":"THE_ANIMATOR","items_purchased":[],"campfire_rested":0,"item_purchase_floors":[],"current_hp_per_floor":[49,42,42,42,37,37,22,22,22,22,22,22,22,22,22,0,0],"gold":24,"neow_bonus":"BOSS_RELIC","is_daily":false,"chose_seed":false,"campfire_upgraded":4,"win_rate":0.0,"timestamp":1612079891,"path_taken":["M","M","M","?","?","R","E","R","T","R","M","M","?","?","R","BOSS"],"items_purchased_type":[],"build_version":"2020-12-22","purchased_purges":0,"victory":false,"max_hp_per_floor":[60,60,60,60,60,60,60,60,60,60,60,60,60,60,60,60,60],"relic_stats":{"counters":[8,38],"Ectoplasm":168,"obtain_stats":[{"animator:PurgingStone":0,"animator:TheMissingPiece":0,"animator:PurpleTeddyBear":7,"animator:LivingPicture":0,"Ectoplasm":0,"Omamori":5,"animator:WornHelmet":9},{"animator:PurgingStone":0,"animator:TheMissingPiece":0,"animator:PurpleTeddyBear":4,"animator:LivingPicture":0,"Ectoplasm":0,"Omamori":3,"animator:WornHelmet":4},{"animator:PurgingStone":0,"animator:TheMissingPiece":0,"animator:PurpleTeddyBear":17,"animator:LivingPicture":0,"Ectoplasm":0,"Omamori":10,"animator:WornHelmet":17}]},"card_choices":[{"not_picked":["animator:Souei","animator:Emonzaemon"],"picked":"animator:Konayuki","floor":1},{"not_picked":["animator:Witch","animator:Mikaela"],"picked":"animator:DolaRiku","floor":2},{"not_picked":["animator:LizardPriest","animator:Shuna"],"picked":"animator:Shigure","floor":3},{"not_picked":["animator:SakuraMatou","animator:Alexander"],"picked":"animator:EmiyaShirou","floor":7},{"not_picked":["animator:ElricEdward","animator:Viivi"],"picked":"animator:Kaijin","floor":11},{"not_picked":["animator:Raven","animator:Togame"],"picked":"animator:Sloth","floor":12},{"not_picked":["animator:Arpeggio","animator:Shalltear"],"picked":"animator:PandorasActor","floor":14}],"player_experience":885910,"relics_obtained":[{"floor":7,"key":"animator:PurpleTeddyBear"},{"floor":9,"key":"animator:WornHelmet"}],"event_choices":[{"cards_removed":["animator:Strike"],"damage_healed":0,"gold_gain":0,"player_choice":"Card Removal","damage_taken":0,"max_hp_gain":0,"max_hp_loss":0,"event_name":"The Cleric","floor":4,"gold_loss":75},{"damage_healed":0,"gold_gain":0,"player_choice":"Relic ","damage_taken":5,"max_hp_gain":0,"max_hp_loss":0,"event_name":"betterThird:BetterScrap","floor":5,"gold_loss":0,"cards_obtained":["Offering"]},{"cards_removed":["animator:Strike"],"damage_healed":0,"gold_gain":0,"player_choice":"Purged","damage_taken":0,"max_hp_gain":0,"max_hp_loss":0,"event_name":"Purifier","floor":13,"gold_loss":0}],"is_beta":false,"boss_relics":[],"items_purged_floors":[],"is_endless":false,"potions_floor_spawned":[1,3,14],"killed_by":"Slime Boss","ascension_level":18}}