{"host":"2tgyrzvaa7l04o2e","time":1612099500,"event":{"mods":["BaseMod","Highlight Path","Minty Spire (QoL Compilation)","Permanent Neow","Relic Stats"],"gold_per_floor":[109,122,122,122,122,122,147,165,192,218,239,270,3,17,17,96,96,114,114,137,155,168,193,205,245,257,269,292,315,345,387,399,490,502,529,552,590,552,562,562,562],"floor_reached":40,"language":"ENG","playtime":1870,"items_purged":["Hyperbeam"],"score":798,"play_id":"f77b240a-483b-4689-bc29-1f4425103a15","local_time":"20210131142500","is_ascension_mode":true,"campfire_choices":[{"data":"Electrodynamics","floor":6,"key":"SMITH"},{"floor":15,"key":"REST"},{"floor":27,"key":"REST"},{"floor":32,"key":"REST"}],"circlet_count":0,"master_deck":["AscendersBane","Defend_B","Defend_B","Defend_B","Defend_B","Zap","Dualcast","Compile Driver","Streamline","Electrodynamics+1","Go for the Eyes","Cold Snap","Loop","Echo Form","Coolheaded","Machine Learning","Ball Lightning","Rainbow","Coolheaded","Force Field","Reinforced Body+1","Cold Snap+1","Storm","Buffer","Seek","Coolheaded+1"],"relics":["Cracked Core","Tiny Chest","Pen Nib","Pear","Regal Pillow","DataDisk","Odd Mushroom","Centennial Puzzle","Membership Card","Blood Vial","Sozu","MawBank","Potion Belt","Smiling Mask","Molten Egg 2","Emotion Chip","Nuclear Battery","Akabeko"],"acts_visited":["Exordium","TheCity","TheBeyond"],"potions_floor_usage":[12],"damage_taken":[{"damage":3,"enemies":"2 Louse","floor":1,"turns":3},{"damage":0,"enemies":"Small Slimes","floor":2,"turns":3},{"damage":15,"enemies":"3 Sentries","floor":7,"turns":3},{"damage":0,"enemies":"Cultist","floor":8,"turns":3},{"damage":11,"enemies":"The Mushroom Lair","floor":11,"turns":3},{"damage":17,"enemies":"Lagavulin","floor":12,"turns":5},{"damage":0,"enemies":"Large Slime","floor":14,"turns":4},{"damage":6,"enemies":"The Guardian","floor":16,"turns":11},{"damage":0,"enemies":"Spheric Guardian","floor":18,"turns":3},{"damage":9,"enemies":"Chosen","floor":21,"turns":3},{"damage":16,"enemies":"Snake Plant","floor":22,"turns":3},{"damage":25,"enemies":"Gremlin Leader","floor":23,"turns":7},{"damage":39,"enemies":"Slavers","floor":25,"turns":3},{"damage":2,"enemies":"Snecko","floor":28,"turns":3},{"damage":10,"enemies":"Cultist and Chosen","floor":29,"turns":5},{"damage":15,"enemies":"Snake Plant","floor":30,"turns":3},{"damage":26,"enemies":"Book of Stabbing","floor":31,"turns":5},{"damage":4,"enemies":"Automaton","floor":33,"turns":8},{"damage":0,"enemies":"Orb Walker","floor":35,"turns":3},{"damage":6,"enemies":"3 Darklings","floor":36,"turns":3},{"damage":11,"enemies":"Sphere and 2 Shapes","floor":39,"turns":5},{"damage":73,"enemies":"Giant Head","floor":40,"turns":10}],"seed_played":"-5771865369761985378","potions_obtained":[{"floor":2,"key":"FairyPotion"},{"floor":7,"key":"Dexterity Potion"}],"is_trial":false,"path_per_floor":["M","M","?","?","?","R","E","M","T","T","?","E","$","M","R","B",null,"M","?","T","M","M","E","?","E","T","R","M","M","M","E","R","B",null,"M","M","T","$","M","E"],"character_chosen":"DEFECT","items_purchased":["Membership Card","Echo Form","Blood Vial"],"campfire_rested":3,"item_purchase_floors":[13,13,13],"current_hp_per_floor":[61,61,50,50,50,50,45,45,45,45,34,17,17,19,58,54,74,76,76,76,69,55,32,32,24,24,63,63,55,42,18,57,55,75,77,73,73,73,64,0,0],"gold":562,"neow_bonus":"RANDOM_COMMON_RELIC","is_daily":false,"chose_seed":false,"campfire_upgraded":1,"win_rate":0.0,"timestamp":1612099500,"path_taken":["M","M","?","?","?","R","E","M","T","?","?","E","?","M","R","BOSS","M","?","?","?","M","E","?","E","T","R","M","?","M","E","R","BOSS","M","M","?","$","M","E"],"items_purchased_type":["Relic","Card","Relic"],"build_version":"2020-12-22","purchased_purges":1,"victory":false,"max_hp_per_floor":[71,71,71,71,71,71,81,81,81,81,81,81,81,81,81,81,81,81,81,81,81,81,81,81,81,81,81,81,81,81,81,81,81,81,81,81,81,81,81,81,81],"relic_stats":{"Blood Vial":32,"Sozu":5,"Regal Pillow":45,"Centennial Puzzle":[39],"Emotion Chip":[18,7,9,1,1],"counters":[22,99],"Tiny Chest":3,"Pen Nib":[14],"MawBank":180,"Smiling Mask":-12,"obtain_stats":[{"Potion Belt":24,"Regal Pillow":9,"Pear":7,"Pen Nib":3,"Odd Mushroom":11,"MawBank":23,"Smiling Mask":25,"Akabeko":37,"Nuclear Battery":34,"Blood Vial":13,"Sozu":17,"DataDisk":10,"Centennial Puzzle":12,"Emotion Chip":31,"Tiny Chest":0,"Molten Egg 2":26,"Membership Card":13,"Cracked Core":0},{"Potion Belt":12,"Regal Pillow":4,"Pear":3,"Pen Nib":2,"Odd Mushroom":5,"MawBank":12,"Smiling Mask":13,"Akabeko":20,"Nuclear Battery":18,"Blood Vial":6,"Sozu":8,"DataDisk":4,"Centennial Puzzle":6,"Emotion Chip":17,"Tiny Chest":0,"Molten Egg 2":13,"Membership Card":6,"Cracked Core":0},{"Potion Belt":51,"Regal Pillow":12,"Pear":9,"Pen Nib":6,"Odd Mushroom":15,"MawBank":51,"Smiling Mask":54,"Akabeko":84,"Nuclear Battery":78,"Blood Vial":20,"Sozu":35,"DataDisk":12,"Centennial Puzzle":20,"Emotion Chip":70,"Tiny Chest":0,"Molten Egg 2":54,"Membership Card":20,"Cracked Core":0}]},"card_choices":[{"not_picked":["Stack","Undo"],"picked":"Compile Driver","floor":1},{"not_picked":["Go for the Eyes","Blizzard"],"picked":"Streamline","floor":2},{"not_picked":["Beam Cell","Gash"],"picked":"Go for the Eyes","floor":7},{"not_picked":["Turbo","Barrage","Go for the Eyes"],"picked":"SKIP","floor":8},{"not_picked":["Auto Shields","Gash"],"picked":"Cold Snap","floor":11},{"not_picked":["Streamline","All For One"],"picked":"Loop","floor":12},{"not_picked":["Double Energy","Sweeping Beam"],"picked":"Coolheaded","floor":14},{"not_picked":["Reboot","Multi-Cast"],"picked":"Machine Learning","floor":16},{"not_picked":["Rebound","Leap"],"picked":"Ball Lightning","floor":18},{"not_picked":["Blizzard","Barrage"],"picked":"Coolheaded","floor":21},{"not_picked":["Storm","Leap"],"picked":"Force Field","floor":22},{"not_picked":["Steam","Beam Cell+1","Skim"],"picked":"SKIP","floor":23},{"not_picked":["Redo","Steam"],"picked":"Reinforced Body+1","floor":25},{"not_picked":["Loop","Barrage+1"],"picked":"Cold Snap+1","floor":28},{"not_picked":["Conserve Battery","Hologram"],"picked":"Storm","floor":29},{"not_picked":["Cold Snap+1","Aggregate"],"picked":"Buffer","floor":30},{"not_picked":["Steam","Beam Cell+1","Leap"],"picked":"SKIP","floor":31},{"not_picked":["Multi-Cast","Meteor Strike+1"],"picked":"Seek","floor":33},{"not_picked":["Scrape+1","Beam Cell+1","Darkness"],"picked":"SKIP","floor":35},{"not_picked":["Rebound+1","Recycle","Sweeping Beam+1"],"picked":"SKIP","floor":36},{"not_picked":["Cold Snap+1","Stack"],"picked":"Coolheaded+1","floor":39}],"player_experience":670213,"relics_obtained":[{"floor":7,"key":"Pear"},{"floor":9,"key":"Regal Pillow"},{"floor":10,"key":"DataDisk"},{"floor":11,"key":"Odd Mushroom"},{"floor":12,"key":"Centennial Puzzle"},{"floor":23,"key":"MawBank"},{"floor":24,"key":"Potion Belt"},{"floor":25,"key":"Smiling Mask"},{"floor":26,"key":"Molten Egg 2"},{"floor":31,"key":"Emotion Chip"},{"floor":37,"key":"Akabeko"}],"event_choices":[{"damage_healed":0,"gold_gain":0,"player_choice":"Success","damage_taken":11,"relics_obtained":["Pen Nib"],"max_hp_gain":0,"max_hp_loss":0,"event_name":"Scrap Ooze","floor":3,"gold_loss":0},{"damage_healed":0,"gold_gain":0,"cards_transformed":["Strike_B"],"player_choice":"Change","damage_taken":0,"max_hp_gain":0,"max_hp_loss":0,"event_name":"Living Wall","floor":4,"gold_loss":0,"cards_obtained":["Electrodynamics"]},{"cards_removed":["Strike_B"],"damage_healed":0,"gold_gain":0,"player_choice":"Purged","damage_taken":0,"max_hp_gain":0,"max_hp_loss":0,"event_name":"Purifier","floor":5,"gold_loss":0},{"damage_healed":0,"gold_gain":0,"player_choice":"Fought Mushrooms","damage_taken":0,"max_hp_gain":0,"max_hp_loss":0,"event_name":"Mushrooms","floor":11,"gold_loss":0},{"damage_healed":0,"gold_gain":0,"cards_transformed":["Strike_B","Strike_B"],"player_choice":"Became Test Subject","damage_taken":0,"max_hp_gain":0,"max_hp_loss":0,"event_name":"Drug Dealer","floor":19,"gold_loss":0,"cards_obtained":["Rainbow","Hyperbeam"]},{"damage_healed":0,"gold_gain":0,"player_choice":"Relic","damage_taken":0,"max_hp_gain":0,"max_hp_loss":0,"event_name":"Wheel of Change","floor":24,"gold_loss":0}],"is_beta":false,"boss_relics":[{"not_picked":["Snecko Eye","Busted Crown"],"picked":"Sozu"},{"not_picked":["Coffee Dripper","SlaversCollar"],"picked":"Nuclear Battery"}],"items_purged_floors":[38],"is_endless":false,"potions_floor_spawned":[2,7,11,18,21,31,35,39],"killed_by":"Giant Head","ascension_level":15}}