{"host":"0uumfqrc8aynrssa","time":1612089761,"event":{"mods":["AchievementEnabler","Act Like it!","Aspiration","Astrologer","BaseMod","Better Altar","Better Match","Better Note","Better Sensory Stone","Better Skull","Better Third Choice","Better Vampires","CapriCore","Colored Map","Colored Powertips","Conspire","Downfall","Energized Spire","Friendly Minions","Gensokyo","GifTheSpireLib","Hallownest","Hermit","Highlight Path","Hubris","Infinite Spire","Koishi","Marisa????????","Marked Mod","Minty Spire (QoL Compilation)","Pale of the Ancients","Permanent Neow","Potionbrewer","Random Character Button","Rare Cards Sparkle","Reimu??????","Relic Sorter","Reliquary","Remilia??????","Robot Space Explorer","Shop Mod","Somnambulant","Spicy Shops","Spikes Relics","Spire Arcade","StSLib","Stuff the Spire","The Animator","The Awakened One except there are too many feathers","The Bug Knight","The Cursed","The Hierophant","The Immortal","The Marked","The Problem Sleuth","The Runesmith","The Servant 0.9.4","TheBandit","TheFirefly","Trackpad","Wandering Minibosses","everything is the same but u backflip on backflip","slay the spire mod where everything is the same but ironclad has a cowboy hat"],"gold_per_floor":[111,123,30,30,30,30,42,42,42,42,69,69,82,101,101,203,203,217,217,201,211,45,45,63,63,63],"floor_reached":25,"language":"ENG","playtime":1471,"items_purged":["Strike_G"],"score":203,"play_id":"4b2e3b85-de3d-4085-a664-f0ffdd1c9f0e","local_time":"20210131054241","is_ascension_mode":true,"campfire_choices":[{"data":"Bouncing Flask","floor":6,"key":"SMITH"},{"data":"Backflip","floor":8,"key":"SMITH"},{"floor":12,"key":"REST"},{"data":"conspire:PoisonWeapons","floor":15,"key":"SMITH"},{"floor":23,"key":"REST"}],"circlet_count":0,"master_deck":["Strike_G","Strike_G","Strike_G","Strike_G","Defend_G","Defend_G","Defend_G","Defend_G","Defend_G","Survivor","Neutralize","Bouncing Flask+1","Quick Slash","Footwork","Backflip+1","conspire:PoisonWeapons+1","Well Laid Plans","Envenom","Blur","Caltrops","Enlightenment"],"relics":["Ring of the Snake"],"acts_visited":["Exordium","TheCity"],"potions_floor_usage":[16,20,24,25],"damage_taken":[{"damage":4,"enemies":"Cultist","floor":1,"turns":4},{"damage":4,"enemies":"2 Louse","floor":2,"turns":2},{"damage":0,"enemies":"Small Slimes","floor":7,"turns":4},{"damage":17,"enemies":"The Mushroom Lair","floor":11,"turns":4},{"damage":4,"enemies":"2 Fungi Beasts","floor":13,"turns":3},{"damage":1,"enemies":"3 Louse","floor":14,"turns":3},{"damage":20,"enemies":"Hexaghost","floor":16,"turns":8},{"damage":26,"enemies":"Chosen","floor":18,"turns":5},{"damage":20,"enemies":"2 Thieves","floor":20,"turns":4},{"damage":28,"enemies":"Centurion and Healer","floor":21,"turns":11},{"damage":22,"enemies":"Snecko","floor":24,"turns":6},{"damage":16,"enemies":"Gremlin Leader","floor":25,"turns":3}],"seed_played":"-7970748312154618482","potions_obtained":[{"floor":2,"key":"Explosive Potion"},{"floor":14,"key":"hexamod:SoulburnPotion"},{"floor":16,"key":"potionbrewer:AcidPotion"},{"floor":21,"key":"Fire Potion"}],"is_trial":false,"path_per_floor":["M","M","$","T","?","R","M","R","T","$","?","R","M","M","R","B",null,"M","?","M","M","$","R","M","E"],"character_chosen":"THE_SILENT","items_purchased":["Footwork","Backflip","Enlightenment"],"campfire_rested":2,"item_purchase_floors":[3,3,22],"current_hp_per_floor":[59,55,55,55,55,55,55,55,55,55,38,63,59,58,58,38,84,58,58,38,10,10,35,13,0,0],"gold":63,"neow_bonus":"TWENTY_PERCENT_HP_BONUS","is_daily":false,"chose_seed":false,"campfire_upgraded":3,"win_rate":0.0,"timestamp":1612089761,"path_taken":["M","?","$","?","?","R","M","R","T","$","?","R","M","M","R","BOSS","M","?","M","M","$","R","M","E"],"items_purchased_type":["Card","Card","Card"],"build_version":"2020-12-22","purchased_purges":1,"victory":false,"max_hp_per_floor":[84,84,84,84,84,84,84,84,84,84,84,84,84,84,84,84,84,84,84,84,84,84,84,84,84,84],"card_choices":[{"not_picked":["StuffTheSpire:DoubleShiv","Dodge and Roll"],"picked":"Bouncing Flask","floor":1},{"not_picked":["Dagger Throw","Dash"],"picked":"Quick Slash","floor":2},{"not_picked":["StuffTheSpire:BrimstoneBlast","Footwork"],"picked":"conspire:PoisonWeapons","floor":7},{"not_picked":["Acrobatics","StuffTheSpire:Injection","StuffTheSpire:Python"],"picked":"SKIP","floor":13},{"not_picked":["Blade Dance","Tools of the Trade"],"picked":"Well Laid Plans","floor":14},{"not_picked":["Unload","Die Die Die"],"picked":"Envenom","floor":16},{"not_picked":["Sucker Punch","StuffTheSpire:Python","StuffTheSpire:ClusterCrunch"],"picked":"SKIP","floor":18},{"not_picked":["Choke","hubris:SlightOfHand"],"picked":"Blur","floor":20},{"not_picked":["Dagger Spray+1","Blade Dance"],"picked":"Caltrops","floor":21},{"not_picked":["StuffTheSpire:ClusterCrunch","hubris:SlightOfHand","Prepared"],"picked":"SKIP","floor":24}],"player_experience":950760,"relics_obtained":[],"event_choices":[{"damage_healed":0,"gold_gain":0,"player_choice":"Leave","damage_taken":0,"max_hp_gain":0,"max_hp_loss":0,"event_name":"conspire:Investor","floor":5,"gold_loss":0},{"damage_healed":0,"gold_gain":0,"player_choice":"Fought Mushrooms","damage_taken":0,"max_hp_gain":0,"max_hp_loss":0,"event_name":"Mushrooms","floor":11,"gold_loss":0},{"damage_healed":0,"gold_gain":0,"player_choice":"Ignored","damage_taken":0,"max_hp_gain":0,"max_hp_loss":0,"event_name":"WeMeetAgain","floor":19,"gold_loss":0}],"is_beta":false,"boss_relics":[{"not_picked":["energizedSpire:EnergizedDie","aspiration:MobileForge","WristBlade"]}],"items_purged_floors":[22],"is_endless":false,"potions_floor_spawned":[2,14,16,21],"killed_by":"Gremlin Leader","ascension_level":1}}