{"host":"bxd97rc2ofc6op20","time":1612080494,"event":{"mods":["BaseMod","Colored Map","Colored Powertips","Googly Eyes","Highlight Path","Minty Spire (QoL Compilation)","Quick Restart","Rare Cards Sparkle"],"gold_per_floor":[110,127,141,160,178,209,209,484,533,560,579,590,590,560,560,662,662,675,62,62,62,80,108,108,138,138,168,168,168,168,168],"floor_reached":30,"language":"ENG","playtime":2240,"items_purged":["Strike_R"],"score":431,"play_id":"cc2969ae-1012-4ac6-8407-3391b36921db","local_time":"20210131000814","is_ascension_mode":true,"campfire_choices":[{"data":"Immolate","floor":7.0,"key":"SMITH"},{"data":"Metallicize","floor":13.0,"key":"SMITH"},{"data":"Burning Pact","floor":15.0,"key":"SMITH"},{"data":"Demon Form","floor":24.0,"key":"SMITH"},{"data":"Whirlwind","floor":28,"key":"SMITH"}],"circlet_count":0,"master_deck":["Strike_R+1","Strike_R","Strike_R","Defend_R","Defend_R","Defend_R","Defend_R","Bash+1","Immolate+1","Shrug It Off","Bloodletting","Metallicize+1","Disarm","Shrug It Off","Ghostly Armor","Regret","Metallicize","Burning Pact+1","Demon Form+1","Sever Soul","Whirlwind+1","Power Through","Offering+1"],"relics":["Burning Blood","HornCleat","Whetstone","Singing Bowl","Mark of Pain","Ice Cream","Question Card","Blue Candle","Boot","Toxic Egg 2","Self Forming Clay","Pear","Enchiridion"],"acts_visited":["Exordium","TheCity"],"potions_floor_usage":[27],"damage_taken":[{"damage":7.0,"enemies":"Jaw Worm","floor":1.0,"turns":2.0},{"damage":0.0,"enemies":"Cultist","floor":2.0,"turns":2.0},{"damage":0.0,"enemies":"2 Louse","floor":3.0,"turns":2.0},{"damage":0.0,"enemies":"Exordium Wildlife","floor":4.0,"turns":2.0},{"damage":28.0,"enemies":"Large Slime","floor":5.0,"turns":7.0},{"damage":20.0,"enemies":"Gremlin Nob","floor":6.0,"turns":4.0},{"damage":26.0,"enemies":"Lagavulin","floor":10.0,"turns":8.0},{"damage":4.0,"enemies":"2 Fungi Beasts","floor":11.0,"turns":3.0},{"damage":0.0,"enemies":"Exordium Wildlife","floor":12.0,"turns":1.0},{"damage":8.0,"enemies":"Exordium Thugs","floor":14.0,"turns":6.0},{"damage":27.0,"enemies":"Slime Boss","floor":16.0,"turns":13.0},{"damage":7.0,"enemies":"Chosen","floor":18.0,"turns":5.0},{"damage":4.0,"enemies":"Shell Parasite","floor":22.0,"turns":4.0},{"damage":0.0,"enemies":"Slavers","floor":23.0,"turns":1.0},{"damage":41.0,"enemies":"Book of Stabbing","floor":25.0,"turns":8.0},{"damage":28,"enemies":"Slavers","floor":27,"turns":6},{"damage":40,"enemies":"Gremlin Leader","floor":30,"turns":5}],"seed_played":"1974757217109685905","potions_obtained":[{"floor":2.0,"key":"Strength Potion"},{"floor":5.0,"key":"Energy Potion"},{"floor":6.0,"key":"ElixirPotion"},{"floor":10.0,"key":"Explosive Potion"},{"floor":11.0,"key":"ColorlessPotion"},{"floor":12.0,"key":"FearPotion"},{"floor":16.0,"key":"BlessingOfTheForge"},{"floor":18.0,"key":"DuplicationPotion"},{"floor":23.0,"key":"BloodPotion"},{"floor":25.0,"key":"SpeedPotion"}],"is_trial":false,"path_per_floor":["M","M","M","M","M","E","R","?","T","E","M","M","R","M","R","B",null,"M","$","?","T","M","E","R","E","T","E","R","?","E"],"character_chosen":"IRONCLAD","items_purchased":["Ice Cream","Question Card"],"campfire_rested":0,"item_purchase_floors":[19,19],"current_hp_per_floor":[79,80,80,80,58,44,44,44,44,24,28,34,34,34,34,13,66,65,65,65,65,67,75,75,57,57,47,47,31,0,0],"gold":168,"neow_bonus":"TRANSFORM_CARD","is_daily":false,"chose_seed":false,"campfire_upgraded":5,"win_rate":0.0,"timestamp":1612080494,"path_taken":["M","M","M","M","M","E","R","?","T","E","M","?","R","M","R","BOSS","M","$","?","?","M","E","R","E","T","E","R","?","E"],"items_purchased_type":["Relic","Relic"],"build_version":"2020-12-22","purchased_purges":1,"victory":false,"max_hp_per_floor":[80,80,80,80,80,80,80,80,80,80,82,82,82,84,84,84,84,84,84,84,84,84,86,86,86,86,98,98,98,98,98],"card_choices":[{"not_picked":["Armaments","Headbutt"],"picked":"Shrug It Off","floor":1.0},{"not_picked":["Wild Strike","Perfected Strike"],"picked":"Bloodletting","floor":2.0},{"not_picked":["Armaments","Perfected Strike"],"picked":"Metallicize","floor":3.0},{"not_picked":["Reckless Charge","Flex"],"picked":"Disarm","floor":4.0},{"not_picked":["Headbutt","Blood for Blood"],"picked":"Shrug It Off","floor":5.0},{"not_picked":["Shrug It Off","Entrench"],"picked":"Ghostly Armor","floor":6.0},{"not_picked":["Brutality","Clash"],"picked":"Metallicize","floor":10.0},{"not_picked":["Headbutt","Sever Soul","Combust"],"picked":"Singing Bowl","floor":11.0},{"not_picked":["Twin Strike","True Grit"],"picked":"Burning Pact","floor":12.0},{"not_picked":["Sword Boomerang","Havoc","Body Slam"],"picked":"Singing Bowl","floor":14.0},{"not_picked":["Feed","Double Tap"],"picked":"Demon Form","floor":16.0},{"not_picked":["Heavy Blade","Rupture"],"picked":"Sever Soul","floor":18.0},{"not_picked":["Dual Wield","Headbutt","Twin Strike"],"picked":"Power Through","floor":22.0},{"not_picked":["Twin Strike","Corruption","Warcry","Heavy Blade+1"],"picked":"Singing Bowl","floor":23.0},{"not_picked":["Perfected Strike","True Grit+1","Wild Strike"],"picked":"Offering+1","floor":25.0},{"not_picked":["Clash+1","Power Through+1","Inflame","Cleave+1"],"picked":"Singing Bowl","floor":27}],"player_experience":418987,"relics_obtained":[{"floor":6.0,"key":"HornCleat"},{"floor":9.0,"key":"Whetstone"},{"floor":10.0,"key":"Singing Bowl"},{"floor":21.0,"key":"Blue Candle"},{"floor":23.0,"key":"Boot"},{"floor":25.0,"key":"Toxic Egg 2"},{"floor":26.0,"key":"Self Forming Clay"},{"floor":27,"key":"Pear"},{"floor":29,"key":"Enchiridion"}],"event_choices":[{"damage_healed":0.0,"max_hp_gain":0.0,"max_hp_loss":0.0,"gold_gain":275.0,"event_name":"Golden Shrine","player_choice":"Desecrate","floor":8.0,"gold_loss":0.0,"damage_taken":0.0,"cards_obtained":["Regret"]},{"damage_healed":0.0,"max_hp_gain":0.0,"max_hp_loss":0.0,"gold_gain":0.0,"event_name":"The Library","player_choice":"Read","floor":20.0,"gold_loss":0.0,"damage_taken":0.0,"cards_obtained":["Whirlwind"]},{"damage_healed":0,"gold_gain":0,"player_choice":"Obtained Book","damage_taken":16,"max_hp_gain":0,"max_hp_loss":0,"event_name":"Cursed Tome","floor":29,"gold_loss":0}],"is_beta":false,"boss_relics":[{"not_picked":["Coffee Dripper","SlaversCollar"],"picked":"Mark of Pain"}],"items_purged_floors":[19],"is_endless":false,"potions_floor_spawned":[2,5,6,10,11,12,16,18,23,25],"killed_by":"Gremlin Leader","ascension_level":5}}