{"host":"grblgsn3zizbz04e","time":1612051433,"event":{"mods":["BaseMod","BetterRewards","Colored Map","Colored Powertips","Googly Eyes","Minty Spire (QoL Compilation)","Rare Cards Sparkle","Reliquary","Shop Mod","StSLib"],"gold_per_floor":[111,81,92,107,30,30,40,69,151,181,28,46,46,46,46,145,145,159,169,369,388,91,91,118,118,118],"floor_reached":25,"language":"ENG","playtime":840,"items_purged":["Strike_G"],"score":231,"play_id":"01a72511-6885-4c60-8669-bb4ae7d0cffe","local_time":"20210131000353","is_ascension_mode":false,"campfire_choices":[{"data":"Catalyst","floor":6,"key":"SMITH"},{"data":"Malaise","floor":13,"key":"SMITH"},{"data":"Deadly Poison","floor":15,"key":"SMITH"}],"circlet_count":0,"master_deck":["Strike_G","Defend_G","Defend_G","Defend_G","Defend_G","Survivor","Neutralize","Escape Plan","Catalyst+1","Crippling Poison","Deadly Poison+1","Flechettes","Malaise+1","After Image","Blur","Heel Hook+1","Backflip+1","Footwork","Well Laid Plans","Tactician"],"relics":["Empty Cage","Peace Pipe","TwistedFunnel","reliquary:RedPaperclip","Lantern","reliquary:OuijaBoard"],"acts_visited":["Exordium","TheCity"],"potions_floor_usage":[8,10,24],"damage_taken":[{"damage":1,"enemies":"Cultist","floor":1,"turns":4},{"damage":2,"enemies":"Small Slimes","floor":3,"turns":5},{"damage":0,"enemies":"2 Louse","floor":4,"turns":4},{"damage":8,"enemies":"Lots of Slimes","floor":7,"turns":3},{"damage":9,"enemies":"3 Sentries","floor":8,"turns":9},{"damage":8,"enemies":"Lagavulin","floor":10,"turns":6},{"damage":7,"enemies":"Looter","floor":12,"turns":2},{"damage":1,"enemies":"Hexaghost","floor":16,"turns":10},{"damage":0,"enemies":"3 Byrds","floor":18,"turns":5},{"damage":0,"enemies":"Spheric Guardian","floor":19,"turns":2},{"damage":14,"enemies":"Centurion and Healer","floor":21,"turns":6},{"damage":9,"enemies":"Slavers","floor":24,"turns":6},{"damage":0,"enemies":"Snake Plant","floor":25,"turns":1}],"seed_played":"8897579710560571532","potions_obtained":[{"floor":1,"key":"Energy Potion"},{"floor":2,"key":"GamblersBrew"},{"floor":2,"key":"Dexterity Potion"},{"floor":4,"key":"CultistPotion"},{"floor":7,"key":"DuplicationPotion"},{"floor":8,"key":"Explosive Potion"},{"floor":12,"key":"Fire Potion"},{"floor":19,"key":"BlessingOfTheForge"}],"is_trial":false,"path_per_floor":["M","?","M","M","$","R","M","E","T","E","$","M","R","?","R","B",null,"M","M","?","M","$","?","E","M"],"character_chosen":"THE_SILENT","items_purchased":["Crippling Poison","TwistedFunnel","Footwork","Lantern"],"campfire_rested":0,"item_purchase_floors":[5,11,22,22],"current_hp_per_floor":[69,69,67,67,67,67,59,50,50,42,42,35,35,35,35,34,70,70,70,70,56,56,56,47,47,47],"gold":118,"neow_bonus":"BOSS_RELIC","is_daily":false,"chose_seed":false,"campfire_upgraded":3,"win_rate":0.0,"timestamp":1612051433,"path_taken":["M","?","M","M","$","R","?","E","T","E","$","M","R","?","R","BOSS","M","M","?","?","$","?","E","M"],"items_purchased_type":["Card","Relic","Card","Relic"],"build_version":"2020-12-22","purchased_purges":1,"victory":false,"max_hp_per_floor":[70,70,70,70,70,70,70,70,70,70,70,70,70,70,70,70,70,70,70,70,70,70,70,70,70,70],"card_choices":[{"not_picked":["Calculated Gamble","Tactician"],"picked":"Escape Plan","floor":1},{"not_picked":["Slice","Finisher","Well Laid Plans"],"picked":"SKIP","floor":3},{"not_picked":["Deflect","Acrobatics"],"picked":"Catalyst","floor":4},{"not_picked":["Acrobatics","Backstab"],"picked":"Deadly Poison","floor":7},{"not_picked":["Dagger Throw","Dodge and Roll"],"picked":"Flechettes","floor":8},{"not_picked":["Adrenaline","Catalyst"],"picked":"Malaise","floor":10},{"not_picked":["Acrobatics","Expertise","Well Laid Plans"],"picked":"SKIP","floor":12},{"not_picked":["Venomology","Bullet Time"],"picked":"After Image","floor":16},{"not_picked":["Dodge and Roll","Quick Slash"],"picked":"Blur","floor":18},{"not_picked":["Sucker Punch","Masterful Stab"],"picked":"Heel Hook+1","floor":19},{"not_picked":["Outmaneuver","Dodge and Roll"],"picked":"Backflip+1","floor":21},{"not_picked":["Bane","Blur","Bullet Time"],"picked":"SKIP","floor":24}],"player_experience":820247,"relics_obtained":[{"floor":8,"key":"Peace Pipe"},{"floor":9,"key":"StrikeDummy"},{"floor":10,"key":"Bag of Preparation"},{"floor":24,"key":"reliquary:OuijaBoard"}],"event_choices":[{"damage_healed":0,"gold_gain":0,"player_choice":"Bought 2 Potions","damage_taken":0,"max_hp_gain":0,"max_hp_loss":0,"event_name":"The Woman in Blue","floor":2,"gold_loss":0},{"damage_healed":0,"gold_gain":0,"player_choice":"Ignored","damage_taken":0,"max_hp_gain":0,"max_hp_loss":0,"event_name":"Golden Wing","floor":14,"gold_loss":0},{"damage_healed":0,"gold_gain":250,"player_choice":"Bet on Owner","damage_taken":0,"max_hp_gain":0,"max_hp_loss":0,"event_name":"The Joust","floor":20,"gold_loss":50},{"damage_healed":0,"gold_gain":0,"cards_transformed":["Strike_G","Strike_G"],"player_choice":"Became Test Subject","damage_taken":0,"max_hp_gain":0,"max_hp_loss":0,"event_name":"Drug Dealer","floor":23,"gold_loss":0,"cards_obtained":["Well Laid Plans","Tactician"]}],"is_beta":false,"boss_relics":[{"not_picked":["Runic Dome","reliquary:Ember"],"picked":"reliquary:RedPaperclip"}],"items_purged_floors":[22],"is_endless":false,"potions_floor_spawned":[1,4,7,8,12,19],"killed_by":"Snake Plant","ascension_level":0}}