{"host":"jwbw4f4imxd0v0b0","time":1612056834,"event":{"mods":["BaseMod","Colored Map","Highlight Path","Minty Spire (QoL Compilation)","Relic Stats","StSLib"],"gold_per_floor":[18,18,30,30,45,74,74,88,88,38,38,38,68,80,80,151,151,165,165,90,108,108,134,134,167,167,187,187,213,229,241,241,313,313,327,47,372,372,372,398,398,417,417,435,17,42,42,52,52,52],"floor_reached":51,"language":"ENG","playtime":3534,"items_purged":["Defend_B"],"score":1432,"play_id":"ef95a903-49d2-49c4-bca0-d3d0eb4fb1e1","local_time":"20210130193354","is_ascension_mode":true,"campfire_choices":[{"floor":7,"key":"REST"},{"data":"Genetic Algorithm","floor":12,"key":"SMITH"},{"data":"Capacitor","floor":15,"key":"SMITH"},{"data":"Ghostly","floor":24,"key":"SMITH"},{"data":"Biased Cognition","floor":32,"key":"SMITH"},{"data":"Biased Cognition","floor":41,"key":"SMITH"},{"data":"Amplify","floor":47,"key":"SMITH"},{"data":"Loop","floor":49,"key":"SMITH"}],"circlet_count":0,"master_deck":["AscendersBane","Defend_B","Defend_B","Defend_B","Zap+1","Dualcast","Biased Cognition+1","Capacitor+1","Genetic Algorithm+1","Capacitor","Self Repair","Compile Driver","Chill","Coolheaded","Core Surge","Static Discharge+1","Core Surge+1","Capacitor","Ghostly","Ghostly+1","Ghostly","Ghostly","Ghostly","Darkness","Coolheaded","Force Field","Loop+1","Biased Cognition+1","Biased Cognition+1","Creative AI","Hologram","Barrage","BootSequence","Ball Lightning","Amplify+1"],"relics":["FrozenCore","Singing Bowl","Pantograph","Cables","Blood Vial","Astrolabe","Art of War","Peace Pipe","Akabeko","Mercury Hourglass","Bag of Marbles","OrangePellets","Old Coin","Bag of Preparation","Frozen Egg 2","TungstenRod","Strawberry"],"acts_visited":["Exordium","TheCity","TheBeyond"],"potions_floor_usage":[6,13,18,23,33,40,50,50],"damage_taken":[{"damage":0.0,"enemies":"Small Slimes","floor":1.0,"turns":3.0},{"damage":3.0,"enemies":"2 Louse","floor":3.0,"turns":2.0},{"damage":1,"enemies":"Cultist","floor":5,"turns":4},{"damage":40,"enemies":"Gremlin Nob","floor":6,"turns":4},{"damage":2,"enemies":"2 Fungi Beasts","floor":8,"turns":3},{"damage":11,"enemies":"Lagavulin","floor":13,"turns":5},{"damage":9,"enemies":"Large Slime","floor":14,"turns":6},{"damage":27,"enemies":"Hexaghost","floor":16,"turns":12},{"damage":0,"enemies":"3 Byrds","floor":18,"turns":3},{"damage":5,"enemies":"Shell Parasite","floor":21,"turns":7},{"damage":5,"enemies":"Book of Stabbing","floor":23,"turns":5},{"damage":0,"enemies":"Slavers","floor":25,"turns":7},{"damage":1,"enemies":"Chosen and Byrds","floor":27,"turns":5},{"damage":8,"enemies":"Gremlin Leader","floor":29,"turns":5},{"damage":0,"enemies":"Centurion and Healer","floor":30,"turns":10},{"damage":1,"enemies":"Snake Plant","floor":31,"turns":4},{"damage":35,"enemies":"Collector","floor":33,"turns":12},{"damage":0,"enemies":"3 Darklings","floor":35,"turns":10},{"damage":0,"enemies":"Mind Bloom Boss Battle","floor":37,"turns":10},{"damage":9,"enemies":"Reptomancer","floor":40,"turns":7},{"damage":0,"enemies":"3 Shapes","floor":42,"turns":5},{"damage":0,"enemies":"Transient","floor":44,"turns":5},{"damage":0,"enemies":"Giant Head","floor":46,"turns":9},{"damage":0,"enemies":"Writhing Mass","floor":48,"turns":8},{"damage":2,"enemies":"Time Eater","floor":50,"turns":8}],"seed_played":"-7557338576537392780","potions_obtained":[{"floor":1.0,"key":"LiquidBronze"},{"floor":5,"key":"ColorlessPotion"},{"floor":8,"key":"Block Potion"},{"floor":16,"key":"ColorlessPotion"},{"floor":18,"key":"Block Potion"},{"floor":23,"key":"Regen Potion"},{"floor":27,"key":"SkillPotion"},{"floor":46,"key":"FocusPotion"},{"floor":48,"key":"ColorlessPotion"}],"is_trial":false,"path_per_floor":["M","?","M","?","M","E","R","M","T","?","?","R","E","M","R","B",null,"M","?","?","M","?","E","R","E","T","M","?","E","M","M","R","B",null,"M","$","?","?","?","E","R","M","T","M","$","E","R","M","R","B",null],"character_chosen":"DEFECT","items_purchased":["OrangePellets","Creative AI","Hologram","TungstenRod","Ball Lightning"],"campfire_rested":1,"item_purchase_floors":[36,36,36,45,45],"current_hp_per_floor":[64,64,61,61,60,20,41,46,46,46,46,46,42,42,42,49,66,71,35,35,35,35,35,35,35,35,37,37,31,39,41,41,13,34,43,43,45,43,43,41,41,45,45,45,45,52,52,54,54,52],"gold":52,"neow_bonus":"THREE_RARE_CARDS","is_daily":false,"chose_seed":false,"campfire_upgraded":7,"win_rate":0.0,"timestamp":1612056834,"path_taken":["M","?","M","?","?","E","R","M","T","?","?","R","E","M","R","BOSS","M","?","?","M","?","E","R","E","T","?","?","E","M","M","R","BOSS","M","$","?","?","?","E","R","M","T","M","$","E","R","M","R","BOSS"],"items_purchased_type":["Relic","Card","Card","Relic","Card"],"build_version":"2020-12-22","purchased_purges":1,"victory":true,"max_hp_per_floor":[71,71,71,71,71,71,71,71,71,71,71,71,71,71,71,71,71,71,35,35,35,35,35,35,35,35,37,37,39,39,41,41,41,41,43,43,45,43,43,43,43,45,45,45,45,52,52,54,54,54],"relic_stats":{"Singing Bowl":14,"counters":[25,159],"Astrolabe":["Static Discharge","Rebound","Core Surge"],"Bag of Preparation":[10],"FrozenCore":[37],"Cables":[133,51,63,19,0],"Mercury Hourglass":[401],"Blood Vial":12,"Peace Pipe":0,"OrangePellets":[17],"Pantograph":25,"Art of War":[55],"obtain_stats":[{"Singing Bowl":6,"Astrolabe":17,"Bag of Preparation":40,"Frozen Egg 2":43,"Akabeko":25,"Cables":11,"Mercury Hourglass":26,"FrozenCore":34,"Old Coin":37,"Blood Vial":13,"Peace Pipe":23,"OrangePellets":36,"Pantograph":9,"Strawberry":46,"Art of War":22,"Bag of Marbles":29,"Cracked Core":0,"TungstenRod":45},{"Singing Bowl":4,"Astrolabe":8,"Bag of Preparation":20,"Frozen Egg 2":21,"Akabeko":12,"Cables":5,"Mercury Hourglass":12,"FrozenCore":17,"Old Coin":19,"Blood Vial":6,"Peace Pipe":11,"OrangePellets":18,"Pantograph":5,"Strawberry":23,"Art of War":10,"Bag of Marbles":14,"Cracked Core":0,"TungstenRod":22},{"Singing Bowl":13,"Astrolabe":39,"Bag of Preparation":124,"Frozen Egg 2":129,"Akabeko":61,"Cables":16,"Mercury Hourglass":61,"FrozenCore":97,"Old Coin":117,"Blood Vial":21,"Peace Pipe":54,"OrangePellets":107,"Pantograph":16,"Strawberry":143,"Art of War":49,"Bag of Marbles":71,"Cracked Core":0,"TungstenRod":134}],"TungstenRod":1},"card_choices":[{"not_picked":["Rainbow","Fission"],"picked":"Biased Cognition","floor":0.0},{"not_picked":["Darkness","Redo"],"picked":"Capacitor","floor":1.0},{"not_picked":["Coolheaded","Skim"],"picked":"Genetic Algorithm","floor":3.0},{"not_picked":["Self Repair","Hello World"],"picked":"Capacitor","floor":5},{"not_picked":["Static Discharge","Storm"],"picked":"Self Repair","floor":6},{"not_picked":["Hologram","Fission"],"picked":"Compile Driver","floor":8},{"not_picked":["Conserve Battery","Steam"],"picked":"Chill","floor":13},{"not_picked":["Hologram","Rebound"],"picked":"Coolheaded","floor":14},{"not_picked":["Biased Cognition","Seek"],"picked":"Core Surge","floor":16},{"not_picked":["Beam Cell","Go for the Eyes"],"picked":"Capacitor","floor":18},{"not_picked":["Hologram+1","Compile Driver"],"picked":"Darkness","floor":21},{"not_picked":["Genetic Algorithm","Redo"],"picked":"Coolheaded","floor":23},{"not_picked":["Tempest","Sweeping Beam"],"picked":"Force Field","floor":25},{"not_picked":["Gash","Barrage","Streamline"],"picked":"Singing Bowl","floor":27},{"not_picked":["Sunder","Blizzard","Go for the Eyes"],"picked":"Singing Bowl","floor":29},{"not_picked":["Go for the Eyes","Reinforced Body"],"picked":"Biased Cognition","floor":30},{"not_picked":["Turbo","Conserve Battery","Steam"],"picked":"Singing Bowl","floor":31},{"not_picked":["Meteor Strike","Creative AI"],"picked":"Biased Cognition","floor":33},{"not_picked":["Rebound","Redo","Go for the Eyes"],"picked":"Singing Bowl","floor":35},{"not_picked":["White Noise","Lockon","Hologram"],"picked":"Singing Bowl","floor":37},{"not_picked":["Aggregate","Hello World"],"picked":"Barrage","floor":40},{"not_picked":["Scrape","Cold Snap","Reinforced Body"],"picked":"Singing Bowl","floor":42},{"not_picked":["Genetic Algorithm","Compile Driver"],"picked":"BootSequence","floor":44},{"not_picked":["Barrage+1","Capacitor+1"],"picked":"Amplify","floor":46},{"not_picked":["Conserve Battery","Leap","Recycle"],"picked":"Singing Bowl","floor":48}],"player_experience":1172938,"relics_obtained":[{"floor":6,"key":"Singing Bowl"},{"floor":9,"key":"Pantograph"},{"floor":13,"key":"Blood Vial"},{"floor":23,"key":"Peace Pipe"},{"floor":25,"key":"Akabeko"},{"floor":26,"key":"Mercury Hourglass"},{"floor":29,"key":"Bag of Marbles"},{"floor":37,"key":"Old Coin"},{"floor":40,"key":"Bag of Preparation"},{"floor":43,"key":"Frozen Egg 2"},{"floor":46,"key":"Strawberry"}],"event_choices":[{"damage_healed":0.0,"max_hp_gain":0.0,"max_hp_loss":0.0,"gold_gain":0.0,"event_name":"Living Wall","player_choice":"Grow","floor":2.0,"gold_loss":0.0,"damage_taken":0.0,"cards_upgraded":["Biased Cognition"]},{"damage_healed":0.0,"max_hp_gain":0.0,"max_hp_loss":0.0,"gold_gain":0.0,"event_name":"Upgrade Shrine","player_choice":"Upgraded","floor":4.0,"gold_loss":0.0,"damage_taken":0.0,"cards_upgraded":["Zap"]},{"cards_removed":["Strike_B"],"damage_healed":0,"gold_gain":0,"player_choice":"Card Removal","damage_taken":0,"max_hp_gain":0,"max_hp_loss":0,"event_name":"The Cleric","floor":10,"gold_loss":50},{"damage_healed":0,"gold_gain":0,"player_choice":"Searched \u00272\u0027 times","damage_taken":0,"relics_obtained":["Cables"],"max_hp_gain":0,"max_hp_loss":0,"event_name":"Dead Adventurer","floor":11,"gold_loss":0},{"damage_healed":0,"gold_gain":0,"player_choice":"Searched \u00272\u0027 times","damage_taken":0,"relics_obtained":["Cables"],"max_hp_gain":0,"max_hp_loss":0,"event_name":"Dead Adventurer","floor":11,"gold_loss":0},{"damage_healed":0,"gold_gain":0,"player_choice":"Became a Ghost","damage_taken":0,"max_hp_gain":0,"max_hp_loss":36,"event_name":"Ghosts","floor":19,"gold_loss":0,"cards_obtained":["Ghostly","Ghostly","Ghostly","Ghostly","Ghostly"]},{"cards_removed":["Rebound"],"damage_healed":0,"gold_gain":0,"player_choice":"Gave Gold","damage_taken":0,"max_hp_gain":0,"max_hp_loss":0,"event_name":"Beggar","floor":20,"gold_loss":75},{"damage_healed":0,"gold_gain":0,"player_choice":"Opened","damage_taken":0,"relics_obtained":["Art of War"],"max_hp_gain":0,"max_hp_loss":0,"event_name":"The Mausoleum","floor":22,"gold_loss":0},{"damage_healed":0,"gold_gain":0,"player_choice":"Read","damage_taken":0,"max_hp_gain":0,"max_hp_loss":0,"event_name":"The Library","floor":28,"gold_loss":0,"cards_obtained":["Loop"]},{"damage_healed":0,"gold_gain":0,"player_choice":"Fight","damage_taken":0,"max_hp_gain":0,"max_hp_loss":0,"event_name":"MindBloom","floor":37,"gold_loss":0},{"damage_healed":0,"gold_gain":0,"player_choice":"Max HP","damage_taken":0,"max_hp_gain":0,"max_hp_loss":2,"event_name":"Winding Halls","floor":38,"gold_loss":0},{"damage_healed":0,"gold_gain":0,"player_choice":"Ignored","damage_taken":0,"max_hp_gain":0,"max_hp_loss":0,"event_name":"Tomb of Lord Red Mask","floor":39,"gold_loss":0}],"is_beta":false,"boss_relics":[{"not_picked":["Runic Pyramid","SlaversCollar"],"picked":"Astrolabe"},{"not_picked":["Inserter","Empty Cage"],"picked":"FrozenCore"}],"items_purged_floors":[45],"is_endless":false,"potions_floor_spawned":[1,5,8,16,18,23,27,31,46,48],"ascension_level":14}}