{"host":"5t6k5h959q0wkklw","time":1612135698,"event":{"mods":["BaseMod","BetterRewards","Conspire","Downfall","Hubris","Infinite Spire","Marisa????????","Minty Spire (QoL Compilation)","Replay The Spire","StSLib","The Necromancer","The Poker Player","The Servant 0.9.4"],"gold_per_floor":[110,110,127,187,199,199,209,209,209,209,223,238,257,277,277,373,373,392,491,491,491,691,724,735,768,842,862,862,872,889,84,84,84,84,84],"floor_reached":33,"language":"ENG","playtime":4928,"items_purged":["downfall:Bewildered"],"score":306,"play_id":"20c97bc9-bdd8-44b2-802d-c97698382e61","local_time":"20210131182818","is_ascension_mode":false,"metric_token":850,"campfire_choices":[{"data":"PokerPlayerMod:Mulligan","floor":6.0,"key":"SMITH"},{"floor":8.0,"key":"REST"},{"data":"PokerPlayerMod:DartThrow","floor":15,"key":"SMITH"},{"data":"PokerPlayerMod:Harden","floor":28,"key":"SMITH"},{"data":"PokerPlayerMod:VarietyAttack","floor":28,"key":"SMITH"},{"floor":32,"key":"DIG"}],"circlet_count":0,"master_deck":["PokerPlayerMod:Diamond1","PokerPlayerMod:Diamond2","PokerPlayerMod:Diamond3","PokerPlayerMod:Diamond4","PokerPlayerMod:Diamond5","PokerPlayerMod:Spade1","PokerPlayerMod:Spade2","PokerPlayerMod:Spade3","PokerPlayerMod:Spade4","PokerPlayerMod:Club1","PokerPlayerMod:Club2","PokerPlayerMod:Heart2","PokerPlayerMod:TrumpStrike+1","PokerPlayerMod:BadJoker","PokerPlayerMod:Mulligan+1","PokerPlayerMod:Club6","PokerPlayerMod:DartThrow+1","PokerPlayerMod:CloakAndDiamond","PokerPlayerMod:ClubsClub","PokerPlayerMod:MagicTrick","PokerPlayerMod:SecretDealer","PokerPlayerMod:Harden+1","PokerPlayerMod:Heart6","PokerPlayerMod:Spade9","PokerPlayerMod:HeartStrike+1","PokerPlayerMod:FlyingCard+1","PokerPlayerMod:CloakAndDiamond","PokerPlayerMod:VarietyAttack+1","PokerPlayerMod:HiddenCard","PokerPlayerMod:SpadeStrike+1","PokerPlayerMod:Fold"],"relics":["PokerPlayerMod:DeckCase","Replay:PocketPolymizer","NlothsMask","Black Star","sneckomod:BabySnecko","Gremlin Food","PokerPlayerMod:BottledPoker","Replay:Baseball","Replay:Arrowhead","conspire:Flyswatter","hubris:Spice","Replay:WaspNest","Replay:Lucky Slots"],"acts_visited":["Exordium","TheCity"],"potions_floor_usage":[23,25],"damage_taken":[{"damage":0.0,"enemies":"Jaw Worm","floor":1.0,"turns":3.0},{"damage":0.0,"enemies":"Small Slimes","floor":3.0,"turns":1.0},{"damage":0.0,"enemies":"2 Louse","floor":5.0,"turns":1.0},{"damage":13.0,"enemies":"Exordium Thugs","floor":7.0,"turns":3.0},{"damage":0,"enemies":"Blue Slaver","floor":11,"turns":2},{"damage":0,"enemies":"Exordium Wildlife","floor":12,"turns":3},{"damage":0,"enemies":"3 Louse","floor":13,"turns":2},{"damage":0,"enemies":"Large Slime","floor":14,"turns":4},{"damage":4,"enemies":"The Guardian","floor":16,"turns":9},{"damage":10,"enemies":"Shell Parasite","floor":18,"turns":6},{"damage":8,"enemies":"Replay:Snechameleon","floor":23,"turns":5},{"damage":4,"enemies":"Chosen","floor":24,"turns":4},{"damage":1,"enemies":"conspire:SneckoGhost","floor":25,"turns":6},{"damage":17,"enemies":"Snake Plant","floor":27,"turns":4},{"damage":22,"enemies":"Snecko","floor":29,"turns":5},{"damage":14,"enemies":"Centurion and Healer","floor":30,"turns":5},{"damage":59,"enemies":"hubris:MusketHawk","floor":33,"turns":6}],"seed_played":"-6435638101096864238","potions_obtained":[{"floor":3.0,"key":"Languid Potion"},{"floor":11,"key":"Elixir"},{"floor":16,"key":"LiquidMemories"},{"floor":23,"key":"SpeedPotion"},{"floor":25,"key":"SkillPotion"}],"is_trial":false,"path_per_floor":["M","?","M","?","M","R","M","R","T","?","M","M","M","M","R","B",null,"M","?","T","?","?","E","M","E","T","M","R","M","M","$","R","B"],"character_chosen":"THE_POKER_PLAYER","items_purchased":["hubris:Spice","Replay:WaspNest","Replay:Lucky Slots"],"campfire_rested":1,"item_purchase_floors":[31,31,31],"current_hp_per_floor":[52,52,52,52,52,52,39,52,52,52,52,52,52,52,52,52,52,47,47,47,47,47,42,46,51,51,41,41,29,22,30,38,0,0,0],"gold":84,"neow_bonus":"RANDOM_EVENT","is_daily":false,"chose_seed":false,"campfire_upgraded":4,"win_rate":0.0,"timestamp":1612135698,"path_taken":["M","?","M","?","M","R","M","R","T","?","M","?","M","M","R","BOSS","M","?","?","?","?","E","M","E","T","M","R","?","M","$","R","BOSS"],"items_purchased_type":["Relic","Relic","Relic"],"build_version":"2020-12-22","purchased_purges":1,"victory":false,"max_hp_per_floor":[52,52,52,52,52,52,52,52,52,52,52,52,52,52,52,52,52,52,52,52,52,52,52,52,52,52,52,52,52,52,60,68,68,68,68],"card_choices":[{"not_picked":["PokerPlayerMod:Spade4","PokerPlayerMod:Spade1"],"picked":"PokerPlayerMod:Club6","floor":1.0},{"not_picked":["PokerPlayerMod:Raise","PokerPlayerMod:MagicTrick"],"picked":"PokerPlayerMod:DartThrow","floor":3.0},{"not_picked":["PokerPlayerMod:DiamondStrike","PokerPlayerMod:Diamond4"],"picked":"PokerPlayerMod:CloakAndDiamond","floor":5.0},{"not_picked":["PokerPlayerMod:Club2","PokerPlayerMod:Diamond1"],"picked":"PokerPlayerMod:ClubsClub","floor":7.0},{"not_picked":["PokerPlayerMod:Extraction","PokerPlayerMod:Diamond2"],"picked":"PokerPlayerMod:MagicTrick","floor":11},{"not_picked":["PokerPlayerMod:Trickery","PokerPlayerMod:PoorCopy"],"picked":"PokerPlayerMod:SecretDealer","floor":12},{"not_picked":["PokerPlayerMod:Diamond10+","PokerPlayerMod:Configure"],"picked":"PokerPlayerMod:Harden","floor":13},{"not_picked":["PokerPlayerMod:Diamond8","PokerPlayerMod:DiamondStrike"],"picked":"PokerPlayerMod:Heart6","floor":14},{"not_picked":["PokerPlayerMod:Spade8","PokerPlayerMod:Diamond10+"],"picked":"PokerPlayerMod:Spade9","floor":16},{"not_picked":["PokerPlayerMod:FillThePot+1","PokerPlayerMod:Raise"],"picked":"PokerPlayerMod:HeartStrike+1","floor":18},{"not_picked":["PokerPlayerMod:Heart10+","PokerPlayerMod:HeartStrike"],"picked":"PokerPlayerMod:FlyingCard+1","floor":23},{"not_picked":["PokerPlayerMod:Spade2","PokerPlayerMod:Spade10+"],"picked":"PokerPlayerMod:CloakAndDiamond","floor":24},{"not_picked":["PokerPlayerMod:Spade4","PokerPlayerMod:Club5"],"picked":"PokerPlayerMod:VarietyAttack","floor":25},{"not_picked":["PokerPlayerMod:Heart4","PokerPlayerMod:Manipulation"],"picked":"PokerPlayerMod:HiddenCard","floor":27},{"not_picked":["PokerPlayerMod:DiamondStrike","PokerPlayerMod:MagicTrick"],"picked":"PokerPlayerMod:SpadeStrike+1","floor":29},{"not_picked":["PokerPlayerMod:HeartStrike","PokerPlayerMod:JackOfSpades+1"],"picked":"PokerPlayerMod:Fold","floor":30}],"player_experience":128673,"relics_obtained":[{"floor":9.0,"key":"Replay:PocketPolymizer"},{"floor":23,"key":"Gremlin Food"},{"floor":23,"key":"PokerPlayerMod:BottledPoker"},{"floor":25,"key":"Replay:Baseball"},{"floor":25,"key":"Replay:Arrowhead"},{"floor":26,"key":"conspire:Flyswatter"},{"floor":32,"key":"hubris:Spice"}],"event_choices":[{"damage_healed":0.0,"max_hp_gain":0.0,"max_hp_loss":0.0,"gold_gain":0.0,"event_name":"Living Wall","player_choice":"Grow","floor":0.0,"gold_loss":0.0,"damage_taken":0.0,"cards_upgraded":["PokerPlayerMod:TrumpStrike"]},{"damage_healed":0.0,"max_hp_gain":0.0,"max_hp_loss":0.0,"gold_gain":60.0,"event_name":"Golden Wing","player_choice":"Gained Gold","floor":4.0,"gold_loss":0.0,"damage_taken":0.0},{"damage_healed":0,"gold_gain":0,"player_choice":"Trade","damage_taken":0,"relics_obtained":["NlothsMask"],"max_hp_gain":0,"max_hp_loss":0,"event_name":"FaceTrader","floor":10,"gold_loss":0},{"damage_healed":0,"gold_gain":99,"player_choice":"Stole From Cult","damage_taken":0,"max_hp_gain":0,"max_hp_loss":0,"event_name":"Nest","floor":19,"gold_loss":0},{"damage_healed":0,"gold_gain":200,"player_choice":"Gold","damage_taken":0,"max_hp_gain":0,"max_hp_loss":0,"event_name":"Wheel of Change","floor":22,"gold_loss":0}],"is_beta":false,"boss_relics":[{"not_picked":["ChewingGum","hubris:VirtuousBlindfold"],"picked":"Black Star"}],"items_purged_floors":[31],"is_endless":false,"potions_floor_spawned":[3,11,16,23,25],"killed_by":"hubris:MusketHawk","ascension_level":0}}