{"host":"v9ordiuf4xzdpttp","time":1612135187,"event":{"mods":["AchievementEnabler","Act Like it!","Aspiration","BaseMod","Better Third Choice","Better Vampires","BetterRewards","CCEM2","Colored Map","Gold Saver","Halation","Hubris","Infinite Spire","Jedi Mod","Marked Mod","Minty Spire (QoL Compilation)","Reliquary","Remove Card Discount Mod","Replay The Spire","Shop Mod","Spicy Shops","StSLib"],"gold_per_floor":[114,133,148,323,323,350,350,378,378,397,407,427,452,469,469,573,573,587,587,587,602,615,644,644,644,644,644,656,656,17,27,27,124,124,138,138,138,138,138,164,175,175,198,198,215,215,215,233,233,233,233],"floor_reached":50,"language":"ENG","playtime":2602,"items_purged":["Defend_G","Defend_G","Doubt"],"score":863,"play_id":"6494b4bf-1d27-4afe-ba1b-ed14c6fe8227","local_time":"20210131181947","is_ascension_mode":true,"campfire_choices":[{"floor":7,"key":"REST"},{"floor":15,"key":"REST"},{"floor":24,"key":"REST"},{"floor":29,"key":"REST"},{"floor":32,"key":"REST"},{"floor":42,"key":"REST"},{"floor":44,"key":"REST"},{"floor":47,"key":"REST"},{"floor":49,"key":"REST"}],"circlet_count":0,"master_deck":["Strike_G","Strike_G","Strike_G","Strike_G","Strike_G","Defend_G","Defend_G","Defend_G","Survivor","Neutralize","Choke","Noxious Fumes","hubris:SlightOfHand+1","Tactician","Prepared","Prepared","jedi:unstablefumes","jedi:poisonivy","Bane","Reflex","Calculated Gamble","Glass Knife","Prepared","Phantasmal Killer","CurseOfTheBell","PiercingWail","ReplayTheSpireMod:Black Plague","ReplayTheSpireMod:??????????????????????","Outmaneuver","jedi:poisonivy","Bandage Up+1","Concentrate","ReplayTheSpireMod:Private Reserves+1","hubris:SlightOfHand","ReplayUltimateDefense+1","Poison Darts","Caltrops+1","ReplayTheSpireMod:Shiv Toss","Dagger Throw","Terror+1","Flying Knee"],"relics":["Ring of the Snake","halation:PromiseList","halation:PinkSoulGem","jedi:crownofsimplicity","aspiration:Lifesprig","infinitespire:Lychee Nut","Calling Bell","reliquary:TatteredRug","Pantograph","jedi:firstaidkit","Smiling Mask","CCEMRelics:DefectiveTurbocharger","reliquary:Aerogel","CCEMRelics:FestiveHat","PreservedInsect","betterThird:NestCultRelic","CCEMRelics:OrganicArmor","hubris:HerbalPaste","hubris:HollowSoul","halation:PapillonHeart","hubris:Towel","halation:EternalFortune","Unceasing Top","Lantern"],"acts_visited":["Exordium","TheCity","TheBeyond"],"potions_floor_usage":[8,12,16,22,31,31,31,31,31,31,40,40,48],"damage_taken":[{"damage":5,"enemies":"2 Louse","floor":1,"turns":3},{"damage":7,"enemies":"Small Slimes","floor":2,"turns":4},{"damage":1,"enemies":"Jaw Worm","floor":3,"turns":3},{"damage":24,"enemies":"Replay:BlueRogue","floor":6,"turns":6},{"damage":2,"enemies":"Gremlin Nob","floor":8,"turns":3},{"damage":9,"enemies":"2 Fungi Beasts","floor":10,"turns":3},{"damage":4,"enemies":"3 Louse","floor":11,"turns":3},{"damage":13,"enemies":"Blue Slaver","floor":12,"turns":3},{"damage":0,"enemies":"3 Sentries","floor":13,"turns":1},{"damage":0,"enemies":"Red Slaver","floor":14,"turns":4},{"damage":0,"enemies":"Slime Boss","floor":16,"turns":3},{"damage":17,"enemies":"3 Byrds","floor":18,"turns":4},{"damage":2,"enemies":"Shell Parasite","floor":21,"turns":4},{"damage":46,"enemies":"Shelled Parasite and Fungi","floor":22,"turns":6},{"damage":55,"enemies":"Slavers","floor":23,"turns":6},{"damage":0,"enemies":"Snake Plant","floor":28,"turns":1},{"damage":16,"enemies":"Snecko","floor":31,"turns":4},{"damage":47,"enemies":"Champ","floor":33,"turns":7},{"damage":0,"enemies":"3 Darklings","floor":35,"turns":1},{"damage":68,"enemies":"Reptomancer","floor":40,"turns":4},{"damage":4,"enemies":"3 Shapes","floor":41,"turns":1},{"damage":62,"enemies":"Spire Growth","floor":45,"turns":5},{"damage":48,"enemies":"Jaw Worm Horde","floor":48,"turns":4},{"damage":20,"enemies":"Awakened One","floor":50,"turns":2}],"seed_played":"6576279022658930203","potions_obtained":[{"floor":3,"key":"Elixir"},{"floor":6,"key":"Adrenaline Potion"},{"floor":11,"key":"Strength Potion"},{"floor":12,"key":"Strength Potion"},{"floor":13,"key":"jedi:StrikingPotion"},{"floor":16,"key":"Elixir"},{"floor":33,"key":"Flashbang"},{"floor":35,"key":"Death Potion"},{"floor":45,"key":"FearPotion"}],"is_trial":false,"path_per_floor":["M","M","M","?","?","E","R","E","T","M","M","M","E","M","R","B",null,"M","AVR","?","M","M","E","R","?","T","?","M","R","$","M","R","B",null,"M","?","?","?","?","E","M","R","T","R","M","?","R","M","R","B"],"character_chosen":"THE_SILENT","items_purchased":["Choke","Noxious Fumes","halation:PromiseList","hubris:SlightOfHand+1","CCEMRelics:OrganicArmor","Concentrate","hubris:HerbalPaste","EntropicBrew"],"campfire_rested":9,"item_purchase_floors":[0,0,0,0,30,30,30,30],"current_hp_per_floor":[58,51,50,50,50,26,47,45,45,36,32,19,19,25,40,45,52,50,50,50,52,35,3,18,10,10,10,10,27,27,32,49,36,57,57,57,54,54,57,13,28,45,45,57,14,14,31,14,31,0,0],"gold":233,"neow_bonus":"","is_daily":false,"chose_seed":false,"campfire_upgraded":0,"win_rate":0.0,"timestamp":1612135187,"path_taken":["M","M","M","?","?","E","R","E","T","M","M","M","E","M","R","BOSS","M","AVR","?","M","M","E","R","?","T","?","M","R","$","M","R","BOSS","M","?","?","?","?","E","?","R","T","R","M","?","R","M","R","BOSS"],"items_purchased_type":["Card","Card","Relic","Card","Relic","Card","Relic","Potion"],"build_version":"2020-12-22","purchased_purges":3,"victory":false,"max_hp_per_floor":[70,70,70,70,70,70,70,70,70,70,70,70,52,52,52,52,52,52,52,52,52,52,52,52,57,57,57,57,57,57,57,57,57,57,57,57,54,54,57,57,57,57,57,57,57,57,57,57,57,57,57],"card_choices":[{"not_picked":["Deadly Poison","Dodge and Roll"],"picked":"Tactician","floor":1},{"not_picked":["All Out Attack","jedi:pocketpoison"],"picked":"Prepared","floor":2},{"not_picked":["Cloak And Dagger","Heel Hook"],"picked":"Prepared","floor":3},{"not_picked":["Quick Slash","Cloak And Dagger"],"picked":"jedi:unstablefumes","floor":6},{"not_picked":["jedi:pocketpoison","Dagger Throw"],"picked":"jedi:poisonivy","floor":8},{"not_picked":["Infinite Blades","Predator"],"picked":"Bane","floor":10},{"not_picked":["Deadly Poison","Sucker Punch"],"picked":"Reflex","floor":11},{"not_picked":["Sucker Punch","Caltrops"],"picked":"Calculated Gamble","floor":12},{"not_picked":["Tactician","jedi:collectorvenom"],"picked":"Glass Knife","floor":13},{"not_picked":["Sucker Punch","Cloak And Dagger"],"picked":"Prepared","floor":14},{"not_picked":["Replay:Bag of Tricks","Die Die Die"],"picked":"Phantasmal Killer","floor":16},{"not_picked":["hubris:Counter","Sneak Up"],"picked":"PiercingWail","floor":18},{"not_picked":["Deadly Poison","Underhanded Strike"],"picked":"Outmaneuver","floor":21},{"not_picked":["Outmaneuver+1","Underhanded Strike"],"picked":"jedi:acidrain","floor":22},{"not_picked":["Backflip","jedi:studypoison"],"picked":"jedi:poisonivy","floor":23},{"not_picked":["Chrysalis+1","Discovery+1"],"picked":"Bandage Up+1","floor":28},{"not_picked":["Leg Sweep","Heel Hook","Dagger Spray"],"picked":"SKIP","floor":28},{"not_picked":["Swift Strike+1","Replay:Sssssssssstrike+1"],"picked":"ReplayTheSpireMod:Private Reserves+1","floor":31},{"not_picked":["Backflip","ReplayTheSpireMod:Tripwire"],"picked":"hubris:SlightOfHand","floor":31},{"not_picked":["ReplayTheSpireMod:Necrogeddon","Madness+1"],"picked":"ReplayUltimateDefense+1","floor":33},{"not_picked":["Tools of the Trade","Venomology"],"picked":"Poison Darts","floor":33},{"not_picked":["Backstab","Choke"],"picked":"Caltrops+1","floor":35},{"not_picked":["Dagger Throw+1","Caltrops+1"],"picked":"ReplayTheSpireMod:Shiv Toss","floor":40},{"not_picked":["ReplayTheSpireMod:Shiv Toss","Leg Sweep"],"picked":"Dagger Throw","floor":41},{"not_picked":["Underhanded Strike+1","ReplayTheSpireMod:Scrap Shanks+1"],"picked":"Terror+1","floor":45},{"not_picked":["Hidden Blade","ReplayTheSpireMod:Exploit Weakness"],"picked":"Flying Knee","floor":48}],"player_experience":244067,"relics_obtained":[{"floor":6,"key":"jedi:crownofsimplicity"},{"floor":8,"key":"aspiration:Lifesprig"},{"floor":13,"key":"infinitespire:Lychee Nut"},{"floor":17,"key":"reliquary:TatteredRug"},{"floor":17,"key":"Pantograph"},{"floor":17,"key":"jedi:firstaidkit"},{"floor":20,"key":"reliquary:Aerogel"},{"floor":23,"key":"CCEMRelics:FestiveHat"},{"floor":26,"key":"PreservedInsect"},{"floor":40,"key":"Unceasing Top"},{"floor":43,"key":"Lantern"}],"event_choices":[{"damage_healed":0,"gold_gain":175,"player_choice":"AGREE","damage_taken":148,"max_hp_gain":0,"max_hp_loss":0,"event_name":"betterThird:BetterSerpent","floor":4,"gold_loss":0},{"damage_healed":0,"gold_gain":0,"player_choice":"Shed Blood","damage_taken":13,"max_hp_gain":5,"max_hp_loss":0,"event_name":"Forgotten Altar","floor":25,"gold_loss":0},{"damage_healed":0,"gold_gain":0,"player_choice":"Madness","damage_taken":0,"relics_obtained":["betterThird:NestCultRelic"],"max_hp_gain":0,"max_hp_loss":0,"event_name":"betterThird:BetterNest","floor":27,"gold_loss":0},{"damage_healed":0,"gold_gain":0,"player_choice":"Ignored","damage_taken":0,"max_hp_gain":0,"max_hp_loss":0,"event_name":"Tomb of Lord Red Mask","floor":36,"gold_loss":0},{"cards_removed":["jedi:acidrain"],"damage_healed":0,"gold_gain":0,"player_choice":"Removed Skill","damage_taken":0,"max_hp_gain":0,"max_hp_loss":0,"event_name":"Falling","floor":46,"gold_loss":0}],"is_beta":false,"boss_relics":[{"not_picked":["SacredBark","aspiration:WatcherSkillbook"],"picked":"Calling Bell"},{"not_picked":["CCEMRelics:ExpiredCReal","aspiration:DefectSkillbook"],"picked":"hubris:HollowSoul"}],"items_purged_floors":[19,30,30],"is_endless":false,"potions_floor_spawned":[3,6,11,12,13,16,18,33,35,45],"killed_by":"Awakened One","ascension_level":2}}