{"host":"1z4hbl9vfqrhg136","time":1612059414,"event":{"mods":["BaseMod","Minty Spire (QoL Compilation)"],"gold_per_floor":[110,9,9,24,36,36,64,64,64,75,101,101,124,139,139,210,210,182,182,194,211,22,22,22,22,67,67,87,87,115,125,125,200,200,210,223,223,242,242,242,242,242,265,265,265],"floor_reached":44,"language":"ENG","playtime":4077,"items_purged":["Strike_G"],"score":872,"play_id":"143f6398-e7c3-4d5c-b163-1f151bc9e69e","local_time":"20210131021654","is_ascension_mode":true,"campfire_choices":[{"data":"Neutralize","floor":6.0,"key":"SMITH"},{"floor":8.0,"key":"REST"},{"floor":12.0,"key":"REST"},{"floor":15.0,"key":"DIG"},{"floor":23.0,"key":"DIG"},{"floor":25.0,"key":"REST"},{"floor":29,"key":"REST"},{"floor":32,"key":"REST"},{"floor":40,"key":"REST"}],"circlet_count":0,"master_deck":["AscendersBane","Strike_G+1","Strike_G+1","Strike_G+1","Strike_G+1","Defend_G+1","Defend_G+1","Defend_G+1","Defend_G+1","Survivor","Neutralize+1","Blade Dance","Finisher","Poisoned Stab","Dagger Spray","Dagger Throw","Blur","Malaise","Leg Sweep","Noxious Fumes","After Image","Neutralize","Well Laid Plans","Deflect","Deflect","Corpse Explosion","Caltrops+1","Bullet Time","Burst","Infinite Blades","Madness","Madness"],"relics":["Ring of the Snake","StrikeDummy","Paper Crane","Matryoshka","Shovel","Odd Mushroom","Unceasing Top","Black Star","Dead Branch","Art of War","Centennial Puzzle","Pen Nib","HornCleat","WristBlade","Regal Pillow"],"acts_visited":["Exordium","TheCity","TheBeyond"],"potions_floor_usage":[30,30,33,33,44],"damage_taken":[{"damage":2.0,"enemies":"Small Slimes","floor":1.0,"turns":4.0},{"damage":2.0,"enemies":"Jaw Worm","floor":4.0,"turns":3.0},{"damage":0.0,"enemies":"Cultist","floor":5.0,"turns":2.0},{"damage":22.0,"enemies":"3 Sentries","floor":7.0,"turns":8.0},{"damage":0.0,"enemies":"Large Slime","floor":10.0,"turns":5.0},{"damage":33.0,"enemies":"Lagavulin","floor":11.0,"turns":6.0},{"damage":0.0,"enemies":"The Mushroom Lair","floor":13.0,"turns":2.0},{"damage":0.0,"enemies":"Looter","floor":14.0,"turns":3.0},{"damage":11.0,"enemies":"The Guardian","floor":16.0,"turns":15.0},{"damage":18.0,"enemies":"2 Thieves","floor":18.0,"turns":4.0},{"damage":0.0,"enemies":"3 Byrds","floor":20.0,"turns":3.0},{"damage":6.0,"enemies":"Snecko","floor":21.0,"turns":11.0},{"damage":25,"enemies":"Colosseum Slavers","floor":27,"turns":4},{"damage":12,"enemies":"Cultist and Chosen","floor":28,"turns":7},{"damage":11,"enemies":"Slavers","floor":30,"turns":4},{"damage":2,"enemies":"Shelled Parasite and Fungi","floor":31,"turns":5},{"damage":29,"enemies":"Collector","floor":33,"turns":14},{"damage":20,"enemies":"3 Darklings","floor":35,"turns":6},{"damage":0,"enemies":"3 Shapes","floor":36,"turns":5},{"damage":21,"enemies":"Sphere and 2 Shapes","floor":38,"turns":11},{"damage":49,"enemies":"Reptomancer","floor":44,"turns":5}],"seed_played":"207189450729967015","potions_obtained":[{"floor":10.0,"key":"LiquidBronze"},{"floor":11.0,"key":"GamblersBrew"},{"floor":13.0,"key":"Poison Potion"},{"floor":18.0,"key":"Fire Potion"},{"floor":28,"key":"Weak Potion"},{"floor":30,"key":"BlessingOfTheForge"},{"floor":31,"key":"Weak Potion"},{"floor":33,"key":"LiquidBronze"},{"floor":35,"key":"LiquidBronze"}],"is_trial":false,"path_per_floor":["M","$","?","M","M","R","E","R","T","M","E","R","?","M","R","B",null,"M","?","M","M","$","R","?","R","T","?","M","R","E","M","R","B",null,"M","M","$","M","?","R","?","?","T","E"],"character_chosen":"THE_SILENT","items_purchased":["Poisoned Stab","Deflect","Corpse Explosion"],"campfire_rested":6,"item_purchase_floors":[2,22,22],"current_hp_per_floor":[57,57,39,37,37,37,15,34,34,34,1,20,20,20,20,9,52,34,34,34,28,28,28,28,47,47,22,10,29,18,16,35,6,51,31,31,31,10,10,29,54,44,44,0,0],"gold":265,"neow_bonus":"THREE_CARDS","is_daily":false,"chose_seed":false,"campfire_upgraded":1,"win_rate":0.0,"timestamp":1612059414,"path_taken":["M","$","?","M","M","R","E","R","T","M","E","R","?","M","R","BOSS","M","?","M","?","$","R","?","R","T","?","M","R","E","M","R","BOSS","M","M","$","M","?","R","?","?","T","E"],"items_purchased_type":["Card","Card","Card"],"build_version":"2020-12-22","purchased_purges":1,"victory":false,"max_hp_per_floor":[66,66,66,66,66,66,66,66,66,66,66,66,66,66,66,66,66,66,66,66,66,66,66,66,66,66,66,66,66,66,66,66,66,66,66,66,66,66,66,66,54,54,54,54,54],"card_choices":[{"not_picked":["Backflip","Deadly Poison"],"picked":"Blade Dance","floor":0.0},{"not_picked":["Deadly Poison","Blade Dance"],"picked":"Finisher","floor":1.0},{"not_picked":["Blade Dance","Outmaneuver"],"picked":"Dagger Spray","floor":4.0},{"not_picked":["Flying Knee","Sucker Punch","Quick Slash"],"picked":"SKIP","floor":5.0},{"not_picked":["Bane","Slice"],"picked":"Dagger Throw","floor":7.0},{"not_picked":["Dodge and Roll","Tactician"],"picked":"Blur","floor":10.0},{"not_picked":["Riddle With Holes","Quick Slash"],"picked":"Malaise","floor":11.0},{"not_picked":["Prepared","Bane"],"picked":"Leg Sweep","floor":13.0},{"not_picked":["Deadly Poison","Quick Slash"],"picked":"Noxious Fumes","floor":14.0},{"not_picked":["Die Die Die","A Thousand Cuts"],"picked":"After Image","floor":16.0},{"not_picked":["Prepared","Quick Slash","Dagger Spray"],"picked":"SKIP","floor":18.0},{"not_picked":["Dagger Spray","Backflip"],"picked":"Deflect","floor":20.0},{"not_picked":["Backflip","Dagger Throw","Flying Knee"],"picked":"SKIP","floor":21.0},{"not_picked":["Flying Knee","Bane"],"picked":"Caltrops+1","floor":28},{"not_picked":["Leg Sweep","Corpse Explosion","Bullet Time"],"picked":"SKIP","floor":30},{"not_picked":["Leg Sweep","Corpse Explosion"],"picked":"Bullet Time","floor":30},{"not_picked":["Sucker Punch","Dash","Acrobatics"],"picked":"SKIP","floor":31},{"not_picked":["Venomology","Corpse Explosion"],"picked":"Burst","floor":33},{"not_picked":["Crippling Poison","Deadly Poison","Underhanded Strike"],"picked":"SKIP","floor":35},{"not_picked":["Well Laid Plans","Blade Dance"],"picked":"Infinite Blades","floor":36},{"not_picked":["Deadly Poison","Quick Slash+1","Prepared"],"picked":"SKIP","floor":38}],"player_experience":1930444,"relics_obtained":[{"floor":7.0,"key":"Paper Crane"},{"floor":9.0,"key":"Matryoshka"},{"floor":11.0,"key":"Shovel"},{"floor":13.0,"key":"Odd Mushroom"},{"floor":15.0,"key":"Unceasing Top"},{"floor":23.0,"key":"Dead Branch"},{"floor":26.0,"key":"Art of War"},{"floor":26.0,"key":"Centennial Puzzle"},{"floor":30,"key":"Pen Nib"},{"floor":30,"key":"HornCleat"},{"floor":43,"key":"Regal Pillow"}],"event_choices":[{"damage_healed":0.0,"max_hp_gain":0.0,"max_hp_loss":0.0,"gold_gain":0.0,"event_name":"Scrap Ooze","player_choice":"Success","floor":3.0,"gold_loss":0.0,"damage_taken":18.0,"relics_obtained":["StrikeDummy"]},{"damage_healed":0.0,"max_hp_gain":0.0,"max_hp_loss":0.0,"gold_gain":0.0,"event_name":"Mushrooms","player_choice":"Fought Mushrooms","floor":13.0,"gold_loss":0.0,"damage_taken":0.0},{"damage_healed":0.0,"max_hp_gain":0.0,"max_hp_loss":0.0,"gold_gain":0.0,"event_name":"Match and Keep!","player_choice":"2 cards matched","floor":19.0,"gold_loss":0.0,"damage_taken":0.0,"cards_obtained":["Neutralize","Well Laid Plans"]},{"damage_healed":0.0,"max_hp_gain":0.0,"max_hp_loss":0.0,"gold_gain":0.0,"event_name":"Back to Basics","player_choice":"Simplicity","floor":24.0,"gold_loss":0.0,"damage_taken":0.0,"cards_upgraded":["Strike_G","Strike_G","Strike_G","Strike_G","Defend_G","Defend_G","Defend_G","Defend_G","Defend_G"]},{"damage_healed":0,"gold_gain":0,"player_choice":"Fight","damage_taken":0,"max_hp_gain":0,"max_hp_loss":0,"event_name":"Colosseum","floor":27,"gold_loss":0},{"damage_healed":0,"gold_gain":0,"player_choice":"Fled From Nobs","damage_taken":0,"max_hp_gain":0,"max_hp_loss":0,"event_name":"Colosseum","floor":27,"gold_loss":0},{"cards_removed":["Defend_G"],"damage_healed":0,"gold_gain":0,"player_choice":"Removed Skill","damage_taken":0,"max_hp_gain":0,"max_hp_loss":0,"event_name":"Falling","floor":39,"gold_loss":0},{"damage_healed":54,"gold_gain":0,"player_choice":"Heal","damage_taken":0,"max_hp_gain":0,"max_hp_loss":12,"event_name":"The Moai Head","floor":41,"gold_loss":0},{"damage_healed":0,"gold_gain":0,"player_choice":"Embrace Madness","damage_taken":10,"max_hp_gain":0,"max_hp_loss":0,"event_name":"Winding Halls","floor":42,"gold_loss":0,"cards_obtained":["Madness","Madness"]}],"is_beta":false,"boss_relics":[{"not_picked":["Velvet Choker","Empty Cage"],"picked":"Black Star"},{"not_picked":["Astrolabe","Coffee Dripper"],"picked":"WristBlade"}],"items_purged_floors":[2],"is_endless":false,"potions_floor_spawned":[10,11,13,14,18,28,30,31,33,35],"killed_by":"Reptomancer","ascension_level":20}}