{"host":"zsnmfqgcm92hlreo","time":1612066102,"event":{"mods":["AchievementEnabler","BaseMod","Bestiary","Block Reminder","Colored Powertips","Minty Spire (QoL Compilation)","Permanent Neow","Quick Restart","Relic Stats","Weighted Paths"],"gold_per_floor":[114,114,129,145,145,176,199,1,1,22,22,47,47,71,71,194,194,219,76,101,101,120,120,159,258,333,333,333],"floor_reached":27,"language":"ENG","playtime":1358,"items_purged":["Strike_B"],"score":235,"play_id":"9144b53c-87e6-42eb-a709-e02ef68cc994","local_time":"20210130220822","is_ascension_mode":false,"campfire_choices":[{"floor":11.0,"key":"REST"},{"data":"Defragment","floor":13.0,"key":"SMITH"},{"data":"Barrage","floor":15.0,"key":"SMITH"},{"data":"Hologram","floor":23,"key":"SMITH"}],"circlet_count":0,"master_deck":["Strike_B","Strike_B","Strike_B","Defend_B","Defend_B","Defend_B","Defend_B","Zap","Dualcast","Rebound","Barrage+1","Hologram","Auto Shields","Glacier","Capacitor+1","Coolheaded","Defragment+1","Coolheaded","Echo Form","Defragment+1","Hologram+1","Barrage","Parasite"],"relics":["Snecko Eye","Golden Idol","Vajra","Happy Flower","Cursed Key","DollysMirror","Eternal Feather","Molten Egg 2"],"acts_visited":["Exordium","TheCity"],"potions_floor_usage":[16,20],"damage_taken":[{"damage":2.0,"enemies":"2 Louse","floor":1.0,"turns":2.0},{"damage":1.0,"enemies":"Cultist","floor":3.0,"turns":3.0},{"damage":8.0,"enemies":"Jaw Worm","floor":4.0,"turns":3.0},{"damage":52.0,"enemies":"3 Sentries","floor":6.0,"turns":11.0},{"damage":4.0,"enemies":"2 Fungi Beasts","floor":7.0,"turns":3.0},{"damage":0.0,"enemies":"Red Slaver","floor":10.0,"turns":5.0},{"damage":0.0,"enemies":"Large Slime","floor":12.0,"turns":6.0},{"damage":1.0,"enemies":"Blue Slaver","floor":14.0,"turns":5.0},{"damage":12,"enemies":"The Guardian","floor":16,"turns":9},{"damage":0,"enemies":"Chosen","floor":18,"turns":4},{"damage":20,"enemies":"2 Thieves","floor":20,"turns":4},{"damage":12,"enemies":"Snake Plant","floor":22,"turns":5},{"damage":25,"enemies":"Slavers","floor":24,"turns":6},{"damage":21,"enemies":"Book of Stabbing","floor":27,"turns":2}],"seed_played":"-2036320006779505427","potions_obtained":[{"floor":1.0,"key":"FearPotion"},{"floor":2.0,"key":"Strength Potion"},{"floor":2.0,"key":"DuplicationPotion"},{"floor":20,"key":"Fruit Juice"}],"is_trial":false,"path_per_floor":["M","?","M","M","?","E","M","$","T","M","R","M","R","M","R","B",null,"M","$","M","?","M","R","E","?","T","E"],"character_chosen":"DEFECT","items_purchased":["Capacitor","Coolheaded","DollysMirror"],"campfire_rested":1,"item_purchase_floors":[8,8,19],"current_hp_per_floor":[73,73,72,64,64,12,8,8,8,8,28,28,28,27,27,15,69,69,69,54,54,42,42,17,17,17,0,0],"gold":333,"neow_bonus":"BOSS_RELIC","is_daily":false,"chose_seed":false,"campfire_upgraded":3,"win_rate":0.0,"timestamp":1612066102,"path_taken":["M","?","M","?","?","E","M","$","T","M","R","M","R","M","R","BOSS","M","$","M","?","?","R","E","?","T","E"],"items_purchased_type":["Card","Card","Relic"],"build_version":"2020-12-22","purchased_purges":1,"victory":false,"max_hp_per_floor":[75,75,75,75,69,69,69,69,69,69,69,69,69,69,69,69,69,69,69,74,74,74,74,74,74,74,74,74],"relic_stats":{"Happy Flower":[15],"counters":[14,68],"Golden Idol":72,"Snecko Eye":[128,118,103,128],"Eternal Feather":0,"Cursed Key":1,"obtain_stats":[{"Happy Flower":9,"Golden Idol":5,"DollysMirror":19,"Snecko Eye":0,"Vajra":6,"Eternal Feather":24,"Molten Egg 2":26,"Cracked Core":0,"Cursed Key":17},{"Happy Flower":5,"Golden Idol":3,"DollysMirror":10,"Snecko Eye":0,"Vajra":4,"Eternal Feather":13,"Molten Egg 2":13,"Cracked Core":0,"Cursed Key":9},{"Happy Flower":22,"Golden Idol":8,"DollysMirror":51,"Snecko Eye":0,"Vajra":19,"Eternal Feather":66,"Molten Egg 2":66,"Cracked Core":0,"Cursed Key":47}]},"card_choices":[{"not_picked":["White Noise","Conserve Battery"],"picked":"Rebound","floor":1.0},{"not_picked":["Go for the Eyes","Recycle"],"picked":"Barrage","floor":3.0},{"not_picked":["Coolheaded","Turbo"],"picked":"Hologram","floor":4.0},{"not_picked":["Melter","Reprogram"],"picked":"Auto Shields","floor":6.0},{"not_picked":["Coolheaded","Gash"],"picked":"Glacier","floor":7.0},{"not_picked":["Heatsinks","Go for the Eyes","Auto Shields"],"picked":"SKIP","floor":10.0},{"not_picked":["Leap","Buffer"],"picked":"Defragment","floor":12.0},{"not_picked":["Double Energy","Stack"],"picked":"Coolheaded","floor":14.0},{"not_picked":["All For One","Hyperbeam"],"picked":"Echo Form","floor":16},{"not_picked":["Leap","Steam+1","Rebound"],"picked":"SKIP","floor":18},{"not_picked":["Steam+1","Reprogram","Sweeping Beam"],"picked":"SKIP","floor":20},{"not_picked":["Gash+1","Steam"],"picked":"Hologram","floor":22},{"not_picked":["Ball Lightning","Turbo"],"picked":"Barrage","floor":24}],"player_experience":966516,"relics_obtained":[{"floor":6.0,"key":"Vajra"},{"floor":9.0,"key":"Happy Flower"},{"floor":24,"key":"Eternal Feather"},{"floor":26,"key":"Molten Egg 2"}],"event_choices":[{"damage_healed":0.0,"max_hp_gain":0.0,"max_hp_loss":0.0,"gold_gain":0.0,"event_name":"Lab","player_choice":"Got Potions","floor":2.0,"gold_loss":0.0,"damage_taken":0.0},{"damage_healed":0.0,"max_hp_gain":0.0,"max_hp_loss":6.0,"gold_gain":0.0,"event_name":"Golden Idol","player_choice":"Lose Max HP","floor":5.0,"gold_loss":0.0,"damage_taken":0.0,"relics_obtained":["Golden Idol"]},{"damage_healed":0,"gold_gain":0,"player_choice":"Upgraded","damage_taken":0,"max_hp_gain":0,"max_hp_loss":0,"event_name":"Upgrade Shrine","floor":21,"gold_loss":0,"cards_upgraded":["Capacitor"]},{"damage_healed":0,"gold_gain":99,"player_choice":"Stole From Cult","damage_taken":0,"max_hp_gain":0,"max_hp_loss":0,"event_name":"Nest","floor":25,"gold_loss":0}],"is_beta":false,"boss_relics":[{"not_picked":["SlaversCollar","Ectoplasm"],"picked":"Cursed Key"}],"items_purged_floors":[8],"is_endless":false,"potions_floor_spawned":[1,3,4,10,20],"killed_by":"Book of Stabbing","ascension_level":0}}