{"host":"6xsbn6ynqlzwllfm","time":1612126105,"event":{"mods":["2.2 Compatiblity","BaseMod","Bestiary","Colored Map","Colored Powertips","Curses Come First","Highlight Path","Keyboard Shortcuts","Minty Spire (QoL Compilation)","Relic Stats","Slay the Relics Exporter","StSLib","SuperFastMode"],"gold_per_floor":[118,118,133,154,154,154,198,210,222,234,321,368,401,427,439,540,552,578,605,617,629,629],"floor_reached":21,"language":"ENG","playtime":346,"items_purged":[],"score":378,"play_id":"f5b6de40-4be8-4199-97c6-e16e65da7eb5","local_time":"20210131154825","is_ascension_mode":true,"campfire_choices":[{"data":"Tantrum","floor":6,"key":"SMITH"},{"data":"BowlingBash","floor":8,"key":"SMITH"},{"data":"Sanctity","floor":10,"key":"SMITH"},{"data":"Wallop","floor":15,"key":"SMITH"}],"circlet_count":0,"master_deck":["AscendersBane","Strike_P+1","Strike_P","Strike_P","Defend_P","Defend_P","Defend_P","Defend_P","Eruption","Vigilance","Consecrate+1","BowlingBash+1","Tantrum+1","Sanctity+1","DevaForm","Wallop+1","Blasphemy","Sanctity","Ragnarok"],"relics":["PureWater","NeowsBlessing","Golden Idol","Eternal Feather","MawBank","Whetstone","Letter Opener","Sozu"],"acts_visited":["Exordium","TheCity"],"potions_floor_usage":[12,12,16],"damage_taken":[{"damage":0,"enemies":"2 Louse","floor":1,"turns":1},{"damage":0,"enemies":"Jaw Worm","floor":3,"turns":1},{"damage":0,"enemies":"Cultist","floor":4,"turns":1},{"damage":16,"enemies":"Gremlin Nob","floor":7,"turns":3},{"damage":20,"enemies":"3 Sentries","floor":12,"turns":3},{"damage":2,"enemies":"Looter","floor":13,"turns":3},{"damage":0,"enemies":"Red Slaver","floor":14,"turns":2},{"damage":23,"enemies":"Slime Boss","floor":16,"turns":8},{"damage":24,"enemies":"2 Thieves","floor":18,"turns":3},{"damage":0,"enemies":"Spheric Guardian","floor":19,"turns":3},{"damage":30,"enemies":"Snake Plant","floor":21,"turns":5}],"seed_played":"1929731755078380217","potions_obtained":[{"floor":1,"key":"Weak Potion"},{"floor":7,"key":"AttackPotion"},{"floor":13,"key":"Weak Potion"},{"floor":14,"key":"StancePotion"}],"is_trial":false,"path_per_floor":["M","?","M","M","?","R","E","R","T","R","?","E","M","M","R","B",null,"M","M","?","M"],"character_chosen":"WATCHER","items_purchased":[],"campfire_rested":0,"item_purchase_floors":[],"current_hp_per_floor":[61,61,61,61,43,49,33,42,42,51,40,20,18,18,27,4,48,24,24,24,0,0],"gold":629,"neow_bonus":"THREE_ENEMY_KILL","is_daily":false,"chose_seed":false,"campfire_upgraded":4,"win_rate":0.0,"timestamp":1612126105,"path_taken":["M","?","M","M","?","R","E","R","T","R","?","E","?","M","R","BOSS","M","M","?","M"],"items_purchased_type":[],"build_version":"2020-12-22","purchased_purges":0,"victory":false,"max_hp_per_floor":[68,62,62,62,62,62,62,62,62,62,62,62,62,62,62,62,62,62,62,62,62,62],"relic_stats":{"Sozu":1,"counters":[11,33],"Golden Idol":54,"Eternal Feather":33,"Whetstone":["Strike_P","Consecrate"],"Letter Opener":[15],"MawBank":168,"obtain_stats":[{"Sozu":17,"NeowsBlessing":0,"Golden Idol":2,"Eternal Feather":5,"Whetstone":9,"Letter Opener":12,"PureWater":0,"MawBank":7},{"Sozu":8,"NeowsBlessing":0,"Golden Idol":1,"Eternal Feather":3,"Whetstone":4,"Letter Opener":5,"PureWater":0,"MawBank":4},{"Sozu":22,"NeowsBlessing":0,"Golden Idol":1,"Eternal Feather":3,"Whetstone":6,"Letter Opener":9,"PureWater":0,"MawBank":6}]},"card_choices":[{"not_picked":["Evaluate","Crescendo"],"picked":"Consecrate","floor":1},{"not_picked":["PathToVictory","ReachHeaven"],"picked":"BowlingBash","floor":3},{"not_picked":["CarveReality","Prostrate"],"picked":"Tantrum","floor":4},{"not_picked":["Establishment","WreathOfFlame"],"picked":"Sanctity","floor":7},{"not_picked":["Perseverance","EmptyFist"],"picked":"DevaForm","floor":12},{"not_picked":["PathToVictory","Evaluate"],"picked":"Wallop","floor":13},{"not_picked":["Alpha","LessonLearned"],"picked":"Blasphemy","floor":16},{"not_picked":["CrushJoints","ClearTheMind"],"picked":"Sanctity","floor":19}],"player_experience":1369254,"relics_obtained":[{"floor":7,"key":"MawBank"},{"floor":9,"key":"Whetstone"},{"floor":12,"key":"Letter Opener"}],"event_choices":[{"damage_healed":0,"gold_gain":0,"player_choice":"Lose Max HP","damage_taken":0,"relics_obtained":["Golden Idol"],"max_hp_gain":0,"max_hp_loss":6,"event_name":"Golden Idol","floor":2,"gold_loss":0},{"damage_healed":0,"gold_gain":0,"player_choice":"Success","damage_taken":18,"relics_obtained":["Eternal Feather"],"max_hp_gain":0,"max_hp_loss":0,"event_name":"Scrap Ooze","floor":5,"gold_loss":0},{"damage_healed":0,"gold_gain":75,"player_choice":"Gather Gold","damage_taken":11,"max_hp_gain":0,"max_hp_loss":0,"event_name":"World of Goop","floor":11,"gold_loss":0},{"damage_healed":0,"gold_gain":0,"cards_transformed":["Strike_P"],"player_choice":"Transformed","damage_taken":0,"max_hp_gain":0,"max_hp_loss":0,"event_name":"Transmorgrifier","floor":20,"gold_loss":0,"cards_obtained":["Ragnarok"]}],"is_beta":false,"boss_relics":[{"not_picked":["SacredBark","Velvet Choker"],"picked":"Sozu"}],"items_purged_floors":[],"is_endless":false,"potions_floor_spawned":[1,7,13,14,18],"killed_by":"Snake Plant","ascension_level":20}}