{"host":"2x189hkb4impm2gi","time":1612136464,"event":{"mods":["BaseMod","Colored Map","Colored Powertips","Minty Spire (QoL Compilation)"],"gold_per_floor":[119,133,133,144,24,49,68,100,123,123,140,175,175,188,188,287,287,305,322,336,336,10,10,36,62,85,85,85],"floor_reached":27,"language":"ENG","playtime":1417,"items_purged":["Strike_R","Strike_R"],"score":253,"play_id":"d0c7da21-d851-4167-a383-660ec6396175","local_time":"20210131184104","is_ascension_mode":false,"campfire_choices":[{"floor":10,"key":"REST"},{"floor":15,"key":"REST"},{"floor":23,"key":"REST"}],"circlet_count":0,"master_deck":["Strike_R","Strike_R","Defend_R","Defend_R","Defend_R","Defend_R","Bash+1","Twin Strike","Sword Boomerang","Carnage+1","Shrug It Off","Inflame","Hemokinesis","Heavy Blade","Uppercut","Limit Break","Headbutt","Demon Form","Flex","Sword Boomerang+1","RitualDagger","Disarm","Blood for Blood+1"],"relics":["Sozu","Calipers","Bag of Preparation","Toy Ornithopter","MealTicket","Fusion Hammer","ClockworkSouvenir","Whetstone","Nunchaku","Ancient Tea Set"],"acts_visited":["Exordium","TheCity"],"potions_floor_usage":[],"damage_taken":[{"damage":5,"enemies":"Small Slimes","floor":1,"turns":3},{"damage":1,"enemies":"Cultist","floor":2,"turns":3},{"damage":0,"enemies":"2 Louse","floor":4,"turns":2},{"damage":22,"enemies":"3 Sentries","floor":6,"turns":7},{"damage":12,"enemies":"Gremlin Gang","floor":7,"turns":3},{"damage":24,"enemies":"Gremlin Nob","floor":8,"turns":4},{"damage":7,"enemies":"3 Louse","floor":11,"turns":3},{"damage":14,"enemies":"3 Sentries","floor":12,"turns":4},{"damage":0,"enemies":"Exordium Wildlife","floor":14,"turns":2},{"damage":22,"enemies":"Hexaghost","floor":16,"turns":7},{"damage":12,"enemies":"Spheric Guardian","floor":18,"turns":3},{"damage":2,"enemies":"Chosen","floor":19,"turns":3},{"damage":32,"enemies":"3 Cultists","floor":20,"turns":5},{"damage":37,"enemies":"Gremlin Leader","floor":24,"turns":5},{"damage":22,"enemies":"Slavers","floor":27,"turns":2}],"seed_played":"7690441395025051202","potions_obtained":[],"is_trial":false,"path_per_floor":["M","M","?","M","$","E","M","E","T","R","M","E","?","M","R","B",null,"M","M","M","?","$","R","E","T","T","E"],"character_chosen":"IRONCLAD","items_purchased":["Shrug It Off","ClockworkSouvenir","Disarm"],"campfire_rested":3,"item_purchase_floors":[5,22,22],"current_hp_per_floor":[75,74,74,74,74,52,40,16,16,40,33,19,19,19,43,21,80,68,66,34,28,43,67,30,30,30,8,8],"gold":85,"neow_bonus":"BOSS_RELIC","is_daily":false,"chose_seed":false,"campfire_upgraded":0,"win_rate":0.0,"timestamp":1612136464,"path_taken":["M","M","?","M","$","E","?","E","T","R","?","E","?","M","R","BOSS","M","?","M","?","$","R","E","?","T","E"],"items_purchased_type":["Card","Relic","Card"],"build_version":"2020-12-22","purchased_purges":2,"victory":false,"max_hp_per_floor":[80,80,80,80,80,80,80,80,80,80,80,80,80,80,80,80,80,80,80,80,80,80,80,80,80,80,80,80],"card_choices":[{"not_picked":["Metallicize","Thunderclap"],"picked":"Twin Strike","floor":1},{"not_picked":["Rage","Dark Embrace"],"picked":"Sword Boomerang","floor":2},{"not_picked":["Twin Strike","Clothesline"],"picked":"Carnage","floor":4},{"not_picked":["Burning Pact","Offering"],"picked":"Inflame","floor":6},{"not_picked":["Shrug It Off","Sword Boomerang"],"picked":"Hemokinesis","floor":7},{"not_picked":["Uppercut","Shrug It Off"],"picked":"Heavy Blade","floor":8},{"not_picked":["Cleave","Pommel Strike"],"picked":"Uppercut","floor":11},{"not_picked":["Shrug It Off","Rampage"],"picked":"Limit Break","floor":12},{"not_picked":["Clothesline","Reckless Charge"],"picked":"Headbutt","floor":14},{"not_picked":["Offering","Brutality"],"picked":"Demon Form","floor":16},{"not_picked":["Perfected Strike","Metallicize+1"],"picked":"Flex","floor":18},{"not_picked":["Infernal Blade","Flex"],"picked":"Sword Boomerang+1","floor":19},{"not_picked":["True Grit","Entrench","Sever Soul"],"picked":"SKIP","floor":20},{"not_picked":["Brutality","Flex"],"picked":"Blood for Blood+1","floor":24}],"player_experience":21384,"relics_obtained":[{"floor":6,"key":"Calipers"},{"floor":8,"key":"Bag of Preparation"},{"floor":9,"key":"Toy Ornithopter"},{"floor":12,"key":"MealTicket"},{"floor":24,"key":"Whetstone"},{"floor":25,"key":"Nunchaku"},{"floor":26,"key":"Ancient Tea Set"}],"event_choices":[{"damage_healed":0,"gold_gain":0,"player_choice":"Got Potions","damage_taken":0,"max_hp_gain":0,"max_hp_loss":0,"event_name":"Lab","floor":3,"gold_loss":0},{"cards_removed":["Strike_R"],"damage_healed":0,"gold_gain":0,"player_choice":"Purged","damage_taken":0,"max_hp_gain":0,"max_hp_loss":0,"event_name":"Purifier","floor":13,"gold_loss":0},{"damage_healed":0,"gold_gain":0,"player_choice":"Joined the Cult","damage_taken":6,"max_hp_gain":0,"max_hp_loss":0,"event_name":"Nest","floor":21,"gold_loss":0,"cards_obtained":["RitualDagger"]}],"is_beta":false,"boss_relics":[{"not_picked":["Tiny House","Velvet Choker"],"picked":"Fusion Hammer"}],"items_purged_floors":[5,22],"is_endless":false,"potions_floor_spawned":[6,7,8,11,24],"killed_by":"Slavers","ascension_level":0}}