{"host":"vyrim7c8c6ucsmzk","time":1612125162,"event":{"mods":["BaseMod","Colored Map","Downfall","Minty Spire (QoL Compilation)","StSLib"],"gold_per_floor":[99,119,139,38,53,53,53,53,53,88,88,100,160,180,200,301,301,301,301],"floor_reached":17,"language":"ENG","playtime":1255,"items_purged":[],"score":157,"play_id":"171f28fa-01c9-4b2f-9823-1d4746758c74","local_time":"20210131153242","is_ascension_mode":false,"campfire_choices":[{"data":"bronze:Replicate","floor":1.0,"key":"SMITH"},{"floor":8,"key":"RECALL"}],"circlet_count":0,"master_deck":["bronze:Strike","bronze:Strike","bronze:Defend","bronze:Defend","bronze:Defend","bronze:Defend","bronze:Replicate+1","bronze:Goto","bronze:CloningBeam","bronze:Overheat","bronze:BugBarrage","expansioncontent:PrepareCrush","bronze:Boost","bronze:Invalidate","bronze:Spike","bronze:BitShift","bronze:Frontload","bronze:NullPointer","bronze:SpaghettiCode","bronze:Mutator"],"relics":["bronze:PlatinumCore","The Courier","Happy Flower","Ancient Tea Set"],"acts_visited":["Exordium","TheCity"],"potions_floor_usage":[11,13,15],"damage_taken":[{"damage":0.0,"enemies":"Cultist","floor":2.0,"turns":4.0},{"damage":1,"enemies":"Jaw Worm","floor":3,"turns":4},{"damage":0,"enemies":"downfall:FleeingMerchant","floor":4,"turns":4},{"damage":0,"enemies":"Small Slimes","floor":5,"turns":3},{"damage":20,"enemies":"Gremlin Nob","floor":10,"turns":4},{"damage":0,"enemies":"Gremlin Nob","floor":11,"turns":2},{"damage":0,"enemies":"3 Louse","floor":12,"turns":2},{"damage":0,"enemies":"Gremlin Nob","floor":13,"turns":2},{"damage":9,"enemies":"Blue Slaver","floor":14,"turns":4},{"damage":1,"enemies":"Large Slime","floor":15,"turns":2},{"damage":9,"enemies":"SI_SHIV_ARCHETYPE","floor":16,"turns":7}],"seed_played":"4431292323513735431","potions_obtained":[{"floor":5,"key":"hexamod:SoulburnPotion"},{"floor":10,"key":"DistilledChaos"},{"floor":12,"key":"FearPotion"},{"floor":15,"key":"Strength Potion"}],"is_trial":false,"path_per_floor":["R","M","M","$","M","?","T","R","?","E","?","M","?","M","M","B",null],"character_chosen":"THE_AUTOMATON","items_purchased":["expansioncontent:PrepareCrush"],"campfire_rested":0,"item_purchase_floors":[4],"current_hp_per_floor":[77,77,76,76,76,76,76,76,76,56,56,56,56,47,46,37,77,77,77],"gold":301,"neow_bonus":"TEN_PERCENT_HP_BONUS","is_daily":false,"chose_seed":false,"campfire_upgraded":1,"win_rate":0.0,"timestamp":1612125162,"path_taken":["R","M","?","$","M","?","T","R","?","E","?","M","?","M","M","BOSS"],"items_purchased_type":["Card"],"build_version":"2020-12-22","purchased_purges":0,"victory":false,"max_hp_per_floor":[77,77,77,77,77,77,77,77,77,77,77,77,77,77,77,77,77,77,77],"card_choices":[{"not_picked":["bronze:Iterate","bronze:Turbo"],"picked":"bronze:CloningBeam","floor":2},{"not_picked":["bronze:Invalidate","bronze:Backtrace"],"picked":"bronze:Overheat","floor":3},{"not_picked":["bronze:Turbo","bronze:DelayedSlice"],"picked":"bronze:BugBarrage","floor":4},{"not_picked":["bronze:Repair","bronze:Turbo","bronze:BitShift"],"picked":"SKIP","floor":5},{"not_picked":["bronze:WhirlingStrike","bronze:CutThrough"],"picked":"bronze:Invalidate","floor":10},{"not_picked":[],"picked":"bronze:Spike","floor":11},{"not_picked":["bronze:BuggyMess","bronze:DelayedSlice"],"picked":"bronze:BitShift","floor":11},{"not_picked":["bronze:Boost","bronze:Repair"],"picked":"bronze:Frontload","floor":12},{"not_picked":["bronze:OilSpill","bronze:Return"],"picked":"bronze:NullPointer","floor":13},{"not_picked":["bronze:BitShift","bronze:Iterate"],"picked":"bronze:SpaghettiCode","floor":14},{"not_picked":["bronze:ForceShield","bronze:BugBarrage","bronze:DelayedSlice"],"picked":"SKIP","floor":15},{"not_picked":["bronze:ThunderWave","bronze:Virus"],"picked":"bronze:Mutator","floor":16}],"player_experience":1338104,"relics_obtained":[{"floor":7,"key":"The Courier"},{"floor":10,"key":"Happy Flower"},{"floor":13,"key":"Ancient Tea Set"}],"event_choices":[],"is_beta":false,"boss_relics":[{"not_picked":["Cursed Key","Philosopher\u0027s Stone"],"picked":"bronze:PlatinumCore"}],"items_purged_floors":[],"is_endless":false,"potions_floor_spawned":[5,10,12,15],"ascension_level":0}}