{"host":"skr63qsdfgeey3it","time":1612070812,"event":{"mods":["BaseMod","Colored Map","Hubris","Minty Spire (QoL Compilation)","Replay The Spire","Spicy Shops","StSLib"],"gold_per_floor":[119,119,135,135,60,60,98,98,98,98,131,145,145,176,176,176,176],"floor_reached":16,"language":"ENG","playtime":1038,"items_purged":[],"score":174,"play_id":"9bc6a579-53fa-4a37-a3a9-ddb639f39203","local_time":"20210130232652","is_ascension_mode":true,"campfire_choices":[{"floor":6,"key":"REST"},{"floor":10,"key":"REST"},{"floor":15,"key":"REST"}],"circlet_count":0,"master_deck":["AscendersBane","Strike_B","Strike_B+1","Defend_B","Defend_B+1","Defend_B","Defend_B","Zap","Dualcast","ReplayRNGCard","Turbo","Glacier","Fusion","ReplayRNGCard","Pot Of Greed","Pot Of Greed","Conserve Battery","Self Repair"],"relics":["Cracked Core","Golden Idol","Lantern","Grinning Jar","hubris:Spice","Juzu Bracelet"],"acts_visited":["Exordium"],"potions_floor_usage":[7,11,16],"damage_taken":[{"damage":11,"enemies":"Jaw Worm","floor":1,"turns":4},{"damage":8,"enemies":"Small Slimes","floor":3,"turns":5},{"damage":26,"enemies":"Replay:BlueRogue","floor":7,"turns":8},{"damage":10,"enemies":"Lagavulin","floor":11,"turns":7},{"damage":0,"enemies":"2 Louse","floor":12,"turns":4},{"damage":6,"enemies":"3 Sentries","floor":14,"turns":9},{"damage":45,"enemies":"Hexaghost","floor":16,"turns":12}],"seed_played":"7889888081642112348","potions_obtained":[{"floor":3,"key":"LifebloodPotion"},{"floor":7,"key":"LifebloodPotion"},{"floor":11,"key":"GamblersBrew"},{"floor":14,"key":"Milkshake"}],"is_trial":false,"path_per_floor":["M","?","M","?","$","R","E","?","T","R","E","M","?","E","R","B"],"character_chosen":"DEFECT","items_purchased":["Fusion"],"campfire_rested":3,"item_purchase_floors":[5],"current_hp_per_floor":[39,39,31,17,17,37,11,11,11,31,29,29,22,16,39,0,0],"gold":176,"neow_bonus":"THREE_RARE_CARDS","is_daily":false,"chose_seed":false,"campfire_upgraded":0,"win_rate":0.0,"timestamp":1612070812,"path_taken":["M","?","M","?","$","R","E","?","T","R","E","?","?","E","R","BOSS"],"items_purchased_type":["Card"],"build_version":"2020-12-22","purchased_purges":0,"victory":false,"max_hp_per_floor":[75,69,69,69,69,69,69,69,69,69,77,77,77,77,77,77,77],"card_choices":[{"not_picked":["Seek","Creative AI"],"picked":"ReplayRNGCard","floor":0},{"not_picked":["Beam Cell","Sweeping Beam"],"picked":"Turbo","floor":1},{"not_picked":["Streamline","Panic Button"],"picked":"Glacier","floor":3},{"not_picked":["Redo","Steam"],"picked":"ReplayRNGCard","floor":7},{"not_picked":["Redo","Panic Button"],"picked":"Conserve Battery","floor":11},{"not_picked":["Rip and Tear","Stack","Glacier"],"picked":"SKIP","floor":12},{"not_picked":["Steam","Panic Button"],"picked":"Self Repair","floor":14}],"player_experience":833646,"relics_obtained":[{"floor":7,"key":"Lantern"},{"floor":9,"key":"Grinning Jar"},{"floor":11,"key":"hubris:Spice"},{"floor":14,"key":"Juzu Bracelet"}],"event_choices":[{"damage_healed":0,"gold_gain":0,"player_choice":"Lose Max HP","damage_taken":0,"relics_obtained":["Golden Idol"],"max_hp_gain":0,"max_hp_loss":6,"event_name":"Golden Idol","floor":2,"gold_loss":0},{"damage_healed":0,"gold_gain":0,"player_choice":"Entered Light","damage_taken":14,"max_hp_gain":0,"max_hp_loss":0,"event_name":"Shining Light","floor":4,"gold_loss":0,"cards_upgraded":["Defend_B","Strike_B"]},{"cards_removed":["Strike_B"],"damage_healed":0,"gold_gain":0,"player_choice":"Card Removal","damage_taken":0,"max_hp_gain":0,"max_hp_loss":0,"event_name":"Wheel of Change","floor":8,"gold_loss":0},{"cards_removed":["Strike_B"],"damage_healed":0,"gold_gain":0,"player_choice":"Card Removal","damage_taken":7,"max_hp_gain":0,"max_hp_loss":0,"event_name":"Golden Wing","floor":13,"gold_loss":0}],"is_beta":false,"boss_relics":[],"items_purged_floors":[],"is_endless":false,"potions_floor_spawned":[3,7,11,14],"killed_by":"Hexaghost","ascension_level":10}}