{"host":"qdfumeom6htv8yxl","time":1612120754,"event":{"mods":["AchievementEnabler","BaseMod","Bestiary","Block Reminder","Highlight Path","Minty Spire (QoL Compilation)","Quick Restart","Relic Stats"],"gold_per_floor":[112,14,14,89,108,108,147,147,173,207,257,257,281,281,281,370,370,394,424,446,471,471,471,471],"floor_reached":23,"language":"ENG","playtime":1063,"items_purged":[],"score":452,"play_id":"31506ef3-823a-4fd0-b1c4-534a7a081122","local_time":"20210131131914","is_ascension_mode":true,"campfire_choices":[{"data":"Reprogram","floor":6.0,"key":"SMITH"},{"floor":12.0,"key":"REST"},{"floor":15.0,"key":"REST"}],"circlet_count":0,"master_deck":["AscendersBane","Strike_B","Strike_B","Strike_B","Strike_B","Defend_B","Defend_B+1","Defend_B","Defend_B","Zap+1","Dualcast","Gash","Reprogram+1","Streamline","Beam Cell","Sunder","Sweeping Beam","Gash","Self Repair","Beam Cell","BootSequence","Compile Driver","Hologram"],"relics":["Cracked Core","NeowsBlessing","CeramicFish","Bloody Idol","Anchor","Kunai","Nuclear Battery"],"acts_visited":["Exordium","TheCity"],"potions_floor_usage":[23],"damage_taken":[{"damage":0.0,"enemies":"2 Louse","floor":1.0,"turns":1.0},{"damage":0.0,"enemies":"Small Slimes","floor":5.0,"turns":1.0},{"damage":0.0,"enemies":"Gremlin Nob","floor":7.0,"turns":1.0},{"damage":0.0,"enemies":"Jaw Worm","floor":10.0,"turns":3.0},{"damage":30.0,"enemies":"3 Sentries","floor":11.0,"turns":4.0},{"damage":3.0,"enemies":"Large Slime","floor":13.0,"turns":5.0},{"damage":24.0,"enemies":"The Guardian","floor":16.0,"turns":12.0},{"damage":0.0,"enemies":"Spheric Guardian","floor":18.0,"turns":3.0},{"damage":0.0,"enemies":"Chosen","floor":19.0,"turns":3.0},{"damage":27.0,"enemies":"3 Cultists","floor":20.0,"turns":5.0},{"damage":29.0,"enemies":"Snecko","floor":21.0,"turns":6.0},{"damage":55,"enemies":"Slavers","floor":23,"turns":4}],"seed_played":"-2115124262155194241","potions_obtained":[{"floor":10.0,"key":"FocusPotion"},{"floor":11.0,"key":"Block Potion"},{"floor":13.0,"key":"Swift Potion"},{"floor":16.0,"key":"LiquidMemories"},{"floor":18.0,"key":"Regen Potion"},{"floor":20.0,"key":"SpeedPotion"}],"is_trial":false,"path_per_floor":["M","$","?","?","M","R","E","?","T","M","E","R","M","?","R","B",null,"M","M","M","M","?","E"],"character_chosen":"DEFECT","items_purchased":["Reprogram","Streamline"],"campfire_rested":2,"item_purchase_floors":[2,2],"current_hp_per_floor":[64,64,69,58,58,58,58,58,58,58,28,48,45,24,44,27,59,66,69,49,41,41,0,0],"gold":471,"neow_bonus":"THREE_ENEMY_KILL","is_daily":false,"chose_seed":false,"campfire_upgraded":1,"win_rate":0.0,"timestamp":1612120754,"path_taken":["M","$","?","?","M","R","E","?","T","M","E","R","M","?","R","BOSS","M","M","M","M","?","E"],"items_purchased_type":["Card","Card"],"build_version":"2020-12-22","purchased_purges":0,"victory":false,"max_hp_per_floor":[71,71,76,76,76,76,76,69,69,69,69,69,69,69,69,69,69,69,69,69,69,69,69,69],"relic_stats":{"counters":[12,48],"CeramicFish":72,"Bloody Idol":0,"Kunai":[12],"obtain_stats":[{"Anchor":9,"NeowsBlessing":0,"Golden Idol":8,"CeramicFish":7,"Bloody Idol":22,"Kunai":11,"Cracked Core":0,"Nuclear Battery":17},{"Anchor":3,"NeowsBlessing":0,"Golden Idol":3,"CeramicFish":3,"Bloody Idol":11,"Kunai":5,"Cracked Core":0,"Nuclear Battery":7},{"Anchor":3,"NeowsBlessing":0,"Golden Idol":3,"CeramicFish":3,"Bloody Idol":44,"Kunai":10,"Cracked Core":0,"Nuclear Battery":27}]},"card_choices":[{"not_picked":["Barrage","Leap"],"picked":"Gash","floor":1.0},{"not_picked":["Capacitor","Stack"],"picked":"Beam Cell","floor":5.0},{"not_picked":["Conserve Battery","Defragment"],"picked":"Sunder","floor":7.0},{"not_picked":["Coolheaded","Ball Lightning"],"picked":"Sweeping Beam","floor":10.0},{"not_picked":["Barrage","Beam Cell"],"picked":"Gash","floor":11.0},{"not_picked":["Auto Shields","Conserve Battery"],"picked":"Self Repair","floor":13.0},{"not_picked":["Self Repair","Consume"],"picked":"Beam Cell","floor":18.0},{"not_picked":["Tempest","Redo"],"picked":"BootSequence","floor":19.0},{"not_picked":["Conserve Battery","Defragment"],"picked":"Compile Driver","floor":20.0},{"not_picked":["Turbo+1","Auto Shields"],"picked":"Hologram","floor":21.0}],"player_experience":1962999,"relics_obtained":[{"floor":7.0,"key":"CeramicFish"},{"floor":9.0,"key":"Anchor"},{"floor":11.0,"key":"Kunai"}],"event_choices":[{"damage_healed":0.0,"max_hp_gain":5.0,"max_hp_loss":0.0,"gold_gain":0.0,"event_name":"Big Fish","player_choice":"Donut","floor":3.0,"gold_loss":0.0,"damage_taken":0.0},{"damage_healed":0.0,"max_hp_gain":0.0,"max_hp_loss":0.0,"gold_gain":75.0,"event_name":"World of Goop","player_choice":"Gather Gold","floor":4.0,"gold_loss":0.0,"damage_taken":11.0},{"damage_healed":0.0,"max_hp_gain":0.0,"max_hp_loss":7.0,"gold_gain":0.0,"event_name":"Golden Idol","player_choice":"Lose Max HP","floor":8.0,"gold_loss":0.0,"damage_taken":0.0,"relics_obtained":["Golden Idol"]},{"damage_healed":0.0,"max_hp_gain":0.0,"max_hp_loss":0.0,"gold_gain":0.0,"event_name":"Shining Light","player_choice":"Entered Light","floor":14.0,"gold_loss":0.0,"damage_taken":21.0,"cards_upgraded":["Defend_B","Zap"]},{"damage_healed":0.0,"max_hp_gain":0.0,"max_hp_loss":0.0,"gold_gain":0.0,"event_name":"Forgotten Altar","player_choice":"Gave Idol","floor":22.0,"relics_lost":["Golden Idol"],"gold_loss":0.0,"damage_taken":0.0,"relics_obtained":["Bloody Idol"]}],"is_beta":false,"boss_relics":[{"not_picked":["Runic Dome","SacredBark"],"picked":"Nuclear Battery"}],"items_purged_floors":[],"is_endless":false,"potions_floor_spawned":[10,11,13,16,18,20],"killed_by":"Slavers","ascension_level":20}}