{"host":"5h6e4l6hpn0p5lap","time":1612113213,"event":{"mods":["AchievementEnabler","BaseMod","Better Altar","Better Match","Better Sensory Stone","Better Skull","Better Third Choice","Filter the Spire","Highlight Path","Minty Spire (QoL Compilation)","StSLib"],"gold_per_floor":[111,127,139,152,0,30,40,51,51,67,67,67,67,96,96,201,201,213,213,200,200,200,200],"floor_reached":22,"language":"ENG","playtime":880,"items_purged":[],"score":267,"play_id":"b97f3e84-fcf2-4db1-9de4-4c5bcbb1d00a","local_time":"20210131121333","is_ascension_mode":true,"campfire_choices":[{"data":"Zap","floor":13,"key":"SMITH"},{"data":"Sweeping Beam","floor":15,"key":"SMITH"}],"circlet_count":0,"master_deck":["Strike_B","Strike_B","Defend_B","Defend_B+1","Defend_B","Defend_B","Zap+1","Dualcast+1","Gash","Coolheaded","Stack","Gash","Seek","Turbo","Tempest","Sweeping Beam+1","Parasite","Cold Snap","Electrodynamics","Chill","Meteor Strike","Go for the Eyes","Ball Lightning"],"relics":["Cracked Core","War Paint","Medical Kit","Pantograph","Eternal Feather","Philosopher\u0027s Stone"],"acts_visited":["Exordium","TheCity"],"potions_floor_usage":[7,14,16],"damage_taken":[{"damage":1,"enemies":"Cultist","floor":1,"turns":3},{"damage":2,"enemies":"Jaw Worm","floor":2,"turns":3},{"damage":0,"enemies":"Small Slimes","floor":3,"turns":3},{"damage":1,"enemies":"Looter","floor":4,"turns":3},{"damage":23,"enemies":"3 Sentries","floor":6,"turns":9},{"damage":7,"enemies":"Exordium Wildlife","floor":7,"turns":5},{"damage":4,"enemies":"Blue Slaver","floor":8,"turns":3},{"damage":6,"enemies":"Red Slaver","floor":10,"turns":3},{"damage":9,"enemies":"Gremlin Nob","floor":14,"turns":4},{"damage":48,"enemies":"Slime Boss","floor":16,"turns":12},{"damage":12,"enemies":"Spheric Guardian","floor":18,"turns":3},{"damage":28,"enemies":"2 Thieves","floor":20,"turns":4},{"damage":31,"enemies":"Snake Plant","floor":22,"turns":2}],"seed_played":"7801632573055393791","potions_obtained":[{"floor":3,"key":"BlessingOfTheForge"},{"floor":7,"key":"SpeedPotion"},{"floor":8,"key":"Dexterity Potion"},{"floor":10,"key":"ColorlessPotion"},{"floor":14,"key":"SkillPotion"},{"floor":20,"key":"Dexterity Potion"}],"is_trial":false,"path_per_floor":["M","M","M","M","$","E","M","M","T","M","?","?","R","E","R","B",null,"M","?","M","?","M"],"character_chosen":"DEFECT","items_purchased":["Medical Kit"],"campfire_rested":0,"item_purchase_floors":[5],"current_hp_per_floor":[67,65,65,64,64,41,34,30,30,24,42,67,67,58,70,27,63,51,51,23,23,0,0],"gold":200,"neow_bonus":"RANDOM_COMMON_RELIC","is_daily":false,"chose_seed":false,"campfire_upgraded":2,"win_rate":0.0,"timestamp":1612113213,"path_taken":["M","M","M","M","$","E","?","?","T","M","?","?","R","E","R","BOSS","M","?","M","?","M"],"items_purchased_type":["Relic"],"build_version":"2020-12-22","purchased_purges":0,"victory":false,"max_hp_per_floor":[75,75,75,75,75,75,75,75,75,75,75,75,75,75,75,75,75,75,75,75,75,75,75],"card_choices":[{"not_picked":["Scrape","Streamline"],"picked":"Gash","floor":1},{"not_picked":["Hologram","Compile Driver"],"picked":"Coolheaded","floor":2},{"not_picked":["Compile Driver","Rebound"],"picked":"Stack","floor":3},{"not_picked":["Undo","Chill"],"picked":"Gash","floor":4},{"not_picked":["Conserve Battery","Sweeping Beam"],"picked":"Seek","floor":6},{"not_picked":["Force Field","Leap"],"picked":"Turbo","floor":7},{"not_picked":["Streamline","Recycle"],"picked":"Tempest","floor":8},{"not_picked":["Rebound","Hologram"],"picked":"Sweeping Beam","floor":10},{"not_picked":["Auto Shields","Conserve Battery"],"picked":"Cold Snap","floor":14},{"not_picked":["Machine Learning","Multi-Cast"],"picked":"Electrodynamics","floor":16},{"not_picked":["Compile Driver","Leap"],"picked":"Chill","floor":18},{"not_picked":["Stack","Compile Driver"],"picked":"Ball Lightning","floor":20}],"player_experience":1030731,"relics_obtained":[{"floor":6,"key":"Pantograph"},{"floor":14,"key":"Eternal Feather"}],"event_choices":[{"damage_healed":18,"gold_gain":0,"player_choice":"Healed and dodged fight","damage_taken":0,"max_hp_gain":0,"max_hp_loss":0,"event_name":"Mushrooms","floor":11,"gold_loss":0,"cards_obtained":["Parasite"]},{"damage_healed":25,"gold_gain":0,"player_choice":"Banana","damage_taken":0,"max_hp_gain":0,"max_hp_loss":0,"event_name":"Big Fish","floor":12,"gold_loss":0},{"damage_healed":0,"gold_gain":0,"cards_transformed":["Strike_B","Strike_B"],"player_choice":"Became Test Subject","damage_taken":0,"max_hp_gain":0,"max_hp_loss":0,"event_name":"Drug Dealer","floor":19,"gold_loss":0,"cards_obtained":["Meteor Strike","Go for the Eyes"]},{"damage_healed":0,"gold_gain":0,"player_choice":"Ignored","damage_taken":0,"max_hp_gain":0,"max_hp_loss":0,"event_name":"Cursed Tome","floor":21,"gold_loss":0}],"is_beta":false,"boss_relics":[{"not_picked":["Fusion Hammer","Empty Cage"],"picked":"Philosopher\u0027s Stone"}],"items_purged_floors":[],"is_endless":false,"potions_floor_spawned":[3,7,8,10,14,20],"killed_by":"Snake Plant","ascension_level":7}}