{"host":"7oiwk103j2prpym5","time":1612119260,"event":{"mods":["BaseMod","BetterRewards","Colored Map","Colored Powertips","GifTheSpireLib","Infinite Spire","Minty Spire (QoL Compilation)","Permanent Neow","Relic Filter Mod","Reliquary","Remove Card Discount Mod","Replay The Spire","StSLib","Stuff the Spire","Weighted Paths"],"gold_per_floor":[116,116,116,128,146,173,173,173,173],"floor_reached":8,"language":"ENG","playtime":643,"items_purged":["Strike_G","Defend_G","Strike_G","Defend_G"],"score":64,"play_id":"a5f2c8da-8dcf-498a-bfa6-9f2302f6d805","local_time":"20210131125420","is_ascension_mode":true,"campfire_choices":[{"floor":7,"key":"REST"}],"circlet_count":0,"master_deck":["Strike_G","Strike_G","Strike_G","Defend_G","Defend_G","Defend_G","Survivor","Neutralize","Bane+1","Caltrops+1","Prepared","Discovery","StuffTheSpire:Shiver","Hidden Blade","Deadly Poison","Infinite Blades"],"relics":["Ring of the Snake","Bronze Scales","reliquary:Buckler","Replay:Bottled Steam","Chameleon Ring"],"acts_visited":["Exordium"],"potions_floor_usage":[6,6],"damage_taken":[{"damage":0,"enemies":"Small Slimes","floor":1,"turns":3},{"damage":4,"enemies":"Jaw Worm","floor":4,"turns":3},{"damage":13,"enemies":"infinitespire:Voidling","floor":5,"turns":4},{"damage":12,"enemies":"Lagavulin","floor":6,"turns":6},{"damage":31,"enemies":"Gremlin Nob","floor":8,"turns":3}],"seed_played":"2126793540266519730","potions_obtained":[{"floor":1,"key":"Poison Potion"},{"floor":5,"key":"DistilledChaos"}],"is_trial":false,"path_per_floor":["M","?","?","M","M","E","R","E"],"character_chosen":"THE_SILENT","items_purchased":["Bronze Scales","Bane","Caltrops"],"campfire_rested":1,"item_purchase_floors":[0,0,0],"current_hp_per_floor":[55,30,30,26,22,10,31,0,0],"gold":173,"neow_bonus":"","is_daily":false,"chose_seed":false,"campfire_upgraded":0,"win_rate":0.0,"timestamp":1612119260,"path_taken":["M","?","?","?","M","E","R","E"],"items_purchased_type":["Relic","Card","Card"],"build_version":"2020-12-22","purchased_purges":4,"victory":false,"max_hp_per_floor":[70,70,70,70,70,70,70,70,70],"card_choices":[{"not_picked":["Acrobatics","Outmaneuver"],"picked":"Prepared","floor":1},{"not_picked":["Underhanded Strike","ReplayTheSpireMod:The Works"],"picked":"Hidden Blade","floor":4},{"not_picked":["Slice","StuffTheSpire:Injection"],"picked":"Deadly Poison","floor":5},{"not_picked":["Draining Mist","Slice"],"picked":"Infinite Blades","floor":6}],"player_experience":818088,"relics_obtained":[{"floor":6,"key":"Chameleon Ring"}],"event_choices":[{"damage_healed":0,"gold_gain":0,"player_choice":"Success","damage_taken":25,"relics_obtained":["Replay:Bottled Steam"],"max_hp_gain":0,"max_hp_loss":0,"event_name":"Scrap Ooze","floor":2,"gold_loss":0},{"damage_healed":0,"gold_gain":0,"player_choice":"2 cards matched","damage_taken":0,"max_hp_gain":0,"max_hp_loss":0,"event_name":"Match and Keep!","floor":3,"gold_loss":0,"cards_obtained":["Discovery","StuffTheSpire:Shiver"]}],"is_beta":false,"boss_relics":[],"items_purged_floors":[0,0,0,0],"is_endless":false,"potions_floor_spawned":[1,5],"killed_by":"Gremlin Nob","ascension_level":3}}