{"host":"b5jaqh8y266k2cz4","time":1612056528,"event":{"mods":["AchievementEnabler","Aspiration","BaseMod","Colored Powertips","Conspire","Downfall","Googly Eyes","Hermit","Highlight Path","Hubris","Infinite Spire","MarisaÅiñ∂âJÅ@ñÇóùçπÅj","Mimic Mod","Minty Spire (QoL Compilation)","Quick Restart","Replay The Spire","SOSÅiézîb?îVéqÅj","Spikes Relics","StSLib","Synergy Search","The Animator","The Cursed","The Jungle","The Necromancer","The Servant 0.9.4","The Wild Card","slay the spire mod where everything is the same but ironclad has a cowboy hat","Åyå˜î\ModÅz?ñæìIç≈?Boss"],"gold_per_floor":[109,120,120,139,155,188,213,213,251,284,46,46,64,97,97,197,197,209,224,84,95,95,95,95,123,148,181,236,236,236,236,236,236,236],"floor_reached":33,"language":"ENG","playtime":1199,"items_purged":["theWildCard:Arsene","theWildCard:SeveringSlash"],"score":375,"play_id":"ad7bb7d3-6d43-424e-9b2a-a705699965ad","local_time":"20210130202848","is_ascension_mode":true,"campfire_choices":[{"data":"theWildCard:SeveringSlash","floor":8,"key":"SMITH"},{"floor":12,"key":"REST"},{"floor":15,"key":"REST"},{"data":"theWildCard:TheGreatSeal","floor":23,"key":"SMITH"},{"floor":32,"key":"REST"}],"circlet_count":0,"master_deck":["theWildCard:BasicStrike","theWildCard:BasicStrike","theWildCard:BasicStrike","theWildCard:BasicStrike","theWildCard:BasicDefend","theWildCard:BasicDefend","theWildCard:BasicDefend+1","theWildCard:BasicDefend+1","theWildCard:CallToAdventure","theWildCard:MaskChange","theWildCard:MagicalMight","theWildCard:SeveringSlash+1","theWildCard:Salvation","theWildCard:Desolation","theWildCard:Proficiency","theWildCard:Providence","Sharp Hide","theWildCard:TheGreatSeal+1","theWildCard:SacrificialStroke+1"],"relics":["theWildCard:VelvetContract","NeowsBlessing","Potion Belt","War Paint","Omamori","infinitespire:Broken Mirror","aspiration:StickyExplosives_weak","ReplayTheSpireMod:SealedPack","Ginger","aspiration:TomeofQuesting","Replay:Ringing Soul","Art of War","sneckomod:BabySnecko"],"acts_visited":["Exordium","TheCity"],"potions_floor_usage":[6,10,16,16,27],"damage_taken":[{"damage":0,"enemies":"Small Slimes","floor":1,"turns":1},{"damage":0,"enemies":"Cultist","floor":2,"turns":1},{"damage":0,"enemies":"Jaw Worm","floor":4,"turns":1},{"damage":10,"enemies":"Exordium Wildlife","floor":5,"turns":6},{"damage":19,"enemies":"Gremlin Nob","floor":6,"turns":4},{"damage":2,"enemies":"Red Slaver","floor":9,"turns":6},{"damage":7,"enemies":"3 Sentries","floor":10,"turns":8},{"damage":0,"enemies":"Red Slaver","floor":13,"turns":1},{"damage":15,"enemies":"Gremlin Nob","floor":14,"turns":3},{"damage":3,"enemies":"Hexaghost","floor":16,"turns":8},{"damage":16,"enemies":"Shell Parasite","floor":18,"turns":4},{"damage":25,"enemies":"3 Byrds","floor":19,"turns":3},{"damage":14,"enemies":"Centurion and Healer","floor":21,"turns":3},{"damage":9,"enemies":"Gremlin Leader","floor":25,"turns":6},{"damage":0,"enemies":"Book of Stabbing","floor":27,"turns":3},{"damage":61,"enemies":"conspire:MysteriousRune","floor":33,"turns":6}],"seed_played":"-7236988694418508824","potions_obtained":[{"floor":2,"key":"EssenceOfSteel"},{"floor":4,"key":"Fire Potion"},{"floor":10,"key":"Block Potion"},{"floor":13,"key":"FearPotion"},{"floor":18,"key":"SmokeBomb"},{"floor":25,"key":"Explosive Potion"},{"floor":27,"key":"FairyPotion"}],"is_trial":false,"path_per_floor":["M","M","?","M","M","E","T","R","MIM","E","$","R","M","E","R","B",null,"M","M","$","M","?","R","?","E","T","E","T","R","?","?","R","B"],"character_chosen":"THE_WILD_CARD","items_purchased":["theWildCard:Desolation","theWildCard:SacrificialStroke+1"],"campfire_rested":3,"item_purchase_floors":[11,20],"current_hp_per_floor":[60,60,60,60,50,31,31,31,29,22,22,40,40,25,43,43,60,45,21,21,8,28,28,28,20,20,21,21,21,21,9,27,0,0],"gold":236,"neow_bonus":"THREE_ENEMY_KILL","is_daily":false,"chose_seed":false,"campfire_upgraded":2,"win_rate":0.0,"timestamp":1612056528,"path_taken":["M","M","?","?","?","E","?","R","MIM","E","$","R","M","E","R","BOSS","M","M","$","M","?","R","?","E","T","E","?","R","?","?","R","BOSS"],"items_purchased_type":["Card","Card"],"build_version":"2020-12-22","purchased_purges":2,"victory":false,"max_hp_per_floor":[60,60,60,60,60,60,60,60,60,60,60,60,60,60,60,60,60,60,60,60,60,60,60,60,60,60,60,60,60,60,60,60,60,60],"card_choices":[{"not_picked":["theWildCard:Unburden","theWildCard:ManOfManyFaces"],"picked":"theWildCard:MaskChange","floor":1},{"not_picked":["theWildCard:EnergizedStroke","theWildCard:StalwartBlade","theWildCard:Thanatos"],"picked":"SKIP","floor":2},{"not_picked":["theWildCard:Unburden","theWildCard:EnergyTheft"],"picked":"theWildCard:MagicalMight","floor":4},{"not_picked":["theWildCard:ShieldOfMany","theWildCard:PaleRider","theWildCard:Sakuya"],"picked":"SKIP","floor":5},{"not_picked":["theWildCard:ShieldOfMany","theWildCard:PaleRider","theWildCard:Sakuya"],"picked":"SKIP","floor":5},{"not_picked":["theWildCard:PaleRider","theWildCard:Polydeuces"],"picked":"theWildCard:SeveringSlash","floor":6},{"not_picked":["theWildCard:ManOfManyFaces","theWildCard:IdentityTheft"],"picked":"theWildCard:Salvation","floor":9},{"not_picked":["theWildCard:Loki","theWildCard:ArchaicAssault"],"picked":"theWildCard:SeveringSlash","floor":10},{"not_picked":["theWildCard:StingingStrike","theWildCard:Unburden"],"picked":"theWildCard:Proficiency","floor":13},{"not_picked":["theWildCard:FuelForTheFire","theWildCard:PaleRider"],"picked":"theWildCard:Providence","floor":14},{"not_picked":["PlatinumSkin","Degenerate"],"picked":"Sharp Hide","floor":17},{"not_picked":["infinitespire:Oblivion","infinitespire:SevenWalls"],"picked":"infinitespire:SealOfDarkness+","floor":17},{"not_picked":["theWildCard:Safeguard","theWildCard:StingingStrike","theWildCard:ArcaneArts"],"picked":"SKIP","floor":18},{"not_picked":["theWildCard:PaleRider","theWildCard:Sakuya+1"],"picked":"theWildCard:TheGreatSeal","floor":19},{"not_picked":["theWildCard:MaskChange+1","theWildCard:Metatron","theWildCard:SeveringSlash"],"picked":"SKIP","floor":21},{"not_picked":["theWildCard:Polydeuces","theWildCard:PaleRider","theWildCard:SeveringSlash+1"],"picked":"SKIP","floor":25},{"not_picked":["theWildCard:ArcaneArts+1","theWildCard:FuelForTheFire","theWildCard:BladeOfGenerations"],"picked":"SKIP","floor":27}],"player_experience":336703,"relics_obtained":[{"floor":6,"key":"Potion Belt"},{"floor":7,"key":"War Paint"},{"floor":9,"key":"Omamori"},{"floor":10,"key":"infinitespire:Broken Mirror"},{"floor":14,"key":"aspiration:StickyExplosives_weak"},{"floor":25,"key":"Ginger"},{"floor":26,"key":"aspiration:TomeofQuesting"},{"floor":27,"key":"Replay:Ringing Soul"},{"floor":28,"key":"Art of War"}],"event_choices":[{"damage_healed":20,"gold_gain":0,"player_choice":"Heal","damage_taken":0,"max_hp_gain":0,"max_hp_loss":0,"event_name":"The Library","floor":22,"gold_loss":0},{"damage_healed":0,"gold_gain":0,"player_choice":"POTION ","damage_taken":12,"max_hp_gain":0,"max_hp_loss":0,"event_name":"Knowing Skull","floor":31,"potions_obtained":["SneckoOil"],"gold_loss":0,"cards_obtained":[]}],"is_beta":false,"boss_relics":[{"not_picked":["SacredBark","Replay:Drink Me"],"picked":"ReplayTheSpireMod:SealedPack"}],"items_purged_floors":[11,20],"is_endless":false,"potions_floor_spawned":[2,4,10,13,18,25,27],"killed_by":"conspire:MysteriousRune","ascension_level":3}}