{"host":"aqym1xxr3lb31d9m","time":1612122026,"event":{"mods":["BaseMod","Block Reminder","Colored Map","Colored Powertips","DeckTracker","Highlight Path","Minty Spire (QoL Compilation)","Quick Restart","Random Character Button","StSLib","SuperFastMode","UnlockEverythingMod"],"gold_per_floor":[112,126,138,156,113,113,113,148,175,175,189,189,189,154,154,154,154],"floor_reached":16,"language":"JPN","playtime":337,"items_purged":[],"score":200,"play_id":"4c23b525-2708-479e-911c-625c2ab8d94e","local_time":"20210201044026","is_ascension_mode":true,"campfire_choices":[{"data":"Streamline","floor":6.0,"key":"SMITH"},{"data":"Defragment","floor":12,"key":"SMITH"},{"data":"Zap","floor":15,"key":"SMITH"}],"circlet_count":0,"master_deck":["AscendersBane","Strike_B","Strike_B","Strike_B","Strike_B","Defend_B","Defend_B","Defend_B","Defend_B","Zap+1","Dualcast","Metamorphosis","White Noise","Streamline+1","Ball Lightning","Core Surge","Skim","Buffer","Parasite","Defragment+1"],"relics":["Cracked Core","Tiny Chest"],"acts_visited":["Exordium"],"potions_floor_usage":[11],"damage_taken":[{"damage":1.0,"enemies":"Cultist","floor":1.0,"turns":3.0},{"damage":4.0,"enemies":"2 Louse","floor":2.0,"turns":3.0},{"damage":12.0,"enemies":"Jaw Worm","floor":3.0,"turns":2.0},{"damage":6.0,"enemies":"Blue Slaver","floor":4.0,"turns":4.0},{"damage":8.0,"enemies":"Gremlin Nob","floor":8.0,"turns":3.0},{"damage":13,"enemies":"Exordium Thugs","floor":11,"turns":3},{"damage":37,"enemies":"The Guardian","floor":16,"turns":8}],"seed_played":"7096076118311172869","potions_obtained":[{"floor":1.0,"key":"Energy Potion"},{"floor":4.0,"key":"LiquidMemories"}],"is_trial":false,"path_per_floor":["M","M","M","M","$","R","$","E","T","?","M","R","?","?","R","B"],"character_chosen":"DEFECT","items_purchased":["Skim"],"campfire_rested":0,"item_purchase_floors":[5],"current_hp_per_floor":[45,41,29,23,23,23,23,15,15,32,19,19,19,36,36,0,0],"gold":154,"neow_bonus":"RANDOM_COLORLESS_2","is_daily":false,"chose_seed":false,"campfire_upgraded":3,"win_rate":0.0,"timestamp":1612122026,"path_taken":["M","M","?","M","$","R","$","E","T","?","M","R","?","?","R","BOSS"],"items_purchased_type":["Card"],"build_version":"2020-12-22","purchased_purges":0,"victory":false,"max_hp_per_floor":[71,71,71,71,71,71,71,71,71,71,71,71,71,71,71,71,71],"card_choices":[{"not_picked":["Chrysalis","Secret Weapon"],"picked":"Metamorphosis","floor":0.0},{"not_picked":["Stack","Redo"],"picked":"White Noise","floor":1.0},{"not_picked":["Gash","Barrage"],"picked":"Streamline","floor":2.0},{"not_picked":["Gash","Steam"],"picked":"Ball Lightning","floor":3.0},{"not_picked":["Gash","Redo"],"picked":"Core Surge","floor":4.0},{"not_picked":["Auto Shields","Sweeping Beam"],"picked":"Buffer","floor":8.0},{"not_picked":["Go for the Eyes","Ball Lightning"],"picked":"Defragment","floor":11}],"player_experience":4167646,"relics_obtained":[{"floor":8.0,"key":"Tiny Chest"}],"event_choices":[{"damage_healed":17.0,"max_hp_gain":0.0,"max_hp_loss":0.0,"gold_gain":0.0,"event_name":"Mushrooms","player_choice":"Healed and dodged fight","floor":10.0,"gold_loss":0.0,"damage_taken":0.0,"cards_obtained":["Parasite"]},{"damage_healed":0,"gold_gain":0,"player_choice":"Ignored","damage_taken":0,"max_hp_gain":0,"max_hp_loss":0,"event_name":"Liars Game","floor":13,"gold_loss":0},{"damage_healed":17,"gold_gain":0,"player_choice":"Healed","damage_taken":0,"max_hp_gain":0,"max_hp_loss":0,"event_name":"The Cleric","floor":14,"gold_loss":35}],"is_beta":false,"boss_relics":[],"items_purged_floors":[],"is_endless":false,"potions_floor_spawned":[1,4],"killed_by":"The Guardian","ascension_level":20}}