{"host":"d17dpptiltdcqz9s","time":1612097913,"event":{"mods":["BaseMod","Colored Powertips","Downfall","Minty Spire (QoL Compilation)","Replay The Spire","StSLib"],"gold_per_floor":[113,113,128,128,53,72,72,90,116,116,131,45,358,358,358,454,454,479,394,394,34,58,58,92,92,144,177,211,77,101,117,117,208,208,224,249,39,39,70,70,70,70,70,70,101,1,61,61,61,157,247,247,270,270],"floor_reached":53,"language":"ZHS","playtime":2344,"items_purged":["Injury","Inflame+1","Cleave"],"score":2562,"play_id":"d99e53c7-4def-489c-ad01-37764e45ee43","local_time":"20210131205833","daily_mods":["SealedDeck","Vintage","Heirloom","Flight","Lethality"],"is_ascension_mode":true,"campfire_choices":[{"data":"Fire Breathing","floor":10.0,"key":"SMITH"},{"data":"Inflame","floor":15.0,"key":"SMITH"},{"data":"Feel No Pain","floor":23.0,"key":"SMITH"},{"data":"Power Through","floor":25.0,"key":"SMITH"},{"data":"Dark Embrace","floor":32.0,"key":"SMITH"},{"data":"Barricade","floor":40.0,"key":"SMITH"},{"data":"Offering","floor":41.0,"key":"SMITH"},{"data":"Demon Form","floor":42.0,"key":"SMITH"},{"data":"Feed","floor":44.0,"key":"SMITH"},{"data":"Shrug It Off","floor":49.0,"key":"SMITH"}],"circlet_count":0,"master_deck":["AscendersBane","Fire Breathing+1","Heavy Blade+1","Feel No Pain+1","Intimidate+1","Shrug It Off+1","Flex+1","Sword Boomerang+1","Shockwave+1","Feed+1","Power Through+1","Barricade+1","Dark Embrace+1","Offering+1","Demon Form+1","Berserk"],"relics":["Black Blood","Ice Cream","Whetstone","Singing Bowl","Golden Idol","War Paint","Calipers","Ancient Tea Set","Incense Burner","Old Coin","Sozu","Nunchaku","The Courier","Omamori","Blood Vial","Oddly Smooth Stone","Pen Nib","Du-Vu Doll","Vajra","Art of War","Boot","Torii","Eternal Feather","Regal Pillow","Meat on the Bone","TheAbacus","Dead Branch","Bottled Flame","Red Skull","Magic Flower","Calling Bell","Bronze Scales","HornCleat","Champion Belt","Kunai"],"acts_visited":[],"potions_floor_usage":[],"damage_taken":[{"damage":11.0,"enemies":"Jaw Worm","floor":1.0,"turns":2.0},{"damage":0.0,"enemies":"Cultist","floor":3.0,"turns":2.0},{"damage":8.0,"enemies":"Small Slimes","floor":6.0,"turns":2.0},{"damage":7.0,"enemies":"Gremlin Gang","floor":8.0,"turns":2.0},{"damage":0.0,"enemies":"Exordium Thugs","floor":11.0,"turns":2.0},{"damage":2.0,"enemies":"Looter","floor":13.0,"turns":2.0},{"damage":0.0,"enemies":"Slime Boss","floor":16.0,"turns":3.0},{"damage":0.0,"enemies":"Chosen","floor":18.0,"turns":3.0},{"damage":2.0,"enemies":"Spheric Guardian","floor":22.0,"turns":3.0},{"damage":14.0,"enemies":"Slavers","floor":24.0,"turns":3.0},{"damage":1.0,"enemies":"Book of Stabbing","floor":27.0,"turns":3.0},{"damage":21.0,"enemies":"Gremlin Leader","floor":28.0,"turns":4.0},{"damage":33.0,"enemies":"Snake Plant","floor":30.0,"turns":2.0},{"damage":6.0,"enemies":"Sentry and Sphere","floor":31.0,"turns":3.0},{"damage":21.0,"enemies":"Champ","floor":33.0,"turns":6.0},{"damage":19.0,"enemies":"3 Shapes","floor":35.0,"turns":2.0},{"damage":7.0,"enemies":"Orb Walker","floor":36.0,"turns":2.0},{"damage":21.0,"enemies":"Mind Bloom Boss Battle","floor":39.0,"turns":4.0},{"damage":10.0,"enemies":"Giant Head","floor":45.0,"turns":4.0},{"damage":34.0,"enemies":"2 Orb Walkers","floor":47.0,"turns":3.0},{"damage":35.0,"enemies":"Awakened One","floor":50.0,"turns":6.0},{"damage":58.0,"enemies":"Donu and Deca","floor":51.0,"turns":5.0},{"damage":6.0,"enemies":"Jaw Worm","floor":53.0,"turns":1.0}],"seed_played":"820386585580499254","potions_obtained":[{"floor":13.0,"key":"PowerPotion"}],"is_trial":true,"path_per_floor":["M","?","M","?","$","M","?","M","T","R","M","$","M","?","R","B",null,"M","?","?","$","M","R","E","R","T","E","E","$","M","M","R","B",null,"M","M","$","?","?","R","R","R","T","R","E","$","?","?","R","B","B",null,"M"],"character_chosen":"IRONCLAD","items_purchased":["Inflame","Omamori","Blood Vial","Oddly Smooth Stone","Dark Embrace","Offering","TheAbacus"],"campfire_rested":0,"item_purchase_floors":[12,21,21,21,29,29,37],"current_hp_per_floor":[63,63,69,69,69,67,67,66,66,66,72,72,75,75,75,75,75,75,75,75,75,75,75,70,70,70,77,65,65,40,42,51,38,70,68,75,75,77,72,81,87,87,87,87,89,89,73,73,82,74,57,86,96,96],"gold":270,"neow_bonus":"","is_daily":false,"chose_seed":false,"campfire_upgraded":10,"win_rate":0.0,"timestamp":1612097913,"path_taken":["M","?","?","?","$","M","?","M","T","R","?","?","M","?","R","BOSS","M","?","?","$","M","R","E","R","T","E","E","$","?","M","R","BOSS","M","M","$","?","?","R","R","R","T","R","E","$","?","?","R","BOSS","BOSS","M"],"items_purchased_type":["Card","Relic","Relic","Relic","Card","Card","Relic"],"build_version":"2020-12-22","purchased_purges":3,"victory":false,"max_hp_per_floor":[75,75,75,75,75,75,75,75,75,75,75,75,75,75,75,75,75,75,75,75,75,75,75,78,78,78,78,80,80,80,80,80,80,80,83,83,83,85,87,87,87,87,87,87,89,89,95,90,90,94,96,96,96,96],"card_choices":[{"not_picked":["Impervious","Exhume"],"picked":"Feed","floor":16.0},{"not_picked":["Seeing Red","Perfected Strike"],"picked":"Power Through","floor":24.0},{"not_picked":["Intimidate","Body Slam+1"],"picked":"Barricade","floor":27.0},{"not_picked":["Anger","Fire Breathing","Blood for Blood"],"picked":"Singing Bowl","floor":28.0},{"not_picked":["Brutality","Limit Break"],"picked":"Demon Form","floor":33.0},{"not_picked":["Panache","Transmutation","Violence"],"picked":"Singing Bowl","floor":38.0},{"not_picked":["Searing Blow+1","Havoc","Anger+1"],"picked":"Singing Bowl","floor":39.0},{"not_picked":["Anger","Shockwave+1","Flame Barrier"],"picked":"Singing Bowl","floor":45.0},{"not_picked":["Dual Wield","Twin Strike","Uppercut+1"],"picked":"Singing Bowl","floor":47.0},{"not_picked":["Exhume","Brutality"],"picked":"Berserk","floor":50.0},{"not_picked":["Brutality","Bludgeon","Limit Break"],"picked":"Singing Bowl","floor":51.0}],"player_experience":219427,"relics_obtained":[{"floor":1.0,"key":"Whetstone"},{"floor":3.0,"key":"Singing Bowl"},{"floor":6.0,"key":"War Paint"},{"floor":8.0,"key":"Calipers"},{"floor":9.0,"key":"Ancient Tea Set"},{"floor":11.0,"key":"Incense Burner"},{"floor":13.0,"key":"Old Coin"},{"floor":18.0,"key":"Nunchaku"},{"floor":22.0,"key":"Pen Nib"},{"floor":24.0,"key":"Du-Vu Doll"},{"floor":26.0,"key":"Vajra"},{"floor":27.0,"key":"Art of War"},{"floor":28.0,"key":"Boot"},{"floor":30.0,"key":"Torii"},{"floor":31.0,"key":"Eternal Feather"},{"floor":35.0,"key":"Regal Pillow"},{"floor":36.0,"key":"Meat on the Bone"},{"floor":39.0,"key":"Dead Branch"},{"floor":43.0,"key":"Bottled Flame"},{"floor":45.0,"key":"Red Skull"},{"floor":47.0,"key":"Magic Flower"},{"floor":52.0,"key":"Bronze Scales"},{"floor":52.0,"key":"HornCleat"},{"floor":52.0,"key":"Champion Belt"},{"floor":53,"key":"Kunai"}],"event_choices":[{"damage_healed":0.0,"max_hp_gain":0.0,"max_hp_loss":0.0,"gold_gain":0.0,"event_name":"Accursed Blacksmith","player_choice":"Forge","floor":2.0,"gold_loss":0.0,"damage_taken":0.0,"cards_upgraded":["Shockwave"]},{"damage_healed":0.0,"max_hp_gain":0.0,"max_hp_loss":0.0,"gold_gain":0.0,"event_name":"Golden Idol","player_choice":"Take Wound","floor":4.0,"gold_loss":0.0,"damage_taken":0.0,"relics_obtained":["Golden Idol"],"cards_obtained":["Injury"]},{"cards_removed":["Pommel Strike"],"damage_healed":0.0,"max_hp_gain":0.0,"max_hp_loss":0.0,"gold_gain":0.0,"event_name":"Purifier","player_choice":"Purged","floor":7.0,"gold_loss":0.0,"damage_taken":0.0},{"damage_healed":0.0,"max_hp_gain":0.0,"max_hp_loss":0.0,"gold_gain":0.0,"event_name":"The Cleric","player_choice":"Leave","floor":14.0,"gold_loss":0.0,"damage_taken":0.0},{"damage_healed":0.0,"max_hp_gain":0.0,"max_hp_loss":0.0,"gold_gain":0.0,"event_name":"Addict","player_choice":"Obtained Relic","floor":19.0,"gold_loss":85.0,"damage_taken":0.0,"relics_obtained":["The Courier"]},{"damage_healed":0.0,"max_hp_gain":0.0,"max_hp_loss":0.0,"gold_gain":0.0,"event_name":"FaceTrader","player_choice":"Leave","floor":20.0,"gold_loss":0.0,"damage_taken":0.0},{"damage_healed":0.0,"max_hp_gain":0.0,"max_hp_loss":0.0,"gold_gain":0.0,"event_name":"SensoryStone","player_choice":"Memory 1","floor":38.0,"gold_loss":0.0,"damage_taken":0.0},{"damage_healed":0.0,"max_hp_gain":0.0,"max_hp_loss":0.0,"gold_gain":0.0,"event_name":"MindBloom","player_choice":"Fight","floor":39.0,"gold_loss":0.0,"damage_taken":0.0},{"damage_healed":0.0,"max_hp_gain":0.0,"max_hp_loss":0.0,"gold_gain":0.0,"event_name":"Mysterious Sphere","player_choice":"Fight","floor":47.0,"gold_loss":0.0,"damage_taken":0.0},{"damage_healed":0.0,"max_hp_gain":0.0,"max_hp_loss":5.0,"gold_gain":0.0,"event_name":"Winding Halls","player_choice":"Max HP","floor":48.0,"gold_loss":0.0,"damage_taken":0.0}],"is_beta":false,"boss_relics":[{"not_picked":["Ectoplasm","Velvet Choker"],"picked":"Sozu"},{"not_picked":["Snecko Eye","Fusion Hammer"],"picked":"Black Blood"},{"not_picked":["SlaversCollar","Empty Cage"],"picked":"Calling Bell"}],"items_purged_floors":[5,37,46],"is_endless":true,"potions_floor_spawned":[13,18,27,28,31,35,50,51],"killed_by":"Jaw Worm","ascension_level":20}}