{"host":"q6ff4ns2kep02ti6","time":1612108856,"event":{"mods":["AchievementEnabler","BaseMod","Minty Spire (QoL Compilation)","Relic Stats","StSLib","Unceasing Turn Reminder"],"gold_per_floor":[361,361,381,30,30,30,50,70,70,70,70],"floor_reached":10,"language":"ENG","playtime":403,"items_purged":["Injury"],"score":116,"play_id":"cb4ed315-7ad1-488e-b892-762ec2966e5f","local_time":"20210131170056","is_ascension_mode":true,"campfire_choices":[{"data":"Feel No Pain","floor":6,"key":"SMITH"}],"circlet_count":0,"master_deck":["AscendersBane","Strike_R","Strike_R","Strike_R","Strike_R","Strike_R","Defend_R","Defend_R","Defend_R","Defend_R","Bash+1","Feel No Pain+1","Ghostly Armor","Warcry","Combust"],"relics":["Burning Blood","Golden Idol","Mummified Hand","Champion Belt"],"acts_visited":["Exordium"],"potions_floor_usage":[],"damage_taken":[{"damage":7,"enemies":"Jaw Worm","floor":1,"turns":4},{"damage":6,"enemies":"Cultist","floor":3,"turns":3},{"damage":10,"enemies":"2 Louse","floor":7,"turns":3},{"damage":27,"enemies":"Large Slime","floor":8,"turns":9},{"damage":26,"enemies":"Gremlin Nob","floor":10,"turns":3}],"seed_played":"-6640730761216805274","potions_obtained":[],"is_trial":false,"path_per_floor":["M","?","M","$","?","R","M","M","T","E"],"character_chosen":"IRONCLAD","items_purchased":["Mummified Hand"],"campfire_rested":0,"item_purchase_floors":[4],"current_hp_per_floor":[49,49,49,49,49,49,45,24,24,0,0],"gold":70,"neow_bonus":"TWO_FIFTY_GOLD","is_daily":false,"chose_seed":false,"campfire_upgraded":1,"win_rate":0.0,"timestamp":1612108856,"path_taken":["M","?","M","$","?","R","M","M","T","E"],"items_purchased_type":["Relic"],"build_version":"2020-12-22","purchased_purges":1,"victory":false,"max_hp_per_floor":[75,75,75,75,75,75,75,75,75,75,75],"relic_stats":{"counters":[5,22],"Golden Idol":12,"Mummified Hand":[3],"Champion Belt":[1],"obtain_stats":[{"Golden Idol":2,"Mummified Hand":4,"Champion Belt":9,"Burning Blood":0},{"Golden Idol":1,"Mummified Hand":2,"Champion Belt":4,"Burning Blood":0},{"Golden Idol":4,"Mummified Hand":7,"Champion Belt":19,"Burning Blood":0}],"Burning Blood":24},"card_choices":[{"not_picked":["Warcry","Heavy Blade"],"picked":"Feel No Pain","floor":1},{"not_picked":["Seeing Red","Burning Pact"],"picked":"Ghostly Armor","floor":3},{"not_picked":["Iron Wave","Shrug It Off"],"picked":"Warcry","floor":7},{"not_picked":["Twin Strike","Pommel Strike"],"picked":"Combust","floor":8}],"player_experience":1034051,"relics_obtained":[{"floor":9,"key":"Champion Belt"}],"event_choices":[{"damage_healed":0,"gold_gain":0,"player_choice":"Take Wound","damage_taken":0,"relics_obtained":["Golden Idol"],"max_hp_gain":0,"max_hp_loss":0,"event_name":"Golden Idol","floor":2,"gold_loss":0,"cards_obtained":["Injury"]},{"damage_healed":0,"gold_gain":0,"player_choice":"Forge","damage_taken":0,"max_hp_gain":0,"max_hp_loss":0,"event_name":"Accursed Blacksmith","floor":5,"gold_loss":0,"cards_upgraded":["Bash"]}],"is_beta":false,"boss_relics":[],"items_purged_floors":[4],"is_endless":false,"potions_floor_spawned":[],"killed_by":"Gremlin Nob","ascension_level":20}}