{"host":"2mxajwyidsax8sss","time":1612106025,"event":{"mods":["100% Spire Juice","2.2 Compatiblity","Act Like it!","Arknights","Aspiration","Bartender","BaseMod","Better Match","Better Note","Better Sensory Stone","Better Vampires","BetterRewards","Block Reminder","CapriCore","Chen","Colored Powertips","Conspire","Decade(???)","Defuse TimeMaze Blight","Downfall","Energized Spire","Friendly Minions","Gensokyo","Googly Eyes","GungeonMod","Hermit","HololiveMod","Hubris","Jorbs\u0027s Wanderer Trilogy","Koishi","Marked Mod","Minty Spire (QoL Compilation)","Nova Terra(??·??)","Permanent Neow","Quick Restart","Random Character Button","Reimu??????","Relic Filter","Relic Stats","Reliquary","Remilia??????","Replay The Spire","SIMod","SOS???????","StSLib","The Animator","The Bug Knight","The Death Knight","The Immortal","The Kombatant","Wandering Minibosses"],"gold_per_floor":[113,113,65,76,93,93,110,73,73,102,113,113,38,52,52,148,28,39,39,1,18,28,56,56,79,79],"floor_reached":25,"language":"ENG","playtime":2679,"items_purged":[],"score":225,"play_id":"e6e88251-7628-4707-89a8-8e09e5e0e2a2","local_time":"20210131161345","is_ascension_mode":false,"campfire_choices":[{"data":"Moonworks:SakisCookie","floor":6,"key":"SMITH"},{"data":"Moonworks:x16BigRocket","floor":12,"key":"SMITH"},{"floor":15,"key":"REST"},{"data":"Moonworks:EvilSpyWorkPreparation","floor":24,"key":"SMITH"}],"circlet_count":0,"master_deck":["Moonworks:Strike","Moonworks:Strike","Moonworks:Strike","Moonworks:Strike","Moonworks:Defend","Moonworks:Defend","Moonworks:Defend","Moonworks:Defend","Moonworks:Ambush+1","Moonworks:LongDistanceShot","Moonworks:EvilSpyWorkPreparation+1","Moonworks:ImOnFire","Moonworks:SakisCookie+1","Moonworks:RagingMadness","Moonworks:LulusLuckyEgg","Moonworks:MeltingMemories+1","Moonworks:x16BigRocket+1","Madness+1","Moonworks:MiracleWalker+1","Moonworks:AnotherUltimateWeapon+1","Moonworks:PlushieMaster+1","Moonworks:LuckyCharm","Moonworks:NicePresent+1","Moonworks:NicePresent"],"relics":["Moonworks:BrokenBomb","Moonworks:Homemark","Golden Egg","Potion Belt","aspiration:SecretTechniqueScroll","ScarletDevilRocket"],"acts_visited":["Exordium","Gensokyo:Gensokyoer"],"potions_floor_usage":[8,10,22,23,23,23],"damage_taken":[{"damage":4,"enemies":"conspire:RoseBush","floor":1,"turns":2},{"damage":0,"enemies":"Cultist","floor":4,"turns":3},{"damage":4,"enemies":"Jaw Worm","floor":5,"turns":3},{"damage":10,"enemies":"Red Slaver","floor":7,"turns":3},{"damage":8,"enemies":"2 Fungi Beasts","floor":8,"turns":4},{"damage":17,"enemies":"Lagavulin","floor":10,"turns":5},{"damage":0,"enemies":"Looter","floor":11,"turns":2},{"damage":18,"enemies":"Red Slaver","floor":14,"turns":2},{"damage":5,"enemies":"Slime Boss","floor":16,"turns":7},{"damage":0,"enemies":"Gensokyo:2_Gloops","floor":18,"turns":3},{"damage":16,"enemies":"Gensokyo:3_Dogs","floor":21,"turns":4},{"damage":32,"enemies":"Gensokyo:Slime_Group","floor":22,"turns":6},{"damage":13,"enemies":"Gensokyo:Tenshi","floor":23,"turns":3},{"damage":36,"enemies":"Gensokyo:Monolith_and_Dog","floor":25,"turns":3}],"seed_played":"-7586224614260762683","potions_obtained":[{"floor":1,"key":"BlessingOfTheForge"},{"floor":5,"key":"Adrenaline Potion"},{"floor":10,"key":"DemoMod:LeadSkinPotion"},{"floor":11,"key":"Adrenaline Potion"},{"floor":21,"key":"Languid Potion"},{"floor":22,"key":"Block Potion"}],"is_trial":false,"path_per_floor":["M","?","$","M","M","R","M","M","T","E","M","R","?","M","R","B",null,"M","?","COS","M","M","E","R","M"],"character_chosen":"THE_STARBREAKER","items_purchased":["Moonworks:ImOnFire"],"campfire_rested":1,"item_purchase_floors":[3],"current_hp_per_floor":[56,56,56,56,52,52,45,40,40,26,40,40,40,27,45,51,60,60,60,60,44,15,32,32,0,0],"gold":79,"neow_bonus":"UPGRADE_CARD","is_daily":false,"chose_seed":false,"campfire_upgraded":3,"win_rate":0.0,"timestamp":1612106025,"path_taken":["M","?","$","M","M","R","M","?","T","E","M","R","?","M","R","BOSS","M","?","COS","M","M","E","R","M"],"items_purchased_type":["Card"],"build_version":"2020-12-22","purchased_purges":0,"victory":false,"max_hp_per_floor":[60,60,60,60,60,60,60,60,60,60,60,60,60,60,60,60,60,60,60,60,60,60,60,60,60,60],"relic_stats":{"counters":[14,50],"obtain_stats":[{"Potion Belt":10,"Golden Egg":9,"ScarletDevilRocket":23,"Moonworks:Homemark":0,"DemoMod:GlassGuonStoneRelic":1,"aspiration:SecretTechniqueScroll":17,"Moonworks:BrokenBomb":0},{"Potion Belt":6,"Golden Egg":5,"ScarletDevilRocket":13,"Moonworks:Homemark":0,"DemoMod:GlassGuonStoneRelic":1,"aspiration:SecretTechniqueScroll":9,"Moonworks:BrokenBomb":0},{"Potion Belt":20,"Golden Egg":15,"ScarletDevilRocket":47,"Moonworks:Homemark":0,"DemoMod:GlassGuonStoneRelic":2,"aspiration:SecretTechniqueScroll":31,"Moonworks:BrokenBomb":0}]},"card_choices":[{"not_picked":["Moonworks:Assault","Moonworks:BigMagnum"],"picked":"Moonworks:EvilSpyWorkPreparation","floor":1},{"not_picked":["Moonworks:MixPhenomenon","Moonworks:Wanted"],"picked":"Moonworks:SakisCookie","floor":4},{"not_picked":["Moonworks:SweetBattle","Moonworks:SakisCookie"],"picked":"Moonworks:RagingMadness","floor":5},{"not_picked":["Moonworks:SakisCookie","Moonworks:CloudOfSeagulls"],"picked":"Moonworks:LulusLuckyEgg","floor":7},{"not_picked":["Moonworks:ScrambledEve","Moonworks:ImOnFire","Moonworks:TreasureThief"],"picked":"SKIP","floor":8},{"not_picked":["Moonworks:SweetBattle","Moonworks:Assault"],"picked":"Moonworks:MeltingMemories","floor":10},{"not_picked":["Moonworks:DevilHand","Moonworks:CompletionReward"],"picked":"Moonworks:x16BigRocket","floor":11},{"not_picked":["Replay:Sssssssssstrike+1","Jack Of All Trades+1"],"picked":"Madness+1","floor":13},{"not_picked":["Moonworks:Dinner+1","Moonworks:MiracleRedBeanIceCream+1"],"picked":"Moonworks:MiracleWalker+1","floor":13},{"not_picked":["Moonworks:CastOff","Moonworks:SealedMemories"],"picked":"Moonworks:AnotherUltimateWeapon","floor":14},{"not_picked":["Moonworks:HolyNight","Moonworks:Blazing"],"picked":"Moonworks:PlushieMaster","floor":16},{"not_picked":["Moonworks:SelfDestruct","Moonworks:EvilSpyWorkPreparation"],"picked":"Moonworks:LuckyCharm","floor":18},{"not_picked":["Moonworks:CloudOfSeagulls+1","Moonworks:Dinner","Moonworks:DeployBits"],"picked":"SKIP","floor":21},{"not_picked":["Moonworks:ImOnFire+1","Moonworks:BindingChains+1"],"picked":"Moonworks:NicePresent+1","floor":22},{"not_picked":["Moonworks:RagingMadness","Moonworks:Assault","Moonworks:DevilHand"],"picked":"SKIP","floor":22},{"not_picked":["Moonworks:DeployBits","Moonworks:LulusLuckyEgg"],"picked":"Moonworks:NicePresent","floor":23}],"player_experience":189770,"relics_obtained":[{"floor":9,"key":"Golden Egg"},{"floor":10,"key":"Potion Belt"},{"floor":23,"key":"ScarletDevilRocket"}],"event_choices":[{"damage_healed":0,"gold_gain":0,"player_choice":"2","damage_taken":0,"max_hp_gain":0,"max_hp_loss":0,"event_name":"betterMatch:BetterMatch","floor":13,"gold_loss":0,"cards_obtained":["betterMatch:ColorlessUncommonCard","betterMatch:UncommonCard"]}],"is_beta":false,"boss_relics":[{"not_picked":["reliquary:KinkedSpring","aspiration:FutureDiary"],"picked":"aspiration:SecretTechniqueScroll"}],"items_purged_floors":[],"is_endless":false,"potions_floor_spawned":[1,5,10,11,21,22],"killed_by":"Gensokyo:Monolith_and_Dog","ascension_level":0}}