{"host":"guv5thfpx4d8ikzb","time":1612055488,"event":{"mods":["2.2 Compatiblity","AchievementEnabler","BaseMod","Block Reminder","Colored Map","Colored Powertips","Downfall","Minty Spire (QoL Compilation)","Permanent Neow","Quick Restart","Relic Stats","Replay The Spire","StSLib"],"gold_per_floor":[99,117,130,130,43,43,93,128,128,28,61,76,76,91,106,207,207,107,127,127,83,93,105,131,160,60,88,101,117,117,117,117,143,154,254,254,254,265,280,290,343,362,362,392,410,77,77,130,130,163,182,182,182,210,144,144,144,144],"floor_reached":59,"language":"ENG","playtime":4041,"items_purged":["Slimebound:Strike_Slimebound","Slimebound:Strike_Slimebound","Slimebound:Strike_Slimebound+1"],"score":2367,"play_id":"fb0c69be-551f-4f85-94d3-29267a904044","local_time":"20210130201128","daily_mods":["Heirloom"],"is_ascension_mode":true,"campfire_choices":[{"data":"Slimebound:CorrosiveSpit","floor":1.0,"key":"SMITH"},{"data":"Slimebound:Split","floor":1.0,"key":"SMITH"},{"floor":6.0,"key":"RECALL"},{"data":"Twin Strike","floor":10.0,"key":"SMITH"},{"data":"Slimebound:Tackle","floor":10.0,"key":"SMITH"},{"data":"Slimebound:Defend_Slimebound","floor":13.0,"key":"SMITH"},{"data":"Slimebound:Defend_Slimebound","floor":13.0,"key":"SMITH"},{"data":"Slimebound:Defend_Slimebound","floor":18.0,"key":"SMITH"},{"data":"Slimebound:Defend_Slimebound","floor":18.0,"key":"SMITH"},{"data":"Slimebound:Strike_Slimebound","floor":26.0,"key":"SMITH"},{"floor":30.0,"key":"REST"},{"floor":37.0,"key":"REST"},{"floor":49,"key":"REST"},{"floor":56,"key":"REST"}],"circlet_count":0,"master_deck":["Slimebound:Tackle+1","Slimebound:Defend_Slimebound+1","Slimebound:Defend_Slimebound+1","Slimebound:Defend_Slimebound+1","Slimebound:Defend_Slimebound+1","Slimebound:Split+1","Slimebound:CorrosiveSpit+1","Slimebound:SamplingLick+1","Slimebound:Prepare+1","Slimebound:SamplingLick+1","Slimebound:DuplicatedForm+1","Jack Of All Trades+1","Twin Strike+1","Slimebound:LeechLife+1","Slimebound:HauntingLick+1","Slimebound:SlimeBrawl+1","Slimebound:RainOfGoop+1","Slimebound:SamplingLick+1","Slimebound:TagTeam+1","Slimebound:SamplingLick+1","Slimebound:ComboTackle+1","Slimebound:Replication+1","Slimebound:SplitSpecialist+1","Slimebound:CheckThePlaybook+1","Slimebound:SlimeBrawl+1","Slimebound:MegaLick+1","Pot Of Greed+1","Pot Of Greed+1","Pot Of Greed+1","Slimebound:RallyTheTroops+1","Slimebound:AcidTongue+1","Slimebound:Repurpose+1","Slimebound:DouseInSlime+1","Slimebound:MegaLick+1","Slimebound:WasteNot+1","AbeCurse","Slimebound:LeechEnergy+1","Slimebound:Darklings+1","Pot Of Greed+1","Slimebound:TagTeam+1","Slimebound:HauntingLick+1","Slimebound:AcidTongue+1","Slimebound:HauntingLick+1","Slimebound:SplitSpecialist+1","Slimebound:WasteNot+1","Sword Boomerang+1","Slimebound:AcidTongue+1","ReplayUltimateDefense+1"],"relics":["Golden Egg","Replay:Arrowhead","Guardian:GemstoneGun","m_BurningSludge","Slimebound:MaxSlimesRelic","Strange Spoon","Slimebound:AbsorbEndCombat","Lantern","Slimebound:StickyStick","Toxic Egg 2","downfall:HeartBlessingRed","Ancient Tea Set","Question Card","Sozu","downfall:HeartBlessingGreen","Nloth\u0027s Gift","Replay:Wax Seal","HandDrill","ReplayTheSpireMod:TigerMarble","downfall:HeartBlessingBlue","Grinning Jar","Replay:Accelerometer","Abe\u0027s Treasure","Counterbalance","hexamod:CandleOfCauterizing","Slimebound:PreparedRelic","ReplayTheSpireMod:Shallot","Pen Nib","Bronze Scales","Durian","Guardian:BottledAnomaly","champ:DuelingGlove"],"acts_visited":["Exordium","TheCity","TheBeyond","TheEnding"],"potions_floor_usage":[58],"damage_taken":[{"damage":0.0,"enemies":"2 Louse","floor":2.0,"turns":2.0},{"damage":0.0,"enemies":"Jaw Worm","floor":3.0,"turns":2.0},{"damage":3.0,"enemies":"downfall:FleeingMerchant","floor":5.0,"turns":4.0},{"damage":20.0,"enemies":"Gremlin Nob","floor":8.0,"turns":4.0},{"damage":11.0,"enemies":"Lagavulin","floor":11.0,"turns":5.0},{"damage":0.0,"enemies":"Cultist","floor":12.0,"turns":2.0},{"damage":0.0,"enemies":"Gremlin Gang","floor":14.0,"turns":2.0},{"damage":0.0,"enemies":"Blue Slaver","floor":15.0,"turns":1.0},{"damage":15.0,"enemies":"WA_ARCHETYPE_RETAIN","floor":16.0,"turns":3.0},{"damage":0.0,"enemies":"Shell Parasite","floor":19.0,"turns":2.0},{"damage":0.0,"enemies":"downfall:FleeingMerchant","floor":21.0,"turns":4.0},{"damage":0.0,"enemies":"Snake Plant","floor":22.0,"turns":3.0},{"damage":3.0,"enemies":"Snecko","floor":23.0,"turns":2.0},{"damage":0.0,"enemies":"Gremlin Leader","floor":25.0,"turns":2.0},{"damage":0.0,"enemies":"Slavers","floor":27.0,"turns":2.0},{"damage":0.0,"enemies":"Centurion and Healer","floor":28.0,"turns":3.0},{"damage":0.0,"enemies":"3 Cultists","floor":29.0,"turns":2.0},{"damage":15.0,"enemies":"Book of Stabbing","floor":33.0,"turns":2.0},{"damage":0.0,"enemies":"Snecko","floor":34.0,"turns":1.0},{"damage":0.0,"enemies":"IC_MUSHROOM_ARCHETYPE","floor":35.0,"turns":4.0},{"damage":0.0,"enemies":"3 Darklings","floor":38.0,"turns":1.0},{"damage":15.0,"enemies":"Orb Walker","floor":39.0,"turns":1.0},{"damage":0.0,"enemies":"Writhing Mass","floor":40.0,"turns":2.0},{"damage":5.0,"enemies":"2 Orb Walkers","floor":41.0,"turns":2.0},{"damage":8.0,"enemies":"Sphere and 2 Shapes","floor":42.0,"turns":3.0},{"damage":0,"enemies":"Nemesis","floor":44,"turns":3},{"damage":0,"enemies":"4 Shapes","floor":45,"turns":2},{"damage":0,"enemies":"R_Hoarder","floor":50,"turns":3},{"damage":15,"enemies":"Maw","floor":51,"turns":3},{"damage":15,"enemies":"SI_POISON_ARCHETYPE","floor":52,"turns":6},{"damage":15,"enemies":"downfall:CharBossMerchant","floor":54,"turns":3},{"damage":0,"enemies":"downfall:NeowBoss","floor":57,"turns":6},{"damage":0,"enemies":"downfall:NeowBossFinal","floor":58,"turns":5}],"seed_played":"9158533859696213121","potions_obtained":[{"floor":3.0,"key":"FearPotion"},{"floor":12.0,"key":"LifebloodPotion"},{"floor":15.0,"key":"ColorlessPotion"}],"is_trial":true,"path_per_floor":["R","M","M","?","$","R","T","E","?","R","E","M","R","M","M","B",null,"R","M","?","$","M","M","T","E","R","E","M","M","R","PTL","PTL","E","M","B",null,"R","M","M","M","?","M","T","E","M","$","?","?","R","E","M","B",null,"E","$","R","B","B",null],"character_chosen":"SLIMEBOUND","items_purchased":["Slimebound:DuplicatedForm","Jack Of All Trades+1","Strange Spoon","Replay:Wax Seal","HandDrill","Slimebound:Replication+1","Slimebound:SplitSpecialist+1","Slimebound:SplitSpecialist+1","Slimebound:WasteNot+1","Durian","Guardian:BottledAnomaly","Slimebound:AcidTongue","ReplayUltimateDefense","champ:DuelingGlove"],"campfire_rested":4,"item_purchase_floors":[5,5,5,21,21,21,21,46,46,55,55,55,55,55],"current_hp_per_floor":[59,61,65,65,65,65,65,65,65,65,64,65,65,65,65,65,65,65,65,65,65,65,65,65,65,75,75,75,75,75,75,75,75,75,75,75,75,75,75,75,75,75,75,75,75,75,75,57,75,75,75,75,75,75,80,80,80,80],"gold":144,"neow_bonus":"","is_daily":false,"chose_seed":false,"campfire_upgraded":9,"win_rate":0.0,"timestamp":1612055488,"path_taken":["R","M","M","?","$","R","T","E","?","R","E","M","R","M","M","BOSS","R","M","?","$","M","M","T","E","R","E","M","M","R","PTL","PTL","E","M","BOSS","R","M","?","M","?","M","T","E","M","$","?","?","R","E","M","BOSS","E","$","R","BOSS","BOSS"],"items_purchased_type":["Card","Card","Relic","Relic","Relic","Card","Card","Card","Card","Relic","Relic","Card","Card","Relic"],"build_version":"2020-12-22","purchased_purges":3,"victory":true,"max_hp_per_floor":[65,65,65,65,65,65,65,65,65,65,65,65,65,65,65,65,65,65,65,65,65,65,65,65,65,75,75,75,75,75,75,75,75,75,75,75,75,75,75,75,75,75,75,75,75,75,75,75,75,75,75,75,75,75,80,80,80,80],"relic_stats":{"Sozu":10,"Strange Spoon":[197],"counters":[33,91],"Bronze Scales":[15],"Pen Nib":[3],"Nloth\u0027s Gift":6,"HandDrill":[26],"Question Card":25,"obtain_stats":[{"Golden Egg":0,"Replay:Accelerometer":33,"champ:DuelingGlove":55,"Lantern":7,"downfall:HeartBlessingGreen":18,"Ancient Tea Set":11,"Sozu":17,"Slimebound:MaxSlimesRelic":5,"Slimebound:StickyStick":8,"downfall:HeartBlessingBlue":26,"HandDrill":21,"Toxic Egg 2":0,"Replay:Wax Seal":21,"Guardian:BottledAnomaly":55,"hexamod:CandleOfCauterizing":43,"downfall:HeartBlessingRed":10,"Guardian:GemstoneGun":0,"Counterbalance":41,"Pen Nib":50,"Question Card":13,"Replay:Arrowhead":0,"Strange Spoon":5,"ReplayTheSpireMod:Shallot":48,"Bronze Scales":54,"Slimebound:PreparedRelic":44,"Slimebound:AbsorbEndCombat":0,"Nloth\u0027s Gift":20,"ReplayTheSpireMod:TigerMarble":25,"Durian":55,"Grinning Jar":27,"Slimebound:AbsorbEndCombatUpgraded":6,"Abe\u0027s Treasure":36,"m_BurningSludge":4},{"Golden Egg":0,"Replay:Accelerometer":18,"champ:DuelingGlove":31,"Lantern":3,"downfall:HeartBlessingGreen":9,"Ancient Tea Set":5,"Sozu":9,"Slimebound:MaxSlimesRelic":3,"Slimebound:StickyStick":4,"downfall:HeartBlessingBlue":14,"HandDrill":11,"Toxic Egg 2":0,"Replay:Wax Seal":11,"Guardian:BottledAnomaly":31,"hexamod:CandleOfCauterizing":25,"downfall:HeartBlessingRed":4,"Guardian:GemstoneGun":0,"Counterbalance":24,"Pen Nib":28,"Question Card":6,"Replay:Arrowhead":0,"Strange Spoon":3,"ReplayTheSpireMod:Shallot":27,"Bronze Scales":31,"Slimebound:PreparedRelic":26,"Slimebound:AbsorbEndCombat":0,"Nloth\u0027s Gift":10,"ReplayTheSpireMod:TigerMarble":14,"Durian":31,"Grinning Jar":15,"Slimebound:AbsorbEndCombatUpgraded":3,"Abe\u0027s Treasure":20,"m_BurningSludge":2},{"Golden Egg":0,"Replay:Accelerometer":46,"champ:DuelingGlove":80,"Lantern":8,"downfall:HeartBlessingGreen":24,"Ancient Tea Set":16,"Sozu":24,"Slimebound:MaxSlimesRelic":8,"Slimebound:StickyStick":12,"downfall:HeartBlessingBlue":37,"HandDrill":30,"Toxic Egg 2":0,"Replay:Wax Seal":30,"Guardian:BottledAnomaly":80,"hexamod:CandleOfCauterizing":60,"downfall:HeartBlessingRed":12,"Guardian:GemstoneGun":0,"Counterbalance":57,"Pen Nib":68,"Question Card":18,"Replay:Arrowhead":0,"Strange Spoon":8,"ReplayTheSpireMod:Shallot":65,"Bronze Scales":80,"Slimebound:PreparedRelic":63,"Slimebound:AbsorbEndCombat":0,"Nloth\u0027s Gift":26,"ReplayTheSpireMod:TigerMarble":37,"Durian":80,"Grinning Jar":39,"Slimebound:AbsorbEndCombatUpgraded":8,"Abe\u0027s Treasure":51,"m_BurningSludge":4}]},"card_choices":[{"not_picked":["Slimebound:LivingWall+1","Slimebound:AcidTongue"],"picked":"Slimebound:SamplingLick+1","floor":2.0},{"not_picked":["Slimebound:SplitAcid+1","Slimebound:LeechEnergy"],"picked":"Slimebound:Prepare+1","floor":3.0},{"not_picked":["Slimebound:Gluttony","Slimebound:SlimeBarrage"],"picked":"Slimebound:SamplingLick+1","floor":5.0},{"not_picked":["Slimebound:RollThrough","Slimebound:BestDefense"],"picked":"Twin Strike","floor":8.0},{"not_picked":["Slimebound:BestDefense","Slimebound:WasteNot+1"],"picked":"Slimebound:HauntingLick+1","floor":11.0},{"not_picked":["Slimebound:PressTheAttack","Slimebound:SlimeTap+1"],"picked":"Slimebound:SlimeBrawl+1","floor":12.0},{"not_picked":["Slimebound:ItLooksTasty","Slimebound:GoopTackle","Slimebound:SplitMire+1"],"picked":"Slimebound:RainOfGoop+1","floor":14.0},{"not_picked":["Slimebound:RejuvenatingLick+1","Slimebound:LeechingTouch","Slimebound:Equalize"],"picked":"Slimebound:SamplingLick+1","floor":15.0},{"not_picked":["Slimebound:OozeBath+1","Slimebound:SelfFormingGoo","Slimebound:CheckThePlaybook+1"],"picked":"Slimebound:TagTeam","floor":16.0},{"not_picked":["Slimebound:SplitBruiser+1","Slimebound:ForwardTackle","Slimebound:PressTheAttack"],"picked":"Slimebound:SamplingLick+1","floor":19.0},{"not_picked":["Slimebound:AcidTongue","Slimebound:SplitMire+1","Slimebound:Dissolve+1"],"picked":"Slimebound:ComboTackle+1","floor":21.0},{"not_picked":["Slimebound:ViciousTackle","Slimebound:FinishingTackle","Slimebound:ForwardTackle"],"picked":"Slimebound:CheckThePlaybook+1","floor":22.0},{"not_picked":["Slimebound:SlimeBarrage","Slimebound:Equalize","Slimebound:ProtectTheBoss"],"picked":"Slimebound:SlimeBrawl+1","floor":23.0},{"not_picked":["Slimebound:RejuvenatingLick+1","Slimebound:OneTwoCombo","Slimebound:Dissolve+1"],"picked":"Slimebound:MegaLick+1","floor":25.0},{"not_picked":["Slimebound:SplitBruiser+1","Slimebound:GoopSpray+1","Slimebound:ItLooksTasty"],"picked":"Slimebound:RallyTheTroops","floor":27.0},{"not_picked":["Slimebound:ViciousTackle","Slimebound:PressTheAttack","Slimebound:SpikyOuterGoop"],"picked":"Slimebound:AcidTongue+1","floor":28.0},{"not_picked":["Slimebound:LeechingTouch","Slimebound:LeechEnergy","Slimebound:Prepare+1"],"picked":"Slimebound:Repurpose+1","floor":29.0},{"not_picked":["Slimebound:SplitBruiser+1","Slimebound:Replication+1","Slimebound:Gluttony"],"picked":"Slimebound:DouseInSlime+1","floor":33.0},{"not_picked":["Slimebound:SplitMire+1","Slimebound:ForwardTackle","Slimebound:Prepare+1"],"picked":"Slimebound:MegaLick+1","floor":34.0},{"not_picked":["Slimebound:OozeBath+1","Slimebound:OneTwoCombo","Slimebound:MinionMaster"],"picked":"Slimebound:WasteNot+1","floor":35.0},{"not_picked":["Slimebound:Schlurp+1","Slimebound:RejuvenatingLick+1","Slimebound:FinishingTackle"],"picked":"Slimebound:LeechEnergy+1","floor":38.0},{"not_picked":["Slimebound:FlameTackle","Slimebound:Chomp+1","Slimebound:HungryTackle"],"picked":"Slimebound:Darklings+1","floor":39.0},{"not_picked":["Slimebound:PressTheAttack","Slimebound:SplitAcid+1","Slimebound:Recollect+1"],"picked":"Slimebound:TagTeam","floor":40.0},{"not_picked":["Slimebound:GoopTackle","Slimebound:FinishingTackle","Slimebound:SplitAcid+1"],"picked":"Slimebound:HauntingLick+1","floor":41.0},{"not_picked":["Slimebound:TongueLash","Slimebound:Prepare+1","Slimebound:GoopTackle+1","Slimebound:Schlurp+1"],"picked":"SKIP","floor":42.0},{"not_picked":["Slimebound:RollThrough","Hemogenesis","Slimebound:GoopTackle"],"picked":"Slimebound:AcidTongue+1","floor":44},{"not_picked":["Slimebound:SamplingLick+1","Slimebound:LeechingTouch","Slimebound:Prepare+1"],"picked":"Slimebound:HauntingLick+1","floor":45},{"not_picked":["Slimebound:GoopTackle+1","Slimebound:SplitBruiser+1","Slimebound:SplitLeeching+1"],"picked":"Sword Boomerang+1","floor":48},{"not_picked":["Slimebound:LeechingTouch","Slimebound:PressTheAttack","Slimebound:ProtectTheBoss","Rupture"],"picked":"SKIP","floor":50},{"not_picked":["Slimebound:GoopTackle+1","Slimebound:LeechLife","Slimebound:RejuvenatingLick+1","Slimebound:Gluttony"],"picked":"SKIP","floor":51},{"not_picked":["Slimebound:Recollect+1","Slimebound:SlimeSpikes+1","Slimebound:LivingWall+1","Slimebound:GrowthPunch"],"picked":"SKIP","floor":54}],"player_experience":1140488,"relics_obtained":[{"floor":7.0,"key":"Lantern"},{"floor":8.0,"key":"Slimebound:StickyStick"},{"floor":11.0,"key":"Ancient Tea Set"},{"floor":25.0,"key":"ReplayTheSpireMod:TigerMarble"},{"floor":27.0,"key":"Grinning Jar"},{"floor":33.0,"key":"Replay:Accelerometer"},{"floor":41.0,"key":"Counterbalance"},{"floor":43.0,"key":"hexamod:CandleOfCauterizing"},{"floor":44,"key":"Slimebound:PreparedRelic"},{"floor":48,"key":"ReplayTheSpireMod:Shallot"},{"floor":50,"key":"Pen Nib"},{"floor":54,"key":"Bronze Scales"}],"event_choices":[{"damage_healed":0.0,"max_hp_gain":0.0,"max_hp_loss":0.0,"gold_gain":0.0,"event_name":"Mysterious Sphere","player_choice":"Fight","floor":41.0,"gold_loss":0.0,"damage_taken":0.0}],"is_beta":false,"boss_relics":[{"not_picked":["Ring of Chaos","Philosopher\u0027s Stone"],"picked":"Sozu"},{"not_picked":["Calling Bell","Busted Crown"],"picked":"Abe\u0027s Treasure"}],"items_purged_floors":[5,21,46],"is_endless":false,"potions_floor_spawned":[3,12,15,16,23,25,27,29,35,39,40,44,51,54],"ascension_level":8}}