{"host":"qg654vxoo1kzp6cj","time":1612080247,"event":{"mods":["100% Spire Juice","2.2 Compatiblity","Act Like it!","Aspiration","BaseMod","Better Altar","Better Skull","Better Third Choice","Better Vampires","Displayed Cursed Tome","Downfall","Elementarium","Gensokyo","GifTheSpireLib","Hallownest","HololiveMod","Hubris","Ironclad Rager","Menagerie","Minty Spire (QoL Compilation)","MostiFishMod","Pale of the Ancients","Reliquary","Replay The Spire","Spicy Shops","StSLib","Stuff the Spire","The Animator","The Bug Knight","The Runesmith","The Senshi","The Servant 0.9.4","TheHero","Wandering Minibosses","WarShipGirlsR/????R mod"],"gold_per_floor":[111,45,154,6,26,26,54,24,72,98,98,116,116,144,144,244,244,244,244,244,3,3,3,3,3,3,3,3,3,3,3,3,3,3,3,3,3,3,3,3,3,3,3,3,3,3,3,3,3,3,3,3,3,3,3],"floor_reached":56,"language":"ENG","playtime":2475,"items_purged":["Elementarium:StickyTar"],"score":1335,"play_id":"952c0c92-d169-46c1-b319-f7885a317126","local_time":"20210131030407","is_ascension_mode":true,"campfire_choices":[{"data":"Rage","floor":6,"key":"SMITH"},{"data":"Iron Wave","floor":13,"key":"SMITH"},{"data":"MostiFishMod:HellRitual","floor":24,"key":"SMITH"},{"floor":29,"key":"REST"},{"data":"StuffTheSpire:Resist","floor":32,"key":"SMITH"},{"floor":49,"key":"RECALL"},{"data":"StuffTheSpire:CelestialWarden","floor":52,"key":"SMITH"}],"circlet_count":0,"master_deck":["Bash","ICR:RageStrike","ICR:RageStrike","ICR:RageStrike","ICR:RageStrike","ICR:RageStrike","ICR:ShieldBash","ICR:ShieldBash","ICR:ShieldBash","ICR:ShieldBash","Clash","Iron Wave+1","Rage+1","Juggernaut","Shockwave+1","Thunderclap","MostiFishMod:#F4004","Cleave","Clash","MostiFishMod:HellRitual+1","Spot Weakness","hubris:CleavingFinish+1","StuffTheSpire:Resist+1","Sword Boomerang+1","Rage","ICR:VitalStrike","Fire Breathing+1","StuffTheSpire:CelestialWarden+1","Iron Wave","Inflame+1","Iron Wave","Whirlwind","Feel No Pain+1","StuffTheSpire:Incineration+1","MostiFishMod:DoubleSword"],"relics":["Burning Blood","DaveBox","Eternal Feather","SynthV:TestCard","StuffTheSpire:Wildfire","MealTicket","Paper Frog","StuffTheSpire:OldFever","Ectoplasm","Dream Catcher","Membership Card","reliquary:Aerogel","Pet Ghost","Omamori","aspiration:Lifesprig","Elementarium:ElementariumTrophy","FeatherPendant","Replay:Rubber Ducky","StuffTheSpire:GrapeVine","aspiration:FrozenJewel","Nunchaku"],"acts_visited":["Exordium","Menagerie:Menagerie","TheBeyond","TheEnding"],"potions_floor_usage":[7,10,14,21,22,23,25,40,50,50],"damage_taken":[{"damage":21,"enemies":"Menagerie:MonstrousExperiment","floor":1,"turns":5},{"damage":4,"enemies":"Menagerie:2_RABBITS","floor":5,"turns":3},{"damage":21,"enemies":"Menagerie:Hydra","floor":7,"turns":5},{"damage":19,"enemies":"Menagerie:VoidReaper","floor":10,"turns":5},{"damage":0,"enemies":"Menagerie:StygianBoar","floor":12,"turns":3},{"damage":7,"enemies":"Menagerie:MaskedSummoner","floor":14,"turns":7},{"damage":11,"enemies":"Menagerie:Chimera","floor":16,"turns":5},{"damage":14,"enemies":"Elementarium:2_ELEMENTALS","floor":18,"turns":3},{"damage":9,"enemies":"Elementarium:Cyclone","floor":22,"turns":4},{"damage":48,"enemies":"Elementarium:ElementalPortal","floor":23,"turns":5},{"damage":32,"enemies":"Elementarium:FIRE_NOBILITY","floor":25,"turns":4},{"damage":22,"enemies":"Elementarium:Hydrostalker","floor":27,"turns":4},{"damage":16,"enemies":"Elementarium:3_ELEMENTALS","floor":30,"turns":3},{"damage":0,"enemies":"Elementarium:ElementalPortal","floor":31,"turns":5},{"damage":15,"enemies":"Elementarium:GolemEmperor","floor":33,"turns":6},{"damage":0,"enemies":"3 Darklings","floor":35,"turns":3},{"damage":5,"enemies":"3 Shapes","floor":37,"turns":2},{"damage":0,"enemies":"Transient","floor":39,"turns":4},{"damage":2,"enemies":"Reptomancer","floor":40,"turns":2},{"damage":6,"enemies":"Jaw Worm Horde","floor":41,"turns":3},{"damage":0,"enemies":"R_Hoarder","floor":42,"turns":3},{"damage":0,"enemies":"Sphere and 2 Shapes","floor":44,"turns":3},{"damage":0,"enemies":"Spire Growth","floor":45,"turns":4},{"damage":0,"enemies":"3 Darklings","floor":46,"turns":1},{"damage":0,"enemies":"HollowMod:StalkingDevout","floor":47,"turns":3},{"damage":0,"enemies":"Transient","floor":48,"turns":5},{"damage":18,"enemies":"Replay:Hell Engine","floor":50,"turns":4},{"damage":0,"enemies":"Shield and Spear","floor":54,"turns":4},{"damage":42,"enemies":"The Heart","floor":55,"turns":6}],"seed_played":"6873410062765431829","potions_obtained":[{"floor":5,"key":"LiquidMemories"},{"floor":7,"key":"PowerPotion"},{"floor":10,"key":"FearPotion"},{"floor":16,"key":"Swift Potion"},{"floor":22,"key":"Weak Potion"},{"floor":23,"key":"LiquidBronze"},{"floor":33,"key":"Swift Potion"},{"floor":39,"key":"PowerPotion"},{"floor":41,"key":"BloodPotion"},{"floor":42,"key":"Languid Potion"},{"floor":44,"key":"CultistPotion"}],"is_trial":false,"path_per_floor":["M","$","?","$","M","R","E","?","T","E","?","M","R","E","R","B",null,"M","?","?","$","M","E","R","E","T","M","$","R","M","E","R","B",null,"M","?","M","?","M","E","M","E","T","M","M","M","E","M","R","B",null,"R","$","E","B",null],"character_chosen":"IRONCLAD","items_purchased":["Iron Wave","Blue Doll","Membership Card","Fruit Juice"],"campfire_rested":1,"item_purchase_floors":[2,4,21,21],"current_hp_per_floor":[65,65,33,33,35,44,29,49,49,36,44,50,59,58,80,75,80,72,72,76,85,82,40,52,26,26,10,25,62,52,58,73,64,85,85,85,85,85,85,85,85,85,85,85,85,85,85,85,85,73,85,85,85,85,49],"gold":3,"neow_bonus":"IRONCLAD_RAGER","is_daily":false,"chose_seed":false,"campfire_upgraded":5,"win_rate":0.0,"timestamp":1612080247,"path_taken":["M","$","?","?","M","R","E","?","T","E","?","?","R","E","R","BOSS","M","?","?","$","M","E","R","E","T","M","$","R","?","E","R","BOSS","M","?","M","?","M","E","M","E","T","M","?","M","E","M","R","BOSS","R","$","E","BOSS"],"items_purchased_type":["Card","Relic","Relic","Potion"],"build_version":"2020-12-22","purchased_purges":1,"victory":true,"max_hp_per_floor":[80,80,80,80,80,80,80,80,80,80,80,80,80,80,80,80,80,80,80,80,85,85,85,85,85,85,85,85,85,85,85,85,85,85,85,85,85,85,85,85,85,85,85,85,85,85,85,85,85,85,85,85,85,85,85],"card_choices":[{"not_picked":["Anger","Second Wind"],"picked":"Clash","floor":1},{"not_picked":["StuffTheSpire:Resist","Body Slam","Bloodletting","Havoc"],"picked":"Rage","floor":3},{"not_picked":["Clash","Iron Wave","Whirlwind","Warcry"],"picked":"Juggernaut","floor":3},{"not_picked":["True Grit","Shrug It Off","Reckless Charge","Blood for Blood"],"picked":"Shockwave","floor":3},{"not_picked":["Anger","Sever Soul","Entrench","Intimidate","True Grit"],"picked":"SKIP","floor":5},{"not_picked":["StuffTheSpire:BloodClot","Headbutt","Havoc","Perfected Strike"],"picked":"Thunderclap","floor":7},{"not_picked":["Armaments","Inflame","Flex","MostiFishMod:BrandingRite"],"picked":"MostiFishMod:#F4004","floor":10},{"not_picked":["Flex","StuffTheSpire:BloodClot","Headbutt","Uppercut"],"picked":"Cleave","floor":12},{"not_picked":["MostiFishMod:BrandingRite","Dropkick","Second Wind","Reckless Charge"],"picked":"Clash","floor":14},{"not_picked":["MostiFishMod:PerfectStrikeMKII","MostiFishMod:FireWorks","MostiFishMod:DarkDeal","MostiFishMod:TemporaryOutbreak"],"picked":"MostiFishMod:HellRitual","floor":16},{"not_picked":["Pommel Strike","Thunderclap","Armaments","Uppercut"],"picked":"Spot Weakness","floor":18},{"not_picked":["Evolve+1","StuffTheSpire:Incineration","Spot Weakness+1","hubris:ReadiedAction","Wild Strike"],"picked":"SKIP","floor":22},{"not_picked":["Immolate","Intimidate","Sentinel+1","Rupture"],"picked":"hubris:CleavingFinish+1","floor":23},{"not_picked":["StuffTheSpire:Slingshot","Ghostly Armor","Headbutt","Uppercut","Exhume"],"picked":"SKIP","floor":25},{"not_picked":["Clothesline","Wild Strike+1","Bloodletting","Shrug It Off+1"],"picked":"StuffTheSpire:Resist","floor":27},{"not_picked":["Flex+1","Pommel Strike+1","Body Slam+1","StuffTheSpire:RockThrow"],"picked":"Sword Boomerang","floor":30},{"not_picked":["Spot Weakness","Dark Embrace","Body Slam","Battle Trance+1"],"picked":"Rage","floor":31},{"not_picked":["Feed","MostiFishMod:FireWorks","hubris:StunningStrike","StuffTheSpire:TitanForm"],"picked":"ICR:VitalStrike","floor":33},{"not_picked":["Burning Pact","Perfected Strike+1","Anger","Dropkick+1"],"picked":"Fire Breathing+1","floor":35},{"not_picked":["StuffTheSpire:Vigor","StuffTheSpire:Ambrosia"],"picked":"StuffTheSpire:CelestialWarden","floor":36},{"not_picked":["Headbutt+1","Armaments","MostiFishMod:#F4004+1","Hemokinesis+1"],"picked":"Iron Wave","floor":37},{"not_picked":["Armaments+1","Pommel Strike+1","ICR:PowerAttack+1","Perfected Strike+1","True Grit"],"picked":"SKIP","floor":39},{"not_picked":["Rampage+1","Clash+1","MostiFishMod:NewArrival","Power Through+1"],"picked":"Inflame+1","floor":40},{"not_picked":["Headbutt","StuffTheSpire:BloodClot","True Grit","StuffTheSpire:Slingshot"],"picked":"Iron Wave","floor":41},{"not_picked":["MostiFishMod:PerfectStrikeMKII","Shrug It Off","Sword Boomerang","Armaments+1","Clothesline+1"],"picked":"SKIP","floor":42},{"not_picked":["Cleave","Bloodletting","Wild Strike","Warcry+1"],"picked":"Whirlwind","floor":44},{"not_picked":["Sword Boomerang+1","StuffTheSpire:Slingshot","Evolve","Warcry+1"],"picked":"Feel No Pain+1","floor":45},{"not_picked":["Rage","Dark Embrace+1","Inflame","Flame Barrier+1"],"picked":"StuffTheSpire:Incineration+1","floor":46},{"not_picked":["Clothesline","hubris:StunningStrike","Perfected Strike+1","Power Through+1","Body Slam"],"picked":"SKIP","floor":47},{"not_picked":["StuffTheSpire:RockThrow","Twin Strike+1","Intimidate","Armaments+1","StuffTheSpire:Slingshot+1"],"picked":"SKIP","floor":48},{"not_picked":["Perfected Strike","MostiFishMod:FlyOverUtopia","Combust+1","Reckless Charge+1"],"picked":"MostiFishMod:DoubleSword","floor":54}],"player_experience":842803,"relics_obtained":[{"floor":1,"key":"SynthV:TestCard"},{"floor":7,"key":"StuffTheSpire:Wildfire"},{"floor":9,"key":"MealTicket"},{"floor":10,"key":"Paper Frog"},{"floor":14,"key":"StuffTheSpire:OldFever"},{"floor":23,"key":"reliquary:Aerogel"},{"floor":25,"key":"Pet Ghost"},{"floor":26,"key":"Omamori"},{"floor":31,"key":"aspiration:Lifesprig"},{"floor":40,"key":"Replay:Rubber Ducky"},{"floor":42,"key":"StuffTheSpire:GrapeVine"},{"floor":47,"key":"aspiration:FrozenJewel"},{"floor":54,"key":"Nunchaku"}],"event_choices":[{"damage_healed":20,"gold_gain":0,"player_choice":"Heal","damage_taken":0,"max_hp_gain":0,"max_hp_loss":0,"event_name":"Menagerie:MagicPeddler","floor":8,"gold_loss":30},{"damage_healed":0,"gold_gain":0,"player_choice":"Open","damage_taken":0,"relics_obtained":["Dream Catcher"],"max_hp_gain":0,"max_hp_loss":0,"event_name":"Elementarium:TarCoveredCasket","floor":19,"gold_loss":0,"cards_obtained":["Elementarium:StickyTar"]},{"damage_healed":4,"gold_gain":0,"player_choice":"LEAVE ","damage_taken":0,"relics_obtained":[],"max_hp_gain":0,"max_hp_loss":0,"event_name":"betterSkull:BetterSkull","floor":20,"gold_loss":0,"cards_upgraded":[]},{"damage_healed":0,"gold_gain":0,"player_choice":"Upgraded","damage_taken":0,"max_hp_gain":0,"max_hp_loss":0,"event_name":"Upgrade Shrine","floor":38,"gold_loss":0,"cards_upgraded":["Sword Boomerang"]}],"is_beta":false,"boss_relics":[{"not_picked":["Honey Jar","aspiration:RunicSpoon"],"picked":"Ectoplasm"},{"not_picked":["Mark of Pain","aspiration:SecretTechniqueScroll"],"picked":"FeatherPendant"}],"items_purged_floors":[21],"is_endless":false,"potions_floor_spawned":[5,7,10,16,22,23,33,39,41,42,44,46,48],"ascension_level":3}}