{"host":"4qkvkh7pd9qr2mca","time":1612123041,"event":{"mods":["AchievementEnabler","Act Like it!","BaseMod","Colored Map","Colored Powertips","Highlight Path","Minty Spire (QoL Compilation)","Pale of the Ancients","Permanent Neow","Quick Restart","Relic Stats","StSLib","SuperFastMode"],"gold_per_floor":[31,91,126,165,165,223,223,256,301,301,315,335,53,111,111,229,229,274,290,51,51,72,72,72,138,162,203,251,287,287,327,327,448,448,512,845,845,845,861,861,892,906,960,960,960,988,19,35,35,35,60],"floor_reached":52,"language":"ENG","playtime":2826,"items_purged":["Strike_G","Doubt"],"score":2030,"play_id":"63cc7450-578b-44af-a9c1-f94c894952e3","local_time":"20210131205721","is_ascension_mode":true,"campfire_choices":[{"data":"Venomology","floor":7.0,"key":"SMITH"},{"data":"Neutralize","floor":15.0,"key":"SMITH"},{"floor":24.0,"key":"REST"},{"floor":30.0,"key":"REST"},{"floor":32.0,"key":"REST"},{"data":"Wraith Form v2","floor":40.0,"key":"SMITH"},{"data":"Accuracy","floor":49.0,"key":"SMITH"}],"circlet_count":0,"master_deck":["AscendersBane","Strike_G","Strike_G","Strike_G","Strike_G","Defend_G","Defend_G","Defend_G","Defend_G","Defend_G","Survivor","Neutralize+1","HandOfGreed+1","Calculated Gamble","Finisher","Blade Dance","Venomology+1","Terror","Infinite Blades","Wraith Form v2+1","Blade Dance","Escape Plan","Dodge and Roll+1","Well Laid Plans+1","Cloak And Dagger+1","Accuracy+1","After Image","Discovery+1","Backflip+1","Terror+1","Burst+1","Concentrate+1","Secret Weapon+1"],"relics":["Ring of the Snake","Happy Flower","Pantograph","Ancient Tea Set","Paper Crane","Art of War","Black Star","Boot","Bag of Marbles","Toxic Egg 2","Gremlin Horn","Du-Vu Doll","Bottled Tornado","Matryoshka","Smiling Mask","Coffee Dripper","Orichalcum","Turnip","Potion Belt","Vajra","Akabeko","Snake Skull","Cauldron","White Beast Statue"],"acts_visited":["Exordium","TheCity","TheBeyond"],"potions_floor_usage":[51,51],"damage_taken":[{"damage":4.0,"enemies":"Cultist","floor":1.0,"turns":3.0},{"damage":0.0,"enemies":"2 Louse","floor":2.0,"turns":5.0},{"damage":3.0,"enemies":"Jaw Worm","floor":3.0,"turns":5.0},{"damage":1.0,"enemies":"2 Fungi Beasts","floor":4.0,"turns":2.0},{"damage":19.0,"enemies":"3 Sentries","floor":6.0,"turns":8.0},{"damage":0.0,"enemies":"Gremlin Nob","floor":8.0,"turns":3.0},{"damage":3.0,"enemies":"Looter","floor":11.0,"turns":3.0},{"damage":0.0,"enemies":"Blue Slaver","floor":12.0,"turns":2.0},{"damage":16.0,"enemies":"3 Sentries","floor":14.0,"turns":9.0},{"damage":12.0,"enemies":"Hexaghost","floor":16.0,"turns":8.0},{"damage":12.0,"enemies":"2 Thieves","floor":18.0,"turns":4.0},{"damage":29.0,"enemies":"Shell Parasite","floor":19.0,"turns":5.0},{"damage":14.0,"enemies":"Centurion and Healer","floor":22.0,"turns":6.0},{"damage":0.0,"enemies":"3 Cultists","floor":25.0,"turns":5.0},{"damage":9.0,"enemies":"Gremlin Leader","floor":27.0,"turns":5.0},{"damage":14.0,"enemies":"Sentry and Sphere","floor":28.0,"turns":7.0},{"damage":7.0,"enemies":"Book of Stabbing","floor":29.0,"turns":5.0},{"damage":22.0,"enemies":"Gremlin Leader","floor":31.0,"turns":6.0},{"damage":18.0,"enemies":"Automaton","floor":33.0,"turns":11.0},{"damage":14.0,"enemies":"3 Shapes","floor":35.0,"turns":8.0},{"damage":0.0,"enemies":"Orb Walker","floor":39.0,"turns":4.0},{"damage":20.0,"enemies":"Nemesis","floor":41.0,"turns":7.0},{"damage":0.0,"enemies":"Jaw Worm Horde","floor":42.0,"turns":4.0},{"damage":17.0,"enemies":"Reptomancer","floor":46.0,"turns":6.0},{"damage":0.0,"enemies":"Sphere and 2 Shapes","floor":48.0,"turns":4.0},{"damage":29.0,"enemies":"Donu and Deca","floor":50.0,"turns":6.0},{"damage":51,"enemies":"Awakened One","floor":51,"turns":15}],"seed_played":"3029673402331021432","potions_obtained":[{"floor":1.0,"key":"Regen Potion"},{"floor":2.0,"key":"BlessingOfTheForge"},{"floor":8.0,"key":"Regen Potion"},{"floor":11.0,"key":"CunningPotion"},{"floor":19.0,"key":"EntropicBrew"},{"floor":22.0,"key":"Swift Potion"},{"floor":27.0,"key":"CultistPotion"},{"floor":31.0,"key":"GhostInAJar"},{"floor":39.0,"key":"BlessingOfTheForge"},{"floor":47.0,"key":"DuplicationPotion"},{"floor":47.0,"key":"DuplicationPotion"}],"is_trial":false,"path_per_floor":["M","M","M","M","?","E","R","E","T","?","M","M","$","E","R","B",null,"M","M","$","?","M","?","R","M","T","E","M","E","R","E","R","B",null,"M","?","?","?","M","R","E","M","T","?","?","E","$","M","R","B","B",null],"character_chosen":"THE_SILENT","items_purchased":["Paper Crane","Boot","Burst+1","Concentrate+1","Cauldron","Secret Weapon+1","White Beast Statue"],"campfire_rested":3,"item_purchase_floors":[13,20,47,47,47,47,47],"current_hp_per_floor":[55,55,52,51,51,47,47,47,47,47,44,44,44,28,28,41,55,43,26,26,38,24,24,42,42,42,33,19,12,30,8,26,33,53,39,39,39,39,39,39,19,19,19,60,60,43,43,43,43,31,5],"gold":60,"neow_bonus":"RANDOM_COLORLESS_2","is_daily":false,"chose_seed":false,"campfire_upgraded":4,"win_rate":0.0,"timestamp":1612123041,"path_taken":["M","M","?","M","?","E","R","E","T","?","M","M","$","E","R","BOSS","M","M","$","?","M","?","R","M","T","E","M","E","R","E","R","BOSS","M","?","?","?","?","R","E","M","T","?","?","E","$","M","R","BOSS","BOSS"],"items_purchased_type":["Relic","Relic","Card","Card","Relic","Card","Relic"],"build_version":"2020-12-22","purchased_purges":2,"victory":true,"max_hp_per_floor":[66,66,66,66,66,66,66,66,66,60,60,60,60,60,60,60,60,60,60,60,60,60,60,60,60,60,60,60,60,60,60,60,60,60,60,60,60,60,60,60,60,60,60,60,60,60,60,60,60,60,60],"relic_stats":{"Happy Flower":[44],"Gremlin Horn":[24,24],"counters":[27,156],"Snake Skull":[2],"Orichalcum":[6],"Boot":[84],"Smiling Mask":50,"Pantograph":92,"Turnip":[5],"Art of War":[11],"Black Star":5,"obtain_stats":[{"Gremlin Horn":27,"Vajra":43,"Snake Skull":46,"Bottled Tornado":29,"Ancient Tea Set":9,"Boot":20,"Smiling Mask":31,"Matryoshka":31,"Pantograph":8,"Toxic Egg 2":27,"Ring of the Snake":0,"Potion Belt":43,"Happy Flower":6,"Golden Idol":10,"Paper Crane":13,"Orichalcum":41,"Akabeko":46,"White Beast Statue":47,"Du-Vu Doll":29,"Cauldron":47,"Turnip":41,"Art of War":14,"Black Star":17,"Bag of Marbles":26,"Coffee Dripper":34},{"Gremlin Horn":15,"Vajra":23,"Snake Skull":24,"Bottled Tornado":17,"Ancient Tea Set":6,"Boot":12,"Smiling Mask":18,"Matryoshka":18,"Pantograph":6,"Toxic Egg 2":15,"Ring of the Snake":0,"Potion Belt":23,"Happy Flower":5,"Golden Idol":6,"Paper Crane":8,"Orichalcum":22,"Akabeko":24,"White Beast Statue":24,"Du-Vu Doll":17,"Cauldron":24,"Turnip":22,"Art of War":9,"Black Star":10,"Bag of Marbles":14,"Coffee Dripper":19},{"Gremlin Horn":73,"Vajra":125,"Snake Skull":131,"Bottled Tornado":85,"Ancient Tea Set":26,"Boot":57,"Smiling Mask":91,"Matryoshka":91,"Pantograph":26,"Toxic Egg 2":73,"Ring of the Snake":0,"Potion Belt":125,"Happy Flower":23,"Golden Idol":26,"Paper Crane":31,"Orichalcum":121,"Akabeko":131,"White Beast Statue":131,"Du-Vu Doll":85,"Cauldron":131,"Turnip":121,"Art of War":40,"Black Star":48,"Bag of Marbles":68,"Coffee Dripper":102}],"Ring of the Snake":[54]},"card_choices":[{"not_picked":["Metamorphosis","Secret Technique"],"picked":"HandOfGreed","floor":0.0},{"not_picked":["Prepared","Catalyst"],"picked":"Calculated Gamble","floor":1.0},{"not_picked":["Deadly Poison","All Out Attack"],"picked":"Finisher","floor":2.0},{"not_picked":["Outmaneuver","Expertise"],"picked":"Blade Dance","floor":3.0},{"not_picked":["Heel Hook","Dagger Spray","Blade Dance"],"picked":"SKIP","floor":4.0},{"not_picked":["PiercingWail","Dagger Spray"],"picked":"Venomology","floor":6.0},{"not_picked":["Dagger Spray","Dodge and Roll"],"picked":"Terror","floor":8.0},{"not_picked":["Dagger Spray","Cloak And Dagger","Prepared"],"picked":"SKIP","floor":11.0},{"not_picked":["Outmaneuver","Deflect"],"picked":"Infinite Blades","floor":12.0},{"not_picked":["Infinite Blades","Caltrops","Terror"],"picked":"SKIP","floor":14.0},{"not_picked":["Glass Knife","Doppelganger"],"picked":"Wraith Form v2","floor":16.0},{"not_picked":["Quick Slash","Expertise"],"picked":"Blade Dance","floor":18.0},{"not_picked":["Expertise","Deadly Poison+1","Finisher"],"picked":"SKIP","floor":19.0},{"not_picked":["Caltrops","Flechettes","Acrobatics"],"picked":"SKIP","floor":22.0},{"not_picked":["Underhanded Strike+1","Acrobatics"],"picked":"Escape Plan","floor":25.0},{"not_picked":["Caltrops","Deflect+1"],"picked":"Dodge and Roll+1","floor":27.0},{"not_picked":["Heel Hook","Calculated Gamble+1"],"picked":"Well Laid Plans","floor":28.0},{"not_picked":["Quick Slash","Endless Agony"],"picked":"Cloak And Dagger+1","floor":29.0},{"not_picked":["Masterful Stab","Dagger Spray+1"],"picked":"Accuracy","floor":31.0},{"not_picked":["A Thousand Cuts","Storm of Steel+1"],"picked":"After Image","floor":33.0},{"not_picked":["Flying Knee","Slice","Dagger Spray"],"picked":"SKIP","floor":35.0},{"not_picked":["Forethought+1","Good Instincts+1"],"picked":"Discovery+1","floor":37.0},{"not_picked":["Slice+1","Noxious Fumes","Flying Knee"],"picked":"SKIP","floor":39.0},{"not_picked":["Poisoned Stab","All Out Attack","Masterful Stab"],"picked":"SKIP","floor":41.0},{"not_picked":["Sucker Punch","Deadly Poison+1"],"picked":"Backflip+1","floor":42.0},{"not_picked":["Slice","Dagger Throw"],"picked":"Terror+1","floor":46.0},{"not_picked":["Infinite Blades+1","Riddle With Holes","Catalyst+1"],"picked":"SKIP","floor":48.0}],"player_experience":601738,"relics_obtained":[{"floor":6.0,"key":"Happy Flower"},{"floor":8.0,"key":"Pantograph"},{"floor":9.0,"key":"Ancient Tea Set"},{"floor":14.0,"key":"Art of War"},{"floor":26.0,"key":"Bag of Marbles"},{"floor":27.0,"key":"Toxic Egg 2"},{"floor":27.0,"key":"Gremlin Horn"},{"floor":29.0,"key":"Du-Vu Doll"},{"floor":29.0,"key":"Bottled Tornado"},{"floor":31.0,"key":"Matryoshka"},{"floor":31.0,"key":"Smiling Mask"},{"floor":41.0,"key":"Orichalcum"},{"floor":41.0,"key":"Turnip"},{"floor":43.0,"key":"Potion Belt"},{"floor":43.0,"key":"Vajra"},{"floor":46.0,"key":"Akabeko"},{"floor":46.0,"key":"Snake Skull"}],"event_choices":[{"damage_healed":0.0,"max_hp_gain":0.0,"max_hp_loss":0.0,"gold_gain":0.0,"event_name":"Living Wall","player_choice":"Grow","floor":5.0,"gold_loss":0.0,"damage_taken":0.0,"cards_upgraded":["HandOfGreed"]},{"damage_healed":0.0,"max_hp_gain":0.0,"max_hp_loss":6.0,"gold_gain":0.0,"event_name":"Golden Idol","player_choice":"Lose Max HP","floor":10.0,"gold_loss":0.0,"damage_taken":0.0,"relics_obtained":["Golden Idol"]},{"damage_healed":12.0,"max_hp_gain":0.0,"max_hp_loss":0.0,"gold_gain":0.0,"event_name":"The Library","player_choice":"Heal","floor":21.0,"gold_loss":0.0,"damage_taken":0.0},{"damage_healed":0.0,"max_hp_gain":0.0,"max_hp_loss":0.0,"gold_gain":333.0,"event_name":"The Moai Head","player_choice":"Gave Idol","floor":36.0,"relics_lost":["Golden Idol"],"gold_loss":0.0,"damage_taken":0.0},{"damage_healed":0.0,"max_hp_gain":0.0,"max_hp_loss":0.0,"gold_gain":0.0,"event_name":"SensoryStone","player_choice":"Memory 1","floor":37.0,"gold_loss":0.0,"damage_taken":0.0},{"damage_healed":0.0,"max_hp_gain":0.0,"max_hp_loss":0.0,"gold_gain":0.0,"event_name":"Match and Keep!","player_choice":"0 cards matched","floor":38.0,"gold_loss":0.0,"damage_taken":0.0,"cards_obtained":[]},{"damage_healed":41.0,"max_hp_gain":0.0,"max_hp_loss":0.0,"gold_gain":0.0,"event_name":"MindBloom","player_choice":"Heal","floor":44.0,"gold_loss":0.0,"damage_taken":0.0,"cards_obtained":["Doubt"]},{"damage_healed":0.0,"max_hp_gain":0.0,"max_hp_loss":0.0,"gold_gain":0.0,"event_name":"Upgrade Shrine","player_choice":"Upgraded","floor":45.0,"gold_loss":0.0,"damage_taken":0.0,"cards_upgraded":["Well Laid Plans"]}],"is_beta":false,"boss_relics":[{"not_picked":["Pandora\u0027s Box","Runic Pyramid"],"picked":"Black Star"},{"not_picked":["Tiny House","Fusion Hammer"],"picked":"Coffee Dripper"}],"items_purged_floors":[20,47],"is_endless":false,"potions_floor_spawned":[1,2,8,11,19,22,27,31,35,39,48],"ascension_level":20}}