{"host":"kzfpatocel9exp3u","time":1612103668,"event":{"mods":["Arknights","BaseMod","Googly Eyes","Minty Spire (QoL Compilation)","StSLib"],"gold_per_floor":[110,126,141,66,66,94,113,113,113,113,113,130,142,160,160,259,259,278,278,298,298,317,317,592,146,171,190,190,190,209,55,55,152,152,164,214,214,233,245,245,245],"floor_reached":40,"language":"ZHS","playtime":1977,"items_purged":["ats:Strike G","Regret"],"score":390,"play_id":"68970bc8-1f6c-4c5a-8344-b5a924e67ba6","local_time":"20210131223428","is_ascension_mode":false,"campfire_choices":[{"data":"ats:Sword Rain","floor":8.0,"key":"SMITH"},{"data":"ats:Poison Spread","floor":11.0,"key":"SMITH"},{"floor":15.0,"key":"REST"},{"data":"ats:Overload","floor":23,"key":"SMITH"},{"data":"Apotheosis","floor":29,"key":"SMITH"},{"data":"ats:Thorns","floor":32,"key":"SMITH"}],"circlet_count":0,"master_deck":["ats:Strike C","ats:Strike S","ats:Armor Crushing Shot","ats:Defend","ats:Defend","ats:Defend+1","ats:Defend","ats:Emotion Absorption","ats:Poison Spread+1","ats:Absolute Focus+1","ats:Sword Rain+1","ats:Overload+1","ats:Rat Pack","ats:Ambush","Apotheosis+1","ats:Wolf Pack","ats:Thorns+1","ats:Disruption Kick","ats:Calcification","CurseOfTheBell","Impatience","Flash of Steel","Purity"],"relics":["ats:Sanity","NeowsBlessing","ats:Originium","War Paint","ats:Rhine Circuitry","Philosopher\u0027s Stone","Happy Flower","Calling Bell","Smiling Mask","Mummified Hand","Dead Branch","Ginger"],"acts_visited":["Exordium","TheCity","TheBeyond"],"potions_floor_usage":[22,30,40],"damage_taken":[{"damage":0.0,"enemies":"Cultist","floor":1.0,"turns":1.0},{"damage":0.0,"enemies":"Jaw Worm","floor":2.0,"turns":1.0},{"damage":0.0,"enemies":"2 Louse","floor":3.0,"turns":1.0},{"damage":36.0,"enemies":"Lagavulin","floor":6.0,"turns":8.0},{"damage":9.0,"enemies":"Exordium Thugs","floor":7.0,"turns":4.0},{"damage":6.0,"enemies":"Large Slime","floor":12.0,"turns":5.0},{"damage":9.0,"enemies":"3 Louse","floor":13.0,"turns":3.0},{"damage":0.0,"enemies":"Exordium Wildlife","floor":14.0,"turns":2.0},{"damage":8.0,"enemies":"Slime Boss","floor":16.0,"turns":7.0},{"damage":8,"enemies":"3 Byrds","floor":18,"turns":5},{"damage":19,"enemies":"Shell Parasite","floor":20,"turns":5},{"damage":27,"enemies":"Shelled Parasite and Fungi","floor":22,"turns":6},{"damage":6,"enemies":"Cultist and Chosen","floor":27,"turns":5},{"damage":0,"enemies":"Sentry and Sphere","floor":30,"turns":4},{"damage":24,"enemies":"Collector","floor":33,"turns":15},{"damage":10,"enemies":"3 Darklings","floor":35,"turns":9},{"damage":0,"enemies":"Mind Bloom Boss Battle","floor":36,"turns":7},{"damage":8,"enemies":"Orb Walker","floor":38,"turns":5},{"damage":59,"enemies":"Writhing Mass","floor":39,"turns":7},{"damage":14,"enemies":"Maw","floor":40,"turns":4}],"seed_played":"-2431192961948310977","potions_obtained":[{"floor":2.0,"key":"Strength Potion"},{"floor":3.0,"key":"Energy Potion"},{"floor":6.0,"key":"ColorlessPotion"},{"floor":7.0,"key":"DuplicationPotion"},{"floor":18,"key":"Regen Potion"},{"floor":35,"key":"PowerPotion"},{"floor":36,"key":"Ancient Potion"}],"is_trial":false,"path_per_floor":["M","M","M","$","?","E","M","R","T","$","R","M","M","M","R","B",null,"M","?","M","?","M","R","?","$","T","M","?","R","M","$","R","B",null,"M","?","?","M","M","M"],"character_chosen":"DOCTOR_CLASS","items_purchased":["Apotheosis","ats:Wolf Pack","ats:Disruption Kick"],"campfire_rested":1,"item_purchase_floors":[25,25,31],"current_hp_per_floor":[72,72,72,72,72,36,27,27,27,27,27,21,12,12,33,25,72,64,64,45,72,56,56,56,56,56,50,50,50,50,50,50,26,72,72,72,62,58,4,0,0],"gold":245,"neow_bonus":"THREE_ENEMY_KILL","is_daily":false,"chose_seed":false,"campfire_upgraded":5,"win_rate":0.0,"timestamp":1612103668,"path_taken":["M","M","?","$","?","E","M","R","T","$","R","?","M","M","R","BOSS","M","?","M","?","?","R","?","?","T","M","?","R","?","$","R","BOSS","M","?","?","?","M","M"],"items_purchased_type":["Card","Card","Card"],"build_version":"2020-12-22","purchased_purges":2,"victory":false,"max_hp_per_floor":[72,72,72,72,72,72,72,72,72,72,72,72,72,72,72,72,72,72,72,72,72,72,72,72,72,72,72,72,72,72,72,72,72,72,72,72,72,72,72,72,72],"card_choices":[{"not_picked":["ats:Sashimi Platter","ats:Closed Bolt Burst Fire"],"picked":"ats:Poison Spread","floor":1.0},{"not_picked":["ats:Blood Oath","ats:Part Time Job"],"picked":"ats:Absolute Focus","floor":2.0},{"not_picked":["ats:Defend Order","ats:Cat Scratch"],"picked":"ats:Sword Rain","floor":3.0},{"not_picked":["ats:Flexible Camouflage","ats:Cat Scratch","ats:Sword Rain"],"picked":"SKIP","floor":6.0},{"not_picked":["ats:Phantom","ats:Absolute Focus","ats:Explosion Area Strengthen"],"picked":"SKIP","floor":7.0},{"not_picked":["ats:Curse Doll","ats:Counter Healing Mode"],"picked":"ats:Overload","floor":12.0},{"not_picked":["ats:Cat Scratch","ats:Red Shift"],"picked":"ats:Rat Pack","floor":13.0},{"not_picked":["ats:Flexible Camouflage","ats:Absolute Focus","ats:Shell Defense"],"picked":"SKIP","floor":14.0},{"not_picked":["ats:Nebulous Foxfire","ats:Disruption Kick"],"picked":"ats:Ambush","floor":16.0},{"not_picked":["ats:Assault Order","ats:Curse Doll","ats:Flexible Camouflage"],"picked":"SKIP","floor":18},{"not_picked":["ats:Explosion Area Strengthen","ats:Revitalization+1","ats:Closed Bolt Burst Fire"],"picked":"SKIP","floor":20},{"not_picked":["ats:Absolute Focus","ats:Defend Order+1","ats:Curse Doll"],"picked":"SKIP","floor":22},{"not_picked":["ats:Guard Mode+1","ats:Revitalization+1","ats:Shell Defense+1"],"picked":"SKIP","floor":27},{"not_picked":["ats:Healing Drone","ats:Cat Scratch","ats:Thorns"],"picked":"SKIP","floor":30},{"not_picked":["ats:Healing Drone","ats:Cat Scratch"],"picked":"ats:Thorns","floor":30},{"not_picked":["ats:Shadow Assault","ats:Volcano"],"picked":"ats:Calcification","floor":33},{"not_picked":["ats:Revitalization","ats:Flame Of Heaven","ats:Mental Burst+1"],"picked":"SKIP","floor":35},{"not_picked":["Magnetism","Bandage Up"],"picked":"Impatience","floor":37},{"not_picked":["Forethought","Apotheosis"],"picked":"Flash of Steel","floor":37},{"not_picked":["PanicButton","Bandage Up"],"picked":"Purity","floor":37},{"not_picked":["ats:Encircling Forest+1","ats:Shadow Raid","ats:Cat Scratch"],"picked":"SKIP","floor":38},{"not_picked":["ats:Blood Oath+1","ats:Hammer On","ats:Absolute Focus+1"],"picked":"SKIP","floor":39}],"player_experience":1314157,"relics_obtained":[{"floor":6.0,"key":"ats:Originium"},{"floor":6.0,"key":"War Paint"},{"floor":9.0,"key":"ats:Rhine Circuitry"},{"floor":26,"key":"Happy Flower"},{"floor":34,"key":"Smiling Mask"},{"floor":34,"key":"Mummified Hand"},{"floor":34,"key":"Dead Branch"},{"floor":36,"key":"Ginger"}],"event_choices":[{"damage_healed":0.0,"max_hp_gain":0.0,"max_hp_loss":0.0,"gold_gain":0.0,"event_name":"The Woman in Blue","player_choice":"Bought 0 Potions","floor":5.0,"gold_loss":0.0,"damage_taken":0.0},{"damage_healed":0,"gold_gain":0,"player_choice":"Ignored","damage_taken":0,"max_hp_gain":0,"max_hp_loss":0,"event_name":"Vampires","floor":19,"gold_loss":0},{"damage_healed":27,"gold_gain":0,"player_choice":"Full Heal","damage_taken":0,"max_hp_gain":0,"max_hp_loss":0,"event_name":"Wheel of Change","floor":21,"gold_loss":0},{"damage_healed":0,"gold_gain":275,"player_choice":"Desecrate","damage_taken":0,"max_hp_gain":0,"max_hp_loss":0,"event_name":"Golden Shrine","floor":24,"gold_loss":0,"cards_obtained":["Regret"]},{"cards_removed":["ats:Strike V"],"damage_healed":0,"gold_gain":0,"player_choice":"Purged","damage_taken":0,"max_hp_gain":0,"max_hp_loss":0,"event_name":"Purifier","floor":28,"gold_loss":0},{"damage_healed":0,"gold_gain":0,"player_choice":"Fight","damage_taken":0,"max_hp_gain":0,"max_hp_loss":0,"event_name":"MindBloom","floor":36,"gold_loss":0},{"damage_healed":0,"gold_gain":0,"player_choice":"Memory 3","damage_taken":10,"max_hp_gain":0,"max_hp_loss":0,"event_name":"SensoryStone","floor":37,"gold_loss":0}],"is_beta":false,"boss_relics":[{"not_picked":["ats:Omniscience","Astrolabe"],"picked":"Philosopher\u0027s Stone"},{"not_picked":["Fusion Hammer","Empty Cage"],"picked":"Calling Bell"}],"items_purged_floors":[4,25],"is_endless":false,"potions_floor_spawned":[2,3,6,7,18,20,35,36],"killed_by":"Maw","ascension_level":0}}