{"host":"928gv66myv2vlnsd","time":1612052213,"event":{"mods":["BaseMod","Highlight Path","Minty Spire (QoL Compilation)","StSLib"],"gold_per_floor":[118,118,64,64,9,40,40,40,67,94,94,104,114,129,129,203,203,221,221,65,79,4,4,32,32,32],"floor_reached":25,"language":"ENG","playtime":591,"items_purged":["Strike_G"],"score":526,"play_id":"6b04f396-d496-4eb5-b940-8b4593650fb6","local_time":"20210130191653","is_ascension_mode":true,"campfire_choices":[{"data":"Poisoned Stab","floor":8.0,"key":"SMITH"},{"data":"Corpse Explosion","floor":11.0,"key":"SMITH"},{"data":"Bouncing Flask","floor":15.0,"key":"SMITH"},{"floor":23,"key":"REST"}],"circlet_count":0,"master_deck":["AscendersBane","Strike_G","Strike_G","Defend_G","Defend_G","Defend_G","Defend_G","Defend_G","Survivor","Neutralize","Poisoned Stab+1","Bane","Bane","Corpse Explosion+1","Dagger Spray","Bouncing Flask+1","Tools of the Trade","Underhanded Strike","Prepared","Escape Plan"],"relics":["Ring of the Snake","NeowsBlessing","Calipers","Pocketwatch","Cursed Key","Nloth\u0027s Gift","Anchor"],"acts_visited":["Exordium","TheCity"],"potions_floor_usage":[24,25],"damage_taken":[{"damage":0.0,"enemies":"Jaw Worm","floor":1.0,"turns":1.0},{"damage":0.0,"enemies":"3 Sentries","floor":6.0,"turns":1.0},{"damage":0.0,"enemies":"Gremlin Nob","floor":10.0,"turns":1.0},{"damage":0.0,"enemies":"Small Slimes","floor":12.0,"turns":2.0},{"damage":0.0,"enemies":"Cultist","floor":13.0,"turns":3.0},{"damage":2.0,"enemies":"2 Fungi Beasts","floor":14.0,"turns":2.0},{"damage":1.0,"enemies":"Hexaghost","floor":16.0,"turns":7.0},{"damage":0,"enemies":"3 Byrds","floor":18,"turns":2},{"damage":31,"enemies":"2 Thieves","floor":21,"turns":4},{"damage":43,"enemies":"Book of Stabbing","floor":24,"turns":5},{"damage":7,"enemies":"Snake Plant","floor":25,"turns":2}],"seed_played":"9016506239488630004","potions_obtained":[{"floor":1.0,"key":"Block Potion"},{"floor":6.0,"key":"BlessingOfTheForge"},{"floor":16.0,"key":"LiquidBronze"},{"floor":24,"key":"Ancient Potion"}],"is_trial":false,"path_per_floor":["M","?","$","?","$","E","$","R","T","E","R","M","M","M","R","B",null,"M","?","$","M","?","R","E","M"],"character_chosen":"THE_SILENT","items_purchased":["Bane","Bane","Underhanded Strike","Prepared"],"campfire_rested":1,"item_purchase_floors":[3,5,20,20],"current_hp_per_floor":[59,52,52,52,52,52,52,52,52,52,52,52,52,50,50,49,62,62,62,62,31,31,50,7,0,0],"gold":32,"neow_bonus":"THREE_ENEMY_KILL","is_daily":false,"chose_seed":false,"campfire_upgraded":3,"win_rate":0.0,"timestamp":1612052213,"path_taken":["M","?","$","?","?","E","?","R","T","E","R","M","M","M","R","BOSS","M","?","$","?","?","R","E","M"],"items_purchased_type":["Card","Card","Card","Card"],"build_version":"2020-12-22","purchased_purges":1,"victory":false,"max_hp_per_floor":[66,66,66,66,66,66,66,66,66,66,66,66,66,66,66,66,66,66,66,66,66,66,66,66,66,66],"card_choices":[{"not_picked":["Heel Hook","Endless Agony"],"picked":"Poisoned Stab","floor":1.0},{"not_picked":["Infinite Blades","Blade Dance","Predator"],"picked":"SKIP","floor":6.0},{"not_picked":["Terror","Blade Dance"],"picked":"Corpse Explosion","floor":10.0},{"not_picked":["Masterful Stab","Slice","Setup"],"picked":"SKIP","floor":12.0},{"not_picked":["Cloak And Dagger","Deflect"],"picked":"Dagger Spray","floor":13.0},{"not_picked":["Cloak And Dagger","Slice"],"picked":"Bouncing Flask","floor":14.0},{"not_picked":["Die Die Die","Malaise"],"picked":"Tools of the Trade","floor":16.0},{"not_picked":["Dagger Spray","Sucker Punch","Bane"],"picked":"SKIP","floor":18},{"not_picked":["Poisoned Stab","Deflect+1"],"picked":"Escape Plan","floor":21},{"not_picked":["Quick Slash","Deflect","Backstab"],"picked":"SKIP","floor":24}],"player_experience":1400515,"relics_obtained":[{"floor":6.0,"key":"Calipers"},{"floor":9.0,"key":"Boot"},{"floor":10.0,"key":"Pocketwatch"},{"floor":24,"key":"Anchor"}],"event_choices":[{"cards_removed":["Strike_G"],"damage_healed":0.0,"max_hp_gain":0.0,"max_hp_loss":0.0,"gold_gain":0.0,"event_name":"Golden Wing","player_choice":"Card Removal","floor":2.0,"gold_loss":0.0,"damage_taken":7.0},{"damage_healed":0.0,"max_hp_gain":0.0,"max_hp_loss":0.0,"gold_gain":0.0,"event_name":"The Cleric","player_choice":"Leave","floor":4.0,"gold_loss":0.0,"damage_taken":0.0},{"damage_healed":0,"gold_gain":0,"player_choice":"Traded Relic","damage_taken":0,"relics_obtained":["Nloth\u0027s Gift"],"max_hp_gain":0,"max_hp_loss":0,"event_name":"N\u0027loth","floor":19,"relics_lost":["Boot"],"gold_loss":0},{"cards_removed":["Strike_G"],"damage_healed":0,"gold_gain":0,"player_choice":"Single Remove","damage_taken":0,"max_hp_gain":0,"max_hp_loss":0,"event_name":"Designer","floor":22,"gold_loss":75}],"is_beta":false,"boss_relics":[{"not_picked":["WristBlade","Black Star"],"picked":"Cursed Key"}],"items_purged_floors":[20],"is_endless":false,"potions_floor_spawned":[1,6,12,14,16,18,24],"killed_by":"Snake Plant","ascension_level":18}}