{"host":"2qyxu97h6u4ukicb","time":1612051751,"event":{"mods":["AchievementEnabler","BaseMod","BetterRewards","Colored Map","Colored Powertips","Minty Spire (QoL Compilation)","Replay The Spire","Shop Mod","StSLib"],"gold_per_floor":[110,110,110,110,126,149,149,169,222,222,258,272,272,272,296,296,296],"floor_reached":16,"language":"ENG","playtime":510,"items_purged":[],"score":92,"play_id":"e04477c8-4b9d-44bf-8b21-e8fbbc8003be","local_time":"20210130180911","is_ascension_mode":false,"campfire_choices":[{"data":"MasterReality","floor":7,"key":"SMITH"}],"circlet_count":0,"master_deck":["Strike_P","Strike_P","Strike_P","Strike_P","Defend_P","Defend_P","Defend_P","Defend_P","Eruption","Vigilance","Halt","Injury","MasterReality+1","BowlingBash","Halt","PathToVictory","Replay:LoomingThreat"],"relics":["PureWater","NeowsBlessing","Golden Idol","Gremlin Food","Odd Mushroom"],"acts_visited":["Exordium"],"potions_floor_usage":[12,12,16],"damage_taken":[{"damage":0,"enemies":"Jaw Worm","floor":1,"turns":1},{"damage":0,"enemies":"Small Slimes","floor":5,"turns":1},{"damage":0,"enemies":"Cultist","floor":6,"turns":1},{"damage":7,"enemies":"Blue Slaver","floor":8,"turns":4},{"damage":15,"enemies":"The Mushroom Lair","floor":11,"turns":4},{"damage":0,"enemies":"Large Slime","floor":12,"turns":4},{"damage":2,"enemies":"Looter","floor":15,"turns":4},{"damage":5,"enemies":"3 Sentries","floor":16,"turns":2}],"seed_played":"6494064731694119617","potions_obtained":[{"floor":8,"key":"StancePotion"},{"floor":11,"key":"Explosive Potion"},{"floor":12,"key":"EssenceOfSteel"}],"is_trial":false,"path_per_floor":["M","?","?","T","M","M","R","M","T","$","?","M","PTL","PTL","M","E"],"character_chosen":"WATCHER","items_purchased":[],"campfire_rested":0,"item_purchase_floors":[],"current_hp_per_floor":[72,72,72,72,72,72,72,65,65,65,50,50,50,50,48,43,43],"gold":296,"neow_bonus":"THREE_ENEMY_KILL","is_daily":false,"chose_seed":false,"campfire_upgraded":1,"win_rate":0.0,"timestamp":1612051751,"path_taken":["M","?","?","?","M","M","R","?","T","$","?","M","PTL","PTL","M","E"],"items_purchased_type":[],"build_version":"2020-12-22","purchased_purges":0,"victory":false,"max_hp_per_floor":[72,72,72,72,72,72,72,72,72,72,72,72,72,72,72,72,72],"card_choices":[{"not_picked":["Crescendo","Replay:BluntJabs"],"picked":"Halt","floor":1},{"not_picked":["Evaluate","ClearTheMind","Replay:DivineShield"],"picked":"SKIP","floor":5},{"not_picked":["Conclude","FlyingSleeves"],"picked":"MasterReality","floor":6},{"not_picked":["Evaluate","MentalFortress"],"picked":"BowlingBash","floor":8},{"not_picked":["EmptyBody","CrushJoints"],"picked":"Halt","floor":11},{"not_picked":["ForeignInfluence","ThirdEye"],"picked":"PathToVictory","floor":12},{"not_picked":["Prostrate","CrushJoints"],"picked":"Replay:LoomingThreat","floor":15}],"player_experience":760483,"relics_obtained":[{"floor":9,"key":"Gremlin Food"},{"floor":11,"key":"Odd Mushroom"}],"event_choices":[{"damage_healed":0,"gold_gain":0,"player_choice":"Take Wound","damage_taken":0,"relics_obtained":["Golden Idol"],"max_hp_gain":0,"max_hp_loss":0,"event_name":"Golden Idol","floor":2,"gold_loss":0,"cards_obtained":["Injury"]},{"damage_healed":0,"gold_gain":0,"player_choice":"Ignored","damage_taken":0,"max_hp_gain":0,"max_hp_loss":0,"event_name":"Golden Wing","floor":3,"gold_loss":0},{"damage_healed":0,"gold_gain":0,"player_choice":"Fought Mushrooms","damage_taken":0,"max_hp_gain":0,"max_hp_loss":0,"event_name":"Mushrooms","floor":11,"gold_loss":0}],"is_beta":false,"boss_relics":[],"items_purged_floors":[],"is_endless":false,"potions_floor_spawned":[8,11,12],"killed_by":"3 Sentries","ascension_level":0}}