{"host":"7cp3z5w0tcrrm8ys","time":1612092793,"event":{"mods":["AchievementEnabler","BaseMod","DeckTracker","Minty Spire (QoL Compilation)","StSLib","SuperFastMode"],"gold_per_floor":[112,112,122,139,156,156,173,173,173,207,227,245,245,245,245,318,318,318,243,71,71,71,71,71,71,71,71,71,71,71,71,71,71,71],"floor_reached":33,"language":"KOR","playtime":944,"items_purged":[],"score":538,"play_id":"b5bc6fab-ca8f-4abb-9334-e07eb35c9ba4","local_time":"20210131203313","is_ascension_mode":true,"campfire_choices":[{"data":"Blade Dance","floor":6.0,"key":"SMITH"},{"data":"Backstab","floor":8.0,"key":"SMITH"},{"data":"Deadly Poison","floor":15.0,"key":"SMITH"},{"data":"Acrobatics","floor":23.0,"key":"SMITH"},{"floor":25.0,"key":"REST"},{"floor":32,"key":"REST"}],"circlet_count":0,"master_deck":["AscendersBane","Defend_G","Defend_G","Defend_G","Defend_G","Defend_G","Survivor","Neutralize","Die Die Die","Blade Dance+1","Backflip","Backstab+1","Terror","Crippling Poison","Deadly Poison+1","Quick Slash","Phantasmal Killer","Reflex","Reflex","Acrobatics+1","Cloak And Dagger","Choke","Crippling Poison","Blur+1","Tools of the Trade","Venomology"],"relics":["Ring of the Snake","Paper Crane","White Beast Statue","Ectoplasm","Happy Flower","Mercury Hourglass","Bottled Lightning"],"acts_visited":["Exordium","TheCity"],"potions_floor_usage":[29,31,31,33],"damage_taken":[{"damage":0.0,"enemies":"Jaw Worm","floor":1.0,"turns":7.0},{"damage":1.0,"enemies":"Cultist","floor":3.0,"turns":3.0},{"damage":0.0,"enemies":"2 Louse","floor":4.0,"turns":3.0},{"damage":0.0,"enemies":"2 Fungi Beasts","floor":5.0,"turns":3.0},{"damage":13.0,"enemies":"Blue Slaver","floor":7.0,"turns":4.0},{"damage":32.0,"enemies":"Gremlin Nob","floor":10.0,"turns":4.0},{"damage":0.0,"enemies":"Lots of Slimes","floor":11.0,"turns":1.0},{"damage":0.0,"enemies":"3 Louse","floor":12.0,"turns":2.0},{"damage":36.0,"enemies":"Hexaghost","floor":16.0,"turns":12.0},{"damage":17.0,"enemies":"3 Byrds","floor":18.0,"turns":4.0},{"damage":12.0,"enemies":"Chosen","floor":22.0,"turns":5.0},{"damage":6.0,"enemies":"Snake Plant","floor":24.0,"turns":4.0},{"damage":18.0,"enemies":"Book of Stabbing","floor":28.0,"turns":3.0},{"damage":0,"enemies":"3 Cultists","floor":29,"turns":4},{"damage":0,"enemies":"Snecko","floor":31,"turns":3},{"damage":42,"enemies":"Automaton","floor":33,"turns":10}],"seed_played":"3621927084108680543","potions_obtained":[{"floor":4.0,"key":"Dexterity Potion"},{"floor":11.0,"key":"Block Potion"},{"floor":12.0,"key":"FairyPotion"},{"floor":16.0,"key":"Strength Potion"},{"floor":18.0,"key":"Swift Potion"},{"floor":22.0,"key":"LiquidMemories"},{"floor":24.0,"key":"SmokeBomb"},{"floor":28,"key":"Strength Potion"},{"floor":29,"key":"FearPotion"}],"is_trial":false,"path_per_floor":["M","?","M","M","M","R","M","R","T","E","M","M","?","?","R","B",null,"M","?","$","?","M","R","M","R","T","?","E","M","?","M","R","B"],"character_chosen":"THE_SILENT","items_purchased":["Happy Flower"],"campfire_rested":2,"item_purchase_floors":[20],"current_hp_per_floor":[59,59,58,58,58,58,45,45,45,13,13,13,13,33,33,18,50,33,33,33,33,21,21,15,33,33,33,15,15,15,15,33,0,0],"gold":71,"neow_bonus":"THREE_RARE_CARDS","is_daily":false,"chose_seed":false,"campfire_upgraded":4,"win_rate":0.0,"timestamp":1612092793,"path_taken":["M","?","M","?","M","R","M","R","T","E","M","M","?","?","R","BOSS","M","?","$","?","M","R","?","R","T","?","E","M","?","M","R","BOSS"],"items_purchased_type":["Relic"],"build_version":"2020-12-22","purchased_purges":0,"victory":false,"max_hp_per_floor":[60,60,60,60,60,60,60,60,60,60,60,60,60,60,60,60,60,60,60,60,60,60,60,60,60,60,60,60,60,60,60,60,60,60],"card_choices":[{"not_picked":["Wraith Form v2","Corpse Explosion"],"picked":"Die Die Die","floor":0.0},{"not_picked":["Sucker Punch","Noxious Fumes"],"picked":"Blade Dance","floor":1.0},{"not_picked":["Skewer","Setup","Masterful Stab"],"picked":"SKIP","floor":3.0},{"not_picked":["Blade Dance","Heel Hook","Prepared"],"picked":"SKIP","floor":4.0},{"not_picked":["Deflect","Outmaneuver"],"picked":"Backflip","floor":5.0},{"not_picked":["Blur","Reflex"],"picked":"Backstab","floor":7.0},{"not_picked":["Skewer","Dagger Throw"],"picked":"Terror","floor":10.0},{"not_picked":["Terror","Riddle With Holes"],"picked":"Crippling Poison","floor":11.0},{"not_picked":["Flying Knee","Dagger Throw"],"picked":"Deadly Poison","floor":12.0},{"not_picked":["Night Terror","Unload"],"picked":"Phantasmal Killer","floor":16.0},{"not_picked":["Masterful Stab","Quick Slash"],"picked":"Reflex","floor":18.0},{"not_picked":["Backflip","Outmaneuver"],"picked":"Acrobatics","floor":22.0},{"not_picked":["PiercingWail","Flying Knee"],"picked":"Cloak And Dagger","floor":24.0},{"not_picked":["Underhanded Strike","Quick Slash"],"picked":"Crippling Poison","floor":28},{"not_picked":["Underhanded Strike","Flying Knee"],"picked":"Blur+1","floor":29}],"player_experience":801062,"relics_obtained":[{"floor":9.0,"key":"Paper Crane"},{"floor":10.0,"key":"White Beast Statue"},{"floor":26.0,"key":"Mercury Hourglass"},{"floor":28,"key":"Bottled Lightning"}],"event_choices":[{"damage_healed":0.0,"max_hp_gain":0.0,"max_hp_loss":0.0,"gold_gain":0.0,"event_name":"Match and Keep!","player_choice":"0 cards matched","floor":2.0,"gold_loss":0.0,"damage_taken":0.0,"cards_obtained":[]},{"damage_healed":0.0,"max_hp_gain":0.0,"max_hp_loss":0.0,"gold_gain":0.0,"cards_transformed":["Strike_G"],"event_name":"Living Wall","player_choice":"Change","floor":13.0,"gold_loss":0.0,"damage_taken":0.0,"cards_obtained":["Quick Slash"]},{"damage_healed":20.0,"max_hp_gain":0.0,"max_hp_loss":0.0,"gold_gain":0.0,"event_name":"Big Fish","player_choice":"Banana","floor":14.0,"gold_loss":0.0,"damage_taken":0.0},{"cards_removed":["Strike_G"],"damage_healed":0.0,"max_hp_gain":0.0,"max_hp_loss":0.0,"gold_gain":0.0,"event_name":"Beggar","player_choice":"Gave Gold","floor":19.0,"gold_loss":75.0,"damage_taken":0.0},{"damage_healed":0.0,"max_hp_gain":0.0,"max_hp_loss":0.0,"gold_gain":0.0,"cards_transformed":["Strike_G"],"event_name":"Transmorgrifier","player_choice":"Transformed","floor":21.0,"gold_loss":0.0,"damage_taken":0.0,"cards_obtained":["Reflex"]},{"damage_healed":0.0,"max_hp_gain":0.0,"max_hp_loss":0.0,"gold_gain":0.0,"event_name":"The Library","player_choice":"Read","floor":27.0,"gold_loss":0.0,"damage_taken":0.0,"cards_obtained":["Choke"]},{"damage_healed":0,"gold_gain":0,"cards_transformed":["Strike_G","Strike_G"],"player_choice":"Became Test Subject","damage_taken":0,"max_hp_gain":0,"max_hp_loss":0,"event_name":"Drug Dealer","floor":30,"gold_loss":0,"cards_obtained":["Tools of the Trade","Venomology"]}],"is_beta":false,"boss_relics":[{"not_picked":["SacredBark","Sozu"],"picked":"Ectoplasm"}],"items_purged_floors":[],"is_endless":false,"potions_floor_spawned":[4,11,12,16,18,22,24,28,29,31],"killed_by":"Automaton","ascension_level":20}}