{"host":"1dz819zv7fs9tsdy","time":1612129723,"event":{"mods":["AchievementEnabler","BaseMod","Colored Powertips","Curses Come First","Minty Spire (QoL Compilation)","Rare Cards Sparkle","Replay The Spire","Shop Mod","StSLib"],"gold_per_floor":[117,80,80,80,13,44,44,44,44,44,76,76,111,128,128,225,225,245,245,255,354,365,365,377,377,377,394,60,88,108,142,142,238,238,252,18,54,95,95,95,133,166,189,254,284,284,284,55,55,63,63,63,13,73,101,101],"floor_reached":55,"language":"ENG","playtime":6667,"items_purged":[],"score":962,"play_id":"bf4e6d46-2883-4853-9c18-3d8a9103074e","local_time":"20210131214843","is_ascension_mode":true,"campfire_choices":[{"floor":8,"key":"REST"},{"data":"Draining Mist","floor":10,"key":"SMITH"},{"data":"ReplayTheSpireMod:Shiv Toss","floor":12,"key":"SMITH"},{"data":"ReplayTheSpireMod:Necrosis","floor":23,"key":"SMITH"},{"floor":25,"key":"REST"},{"floor":32,"key":"REST"},{"data":"Toxin Wave","floor":40,"key":"SMITH"},{"floor":49,"key":"RECALL"},{"data":"Poison Darts","floor":52,"key":"SMITH"}],"circlet_count":0,"master_deck":["Defend_G","Defend_G","Defend_G","Defend_G","Defend_G","Survivor","Neutralize","Blade Dance","Replay:Bag of Tricks+1","Draining Mist+1","ReplayTheSpireMod:Shiv Toss+1","Dagger Spray","PiercingWail+1","Prepared","ReplayTheSpireMod:Necrosis+1","After Image+1","Poisoned Stab+1","Poisoned Stab+1","Dodge and Roll","Deflect","Cloak And Dagger","Bane","Wraith Form v2","Distraction+1","Master of Strategy","Metamorphosis","Mayhem","Deadly Poison","Outmaneuver","All Out Attack","Blur","Toxin Wave+1","Deflect","Cloak And Dagger+1","Dodge and Roll+1","Poison Darts+1","Concentrate+1","Blur","Replay:Bootleg Shield Generator","Bane+1"],"relics":["Replay:Bronze Core","ReplayTheSpireMod:Shallot","Ice Cream","HornCleat","Replay:Bottled Steam","Astrolabe","Bag of Marbles","Pet Ghost","ReplayTheSpireMod:ShopPack","Oddly Smooth Stone","Snack Pack","Replay:Grab Bag","Coffee Dripper","ChewingGum","Empty Cage","Replay:Bandana","MealTicket","Happy Flower","Quantum Egg","Juzu Bracelet","Ancient Tea Set","Bird Faced Urn"],"acts_visited":["Exordium","TheCity","TheBeyond","TheEnding"],"potions_floor_usage":[13,13,13,13,13,16,16,31,42,54,55,55,55],"damage_taken":[{"damage":2,"enemies":"Jaw Worm","floor":1,"turns":6},{"damage":33,"enemies":"3 Sentries","floor":6,"turns":12},{"damage":5,"enemies":"Replay:BlueRogue","floor":11,"turns":4},{"damage":21,"enemies":"3 Sentries","floor":13,"turns":11},{"damage":1,"enemies":"2 Louse","floor":14,"turns":3},{"damage":87,"enemies":"Fading Forest","floor":16,"turns":11},{"damage":7,"enemies":"Chosen","floor":18,"turns":6},{"damage":2,"enemies":"Shell Parasite","floor":20,"turns":4},{"damage":9,"enemies":"Shelled Parasite and Fungi","floor":22,"turns":5},{"damage":10,"enemies":"Snake Plant","floor":24,"turns":5},{"damage":13,"enemies":"Centurion and Healer","floor":27,"turns":8},{"damage":4,"enemies":"Gremlin Leader","floor":29,"turns":7},{"damage":2,"enemies":"3 Cultists","floor":30,"turns":8},{"damage":13,"enemies":"Book of Stabbing","floor":31,"turns":5},{"damage":32,"enemies":"Pondfish","floor":33,"turns":12},{"damage":7,"enemies":"3 Shapes","floor":35,"turns":5},{"damage":13,"enemies":"3 Darklings","floor":37,"turns":8},{"damage":15,"enemies":"Sphere and 2 Shapes","floor":38,"turns":6},{"damage":7,"enemies":"Transient","floor":41,"turns":5},{"damage":9,"enemies":"Nemesis","floor":42,"turns":9},{"damage":3,"enemies":"R_Hoarder","floor":44,"turns":6},{"damage":0,"enemies":"Maw","floor":45,"turns":7},{"damage":34,"enemies":"Donu and Deca","floor":50,"turns":8},{"damage":6,"enemies":"Shield and Spear","floor":54,"turns":6},{"damage":111,"enemies":"The Heart","floor":55,"turns":9}],"seed_played":"1310770969750114036","potions_obtained":[{"floor":1,"key":"BlessingOfTheForge"},{"floor":11,"key":"ColorlessPotion"},{"floor":13,"key":"EssenceOfSteel"},{"floor":14,"key":"BlessingOfTheForge"},{"floor":18,"key":"Elixir"},{"floor":20,"key":"Strength Potion"},{"floor":27,"key":"Energy Potion"},{"floor":37,"key":"Adrenaline Potion"},{"floor":38,"key":"SteroidPotion"},{"floor":44,"key":"Elixir"},{"floor":54,"key":"FearPotion"}],"is_trial":false,"path_per_floor":["M","$","?","?","$","E","?","R","T","R","E","R","E","M","R","B",null,"M","?","M","?","M","R","M","R","T","M","$","E","M","E","R","B",null,"M","$","M","M","$","R","M","E","T","E","M","?","$","$","R","B",null,"R","$","E","B"],"character_chosen":"THE_SILENT","items_purchased":["Prepared+1","Draining Mist","Distraction+1","Pet Ghost","ReplayTheSpireMod:ShopPack","Toxin Wave","Replay:Bandana","Replay:Bootleg Shield Generator","Ancient Tea Set","PowerPotion"],"campfire_rested":3,"item_purchase_floors":[2,5,28,28,28,36,36,48,48,53],"current_hp_per_floor":[68,68,68,61,61,28,28,49,49,49,44,44,23,22,43,3,70,63,50,48,48,39,39,29,51,51,38,38,34,32,19,41,31,75,70,70,63,48,48,48,47,48,48,53,57,57,72,75,75,43,75,75,75,69,0,0],"gold":101,"neow_bonus":"BOSS_RELIC","is_daily":false,"chose_seed":false,"campfire_upgraded":5,"win_rate":0.0,"timestamp":1612129723,"path_taken":["M","$","?","?","$","E","?","R","T","R","E","R","E","M","R","BOSS","M","?","M","?","M","R","M","R","T","M","?","E","M","E","R","BOSS","M","$","M","M","$","R","M","E","T","E","M","?","?","$","R","BOSS","R","$","E","BOSS"],"items_purchased_type":["Card","Card","Card","Relic","Relic","Card","Relic","Card","Relic","Potion"],"build_version":"2020-12-22","purchased_purges":0,"victory":false,"max_hp_per_floor":[70,70,70,70,70,70,70,70,70,70,70,70,70,70,70,70,70,70,75,75,75,75,75,75,75,75,75,75,75,75,75,75,75,75,75,75,75,75,75,75,75,75,75,75,75,75,75,75,75,75,75,75,75,75,75,75],"card_choices":[{"not_picked":["Poisoned Stab","Acrobatics"],"picked":"Blade Dance","floor":1},{"not_picked":["Flechettes","Catalyst"],"picked":"ReplayTheSpireMod:Shiv Toss","floor":6},{"not_picked":["Blur","Tactician"],"picked":"Dagger Spray","floor":11},{"not_picked":["Glass Knife","Riddle With Holes"],"picked":"PiercingWail","floor":13},{"not_picked":["Deadly Poison","Dodge and Roll"],"picked":"Prepared","floor":14},{"not_picked":["Adrenaline","Replay:Bag of Tricks"],"picked":"ReplayTheSpireMod:Necrosis","floor":16},{"not_picked":["Dagger Throw","ReplayTheSpireMod:Scrap Shanks"],"picked":"Dodge and Roll","floor":18},{"not_picked":["Backflip+1","Riddle With Holes"],"picked":"Deflect","floor":20},{"not_picked":["Slice","Flying Knee"],"picked":"Cloak And Dagger","floor":22},{"not_picked":["Setup","Flying Knee"],"picked":"Bane","floor":24},{"not_picked":["Dodge and Roll","Hidden Blade"],"picked":"Wraith Form v2","floor":27},{"not_picked":["Violence","Thinking Ahead"],"picked":"Master of Strategy","floor":28},{"not_picked":["Panache","Dramatic Entrance"],"picked":"Metamorphosis","floor":28},{"not_picked":["Good Instincts","ReplayTheSpireMod:Uncanny Aura"],"picked":"Mayhem","floor":28},{"not_picked":["Sucker Punch","Dagger Spray"],"picked":"Deadly Poison","floor":29},{"not_picked":["Tools of the Trade","ReplayTheSpireMod:Exploit Weakness"],"picked":"Outmaneuver","floor":30},{"not_picked":["Dodge and Roll+1","Tactician"],"picked":"All Out Attack","floor":31},{"not_picked":["Dagger Throw","Backflip"],"picked":"Blur","floor":35},{"not_picked":["Poisoned Stab","Sucker Punch"],"picked":"Deflect","floor":37},{"not_picked":["Dagger Throw+1","Acrobatics+1"],"picked":"Cloak And Dagger+1","floor":38},{"not_picked":["Predator+1","Sucker Punch"],"picked":"Dodge and Roll+1","floor":41},{"not_picked":["Acrobatics+1","Predator"],"picked":"Poison Darts","floor":42},{"not_picked":["Predator+1","Acrobatics"],"picked":"Concentrate+1","floor":44},{"not_picked":["Acrobatics+1","Dagger Spray"],"picked":"Blur","floor":45},{"not_picked":["ReplayTheSpireMod:The Works+1","Dagger Throw+1"],"picked":"Bane+1","floor":54}],"player_experience":377364,"relics_obtained":[{"floor":6,"key":"ReplayTheSpireMod:Shallot"},{"floor":11,"key":"HornCleat"},{"floor":13,"key":"Replay:Bottled Steam"},{"floor":26,"key":"Bag of Marbles"},{"floor":29,"key":"Oddly Smooth Stone"},{"floor":31,"key":"Snack Pack"},{"floor":42,"key":"MealTicket"},{"floor":43,"key":"Happy Flower"},{"floor":44,"key":"Quantum Egg"},{"floor":54,"key":"Bird Faced Urn"}],"event_choices":[{"cards_removed":["Strike_G"],"damage_healed":0,"gold_gain":0,"player_choice":"Card Removal","damage_taken":7,"max_hp_gain":0,"max_hp_loss":0,"event_name":"Golden Wing","floor":4,"gold_loss":0},{"damage_healed":0,"gold_gain":0,"player_choice":"Box","damage_taken":0,"relics_obtained":["Ice Cream"],"max_hp_gain":0,"max_hp_loss":0,"event_name":"Big Fish","floor":7,"gold_loss":0,"cards_obtained":["Regret"]},{"damage_healed":0,"gold_gain":0,"player_choice":"Shed Blood","damage_taken":18,"max_hp_gain":5,"max_hp_loss":0,"event_name":"Forgotten Altar","floor":19,"gold_loss":0},{"damage_healed":0,"gold_gain":99,"player_choice":"Stole From Cult","damage_taken":0,"max_hp_gain":0,"max_hp_loss":0,"event_name":"Nest","floor":21,"gold_loss":0},{"damage_healed":0,"gold_gain":0,"player_choice":"Gave Potion","damage_taken":0,"relics_obtained":["Juzu Bracelet"],"max_hp_gain":0,"max_hp_loss":0,"event_name":"WeMeetAgain","floor":46,"gold_loss":0}],"is_beta":false,"boss_relics":[{"not_picked":["Tiny House","Runic Dome"],"picked":"Astrolabe"},{"not_picked":["WristBlade","Kintsugi"],"picked":"Replay:Grab Bag"},{"not_picked":["Philosopher\u0027s Stone","Velvet Choker"],"picked":"Coffee Dripper"},{"not_picked":["Fusion Hammer","Sozu"],"picked":"ChewingGum"},{"not_picked":["Snecko Scales","Snecko Eye"],"picked":"Empty Cage"}],"items_purged_floors":[],"is_endless":false,"potions_floor_spawned":[1,11,13,14,18,20,27,37,38,44,54],"killed_by":"The Heart","ascension_level":4}}