{"host":"6xsbn6ynqlzwllfm","time":1612089533,"event":{"mods":["2.2 Compatiblity","BaseMod","Bestiary","Colored Map","Colored Powertips","Curses Come First","Highlight Path","Keyboard Shortcuts","Minty Spire (QoL Compilation)","Relic Stats","Slay the Relics Exporter","StSLib","SuperFastMode"],"gold_per_floor":[119,119,139,150,225,225,252,252,334,350,350,377,395,412,412,488,488,498,498,498,498,99,99,99],"floor_reached":23,"language":"ENG","playtime":476,"items_purged":["Defend_P"],"score":403,"play_id":"a84febea-b731-437b-b6b3-f05e2fae23e9","local_time":"20210131053853","is_ascension_mode":true,"campfire_choices":[{"data":"BattleHymn","floor":6,"key":"SMITH"},{"data":"BowlingBash","floor":8,"key":"SMITH"},{"data":"Consecrate","floor":11,"key":"SMITH"},{"floor":15,"key":"REST"}],"circlet_count":0,"master_deck":["AscendersBane","Defend_P","Defend_P","Defend_P","Eruption","Vigilance","BattleHymn+1","BowlingBash+1","Consecrate+1","Adaptation","WheelKick","DeusExMachina","EmptyFist","Bite","Bite","Bite","Bite","Bite","Fasting2","Tantrum"],"relics":["PureWater","Oddly Smooth Stone","Kunai","Darkstone Periapt","Sozu","PreservedInsect"],"acts_visited":["Exordium","TheCity"],"potions_floor_usage":[4,13],"damage_taken":[{"damage":6,"enemies":"Jaw Worm","floor":1,"turns":6},{"damage":5,"enemies":"2 Louse","floor":3,"turns":2},{"damage":2,"enemies":"Small Slimes","floor":4,"turns":3},{"damage":0,"enemies":"2 Fungi Beasts","floor":10,"turns":2},{"damage":14,"enemies":"Lagavulin","floor":12,"turns":7},{"damage":2,"enemies":"Blue Slaver","floor":13,"turns":2},{"damage":13,"enemies":"Exordium Wildlife","floor":14,"turns":2},{"damage":21,"enemies":"The Guardian","floor":16,"turns":12},{"damage":28,"enemies":"Shell Parasite","floor":18,"turns":4},{"damage":25,"enemies":"Book of Stabbing","floor":23,"turns":2}],"seed_played":"7717479777520242789","potions_obtained":[{"floor":1,"key":"AttackPotion"},{"floor":3,"key":"Strength Potion"},{"floor":12,"key":"SneckoOil"}],"is_trial":false,"path_per_floor":["M","?","M","M","?","R","T","R","T","M","R","E","M","M","R","B",null,"M","?","?","?","$","E"],"character_chosen":"WATCHER","items_purchased":["PreservedInsect","Fasting2","Tantrum"],"campfire_rested":1,"item_purchase_floors":[22,22,22],"current_hp_per_floor":[61,54,49,47,36,36,36,36,36,36,36,22,20,7,29,8,58,30,30,17,17,17,0,0],"gold":99,"neow_bonus":"TEN_PERCENT_HP_BONUS","is_daily":false,"chose_seed":false,"campfire_upgraded":3,"win_rate":0.0,"timestamp":1612089533,"path_taken":["M","?","M","M","?","R","?","R","T","M","R","E","M","M","R","BOSS","M","?","?","?","?","E"],"items_purchased_type":["Relic","Card","Card"],"build_version":"2020-12-22","purchased_purges":1,"victory":false,"max_hp_per_floor":[74,74,74,74,74,74,74,74,74,74,74,74,74,74,74,74,74,74,51,56,56,56,56,56],"relic_stats":{"Darkstone Periapt":0,"Sozu":0,"counters":[10,42],"PreservedInsect":43,"Kunai":[12],"obtain_stats":[{"Darkstone Periapt":12,"Sozu":17,"Oddly Smooth Stone":7,"PreservedInsect":22,"Kunai":9,"PureWater":0},{"Darkstone Periapt":5,"Sozu":8,"Oddly Smooth Stone":3,"PreservedInsect":9,"Kunai":3,"PureWater":0},{"Darkstone Periapt":20,"Sozu":36,"Oddly Smooth Stone":11,"PreservedInsect":40,"Kunai":11,"PureWater":0}]},"card_choices":[{"not_picked":["Worship","Vengeance"],"picked":"BattleHymn","floor":1},{"not_picked":["JustLucky","ThirdEye"],"picked":"BowlingBash","floor":3},{"not_picked":["MentalFortress","DeceiveReality"],"picked":"Consecrate","floor":4},{"not_picked":["MentalFortress","Wireheading"],"picked":"Adaptation","floor":10},{"not_picked":["Evaluate","ThirdEye"],"picked":"WheelKick","floor":13},{"not_picked":["Devotion","Brilliance"],"picked":"DeusExMachina","floor":16},{"not_picked":["Prostrate","Wireheading"],"picked":"EmptyFist","floor":18}],"player_experience":1339809,"relics_obtained":[{"floor":7,"key":"Oddly Smooth Stone"},{"floor":9,"key":"Kunai"},{"floor":12,"key":"Darkstone Periapt"}],"event_choices":[{"cards_removed":["Strike_P"],"damage_healed":0,"gold_gain":0,"player_choice":"Card Removal","damage_taken":7,"max_hp_gain":0,"max_hp_loss":0,"event_name":"Golden Wing","floor":2,"gold_loss":0},{"damage_healed":0,"gold_gain":75,"player_choice":"Gather Gold","damage_taken":11,"max_hp_gain":0,"max_hp_loss":0,"event_name":"World of Goop","floor":5,"gold_loss":0},{"damage_healed":0,"gold_gain":0,"player_choice":"Became a vampire","damage_taken":0,"max_hp_gain":0,"max_hp_loss":23,"event_name":"Vampires","floor":19,"gold_loss":0,"cards_obtained":["Bite","Bite","Bite","Bite","Bite"]},{"damage_healed":0,"gold_gain":0,"player_choice":"Shed Blood","damage_taken":18,"max_hp_gain":5,"max_hp_loss":0,"event_name":"Forgotten Altar","floor":20,"gold_loss":0},{"damage_healed":0,"gold_gain":0,"player_choice":"Ignored","damage_taken":0,"max_hp_gain":0,"max_hp_loss":0,"event_name":"Cursed Tome","floor":21,"gold_loss":0}],"is_beta":false,"boss_relics":[{"not_picked":["Empty Cage","Tiny House"],"picked":"Sozu"}],"items_purged_floors":[22],"is_endless":false,"potions_floor_spawned":[1,3,12],"killed_by":"Book of Stabbing","ascension_level":20}}