{"host":"dwyzfvnzfcqffr30","time":1612121925,"event":{"mods":["2.2 Compatiblity","Act Like it!","Aspiration","BaseMod","Beaked The Cultist","Better Altar","Better Match","Better Note","Better Sensory Stone","Better Skull","Better Third Choice","Clockwork Mod","Colored Map","Colored Powertips","Conspire","Downfall","Elementarium","GifTheSpireLib","Halation","Hermit","Hubris","Infinite Spire","Ironclad Rager","Jedi Mod","Menagerie","Mimic Mod","Minty Spire (QoL Compilation)","Permanent Neow","Random Character Button","Relic Filter Mod","Reliquary","Replay The Spire","Spicy Shops","Spikes Relics","StSLib","Stuff the Spire","The Construct","The Disciple","The Druid","The Marked","TheFirefly","Trackpad","Wandering Minibosses"],"gold_per_floor":[122,144,18,18,18,54,74,112,154,154,184,190,190,190],"floor_reached":12,"language":"ENG","playtime":3698,"items_purged":["hexamod:Strike+1"],"score":130,"play_id":"a6b18533-c054-4542-a3af-426f174991b0","local_time":"20210131113845","is_ascension_mode":true,"campfire_choices":[{"floor":10,"key":"REST"}],"circlet_count":0,"master_deck":["hexamod:Strike+1","hexamod:Strike+1","hexamod:Strike+1","hexamod:Defend+1","hexamod:Defend+1","hexamod:Defend+1","hexamod:Defend+1","hexamod:Sear+1","hexamod:Float+1","Madness+1","MasterReality+1","Apotheosis+1","hexamod:Firestarter+1","hexamod:PhantomCloak+2","hexamod:BurningTouch+1","hexamod:VolcanoVisage+1","hexamod:HeatMetal+1","hexamod:EmpoweredFlame+1"],"relics":["hexamod:SpiritBrand","Molten Egg 2","Toxic Egg 2","Frozen Egg 2","Quantum Egg","SacredBark","conspire:InfiniteJournal","infinitespire:EvilPickle","Bottled Tornado","hubris:TinFlute","halation:Prosthetics","jedi:cryingmask","halation:IllGainedPizza"],"acts_visited":["Exordium"],"potions_floor_usage":[8],"damage_taken":[{"damage":0,"enemies":"Small Slimes","floor":1,"turns":3},{"damage":0,"enemies":"2 Louse","floor":2,"turns":3},{"damage":13,"enemies":"3 Sentries","floor":6,"turns":7},{"damage":0,"enemies":"Cultist","floor":7,"turns":3},{"damage":0,"enemies":"Gremlin Nob","floor":8,"turns":3},{"damage":0,"enemies":"Gremlin Gang","floor":9,"turns":4},{"damage":12,"enemies":"Gremlin Gang","floor":11,"turns":4},{"damage":25,"enemies":"3 Sentries","floor":12,"turns":5}],"seed_played":"-1262341969210458542","potions_obtained":[{"floor":6,"key":"AttackPotion"}],"is_trial":false,"path_per_floor":["M","M","$","?","?","E","M","E","MIM","R","M","E"],"character_chosen":"THE_SPIRIT","items_purchased":["hexamod:BurningTouch+1"],"campfire_rested":1,"item_purchase_floors":[3],"current_hp_per_floor":[70,70,70,70,35,22,22,22,22,32,20,0,0,0],"gold":190,"neow_bonus":"RANDOM_COLORLESS","is_daily":false,"chose_seed":false,"campfire_upgraded":0,"win_rate":0.0,"timestamp":1612121925,"path_taken":["M","M","$","?","?","E","M","E","MIM","R","M","E"],"items_purchased_type":["Card"],"build_version":"2020-12-22","purchased_purges":1,"victory":false,"max_hp_per_floor":[70,70,70,70,35,35,35,35,35,35,35,35,35,35],"card_choices":[{"not_picked":["ReplayTheSpireMod:Uncanny Aura","StuffTheSpire:FreeRealEstate"],"picked":"Madness","floor":0},{"not_picked":["hexamod:EtherealExpedition+1","hexamod:CatchUp+1"],"picked":"hexamod:Firestarter+1","floor":1},{"not_picked":["hexamod:RecurringNightmare+1","hexamod:Firestarter+1"],"picked":"hexamod:PhantomCloak+1","floor":2},{"not_picked":["hexamod:BurningTouch+1","hexamod:PowerFromBeyond+1"],"picked":"hexamod:VolcanoVisage+1","floor":6},{"not_picked":["hexamod:GhostShield+1","hexamod:InspiringFlames+1","hexamod:BurningTouch+1"],"picked":"SKIP","floor":7},{"not_picked":["hexamod:SwordOfDarkness+1","hexamod:Hexaguard+1"],"picked":"hexamod:HeatMetal+1","floor":8},{"not_picked":["hexamod:Firestarter+1","hexamod:BacktrackSmack+1"],"picked":"hexamod:EmpoweredFlame+1","floor":11}],"player_experience":3034937,"relics_obtained":[{"floor":6,"key":"jedi:cryingmask"},{"floor":8,"key":"halation:IllGainedPizza"}],"event_choices":[{"damage_healed":0,"gold_gain":0,"player_choice":"Simplicity","damage_taken":0,"max_hp_gain":0,"max_hp_loss":8,"event_name":"betterThird:BetterWriting","floor":0,"gold_loss":0},{"damage_healed":0,"gold_gain":0,"player_choice":"Forge","damage_taken":0,"max_hp_gain":0,"max_hp_loss":0,"event_name":"Accursed Blacksmith","floor":5,"gold_loss":0,"cards_upgraded":["hexamod:PhantomCloak"]}],"is_beta":false,"boss_relics":[],"items_purged_floors":[3],"is_endless":false,"potions_floor_spawned":[6,7],"killed_by":"3 Sentries","ascension_level":3}}