{"host":"95i1gxnztdrdyvhi","time":1612137575,"event":{"mods":["AchievementEnabler","Act Like it!","BaseMod","Downfall","Minty Spire (QoL Compilation)","Quick Restart","StSLib"],"gold_per_floor":[99,114,125,143,143,159,159,173,173,200,110,123,23,53,66,168,168,168,179,279,299,310,310,333,333,333,333],"floor_reached":25,"language":"ENG","playtime":1391,"items_purged":["downfall:Haunted"],"score":240,"play_id":"0e677236-6713-4e78-911b-d7b33f042ecf","local_time":"20210131235935","is_ascension_mode":false,"campfire_choices":[{"data":"bronze:Replicate","floor":1,"key":"SMITH"},{"data":"bronze:ClassDefault","floor":13,"key":"SMITH"},{"data":"bronze:ShipIt","floor":18,"key":"SMITH"},{"data":"bronze:BugBarrage","floor":23,"key":"SMITH"}],"circlet_count":0,"master_deck":["bronze:Strike","bronze:Defend","bronze:Defend","bronze:Defend","bronze:Defend","bronze:Replicate+1","bronze:Goto","bronze:ShipIt+1","bronze:FollowUp","bronze:BugBarrage","bronze:MaxOutput","bronze:WildBeam","bronze:Frontload","bronze:ClassDefault+1","bronze:BugBarrage+1","bronze:HardenedForm","bronze:Turbo"],"relics":["bronze:BronzeCore","downfall:BrokenWingStatue","Ice Cream","Shuriken","downfall:HeartBlessingGreen","Mango","SlaversCollar","Vajra"],"acts_visited":["Exordium","TheCity"],"potions_floor_usage":[],"damage_taken":[{"damage":5,"enemies":"2 Louse","floor":2,"turns":3},{"damage":1,"enemies":"Cultist","floor":3,"turns":3},{"damage":2,"enemies":"Jaw Worm","floor":4,"turns":4},{"damage":4,"enemies":"Gremlin Gang","floor":6,"turns":4},{"damage":2,"enemies":"Exordium Wildlife","floor":8,"turns":3},{"damage":0,"enemies":"Gremlin Nob","floor":10,"turns":4},{"damage":5,"enemies":"downfall:FleeingMerchant","floor":11,"turns":4},{"damage":7,"enemies":"3 Louse","floor":12,"turns":5},{"damage":6,"enemies":"Lagavulin","floor":14,"turns":6},{"damage":2,"enemies":"Exordium Thugs","floor":15,"turns":4},{"damage":2,"enemies":"SI_SHIV_ARCHETYPE","floor":16,"turns":6},{"damage":6,"enemies":"3 Byrds","floor":19,"turns":6},{"damage":26,"enemies":"Shelled Parasite and Fungi","floor":21,"turns":6},{"damage":15,"enemies":"Snake Plant","floor":22,"turns":4},{"damage":21,"enemies":"Gremlin Leader","floor":25,"turns":3}],"seed_played":"-6414109423076223456","potions_obtained":[{"floor":3,"key":"ColorlessPotion"},{"floor":6,"key":"champ:CounterPotion"},{"floor":8,"key":"DuplicationPotion"}],"is_trial":false,"path_per_floor":["R","M","M","M","?","M","T","M","?","E","$","M","R","E","M","B",null,"R","M","?","M","M","R","T","E"],"character_chosen":"THE_AUTOMATON","items_purchased":[],"campfire_rested":0,"item_purchase_floors":[],"current_hp_per_floor":[70,65,64,62,62,58,58,56,56,56,51,44,44,52,50,48,84,84,78,78,52,37,37,37,16,16,16],"gold":333,"neow_bonus":"ONE_RANDOM_RARE_CARD","is_daily":false,"chose_seed":false,"campfire_upgraded":4,"win_rate":0.0,"timestamp":1612137575,"path_taken":["R","M","M","M","?","M","T","M","?","E","$","?","R","E","M","BOSS","R","M","?","?","M","R","T","E"],"items_purchased_type":[],"build_version":"2020-12-22","purchased_purges":1,"victory":false,"max_hp_per_floor":[70,70,70,70,70,70,70,70,70,70,70,70,70,84,84,84,84,84,84,84,84,84,84,84,84,84,84],"card_choices":[{"not_picked":["bronze:DelayedSlice","bronze:Separator"],"picked":"bronze:FollowUp","floor":2},{"not_picked":["bronze:CutThrough","bronze:DelayedGuard"],"picked":"bronze:BugBarrage","floor":3},{"not_picked":["bronze:BitShift","bronze:CutThrough"],"picked":"bronze:MaxOutput","floor":4},{"not_picked":["bronze:WhirlingStrike","bronze:Invalidate"],"picked":"bronze:WildBeam","floor":6},{"not_picked":["bronze:CleanCode","bronze:Overheat"],"picked":"bronze:Frontload","floor":8},{"not_picked":["bronze:DelayedSlice","bronze:BitShift"],"picked":"bronze:ClassDefault","floor":10},{"not_picked":["bronze:DelayedGuard","bronze:Frontload","bronze:Flail"],"picked":"SKIP","floor":11},{"not_picked":["bronze:FineTuning","bronze:Iterate","bronze:Frontload"],"picked":"SKIP","floor":12},{"not_picked":["bronze:BuggyMess","bronze:WhirlingStrike"],"picked":"bronze:BugBarrage","floor":14},{"not_picked":["bronze:CutThrough","bronze:BronzeArmor","bronze:Frontload"],"picked":"SKIP","floor":15},{"not_picked":["bronze:InfiniteLoop","bronze:RecursiveStrike"],"picked":"bronze:HardenedForm","floor":16},{"not_picked":["bronze:CloningBeam","bronze:Iterate","bronze:OilSpill"],"picked":"SKIP","floor":19},{"not_picked":["bronze:WhirlingStrike","bronze:Allocate","bronze:Turbo"],"picked":"SKIP","floor":21},{"not_picked":["bronze:WhirlingStrike","bronze:Allocate"],"picked":"bronze:Turbo","floor":21},{"not_picked":["bronze:WildBeam+1","bronze:Allocate","bronze:FineTuning"],"picked":"SKIP","floor":22}],"player_experience":847108,"relics_obtained":[{"floor":7,"key":"Ice Cream"},{"floor":10,"key":"Shuriken"},{"floor":14,"key":"Mango"},{"floor":24,"key":"Vajra"}],"event_choices":[],"is_beta":false,"boss_relics":[{"not_picked":["Astrolabe","Busted Crown"],"picked":"SlaversCollar"}],"items_purged_floors":[11],"is_endless":false,"potions_floor_spawned":[3,6,8,10,12,19,22],"killed_by":"Gremlin Leader","ascension_level":0}}