{"host":"95i1gxnztdrdyvhi","time":1612136167,"event":{"mods":["AchievementEnabler","Act Like it!","BaseMod","Downfall","Minty Spire (QoL Compilation)","Quick Restart","StSLib"],"gold_per_floor":[99,99,129,129,129,154,154,154,164,164,193,93,118,43,60,164,164,64,78,78,78,78,103,103,188,200,220,234,250,250,282,295,295,295,295],"floor_reached":33,"language":"ENG","playtime":1443,"items_purged":["bronze:Strike"],"score":416,"play_id":"bcf20413-a976-453f-8380-232f5d52130a","local_time":"20210131233607","is_ascension_mode":false,"campfire_choices":[{"data":"bronze:Replicate","floor":1,"key":"SMITH"},{"data":"bronze:DigitalCarnage","floor":12,"key":"SMITH"},{"data":"bronze:Optimize","floor":18,"key":"SMITH"},{"floor":30,"key":"REST"}],"circlet_count":0,"master_deck":["bronze:Strike","bronze:Strike","bronze:Defend","bronze:Defend","bronze:Defend","bronze:Defend","bronze:Replicate+1","bronze:Goto","bronze:DigitalCarnage+1","bronze:BronzeOrb","bronze:Optimize+1","bronze:Separator","bronze:BronzeOrb","bronze:ChosenStrike","bronze:InfiniteLoop","RitualDagger+1","Necronomicurse"],"relics":["bronze:BronzeCore","downfall:HeartsMalice","hexamod:CandleOfCauterizing","The Courier","PreservedInsect","downfall:HeartBlessingBlue","HornCleat","Black Star","downfall:HeartBlessingGreen","Necronomicon","Bottled Flame","Shuriken","Question Card","Kunai","Happy Flower"],"acts_visited":["Exordium","TheCity"],"potions_floor_usage":[31],"damage_taken":[{"damage":0,"enemies":"Cultist","floor":2,"turns":1},{"damage":0,"enemies":"Jaw Worm","floor":5,"turns":1},{"damage":0,"enemies":"2 Louse","floor":8,"turns":1},{"damage":0,"enemies":"Large Slime","floor":9,"turns":3},{"damage":16,"enemies":"Lagavulin","floor":11,"turns":6},{"damage":0,"enemies":"3 Sentries","floor":13,"turns":5},{"damage":0,"enemies":"downfall:FleeingMerchant","floor":14,"turns":4},{"damage":0,"enemies":"Blue Slaver","floor":15,"turns":3},{"damage":0,"enemies":"WA_ARCHETYPE_RETAIN","floor":16,"turns":4},{"damage":3,"enemies":"Chosen","floor":19,"turns":3},{"damage":22,"enemies":"Book of Stabbing","floor":23,"turns":5},{"damage":0,"enemies":"Spheric Guardian","floor":26,"turns":1},{"damage":0,"enemies":"Snecko","floor":27,"turns":3},{"damage":1,"enemies":"Snake Plant","floor":28,"turns":3},{"damage":0,"enemies":"Sentry and Sphere","floor":29,"turns":3},{"damage":0,"enemies":"Gremlin Leader","floor":31,"turns":6},{"damage":0,"enemies":"Centurion and Healer","floor":32,"turns":3},{"damage":35,"enemies":"IC_MUSHROOM_ARCHETYPE","floor":33,"turns":7}],"seed_played":"5219583945049603785","potions_obtained":[{"floor":9,"key":"GamblersBrew"},{"floor":13,"key":"Block Potion"},{"floor":15,"key":"champ:CounterPotion"},{"floor":21,"key":"CultistPotion"}],"is_trial":false,"path_per_floor":["R","M","?","?","M","T","T","M","M","?","E","R","E","$","M","B",null,"R","M","?","?","?","E","T","?","M","M","M","M","R","E","M","B"],"character_chosen":"THE_AUTOMATON","items_purchased":[],"campfire_rested":1,"item_purchase_floors":[],"current_hp_per_floor":[70,70,70,70,70,70,70,70,70,70,54,64,64,64,64,64,80,80,77,62,62,46,24,24,10,10,10,9,9,34,34,34,0,0,0],"gold":295,"neow_bonus":"THREE_ENEMY_KILL","is_daily":false,"chose_seed":false,"campfire_upgraded":3,"win_rate":0.0,"timestamp":1612136167,"path_taken":["R","M","?","?","M","?","T","?","M","?","E","R","E","$","M","BOSS","R","M","?","?","?","E","T","?","M","M","M","M","R","E","M","BOSS"],"items_purchased_type":[],"build_version":"2020-12-22","purchased_purges":1,"victory":false,"max_hp_per_floor":[70,70,70,70,70,70,70,70,70,70,70,80,80,80,80,80,80,80,80,85,85,85,85,85,85,85,85,85,85,85,85,85,85,85,85],"card_choices":[{"not_picked":["bronze:BugBarrage","bronze:WildBeam"],"picked":"bronze:DigitalCarnage","floor":2},{"not_picked":["bronze:CutThrough","bronze:Shell"],"picked":"bronze:BronzeOrb","floor":5},{"not_picked":["bronze:DelayedGuard","bronze:ItsAFeature"],"picked":"bronze:Optimize","floor":8},{"not_picked":["bronze:WhirlingStrike","bronze:Iterate"],"picked":"bronze:Separator","floor":9},{"not_picked":["bronze:WildBeam","bronze:Optimize"],"picked":"bronze:BronzeOrb","floor":11},{"not_picked":["bronze:Fortify","bronze:Boost"],"picked":"bronze:ChosenStrike","floor":13},{"not_picked":["bronze:BugBarrage","bronze:WildBeam","bronze:BitShift"],"picked":"SKIP","floor":14},{"not_picked":["bronze:CutThrough","bronze:FineTuning","bronze:Frontload"],"picked":"SKIP","floor":15},{"not_picked":["bronze:AlphaBuild","bronze:HyperBeam"],"picked":"bronze:InfiniteLoop","floor":16},{"not_picked":["bronze:DarkDash","bronze:MaxOutput","bronze:Constructor+1"],"picked":"SKIP","floor":19},{"not_picked":["bronze:BuggyMess","bronze:CloningBeam","bronze:Frontload"],"picked":"SKIP","floor":23},{"not_picked":["bronze:Branch+1","bronze:DelayedSlice","bronze:WildBeam+1","bronze:CloningBeam"],"picked":"SKIP","floor":26},{"not_picked":["bronze:Turbo+1","bronze:BronzeOrb","bronze:DelayedGuard","bronze:BuggyMess"],"picked":"SKIP","floor":27},{"not_picked":["bronze:FollowUp","bronze:WildBeam+1","bronze:Flail","bronze:CleanCode"],"picked":"SKIP","floor":28},{"not_picked":["bronze:WildBeam","bronze:CutThrough","bronze:Deprecate","bronze:BronzeArmor"],"picked":"SKIP","floor":29},{"not_picked":["bronze:DelayedGuard","bronze:ForLoop+1","bronze:Deprecate","bronze:FollowUp"],"picked":"SKIP","floor":31},{"not_picked":["bronze:DelayedSlice","bronze:Shell+1","bronze:Shield","bronze:CutThrough+1"],"picked":"SKIP","floor":32}],"player_experience":847108,"relics_obtained":[{"floor":7,"key":"The Courier"},{"floor":11,"key":"PreservedInsect"},{"floor":13,"key":"HornCleat"},{"floor":22,"key":"Necronomicon"},{"floor":23,"key":"Bottled Flame"},{"floor":23,"key":"Shuriken"},{"floor":24,"key":"Question Card"},{"floor":31,"key":"Kunai"},{"floor":31,"key":"Happy Flower"}],"event_choices":[{"cards_removed":["bronze:Strike"],"damage_healed":0,"gold_gain":0,"player_choice":"Card Removal","damage_taken":0,"max_hp_gain":0,"max_hp_loss":0,"event_name":"The Cleric","floor":4,"gold_loss":0}],"is_beta":false,"boss_relics":[{"not_picked":["SacredBark","Astrolabe"],"picked":"Black Star"}],"items_purged_floors":[14],"is_endless":false,"potions_floor_spawned":[9,13,15,16,19,23,27],"killed_by":"IC_MUSHROOM_ARCHETYPE","ascension_level":0}}