{"host":"2se5dq1do2gp0x9k","time":1612067146,"event":{"mods":["AchievementEnabler","BaseMod","Block Reminder","Colored Map","Colored Powertips","Minty Spire (QoL Compilation)","Relic Stats","StSLib","SuperFastMode"],"gold_per_floor":[112,82,102,119,119,151,162,162,162,31,31,59,74,106,106,106,106],"floor_reached":16,"language":"ENG","playtime":489,"items_purged":[],"score":276,"play_id":"f65f714c-ecd6-42f0-8dda-8ca32352db2a","local_time":"20210130202546","is_ascension_mode":true,"campfire_choices":[{"data":"Wallop","floor":8.0,"key":"SMITH"},{"data":"Fasting2","floor":11.0,"key":"SMITH"},{"data":"Worship","floor":15,"key":"SMITH"}],"circlet_count":0,"master_deck":["AscendersBane","Strike_P","Strike_P","Strike_P","Defend_P","Defend_P","Defend_P","Defend_P","Eruption","Vigilance","Weave","ReachHeaven","Wallop+1","FlurryOfBlows","CutThroughFate","CutThroughFate","Fasting2+1","Panacea","ClearTheMind","DeceiveReality","Worship+1"],"relics":["PureWater","NeowsBlessing","HornCleat","GoldenEye","Gambling Chip","CloakClasp"],"acts_visited":["Exordium"],"potions_floor_usage":[14],"damage_taken":[{"damage":0.0,"enemies":"2 Louse","floor":1.0,"turns":1.0},{"damage":0.0,"enemies":"Cultist","floor":3.0,"turns":1.0},{"damage":0.0,"enemies":"Jaw Worm","floor":4.0,"turns":1.0},{"damage":15.0,"enemies":"Lagavulin","floor":6.0,"turns":5.0},{"damage":20.0,"enemies":"Lots of Slimes","floor":7.0,"turns":4.0},{"damage":10.0,"enemies":"3 Sentries","floor":12.0,"turns":4.0},{"damage":0.0,"enemies":"3 Louse","floor":13.0,"turns":4.0},{"damage":0,"enemies":"Gremlin Nob","floor":14,"turns":3},{"damage":19,"enemies":"Slime Boss","floor":16,"turns":4}],"seed_played":"-8688927432828114405","potions_obtained":[{"floor":2.0,"key":"LiquidBronze"},{"floor":2.0,"key":"SneckoOil"},{"floor":3.0,"key":"Block Potion"},{"floor":12.0,"key":"StancePotion"},{"floor":14,"key":"Dexterity Potion"}],"is_trial":false,"path_per_floor":["M","?","M","M","?","E","M","R","T","$","R","E","M","E","R","B"],"character_chosen":"WATCHER","items_purchased":["Fasting2","Panacea"],"campfire_rested":0,"item_purchase_floors":[10,10],"current_hp_per_floor":[61,61,61,61,61,46,26,26,26,26,26,16,16,16,16,0,0],"gold":106,"neow_bonus":"THREE_ENEMY_KILL","is_daily":false,"chose_seed":false,"campfire_upgraded":3,"win_rate":0.0,"timestamp":1612067146,"path_taken":["M","?","?","?","?","E","M","R","T","?","R","E","?","E","R","BOSS"],"items_purchased_type":["Card","Card"],"build_version":"2020-12-22","purchased_purges":0,"victory":false,"max_hp_per_floor":[68,68,68,68,68,68,68,68,68,68,68,68,68,68,68,68,68],"relic_stats":{"counters":[9,27],"Gambling Chip":[10],"CloakClasp":[9],"GoldenEye":[10],"obtain_stats":[{"HornCleat":6,"NeowsBlessing":0,"Gambling Chip":12,"CloakClasp":14,"PureWater":0,"GoldenEye":9},{"HornCleat":4,"NeowsBlessing":0,"Gambling Chip":6,"CloakClasp":8,"PureWater":0,"GoldenEye":5},{"HornCleat":8,"NeowsBlessing":0,"Gambling Chip":16,"CloakClasp":23,"PureWater":0,"GoldenEye":12}]},"card_choices":[{"not_picked":["Prostrate","EmptyMind"],"picked":"Weave","floor":1.0},{"not_picked":["Consecrate","Prostrate"],"picked":"ReachHeaven","floor":3.0},{"not_picked":["FlurryOfBlows","PathToVictory"],"picked":"Wallop","floor":4.0},{"not_picked":["Omniscience","MentalFortress"],"picked":"CutThroughFate","floor":6.0},{"not_picked":["Swivel","BowlingBash"],"picked":"CutThroughFate","floor":7.0},{"not_picked":["FlyingSleeves","ForeignInfluence"],"picked":"ClearTheMind","floor":12.0},{"not_picked":["Worship","InnerPeace"],"picked":"DeceiveReality","floor":13.0},{"not_picked":["Adaptation","WreathOfFlame"],"picked":"Worship","floor":14}],"player_experience":4010308,"relics_obtained":[{"floor":6.0,"key":"HornCleat"},{"floor":9.0,"key":"GoldenEye"},{"floor":12.0,"key":"Gambling Chip"},{"floor":14,"key":"CloakClasp"}],"event_choices":[{"damage_healed":0.0,"max_hp_gain":0.0,"max_hp_loss":0.0,"gold_gain":0.0,"event_name":"The Woman in Blue","player_choice":"Bought 2 Potions","floor":2.0,"gold_loss":0.0,"damage_taken":0.0},{"damage_healed":0.0,"max_hp_gain":0.0,"max_hp_loss":0.0,"gold_gain":0.0,"cards_transformed":["Strike_P"],"event_name":"Living Wall","player_choice":"Change","floor":5.0,"gold_loss":0.0,"damage_taken":0.0,"cards_obtained":["FlurryOfBlows"]}],"is_beta":false,"boss_relics":[],"items_purged_floors":[],"is_endless":false,"potions_floor_spawned":[3,12,14],"killed_by":"Slime Boss","ascension_level":18}}