{"host":"17jxu4722zcujg93","time":1612077323,"event":{"mods":["BaseMod","Colored Map","Downfall","Minty Spire (QoL Compilation)","StSLib"],"gold_per_floor":[99,115,25,36,21,32,32,32,51,201,232,232,39,139,158,255,255,255,255,255,255,268,597,621,621,206,232,259,259,259,259,275,375,375,375,424,444,134,162,181,181,195,195,95,107,126,136,148,148,148,148],"floor_reached":49,"language":"ENG","playtime":5978,"items_purged":["hexamod:Strike","hexamod:Strike","hexamod:SecondSeal","hexamod:NightmareStrike","hexamod:SecondSeal"],"score":505,"play_id":"7e318bd1-770f-463d-8875-0c47c72e8e18","local_time":"20210130231523","is_ascension_mode":false,"campfire_choices":[{"data":"hexamod:Float","floor":1,"key":"SMITH"},{"data":"hexamod:DynamicBlow","floor":8,"key":"SMITH"},{"data":"hexamod:SoulSteal","floor":12,"key":"SMITH"},{"data":"hexamod:HexaLevel","floor":18,"key":"SMITH"},{"floor":25,"key":"REST"},{"floor":30,"key":"REST"},{"data":"hexamod:Hexaguard","floor":35,"key":"SMITH"},{"floor":44,"key":"REST"}],"circlet_count":0,"master_deck":["hexamod:Sear","hexamod:Float+1","hexamod:PhantomFireball","hexamod:DynamicBlow+1","hexamod:Hexaguard+1","hexamod:SpectersWail","hexamod:ThermalTransfer","hexamod:SoulSteal+1","hexamod:ShieldOfDarkness","hexamod:RadiantFlame+1","hexamod:SwordOfDarkness","hexamod:FirstSeal","hexamod:HexaLevel+1","hexamod:RainOfEmbers","hexamod:EmpoweredFlame","hexamod:PhantomFireball","hexamod:HeatMetal+1","hexamod:HauntingEcho","hexamod:HeatMetal+1","hexamod:TimeWarp","hexamod:CatchUp","hexamod:RainOfEmbers","Parasite"],"relics":["hexamod:SpiritBrand","Letter Opener","WingedGreaves","Pandora\u0027s Box","Calipers","Old Coin","Pantograph","Potion Belt","Nloth\u0027s Gift","Busted Crown","Smiling Mask","Chemical X","Lee\u0027s Waffle","downfall:HeartBlessingBlue"],"acts_visited":["Exordium","TheCity","TheBeyond"],"potions_floor_usage":[14,14,16,16,32,33,33,33,33,37,37,48],"damage_taken":[{"damage":0,"enemies":"Cultist","floor":2,"turns":4},{"damage":0,"enemies":"downfall:FleeingMerchant","floor":3,"turns":4},{"damage":0,"enemies":"2 Louse","floor":4,"turns":2},{"damage":0,"enemies":"downfall:FleeingMerchant","floor":5,"turns":4},{"damage":0,"enemies":"Small Slimes","floor":6,"turns":2},{"damage":0,"enemies":"Large Slime","floor":9,"turns":5},{"damage":5,"enemies":"3 Sentries","floor":11,"turns":8},{"damage":10,"enemies":"downfall:FleeingMerchant","floor":13,"turns":4},{"damage":4,"enemies":"downfall:Heads","floor":14,"turns":4},{"damage":0,"enemies":"2 Fungi Beasts","floor":15,"turns":3},{"damage":32,"enemies":"WA_ARCHETYPE_RETAIN","floor":16,"turns":6},{"damage":5,"enemies":"Chosen","floor":22,"turns":4},{"damage":53,"enemies":"Book of Stabbing","floor":23,"turns":7},{"damage":20,"enemies":"downfall:FleeingMerchant","floor":26,"turns":4},{"damage":11,"enemies":"3 Byrds","floor":27,"turns":5},{"damage":16,"enemies":"Snake Plant","floor":32,"turns":4},{"damage":38,"enemies":"IC_MUSHROOM_ARCHETYPE","floor":33,"turns":6},{"damage":16,"enemies":"3 Darklings","floor":37,"turns":6},{"damage":18,"enemies":"downfall:FleeingMerchant","floor":38,"turns":4},{"damage":0,"enemies":"downfall:FleeingMerchant","floor":39,"turns":1},{"damage":19,"enemies":"3 Shapes","floor":40,"turns":3},{"damage":29,"enemies":"Maw","floor":42,"turns":6},{"damage":37,"enemies":"Jaw Worm Horde","floor":45,"turns":4},{"damage":33,"enemies":"Writhing Mass","floor":46,"turns":5},{"damage":27,"enemies":"Maw","floor":47,"turns":7},{"damage":38,"enemies":"4 Shapes","floor":48,"turns":4},{"damage":26,"enemies":"3 Darklings","floor":49,"turns":2}],"seed_played":"8262011673662396889","potions_obtained":[{"floor":2,"key":"Strength Potion"},{"floor":6,"key":"EssenceOfSteel"},{"floor":9,"key":"FearPotion"},{"floor":14,"key":"hexamod:SoulburnPotion"},{"floor":27,"key":"SpeedPotion"},{"floor":32,"key":"EntropicBrew"},{"floor":33,"key":"Fire Potion"},{"floor":40,"key":"bronze:BurnAndBuffPotion"},{"floor":46,"key":"LiquidBronze"},{"floor":47,"key":"Energy Potion"}],"is_trial":false,"path_per_floor":["R","M","$","M","$","M","T","R","M","?","E","R","$","?","M","B",null,"R","?","?","?","M","E","T","R","$","M","T","?","R","?","M","B",null,"R","T","M","?","$","M","T","M","?","R","M","M","M","M","M"],"character_chosen":"THE_SPIRIT","items_purchased":["hexamod:RadiantFlame","Pantograph","hexamod:HauntingEcho","Chemical X","FairyPotion","Lee\u0027s Waffle","hexamod:CatchUp","hexamod:RainOfEmbers"],"campfire_rested":3,"item_purchase_floors":[13,26,26,38,38,39,39,39],"current_hp_per_floor":[77,77,77,77,77,77,77,77,77,77,72,72,62,58,58,33,77,77,77,63,63,65,19,19,43,30,26,26,26,50,50,41,28,82,82,82,73,62,89,70,70,48,48,87,57,31,11,19,0,0,0],"gold":148,"neow_bonus":"TEN_PERCENT_HP_BONUS","is_daily":false,"chose_seed":false,"campfire_upgraded":5,"win_rate":0.0,"timestamp":1612077323,"path_taken":["R","M","?","M","$","M","T","R","M","?","E","R","$","?","M","BOSS","R","?","?","?","M","E","T","R","$","M","?","?","R","?","M","BOSS","R","?","M","?","$","M","T","M","?","R","M","M","?","M","M"],"items_purchased_type":["Card","Relic","Card","Relic","Potion","Relic","Card","Card"],"build_version":"2020-12-22","purchased_purges":5,"victory":false,"max_hp_per_floor":[77,77,77,77,77,77,77,77,77,77,77,77,77,77,77,77,77,77,77,82,82,82,82,82,82,82,82,82,82,82,82,82,82,82,82,82,82,82,89,89,89,89,89,99,99,99,99,99,99,99,99],"card_choices":[{"not_picked":["hexamod:EtherealExpedition","hexamod:Hexaguard"],"picked":"hexamod:PhantomFireball","floor":2},{"not_picked":["hexamod:Firestarter","hexamod:NecessarySacrifice"],"picked":"hexamod:DynamicBlow","floor":3},{"not_picked":["hexamod:StepThrough","hexamod:GhostOfSpirePast"],"picked":"hexamod:Hexaguard","floor":4},{"not_picked":["hexamod:BacktrackSmack","hexamod:SwordOfDarkness","hexamod:StepThrough"],"picked":"SKIP","floor":5},{"not_picked":["hexamod:DynamicBlow","hexamod:ShieldOfDarkness"],"picked":"hexamod:SpectersWail","floor":6},{"not_picked":["hexamod:HeatMetal","hexamod:GhostLash"],"picked":"hexamod:ThermalTransfer","floor":9},{"not_picked":["hexamod:BurningTouch","hexamod:Firestarter"],"picked":"hexamod:SoulSteal","floor":11},{"not_picked":["hexamod:SpectersWail","hexamod:ThermalTransfer"],"picked":"hexamod:ShieldOfDarkness","floor":13},{"not_picked":["hexamod:RadiantFlame","hexamod:InspiringFlames"],"picked":"hexamod:FirstSeal","floor":15},{"not_picked":["hexamod:WildfireWeapon","hexamod:UnleashSpirits"],"picked":"hexamod:HexaLevel","floor":16},{"not_picked":["hexamod:ShieldOfDarkness+1","hexamod:SpectersWail"],"picked":"hexamod:PhantomFireball","floor":22},{"not_picked":["hexamod:BacktrackSmack","hexamod:RetreatToShadows","hexamod:SecondSeal"],"picked":"SKIP","floor":23},{"not_picked":["hexamod:Haunt","hexamod:ThermalTransfer"],"picked":"hexamod:HeatMetal+1","floor":26},{"not_picked":["hexamod:InspiringFlames","hexamod:DynamicBlow+1"],"picked":"hexamod:HeatMetal+1","floor":27},{"not_picked":["hexamod:ChargedBarrage","hexamod:GhostLash","hexamod:UnleashSpirits"],"picked":"SKIP","floor":32},{"not_picked":["hexamod:GhostOfSpirePresent","hexamod:TurnItUp"],"picked":"hexamod:TimeWarp","floor":33},{"not_picked":["hexamod:ThermalTransfer"],"picked":"SKIP","floor":37},{"not_picked":["hexamod:NightmareStrike+1"],"picked":"SKIP","floor":38},{"not_picked":["hexamod:UnleashSpirits"],"picked":"SKIP","floor":39},{"not_picked":["hexamod:NecessarySacrifice"],"picked":"SKIP","floor":40},{"not_picked":["hexamod:Firestarter+1"],"picked":"SKIP","floor":42},{"not_picked":["hexamod:HeatCrush"],"picked":"SKIP","floor":45},{"not_picked":["hexamod:Firestarter+1"],"picked":"SKIP","floor":46},{"not_picked":["hexamod:RetreatToShadows"],"picked":"SKIP","floor":47},{"not_picked":["hexamod:SpectralAdrenaline"],"picked":"SKIP","floor":48}],"player_experience":143234,"relics_obtained":[{"floor":7,"key":"Letter Opener"},{"floor":11,"key":"WingedGreaves"},{"floor":23,"key":"Old Coin"},{"floor":24,"key":"Pen Nib"},{"floor":28,"key":"Potion Belt"},{"floor":36,"key":"Smiling Mask"}],"event_choices":[{"damage_healed":0,"gold_gain":0,"player_choice":"Ignored","damage_taken":0,"max_hp_gain":0,"max_hp_loss":0,"event_name":"Vampires","floor":29,"gold_loss":0}],"is_beta":false,"boss_relics":[{"not_picked":["Runic Pyramid","Black Star"],"picked":"Pandora\u0027s Box"},{"not_picked":["bronze:MakeshiftBattery","Astrolabe"],"picked":"Busted Crown"}],"items_purged_floors":[3,13,26,38,39],"is_endless":false,"potions_floor_spawned":[2,6,9,11,14,27,32,33,40,46,47],"killed_by":"3 Darklings","ascension_level":0}}