{"host":"v0mw6c8s9jqyt2m0","time":1612127609,"event":{"mods":["Astrologer","BaseMod","Hermit","Marisa????????","Minty Spire (QoL Compilation)","StSLib","The Bug Knight","The Cursed","The Disciple","The Gatherer","The Hierophant","The Mystic","The Necromancer","The Servant 0.9.4","TheBandit"],"gold_per_floor":[117,129,143,158,171,171,182,208,234,121,175,208,48,48,48,147,147,158,168,178,190,105,133,133,58,85,85,102,2,2,2],"floor_reached":30,"language":"ENG","playtime":5133,"items_purged":["mysticmod:Defend_Mystic","mysticmod:Defend_Mystic"],"score":262,"play_id":"6c599f69-e235-4ebe-8247-b5012773b08f","local_time":"20210131221329","is_ascension_mode":false,"campfire_choices":[{"data":"mysticmod:Daze","floor":6.0,"key":"SMITH"},{"floor":15.0,"key":"REST"},{"floor":24,"key":"REST"}],"circlet_count":0,"master_deck":["mysticmod:Strike_Mystic","mysticmod:Strike_Mystic","mysticmod:Strike_Mystic","mysticmod:Strike_Mystic","mysticmod:Defend_Mystic","mysticmod:ArcaneDodge","mysticmod:ShockingGrasp","mysticmod:Daze+1","mysticmod:PureInstinct","mysticmod:PowerSlash","mysticmod:PureInstinct","mysticmod:Fly","mysticmod:Stoneskin","mysticmod:KnowledgePool+1","mysticmod:Grapple","mysticmod:BulkUp","mysticmod:Lunge+1","mysticmod:Discipline","mysticmod:TomeOfSpells","mysticmod:CorrosiveTouch","mysticmod:SuddenClarity+1","mysticmod:Spellstrike","mysticmod:EarthenWall+1","mysticmod:StyleChange"],"relics":["mysticmod:SpellBook","Pen Nib","Anchor","mysticmod:DeckOfManyThings","Vajra","Tiny Chest","Omamori"],"acts_visited":["Exordium","TheCity"],"potions_floor_usage":[21,30],"damage_taken":[{"damage":1.0,"enemies":"Small Slimes","floor":1.0,"turns":3.0},{"damage":2.0,"enemies":"Jaw Worm","floor":2.0,"turns":3.0},{"damage":0.0,"enemies":"2 Louse","floor":3.0,"turns":3.0},{"damage":1.0,"enemies":"Looter","floor":4.0,"turns":3.0},{"damage":3.0,"enemies":"2 Fungi Beasts","floor":5.0,"turns":3.0},{"damage":2.0,"enemies":"Large Slime","floor":7.0,"turns":6.0},{"damage":21.0,"enemies":"Lagavulin","floor":8.0,"turns":6.0},{"damage":12.0,"enemies":"3 Sentries","floor":12.0,"turns":9.0},{"damage":2.0,"enemies":"Hexaghost","floor":16.0,"turns":12.0},{"damage":11,"enemies":"3 Byrds","floor":18,"turns":9},{"damage":5,"enemies":"Shell Parasite","floor":19,"turns":6},{"damage":10,"enemies":"Shelled Parasite and Fungi","floor":20,"turns":9},{"damage":25,"enemies":"Snake Plant","floor":21,"turns":7},{"damage":27,"enemies":"Slavers","floor":23,"turns":11},{"damage":15,"enemies":"Centurion and Healer","floor":28,"turns":9},{"damage":6,"enemies":"Colosseum Slavers","floor":30,"turns":4},{"damage":28,"enemies":"Colosseum Nobs","floor":30,"turns":4}],"seed_played":"665159643971460471","potions_obtained":[{"floor":2.0,"key":"Strength Potion"},{"floor":4.0,"key":"Energy Potion"},{"floor":5.0,"key":"FearPotion"},{"floor":8.0,"key":"BlessingOfTheForge"},{"floor":19,"key":"Weak Potion"},{"floor":23,"key":"LiquidBronze"}],"is_trial":false,"path_per_floor":["M","M","M","M","M","R","M","E","T","$","?","E","$","?","R","B",null,"M","M","M","M","?","E","R","?","T","$","M","$","?"],"character_chosen":"MYSTIC_CLASS","items_purchased":["mysticmod:Grapple","mysticmod:Lunge"],"campfire_rested":2,"item_purchase_floors":[10,13],"current_hp_per_floor":[83,81,81,80,77,77,75,54,54,54,54,42,42,25,50,48,84,73,68,58,33,33,6,31,31,31,31,16,16,0,0],"gold":2,"neow_bonus":"TEN_PERCENT_HP_BONUS","is_daily":false,"chose_seed":false,"campfire_upgraded":1,"win_rate":0.0,"timestamp":1612127609,"path_taken":["M","M","M","M","M","R","M","E","T","$","?","E","$","?","R","BOSS","M","M","M","M","?","E","R","?","T","$","M","$","?"],"items_purchased_type":["Card","Card"],"build_version":"2020-12-22","purchased_purges":2,"victory":false,"max_hp_per_floor":[84,84,84,84,84,84,84,84,84,84,84,84,84,84,84,84,84,84,84,84,84,84,84,84,84,84,84,84,84,84,84],"card_choices":[{"not_picked":["mysticmod:MightyMagic","mysticmod:Disengage"],"picked":"mysticmod:Daze","floor":1.0},{"not_picked":["mysticmod:BulkUp","mysticmod:Daze"],"picked":"mysticmod:PureInstinct","floor":2.0},{"not_picked":["mysticmod:MagicWeapon","mysticmod:VorpalThrust"],"picked":"mysticmod:PowerSlash","floor":3.0},{"not_picked":["mysticmod:Dedication","mysticmod:BulkUp"],"picked":"mysticmod:PureInstinct","floor":4.0},{"not_picked":["mysticmod:BulkUp","mysticmod:FloatingDisk"],"picked":"mysticmod:Fly","floor":5.0},{"not_picked":["mysticmod:SpellCombat","mysticmod:Grease"],"picked":"mysticmod:Stoneskin","floor":7.0},{"not_picked":["mysticmod:Snowball","mysticmod:HunkerDown"],"picked":"mysticmod:KnowledgePool","floor":8.0},{"not_picked":["mysticmod:MagicWeapon","mysticmod:CorrosiveTouch"],"picked":"mysticmod:BulkUp","floor":12.0},{"not_picked":["mysticmod:Disintegrate","mysticmod:ObscuringMist"],"picked":"mysticmod:Discipline","floor":16.0},{"not_picked":["mysticmod:PureInstinct","mysticmod:DiviningBlow+1"],"picked":"mysticmod:TomeOfSpells","floor":18},{"not_picked":["mysticmod:ChargedParry","mysticmod:Sideswipe"],"picked":"mysticmod:CorrosiveTouch","floor":19},{"not_picked":["mysticmod:PureInstinct","mysticmod:DiviningBlow"],"picked":"mysticmod:SuddenClarity+1","floor":20},{"not_picked":["mysticmod:Daze","mysticmod:Snowball"],"picked":"mysticmod:Spellstrike","floor":21},{"not_picked":["mysticmod:SuddenClarity","mysticmod:FiveFootStep"],"picked":"mysticmod:EarthenWall+1","floor":23},{"not_picked":["mysticmod:PureInstinct","mysticmod:Sideswipe"],"picked":"mysticmod:StyleChange","floor":28}],"player_experience":148278,"relics_obtained":[{"floor":8.0,"key":"Pen Nib"},{"floor":12.0,"key":"Anchor"},{"floor":23,"key":"Tiny Chest"},{"floor":26,"key":"Omamori"}],"event_choices":[{"damage_healed":0.0,"max_hp_gain":0.0,"max_hp_loss":0.0,"gold_gain":54.0,"event_name":"Golden Wing","player_choice":"Gained Gold","floor":11.0,"gold_loss":0.0,"damage_taken":0.0},{"damage_healed":0.0,"max_hp_gain":0.0,"max_hp_loss":0.0,"gold_gain":0.0,"event_name":"Shining Light","player_choice":"Entered Light","floor":14.0,"gold_loss":0.0,"damage_taken":17.0,"cards_upgraded":["mysticmod:KnowledgePool","mysticmod:Lunge"]},{"damage_healed":0,"gold_gain":0,"player_choice":"Obtained Relic","damage_taken":0,"relics_obtained":["Vajra"],"max_hp_gain":0,"max_hp_loss":0,"event_name":"Addict","floor":22,"gold_loss":85},{"cards_removed":["mysticmod:Defend_Mystic"],"damage_healed":0,"gold_gain":0,"player_choice":"Gave Gold","damage_taken":0,"max_hp_gain":0,"max_hp_loss":0,"event_name":"Beggar","floor":25,"gold_loss":75},{"damage_healed":0,"gold_gain":0,"player_choice":"Fight","damage_taken":0,"max_hp_gain":0,"max_hp_loss":0,"event_name":"Colosseum","floor":30,"gold_loss":0},{"damage_healed":0,"gold_gain":0,"player_choice":"Fought Nobs","damage_taken":0,"max_hp_gain":0,"max_hp_loss":0,"event_name":"Colosseum","floor":30,"gold_loss":0}],"is_beta":false,"boss_relics":[{"not_picked":["SacredBark","Runic Pyramid"],"picked":"mysticmod:DeckOfManyThings"}],"items_purged_floors":[10,29],"is_endless":false,"potions_floor_spawned":[2,4,5,8,19,23],"killed_by":"Colosseum Nobs","ascension_level":0}}