{"host":"hbel9g7s7ibv8po6","time":1612106875,"event":{"mods":["Act Like it!","BaseMod","Duelist Mod","Minty Spire (QoL Compilation)","StSLib"],"gold_per_floor":[141,141,160,171,30,63,138,138,138,138,68,95,105,105,105],"floor_reached":14,"language":"ENG","playtime":609,"items_purged":[],"score":202,"play_id":"83e5a5bc-e47f-40a0-a4d5-0a92b555e0c6","local_time":"20210131232755","is_ascension_mode":true,"campfire_choices":[{"data":"theDuelist:RareDragonMetronome","floor":8,"key":"SMITH"}],"circlet_count":0,"master_deck":["AscendersBane","theDuelist:AttackMetronome","theDuelist:AttackMetronome","theDuelist:AttackMetronome","theDuelist:AttackMetronome","theDuelist:BlockMetronome","theDuelist:BlockMetronome","theDuelist:BlockMetronome","theDuelist:BlockMetronome","theDuelist:Metronome","theDuelist:Metronome","theDuelist:PowerMetronome","theDuelist:SkillMetronome","theDuelist:SkillMetronome","theDuelist:TrapMetronome","theDuelist:UncommonAttackMetronome","theDuelist:OrbMetronome","theDuelist:MachineMonsterMetronome","theDuelist:RareMetronome","theDuelist:RareDragonMetronome+1","theDuelist:ArcaneSpellMetronome"],"relics":["theDuelist:MillenniumPuzzle","theDuelist:CardPoolRelic","theDuelist:CardPoolBasicRelic","theDuelist:BoosterPackPoolRelic","theDuelist:CardPoolAddRelic","theDuelist:CardPoolMinusRelic","theDuelist:CardPoolSaveRelic","theDuelist:CardPoolOptionsRelic","theDuelist:MillenniumRing","Darkstone Periapt","theDuelist:NamelessPowerRelicA","theDuelist:MetronomeRelicD"],"acts_visited":["Exordium"],"potions_floor_usage":[6],"damage_taken":[{"damage":0,"enemies":"Jaw Worm","floor":1,"turns":2},{"damage":0,"enemies":"Cultist","floor":3,"turns":2},{"damage":0,"enemies":"2 Louse","floor":4,"turns":3},{"damage":4,"enemies":"Lagavulin","floor":6,"turns":6},{"damage":40,"enemies":"Gremlin Nob","floor":12,"turns":5},{"damage":0,"enemies":"Large Slime","floor":13,"turns":3},{"damage":28,"enemies":"3 Sentries","floor":14,"turns":4}],"seed_played":"-3875818862285539353","potions_obtained":[{"floor":2,"key":"Block Potion"},{"floor":2,"key":"theDuelist:FreezingPotion"},{"floor":12,"key":"theDuelist:DebuffFuryPotion"}],"is_trial":false,"path_per_floor":["M","?","M","M","$","E","?","R","T","?","?","E","M","E"],"character_chosen":"THE_DUELIST","items_purchased":["theDuelist:RareDragonMetronome"],"campfire_rested":0,"item_purchase_floors":[5],"current_hp_per_floor":[80,80,80,80,80,76,65,65,65,65,65,25,25,0,0],"gold":105,"neow_bonus":"TEN_PERCENT_HP_BONUS","is_daily":false,"chose_seed":false,"campfire_upgraded":1,"win_rate":0.0,"timestamp":1612106875,"path_taken":["M","?","M","M","?","E","?","R","T","?","?","E","M","E"],"items_purchased_type":["Card"],"build_version":"2020-12-22","purchased_purges":0,"victory":false,"max_hp_per_floor":[88,88,88,88,88,88,88,88,88,88,88,88,88,88,88],"card_choices":[{"not_picked":["theDuelist:WyrmMetronome","theDuelist:UncommonMetronome","theDuelist:MaliciousMetronome","theDuelist:BugMetronome"],"picked":"theDuelist:OrbMetronome","floor":1},{"not_picked":["theDuelist:OrbMetronome","theDuelist:DinosaurMetronome","theDuelist:BlockMetronome","theDuelist:ArcaneMetronome"],"picked":"theDuelist:MachineMonsterMetronome","floor":3},{"not_picked":["theDuelist:UndeadMetronome","theDuelist:RockMetronome","theDuelist:CommonSpireMetronome","theDuelist:AttackTrapMetronome"],"picked":"theDuelist:RareMetronome","floor":4},{"not_picked":["theDuelist:ThalassicMetronome","theDuelist:RoseMetronome","theDuelist:OrbMetronome","theDuelist:GhostrickMetronome"],"picked":"theDuelist:ArcaneSpellMetronome","floor":6},{"not_picked":["theDuelist:DestroyerGolem","theDuelist:AttackTheMoon","theDuelist:BigEye","theDuelist:GemElephant","theDuelist:MagicHoleGolem"],"picked":"SKIP","floor":12},{"not_picked":["theDuelist:BigFire","theDuelist:EvilswarmHeliotrope","theDuelist:MillenniumGolem","theDuelist:GaiaMidNightSun","theDuelist:ClearKuriboh"],"picked":"SKIP","floor":13}],"player_experience":181827,"relics_obtained":[{"floor":6,"key":"theDuelist:MillenniumRing"},{"floor":9,"key":"Darkstone Periapt"},{"floor":12,"key":"theDuelist:MetronomeRelicD"}],"event_choices":[{"damage_healed":0,"gold_gain":0,"player_choice":"Got Potions","damage_taken":0,"max_hp_gain":0,"max_hp_loss":0,"event_name":"Lab","floor":2,"gold_loss":0},{"damage_healed":0,"gold_gain":75,"player_choice":"Gather Gold","damage_taken":11,"max_hp_gain":0,"max_hp_loss":0,"event_name":"World of Goop","floor":7,"gold_loss":0},{"damage_healed":0,"gold_gain":0,"player_choice":"Leave","duelist":true,"damage_taken":0,"max_hp_gain":0,"max_hp_loss":0,"event_name":"Tomb of the Nameless","floor":10,"gold_loss":0},{"power_reward":2,"total_magic_score":61,"gold_gain":0,"duelist":true,"damage_taken":0,"relics_obtained":["theDuelist:NamelessPowerRelicA"],"points":6,"max_hp_gain":0,"max_hp_loss":0,"spent_points":{"magic":4,"greed":0,"war":0,"power":2,"hunger":0},"event_name":"Nameless Tomb","floor":11,"gold_loss":70,"cards_obtained":[]}],"is_beta":false,"boss_relics":[],"items_purged_floors":[],"is_endless":false,"potions_floor_spawned":[12,13],"killed_by":"3 Sentries","ascension_level":11}}