{"host":"ynimr9ugvc6f046i","time":1612060335,"event":{"mods":["2.2 Compatiblity","BaseMod","Colored Map","DeckTracker","Highlight Path","Keyboard Shortcuts","Minty Spire (QoL Compilation)","Permanent Neow","Quick Restart","StSLib","SuperFastMode"],"gold_per_floor":[113,113,130,147,163,163,181,181,181,198,198,224,241,267,267,343,343,362,277,287,287,93,93,123,123,149,149,163,163,163,174,174,251,251,264,164,164,39,39,65,84,98,98,110,110,138,88,88,100,100,100,100,100,100,50,83,83],"floor_reached":58,"language":"KOR","playtime":1715,"items_purged":["Strike_G","Strike_G","Strike_G","Defend_G","Defend_G"],"score":2994,"play_id":"e5cc587e-6bd2-4c6f-9910-fc69ba8ef85d","local_time":"20210131113214","is_ascension_mode":true,"campfire_choices":[{"floor":6.0,"key":"REST"},{"data":"Apotheosis","floor":8.0,"key":"SMITH"},{"floor":11.0,"key":"RECALL"},{"data":"Envenom","floor":15.0,"key":"SMITH"},{"floor":23.0,"key":"DIG"},{"floor":25.0,"key":"DIG"},{"floor":27.0,"key":"DIG"},{"floor":32.0,"key":"DIG"},{"floor":48,"key":"DIG"},{"floor":50,"key":"DIG"},{"floor":54,"key":"DIG"}],"circlet_count":0,"master_deck":["AscendersBane","Defend_G","Defend_G","Survivor","Neutralize","Apotheosis+1","Acrobatics","Calculated Gamble","Reflex","Calculated Gamble","Prepared+1","Poisoned Stab","Envenom+1","Deadly Poison+1","Crippling Poison+1","Eviscerate","Leg Sweep+1","Tactician+1","Noxious Fumes","Reflex+1","Blade Dance+1","Eviscerate","Cloak And Dagger+1","Malaise+1","Accuracy"],"relics":["Ring of the Snake","Toxic Egg 2","Bottled Lightning","Paper Crane","Eternal Feather","Shovel","Sozu","Snake Skull","Potion Belt","TungstenRod","Incense Burner","Matryoshka","Singing Bowl","WristBlade","Smiling Mask","Lantern","Bag of Marbles","White Beast Statue","Mercury Hourglass","Anchor","Centennial Puzzle","Bottled Tornado","Mummified Hand","Nunchaku"],"acts_visited":["Exordium","TheCity","TheBeyond","TheEnding"],"potions_floor_usage":[57,57],"damage_taken":[{"damage":0.0,"enemies":"Cultist","floor":1.0,"turns":4.0},{"damage":0.0,"enemies":"Small Slimes","floor":3.0,"turns":5.0},{"damage":7.0,"enemies":"2 Louse","floor":4.0,"turns":3.0},{"damage":9.0,"enemies":"Exordium Thugs","floor":5.0,"turns":8.0},{"damage":3.0,"enemies":"2 Fungi Beasts","floor":7.0,"turns":5.0},{"damage":0.0,"enemies":"3 Louse","floor":10.0,"turns":5.0},{"damage":7.0,"enemies":"Lagavulin","floor":12.0,"turns":6.0},{"damage":0.0,"enemies":"Red Slaver","floor":13.0,"turns":5.0},{"damage":28.0,"enemies":"Gremlin Nob","floor":14.0,"turns":4.0},{"damage":0.0,"enemies":"Hexaghost","floor":16.0,"turns":8.0},{"damage":10.0,"enemies":"Spheric Guardian","floor":18.0,"turns":4.0},{"damage":2.0,"enemies":"Shell Parasite","floor":20.0,"turns":5.0},{"damage":0.0,"enemies":"Book of Stabbing","floor":24.0,"turns":5.0},{"damage":13.0,"enemies":"Centurion and Healer","floor":28.0,"turns":3.0},{"damage":0.0,"enemies":"Chosen and Byrds","floor":31.0,"turns":4.0},{"damage":9.0,"enemies":"Champ","floor":33.0,"turns":6.0},{"damage":0,"enemies":"Orb Walker","floor":35,"turns":2},{"damage":0,"enemies":"Giant Head","floor":40,"turns":5},{"damage":0,"enemies":"3 Shapes","floor":41,"turns":4},{"damage":0,"enemies":"Transient","floor":42,"turns":4},{"damage":1,"enemies":"4 Shapes","floor":44,"turns":3},{"damage":0,"enemies":"Nemesis","floor":46,"turns":1},{"damage":0,"enemies":"Sphere and 2 Shapes","floor":49,"turns":3},{"damage":31,"enemies":"Time Eater","floor":51,"turns":10},{"damage":3,"enemies":"Donu and Deca","floor":52,"turns":6},{"damage":11,"enemies":"Shield and Spear","floor":56,"turns":4},{"damage":61,"enemies":"The Heart","floor":57,"turns":8}],"seed_played":"5537993461058002719","potions_obtained":[{"floor":10.0,"key":"Fire Potion"},{"floor":13.0,"key":"AttackPotion"},{"floor":14.0,"key":"Poison Potion"},{"floor":16.0,"key":"EssenceOfSteel"}],"is_trial":false,"path_per_floor":["M","?","M","M","M","R","M","R","T","M","R","E","M","E","R","B",null,"M","?","M","?","$","R","E","R","T","R","M","?","?","M","R","B",null,"M","$","?","$","T","E","M","M","T","M","M","E","$","R","M","R","B","B",null,"R","$","E","B",null],"character_chosen":"THE_SILENT","items_purchased":["Tactician+1","Noxious Fumes"],"campfire_rested":1,"item_purchase_floors":[22,22],"current_hp_per_floor":[44,44,44,37,28,47,44,44,44,44,44,37,37,9,21,21,55,45,45,43,43,43,55,55,66,66,66,53,53,53,53,66,59,66,68,68,68,68,68,70,70,70,70,71,71,71,71,74,74,74,43,40,66,74,74,65,4],"gold":83,"neow_bonus":"RANDOM_COLORLESS_2","is_daily":false,"chose_seed":false,"campfire_upgraded":2,"win_rate":0.0,"timestamp":1612060334,"path_taken":["M","?","M","M","M","R","M","R","T","?","R","E","M","E","R","BOSS","M","?","M","?","$","R","E","R","T","R","?","?","?","?","R","BOSS","M","$","?","?","?","E","M","M","T","M","M","E","$","R","M","R","BOSS","BOSS","R","$","E","BOSS"],"items_purchased_type":["Card","Card"],"build_version":"2020-12-22","purchased_purges":5,"victory":true,"max_hp_per_floor":[66,66,66,66,66,66,66,66,66,66,66,66,66,66,66,66,66,66,66,66,66,66,66,66,66,66,66,66,66,66,66,66,68,68,70,70,70,70,70,72,72,72,72,74,74,74,74,74,74,74,74,74,74,74,74,76,76],"card_choices":[{"not_picked":["Outmaneuver","Blur"],"picked":"Acrobatics","floor":1.0},{"not_picked":["All Out Attack","Infinite Blades"],"picked":"Calculated Gamble","floor":3.0},{"not_picked":["Sucker Punch","Poisoned Stab"],"picked":"Reflex","floor":4.0},{"not_picked":["Catalyst","Dodge and Roll"],"picked":"Calculated Gamble","floor":5.0},{"not_picked":["Quick Slash","Deflect","Dagger Throw"],"picked":"SKIP","floor":7.0},{"not_picked":["Quick Slash","Deflect","Dagger Throw"],"picked":"SKIP","floor":7.0},{"not_picked":["Flying Knee","Deadly Poison+1"],"picked":"Prepared+1","floor":10.0},{"not_picked":["Outmaneuver+1","Backstab"],"picked":"Poisoned Stab","floor":12.0},{"not_picked":["Dagger Spray","Dodge and Roll+1"],"picked":"Envenom","floor":13.0},{"not_picked":["Burst+1","Concentrate+1"],"picked":"Deadly Poison+1","floor":14.0},{"not_picked":["Deflect+1","Bane"],"picked":"Crippling Poison+1","floor":18.0},{"not_picked":["Eviscerate","Sucker Punch","Backflip+1"],"picked":"SKIP","floor":20.0},{"not_picked":["Sucker Punch","Backflip+1"],"picked":"Eviscerate","floor":20.0},{"not_picked":["Concentrate+1","Deflect+1","Outmaneuver+1"],"picked":"SKIP","floor":24.0},{"not_picked":["Quick Slash","Poisoned Stab","Flying Knee"],"picked":"SKIP","floor":28.0},{"not_picked":["Dodge and Roll+1","Tools of the Trade"],"picked":"Blade Dance+1","floor":31.0},{"not_picked":["Envenom","Grand Finale","Glass Knife"],"picked":"Singing Bowl","floor":33.0},{"not_picked":["Caltrops","Slice","Backflip+1"],"picked":"Singing Bowl","floor":35},{"not_picked":["Slice","Sucker Punch","Underhanded Strike"],"picked":"Singing Bowl","floor":40},{"not_picked":["Dash","Quick Slash"],"picked":"Eviscerate","floor":41},{"not_picked":["Bane","Slice"],"picked":"Cloak And Dagger+1","floor":42},{"not_picked":["Predator","Flying Knee","Caltrops"],"picked":"Singing Bowl","floor":44},{"not_picked":["Backflip+1","Outmaneuver+1"],"picked":"Malaise+1","floor":46},{"not_picked":["Prepared+1","Footwork+1"],"picked":"Accuracy","floor":49},{"not_picked":["Noxious Fumes","Slice+1","Cloak And Dagger+1"],"picked":"Singing Bowl","floor":56}],"player_experience":547225,"relics_obtained":[{"floor":9.0,"key":"Toxic Egg 2"},{"floor":12.0,"key":"Paper Crane"},{"floor":14.0,"key":"Eternal Feather"},{"floor":23.0,"key":"Potion Belt"},{"floor":24.0,"key":"TungstenRod"},{"floor":25.0,"key":"Incense Burner"},{"floor":27.0,"key":"Matryoshka"},{"floor":32.0,"key":"Singing Bowl"},{"floor":39,"key":"Smiling Mask"},{"floor":39,"key":"Lantern"},{"floor":40,"key":"Bag of Marbles"},{"floor":43,"key":"White Beast Statue"},{"floor":43,"key":"Mercury Hourglass"},{"floor":46,"key":"Anchor"},{"floor":48,"key":"Centennial Puzzle"},{"floor":50,"key":"Bottled Tornado"},{"floor":54,"key":"Mummified Hand"},{"floor":56,"key":"Nunchaku"}],"event_choices":[{"cards_removed":["Defend_G"],"damage_healed":0.0,"max_hp_gain":0.0,"max_hp_loss":0.0,"gold_gain":0.0,"event_name":"Purifier","player_choice":"Purged","floor":2.0,"gold_loss":0.0,"damage_taken":0.0},{"damage_healed":0.0,"max_hp_gain":0.0,"max_hp_loss":0.0,"gold_gain":0.0,"event_name":"Addict","player_choice":"Obtained Relic","floor":19.0,"gold_loss":85.0,"damage_taken":0.0,"relics_obtained":["Snake Skull"]},{"damage_healed":0.0,"max_hp_gain":0.0,"max_hp_loss":0.0,"gold_gain":0.0,"cards_transformed":["Strike_G"],"event_name":"Transmorgrifier","player_choice":"Transformed","floor":21.0,"gold_loss":0.0,"damage_taken":0.0,"cards_obtained":["Leg Sweep"]},{"damage_healed":0.0,"max_hp_gain":0.0,"max_hp_loss":0.0,"gold_gain":0.0,"event_name":"Vampires","player_choice":"Ignored","floor":29.0,"gold_loss":0.0,"damage_taken":0.0},{"damage_healed":0.0,"max_hp_gain":0.0,"max_hp_loss":0.0,"gold_gain":0.0,"event_name":"Duplicator","player_choice":"Copied","floor":30.0,"gold_loss":0.0,"damage_taken":0.0,"cards_obtained":["Reflex"]},{"cards_removed":["Strike_G"],"damage_healed":0,"gold_gain":0,"player_choice":"Removed Attack","damage_taken":0,"max_hp_gain":0,"max_hp_loss":0,"event_name":"Falling","floor":37,"gold_loss":0}],"is_beta":false,"boss_relics":[{"not_picked":["SlaversCollar","Calling Bell"],"picked":"Sozu"},{"not_picked":["Philosopher\u0027s Stone","Busted Crown"],"picked":"WristBlade"}],"items_purged_floors":[22,36,38,47,55],"is_endless":false,"potions_floor_spawned":[10,13,14,16,18,31,33,35,44,46,49,56],"ascension_level":20}}