{"host":"gndxudri6ebovps6","time":1612115887,"event":{"mods":["AchievementEnabler","Act Like it!","Aspiration","BaseMod","Better Altar","Better Match","Better Note","Better Sensory Stone","Better Skull","Better Vampires","BetterRewards","Block Reminder","Conspire","GifTheSpireLib","Hubris","Infinite Spire","Marked Mod","Minty Spire (QoL Compilation)","Pale of the Ancients","Quick Restart","Replay The Spire","Shop Mod","Spicy Shops","Spikes Relics","StSLib","Stuff the Spire","The Cursed","The Disciple","The Judge","The Mystic","The Necromancer","everything is the same but u backflip on backflip"],"gold_per_floor":[114,34,50,50,50,88,104,36,36,36,47,47,47,60,60,182,182,192,31,42,42,42,42,50,36,36,36,166,184,184,197,197,306,306,324,19,35,53,85,126,126,126,149,149,149,174,219,283,283,321,384,454,475,132,132,178,178,30,30,92],"floor_reached":61,"language":"ENG","playtime":1809,"items_purged":["Pride","Normality"],"score":2309,"play_id":"63f623c1-a11b-431e-85e0-f423d70cd91d","local_time":"20210131155807","is_ascension_mode":true,"campfire_choices":[{"floor":10.0,"key":"REST"},{"data":"StuffTheSpire:Ambrosia","floor":12.0,"key":"SMITH"},{"data":"Absolvement","floor":15.0,"key":"SMITH"},{"data":"infinitespire:SevenWalls","floor":23.0,"key":"SMITH"},{"data":"Rampage","floor":32.0,"key":"SMITH"},{"data":"Absolvement","floor":42,"key":"SMITH"},{"data":"Corruption","floor":49,"key":"SMITH"},{"data":"Invigoration","floor":55,"key":"SMITH"},{"data":"StuffTheSpire:Incineration","floor":57,"key":"SMITH"}],"circlet_count":0,"master_deck":["Strike_R","Strike_R","Strike_R","Strike_R","Strike_R","Defend_R","Defend_R","Defend_R","Defend_R","Bash","Flash of Steel","Invigoration+1","Sword Boomerang","Shrug It Off","StuffTheSpire:Ambrosia+1","Feel No Pain","Spot Weakness","Absolvement+1","Fire Breathing","StuffTheSpire:Incineration+1","Corruption+1","Absolvement+1","Pommel Strike","infinitespire:SevenWalls+1","Rampage+1","ReplayTheSpireMod:Muscle Training+1","Pommel Strike+1","Inflame","Hemogenesis","BarbarianYell+1","Sentinel+1","Replay:Undeath\u0027s Touch+1","Sword Boomerang+1","StuffTheSpire:BrainWave","infinitespire:SevenWalls+1","Replay:Undeath\u0027s Touch+1","Sword Boomerang+1","Sword Boomerang","Life Link+1","Bludgeon","StuffTheSpire:Brawn","ReplayTheSpireMod:Limb From Limb","BarbarianYell+1"],"relics":["Burning Blood","infinitespire:ShieldingShard","Akabeko","FossilizedHelix","Vajra","StuffTheSpire:Saxophone","hubris:TenFootPole","infinitespire:Midas Blood","Charon\u0027s Ashes","hubris:ToyBattleship","MealTicket","infinitespire:Bottled Soul","aspiration:PoetsPen_weak","Replay:Wax Seal","hubris:Icosahedron","Bronze Scales","Enchiridion","StuffTheSpire:Rhapsscallions","aspiration:HummingbirdHeart","StuffTheSpire:HeavyRock","HailfireSword","StuffTheSpire:DullRazor","Red Skull","Replay:Bandana","Bottled Lightning","aspiration:ChemicalBlood","paleoftheancients:Timepiece","Mercury Hourglass","Spirit Poop","paleoftheancients:SoulOfTheWokeBloke","paleoftheancients:BlurryLens","LugNut","Brimstone","Sling"],"acts_visited":["Exordium","TheCity","TheBeyond","paleoftheancients:PaleOfTheAncients"],"potions_floor_usage":[52,60,60],"damage_taken":[{"damage":0.0,"enemies":"Jaw Worm","floor":1.0,"turns":2.0},{"damage":0.0,"enemies":"conspire:RoseBush","floor":3.0,"turns":1.0},{"damage":30.0,"enemies":"Replay:BlueRogue","floor":6.0,"turns":7.0},{"damage":0.0,"enemies":"Cultist","floor":7.0,"turns":3.0},{"damage":0.0,"enemies":"Exordium Thugs","floor":11.0,"turns":3.0},{"damage":3.0,"enemies":"Large Slime","floor":14.0,"turns":4.0},{"damage":55.0,"enemies":"Hexaghost","floor":16.0,"turns":11.0},{"damage":0.0,"enemies":"Spheric Guardian","floor":18.0,"turns":2.0},{"damage":0.0,"enemies":"2 Thieves","floor":20.0,"turns":3.0},{"damage":15.0,"enemies":"Book of Stabbing","floor":25.0,"turns":4.0},{"damage":12.0,"enemies":"Gremlin Leader","floor":28.0,"turns":4.0},{"damage":5.0,"enemies":"Shelled Parasite and Fungi","floor":29.0,"turns":3.0},{"damage":0.0,"enemies":"Cultist and Chosen","floor":31.0,"turns":2.0},{"damage":14.0,"enemies":"hubris:MusketHawk","floor":33.0,"turns":5.0},{"damage":0,"enemies":"3 Shapes","floor":35,"turns":2},{"damage":0,"enemies":"3 Darklings","floor":37,"turns":3},{"damage":0,"enemies":"Spire Growth","floor":38,"turns":4},{"damage":12,"enemies":"Jaw Worm Horde","floor":39,"turns":3},{"damage":3,"enemies":"Reptomancer","floor":40,"turns":4},{"damage":0,"enemies":"4 Shapes","floor":46,"turns":2},{"damage":0,"enemies":"3 Darklings","floor":47,"turns":2},{"damage":0,"enemies":"Transient","floor":48,"turns":5},{"damage":8,"enemies":"Donu and Deca","floor":50,"turns":4},{"damage":0,"enemies":"Donu and Deca","floor":51,"turns":6},{"damage":36,"enemies":"Donu and Deca","floor":52,"turns":6},{"damage":0,"enemies":"paleoftheancients:BASlime1","floor":53,"turns":1},{"damage":0,"enemies":"paleoftheancients:BASlime1","floor":56,"turns":4},{"damage":29,"enemies":"paleoftheancients:N","floor":60,"turns":6}],"seed_played":"-8671847352711778171","potions_obtained":[{"floor":1.0,"key":"FearPotion"},{"floor":6.0,"key":"Weak Potion"},{"floor":14.0,"key":"DuplicationPotion"},{"floor":16.0,"key":"Dexterity Potion"},{"floor":18.0,"key":"Venom Potion"},{"floor":33.0,"key":"Reflective Coating"},{"floor":52,"key":"SkillPotion"},{"floor":56,"key":"Energy Potion"}],"is_trial":false,"path_per_floor":["M","$","M","?","?","E","M","$","T","R","M","R","?","M","R","B",null,"M","$","M","?","AVR","R","?","E","T","T","E","M","?","M","R","B",null,"M","$","M","M","M","E","T","R","T","?","?","M","M","M","R","B","M","M","M","$","R","M","R","$","?","B",null],"character_chosen":"IRONCLAD","items_purchased":["infinitespire:ShieldingShard","Akabeko","FossilizedHelix","Vajra","StuffTheSpire:Saxophone","hubris:TenFootPole","infinitespire:Midas Blood","Flash of Steel","Invigoration","Charon\u0027s Ashes","Absolvement","Replay:Wax Seal","Absolvement","StuffTheSpire:DullRazor","Red Skull","LugNut","Brimstone","ReplayTheSpireMod:Limb From Limb","Sling"],"campfire_rested":1,"item_purchase_floors":[0,0,0,0,0,0,0,0,0,2,8,19,19,36,36,54,54,54,58],"current_hp_per_floor":[30,30,36,36,36,13,20,35,35,59,66,66,83,85,85,38,75,83,89,91,91,91,91,84,79,79,79,75,78,78,101,101,95,101,105,105,107,109,105,110,110,110,110,102,102,104,106,108,108,110,112,102,113,116,116,118,118,118,118,111],"gold":92,"neow_bonus":"","is_daily":false,"chose_seed":false,"campfire_upgraded":8,"win_rate":0.0,"timestamp":1612115887,"path_taken":["M","$","M","?","?","E","?","?","T","R","?","R","?","M","R","BOSS","M","$","?","?","AVR","R","?","E","T","?","E","M","?","?","R","BOSS","M","$","M","M","M","E","?","R","T","?","?","M","M","M","R","BOSS","M","M","?","$","R","M","R","$","?","BOSS"],"items_purchased_type":["Relic","Relic","Relic","Relic","Relic","Relic","Relic","Card","Card","Relic","Card","Relic","Card","Relic","Relic","Relic","Relic","Card","Relic"],"build_version":"2020-12-22","purchased_purges":2,"victory":true,"max_hp_per_floor":[80,80,80,80,80,81,82,82,82,82,83,83,83,85,85,87,87,89,89,91,91,91,91,91,95,95,95,97,99,99,101,101,103,103,105,105,107,109,111,113,113,113,113,102,102,104,106,108,108,110,112,114,116,116,116,118,118,118,118,120],"card_choices":[{"not_picked":["Armaments","Pommel Strike"],"picked":"Sword Boomerang","floor":1.0},{"not_picked":["True Grit","Headbutt"],"picked":"Shrug It Off","floor":3.0},{"not_picked":["ReplayTheSpireMod:Stacked","Combust"],"picked":"Feel No Pain","floor":6.0},{"not_picked":["Twin Strike","Warcry"],"picked":"Spot Weakness","floor":7.0},{"not_picked":["Cleave","Warcry"],"picked":"Fire Breathing","floor":11.0},{"not_picked":["Wild Strike","Thunderclap"],"picked":"StuffTheSpire:Incineration","floor":14.0},{"not_picked":["Bludgeon","conspire:Purge"],"picked":"Corruption","floor":16.0},{"not_picked":["Perfected Strike","Fire Breathing"],"picked":"StuffTheSpire:BloodClot","floor":18.0},{"not_picked":["Seeing Red+1","Armaments"],"picked":"Pommel Strike","floor":20.0},{"not_picked":["Life Link+1","Brutality"],"picked":"Rampage","floor":25.0},{"not_picked":["Perfected Strike","Thunderclap"],"picked":"ReplayTheSpireMod:Muscle Training+1","floor":28.0},{"not_picked":["Run Through","StuffTheSpire:Pyroclast+1"],"picked":"Pommel Strike+1","floor":29.0},{"not_picked":["Warcry","Cleave+1"],"picked":"Inflame","floor":31.0},{"not_picked":["Double Tap","conspire:HitWhereItHurts"],"picked":"Hemogenesis","floor":33.0},{"not_picked":["Blood for Blood+1","Shrug It Off+1"],"picked":"BarbarianYell+1","floor":35},{"not_picked":["Clash","Seeing Red"],"picked":"Sentinel+1","floor":37},{"not_picked":["Thunderclap+1","Battle Trance"],"picked":"Replay:Undeath\u0027s Touch+1","floor":38},{"not_picked":["Uppercut+1","Perfected Strike+1"],"picked":"Sword Boomerang+1","floor":39},{"not_picked":["Flex","Armaments","Thunderclap"],"picked":"SKIP","floor":40},{"not_picked":["Wild Strike","Shrug It Off"],"picked":"Replay:Undeath\u0027s Touch+1","floor":46},{"not_picked":["StuffTheSpire:TitanForm","Shrug It Off"],"picked":"Sword Boomerang+1","floor":47},{"not_picked":["Reaper","StuffTheSpire:RockThrow+1","Pommel Strike"],"picked":"SKIP","floor":48},{"not_picked":["Pommel Strike+1","Combust"],"picked":"Sword Boomerang","floor":51},{"not_picked":["Warcry","Clothesline"],"picked":"Life Link+1","floor":52},{"not_picked":["Warcry+1","Bloodletting"],"picked":"Bludgeon","floor":53},{"not_picked":["Body Slam","Thunderclap+1"],"picked":"BarbarianYell+1","floor":56}],"player_experience":519418,"relics_obtained":[{"floor":6.0,"key":"MealTicket"},{"floor":9.0,"key":"infinitespire:Bottled Soul"},{"floor":24.0,"key":"Enchiridion"},{"floor":25.0,"key":"StuffTheSpire:Rhapsscallions"},{"floor":26.0,"key":"aspiration:HummingbirdHeart"},{"floor":27.0,"key":"StuffTheSpire:HeavyRock"},{"floor":40,"key":"Replay:Bandana"},{"floor":41,"key":"Bottled Lightning"},{"floor":43,"key":"aspiration:ChemicalBlood"},{"floor":52,"key":"paleoftheancients:SoulOfTheWokeBloke"},{"floor":53,"key":"paleoftheancients:BlurryLens"},{"floor":56,"key":"paleoftheancients:SoulOfTheHexaghost"}],"event_choices":[{"damage_healed":0.0,"max_hp_gain":0.0,"max_hp_loss":0.0,"gold_gain":0.0,"event_name":"Big Fish","player_choice":"Box","floor":4.0,"gold_loss":0.0,"damage_taken":0.0,"relics_obtained":["hubris:ToyBattleship"],"cards_obtained":["Regret"]},{"cards_removed":["Regret"],"damage_healed":0.0,"max_hp_gain":0.0,"max_hp_loss":0.0,"gold_gain":0.0,"event_name":"Fountain of Cleansing","player_choice":"Removed Curses","floor":5.0,"gold_loss":0.0,"damage_taken":0.0},{"damage_healed":17.0,"max_hp_gain":0.0,"max_hp_loss":0.0,"gold_gain":0.0,"event_name":"Wheel of Change","player_choice":"Full Heal","floor":13.0,"gold_loss":0.0,"damage_taken":0.0},{"damage_healed":0.0,"max_hp_gain":0.0,"max_hp_loss":0.0,"gold_gain":0.0,"event_name":"Cursed Tome","player_choice":"Obtained Book","floor":24.0,"gold_loss":0.0,"damage_taken":16.0},{"damage_healed":0.0,"max_hp_gain":0.0,"max_hp_loss":0.0,"gold_gain":0.0,"event_name":"Ghosts","player_choice":"Ignored","floor":30.0,"gold_loss":0.0,"damage_taken":0.0},{"damage_healed":0,"gold_gain":0,"player_choice":"Copied","damage_taken":0,"max_hp_gain":0,"max_hp_loss":0,"event_name":"Duplicator","floor":45,"gold_loss":0,"cards_obtained":["infinitespire:SevenWalls"]}],"is_beta":false,"boss_relics":[{"not_picked":["Busted Crown","aspiration:SecretTechniqueScroll"],"picked":"aspiration:PoetsPen_weak"},{"not_picked":["Fusion Hammer","StuffTheSpire:ModemDavis"],"picked":"HailfireSword"}],"items_purged_floors":[0,54],"is_endless":false,"potions_floor_spawned":[1,6,14,16,18,28,33,37,39,48,53,56],"ascension_level":9}}