{"host":"j3fn6w4q23qs99ik","time":1612084577,"event":{"mods":["Act Like it!","BaseMod","Challenge The Spire","Hallownest","Minty Spire (QoL Compilation)","Quick Restart","StSLib"],"gold_per_floor":[118,118,118,131,131,163,163,183,183,183,183,183,215,227,227,330,330,348,359,359,374,394,425,442,470,470,503,58,71,106,125,125,222,222,242,157,157,176,76,76,101,101,101,111,143,143,170,170,170,170,170,170,94,121,121],"floor_reached":56,"language":"ZHS","playtime":2295,"items_purged":["Strike_P","Defend_P"],"score":1831,"play_id":"34c15429-b81d-46be-b0aa-52f27eb27433","local_time":"20210131171617","is_ascension_mode":true,"campfire_choices":[{"data":"Eruption","floor":7.0,"key":"SMITH"},{"data":"1","floor":10.0,"key":"LIFT"},{"data":"2","floor":12.0,"key":"LIFT"},{"data":"3","floor":15.0,"key":"LIFT"},{"floor":32.0,"key":"REST"},{"floor":40.0,"key":"RECALL"},{"data":"Omniscience","floor":42.0,"key":"SMITH"},{"data":"MentalFortress","floor":49.0,"key":"SMITH"},{"data":"Devotion","floor":52.0,"key":"SMITH"}],"circlet_count":1,"master_deck":["Defend_P","Defend_P","Defend_P+1","Eruption+1","Vigilance+1","Prostrate+1","CrushJoints+1","BowlingBash+1","Ragnarok+1","Weave+1","CarveReality+1","Vault+1","FearNoEvil+1","Adaptation+1","LessonLearned+1","MentalFortress+1","Omniscience+1","Tantrum+1","Devotion+1","ThirdEye+1","Burn","Burn","Doubt","TalkToTheHand+1","Adaptation"],"relics":["PureWater","NeowsBlessing","Hallownest:DreamNailRelic","Girya","Molten Egg 2","Circlet","Blood Vial","Astrolabe","Dream Catcher","Nunchaku","White Beast Statue","Medical Kit","MealTicket","Cursed Key","Hallownest:SoulVesselRelic","Centennial Puzzle","Du-Vu Doll","Ancient Tea Set","Hallownest:HeavyBlowRelic","CaptainsWheel","Hallownest:KingsIdolRelic","Bottled Lightning"],"acts_visited":["Exordium","Hallownest:Greenpath","Hallownest:CityofTears","TheEnding"],"potions_floor_usage":[],"damage_taken":[{"damage":0.0,"enemies":"Hallownest:2_Baldur","floor":1.0,"turns":1.0},{"damage":0.0,"enemies":"Hallownest:monsterHuskWarrior","floor":4.0,"turns":1.0},{"damage":0.0,"enemies":"Hallownest:eliteVengeflyKing","floor":6.0,"turns":1.0},{"damage":0.0,"enemies":"Hallownest:monsterHuskGuard","floor":8.0,"turns":3.0},{"damage":24.0,"enemies":"Hallownest:eliteCrystalGuardian","floor":13.0,"turns":6.0},{"damage":0.0,"enemies":"Hallownest:Wandering_and_Horned","floor":14.0,"turns":4.0},{"damage":35.0,"enemies":"Hallownest:BossBrokenVessel","floor":16.0,"turns":6.0},{"damage":0.0,"enemies":"Hallownest:3_Youths","floor":18.0,"turns":5.0},{"damage":0.0,"enemies":"Hallownest:Flukemon_and_Top","floor":19.0,"turns":2.0},{"damage":22.0,"enemies":"Hallownest:Flukemon_and_Top","floor":20.0,"turns":4.0},{"damage":4.0,"enemies":"Hallownest:monsterShrumalOgre","floor":21.0,"turns":3.0},{"damage":0.0,"enemies":"Hallownest:2_Husk_Sentries","floor":22.0,"turns":4.0},{"damage":0.0,"enemies":"Hallownest:eliteWatcherKnight","floor":23.0,"turns":7.0},{"damage":0.0,"enemies":"Hallownest:monsterMisterMushroom","floor":24.0,"turns":3.0},{"damage":0.0,"enemies":"Hallownest:eliteSoulWarrior","floor":25.0,"turns":2.0},{"damage":9.0,"enemies":"Hallownest:Nosk","floor":27.0,"turns":5.0},{"damage":12.0,"enemies":"Hallownest:Warrior_and_Youth","floor":29.0,"turns":3.0},{"damage":23.0,"enemies":"Hallownest:eliteSoulWarrior","floor":30.0,"turns":4.0},{"damage":5.0,"enemies":"Hallownest:Master_and_Novice","floor":31.0,"turns":3.0},{"damage":25.0,"enemies":"Hallownest:BossGrimm","floor":33.0,"turns":6.0},{"damage":0.0,"enemies":"Hallownest:Shield_Heavy","floor":35.0,"turns":2.0},{"damage":0.0,"enemies":"Hallownest:2_Littles","floor":38.0,"turns":1.0},{"damage":0.0,"enemies":"Hallownest:StalkingDevout","floor":41.0,"turns":3.0},{"damage":15.0,"enemies":"Hallownest:monsterPrimalAspid","floor":44.0,"turns":3.0},{"damage":0.0,"enemies":"Hallownest:eliteHiveKnight","floor":45.0,"turns":2.0},{"damage":0.0,"enemies":"Hallownest:StalkingDevout","floor":47.0,"turns":3.0},{"damage":9.0,"enemies":"Hallownest:BossGreyPrinceZote","floor":50.0,"turns":5.0},{"damage":29.0,"enemies":"Shield and Spear","floor":54.0,"turns":4.0},{"damage":139,"enemies":"The Heart","floor":55,"turns":8}],"seed_played":"-8108590795778540398","potions_obtained":[{"floor":1.0,"key":"DuplicationPotion"},{"floor":8.0,"key":"PowerPotion"},{"floor":13.0,"key":"FairyPotion"},{"floor":16.0,"key":"FairyPotion"},{"floor":38.0,"key":"SmokeBomb"},{"floor":41.0,"key":"GamblersBrew"}],"is_trial":false,"path_per_floor":["M","?","?","M","?","E","R","M","T","R","?","R","E","M","R","B",null,"M","M","?","M","M","E","M","E","T","E","$","M","E","M","R","B",null,"M","?","?","M","$","R","E","R","T","M","E","?","E","?","R","B",null,"R","$","E","B",null],"character_chosen":"WATCHER","items_purchased":["Adaptation","LessonLearned+1","Medical Kit","Adaptation"],"campfire_rested":1,"item_purchase_floors":[28,28,28,53],"current_hp_per_floor":[65,65,65,65,65,65,65,65,65,65,65,65,41,43,43,10,57,59,61,41,39,41,43,45,47,47,40,40,30,9,6,27,4,55,57,57,57,59,72,72,72,72,72,57,59,59,61,61,61,54,68,68,72,43,21],"gold":121,"neow_bonus":"THREE_ENEMY_KILL","is_daily":false,"chose_seed":false,"campfire_upgraded":4,"win_rate":0.0,"timestamp":1612084577,"path_taken":["M","?","?","M","?","E","R","M","T","R","?","R","E","M","R","BOSS","M","?","?","M","?","E","M","E","T","E","$","M","E","M","R","BOSS","M","?","?","?","$","R","E","R","T","M","E","?","E","?","R","BOSS","R","$","E","BOSS"],"items_purchased_type":["Card","Card","Relic","Card"],"build_version":"2020-12-22","purchased_purges":2,"victory":true,"max_hp_per_floor":[72,72,72,72,72,72,72,72,72,72,72,72,72,72,72,72,72,72,72,72,72,72,72,72,72,72,72,72,72,72,72,72,72,72,72,72,72,72,72,72,72,72,72,72,72,72,72,72,72,72,72,72,72,72,72],"card_choices":[{"not_picked":["Vengeance","Weave","Nirvana"],"picked":"SKIP","floor":1.0},{"not_picked":["Consecrate","Halt"],"picked":"Prostrate","floor":4.0},{"not_picked":["JustLucky","Wallop"],"picked":"CrushJoints","floor":6.0},{"not_picked":["Nirvana","DeceiveReality","MentalFortress"],"picked":"SKIP","floor":8.0},{"not_picked":["ForeignInfluence","FlyingSleeves+1"],"picked":"BowlingBash+1","floor":13.0},{"not_picked":["WaveOfTheHand","ClearTheMind","Protect"],"picked":"SKIP","floor":14.0},{"not_picked":["Establishment","Blasphemy"],"picked":"Ragnarok+1","floor":16.0},{"not_picked":["BowlingBash+1","ThirdEye+1","WheelKick+1"],"picked":"SKIP","floor":18.0},{"not_picked":["Perseverance","Halt+1","FollowUp+1"],"picked":"SKIP","floor":19.0},{"not_picked":["CarveReality+1","FlyingSleeves+1","ReachHeaven+1"],"picked":"SKIP","floor":21.0},{"not_picked":["CutThroughFate+1","ClearTheMind"],"picked":"FearNoEvil+1","floor":22.0},{"not_picked":["EmptyFist+1","EmptyBody+1","ForeignInfluence"],"picked":"SKIP","floor":23.0},{"not_picked":["ThirdEye+1","Crescendo+1","FlyingSleeves+1"],"picked":"SKIP","floor":24.0},{"not_picked":["ClearTheMind","CutThroughFate+1","Halt"],"picked":"SKIP","floor":25.0},{"not_picked":["Crescendo+1","Pray+1","Prostrate"],"picked":"SKIP","floor":27.0},{"not_picked":["FlurryOfBlows+1","FlyingSleeves+1"],"picked":"MentalFortress","floor":29.0},{"not_picked":["PathToVictory","Pray"],"picked":"Omniscience","floor":30.0},{"not_picked":["FearNoEvil+1","SashWhip+1","Evaluate"],"picked":"SKIP","floor":31.0},{"not_picked":["SashWhip+1","DeceiveReality+1"],"picked":"Tantrum+1","floor":32.0},{"not_picked":["Brilliance+1","LessonLearned+1"],"picked":"Devotion","floor":33.0},{"not_picked":["FlyingSleeves+1","SashWhip+1"],"picked":"ThirdEye+1","floor":35.0},{"not_picked":["JustLucky+1","FlyingSleeves+1","DeceiveReality+1"],"picked":"SKIP","floor":38.0},{"not_picked":["Crescendo+1","EmptyBody+1","SashWhip+1"],"picked":"SKIP","floor":41.0},{"not_picked":["Worship","ThirdEye+1"],"picked":"TalkToTheHand+1","floor":44.0},{"not_picked":["JustLucky+1","Vengeance+1","Study+1"],"picked":"SKIP","floor":45.0},{"not_picked":["LikeWater","LessonLearned+1","SignatureMove+1"],"picked":"SKIP","floor":47.0},{"not_picked":["Study","FollowUp+1","Pray"],"picked":"SKIP","floor":54.0}],"player_experience":92453,"relics_obtained":[{"floor":6.0,"key":"Girya"},{"floor":9.0,"key":"Molten Egg 2"},{"floor":13.0,"key":"Blood Vial"},{"floor":23.0,"key":"Dream Catcher"},{"floor":25.0,"key":"Nunchaku"},{"floor":27.0,"key":"White Beast Statue"},{"floor":30.0,"key":"MealTicket"},{"floor":41.0,"key":"Centennial Puzzle"},{"floor":43.0,"key":"Du-Vu Doll"},{"floor":45.0,"key":"Ancient Tea Set"},{"floor":47.0,"key":"CaptainsWheel"},{"floor":54.0,"key":"Bottled Lightning"}],"event_choices":[],"is_beta":false,"boss_relics":[{"not_picked":["Tiny House","SacredBark"],"picked":"Astrolabe"},{"not_picked":["HolyWater","Coffee Dripper"],"picked":"Cursed Key"}],"items_purged_floors":[28,39],"is_endless":false,"potions_floor_spawned":[1,8,13,16,20,22,23,25,29,30,31,33,35,38,41,44,45,47,54],"ascension_level":8}}