{"host":"2se5dq1do2gp0x9k","time":1612055826,"event":{"mods":["AchievementEnabler","BaseMod","Block Reminder","Colored Map","Colored Powertips","Minty Spire (QoL Compilation)","Relic Stats","StSLib","SuperFastMode"],"gold_per_floor":[112,122,122,136,151,186,204,204,204,15,42,42,60,77,77,151,201,218,229,31,46,46,46,46],"floor_reached":23,"language":"ENG","playtime":857,"items_purged":["Defend_B"],"score":435,"play_id":"6ad7e1f8-b683-4667-8eb0-a01a2fee9956","local_time":"20210130171706","is_ascension_mode":true,"campfire_choices":[{"floor":8,"key":"REST"},{"floor":12,"key":"REST"},{"data":"Hyperbeam","floor":15,"key":"SMITH"}],"circlet_count":0,"master_deck":["AscendersBane","Strike_B","Strike_B","Strike_B","Defend_B","Defend_B","Zap+1","Dualcast","Sweeping Beam","Hello World","Beam Cell","Reinforced Body+1","Fission+1","Gash","Apotheosis+1","Fusion+1","Hyperbeam+1","Steam+1","Conserve Battery+1","Sunder","Recycle+1","Skim+1"],"relics":["Empty Cage","Toxic Egg 2","Mango","FossilizedHelix","Tiny House","Membership Card"],"acts_visited":["Exordium","TheCity"],"potions_floor_usage":[6,11,16,19,23],"damage_taken":[{"damage":6,"enemies":"Small Slimes","floor":1,"turns":4},{"damage":2,"enemies":"Cultist","floor":2,"turns":4},{"damage":3,"enemies":"2 Louse","floor":4,"turns":4},{"damage":1,"enemies":"2 Fungi Beasts","floor":5,"turns":3},{"damage":48,"enemies":"Lagavulin","floor":6,"turns":9},{"damage":12,"enemies":"Exordium Wildlife","floor":7,"turns":4},{"damage":14,"enemies":"Gremlin Nob","floor":11,"turns":4},{"damage":0,"enemies":"Blue Slaver","floor":13,"turns":4},{"damage":0,"enemies":"Looter","floor":14,"turns":4},{"damage":22,"enemies":"The Guardian","floor":16,"turns":13},{"damage":11,"enemies":"Chosen","floor":18,"turns":6},{"damage":0,"enemies":"Spheric Guardian","floor":19,"turns":3},{"damage":32,"enemies":"Snake Plant","floor":21,"turns":6},{"damage":37,"enemies":"Book of Stabbing","floor":23,"turns":4}],"seed_played":"1600372641604518173","potions_obtained":[{"floor":4,"key":"Strength Potion"},{"floor":7,"key":"EssenceOfSteel"},{"floor":11,"key":"DistilledChaos"},{"floor":13,"key":"SkillPotion"},{"floor":17,"key":"DistilledChaos"},{"floor":19,"key":"Explosive Potion"}],"is_trial":false,"path_per_floor":["M","M","?","M","M","E","M","R","T","$","E","R","M","M","R","B",null,"M","M","$","M","?","E"],"character_chosen":"DEFECT","items_purchased":["Apotheosis+1","Membership Card"],"campfire_rested":2,"item_purchase_floors":[10,20],"current_hp_per_floor":[58,56,71,68,67,19,7,28,42,42,28,53,53,53,53,31,77,66,66,66,34,34,0,0],"gold":46,"neow_bonus":"BOSS_RELIC","is_daily":false,"chose_seed":false,"campfire_upgraded":1,"win_rate":0.0,"timestamp":1612055826,"path_taken":["M","M","?","M","M","E","M","R","T","$","E","R","M","M","R","BOSS","M","M","$","M","?","E"],"items_purchased_type":["Card","Relic"],"build_version":"2020-12-22","purchased_purges":1,"victory":false,"max_hp_per_floor":[71,71,71,71,71,71,71,71,85,85,85,85,85,85,85,85,90,90,90,90,90,90,90,90],"relic_stats":{"counters":[14,72],"obtain_stats":[{"Tiny House":17,"Mango":9,"Membership Card":20,"Toxic Egg 2":6,"Cracked Core":0,"Empty Cage":0,"FossilizedHelix":11},{"Tiny House":10,"Mango":6,"Membership Card":12,"Toxic Egg 2":5,"Cracked Core":0,"Empty Cage":0,"FossilizedHelix":7},{"Tiny House":53,"Mango":28,"Membership Card":62,"Toxic Egg 2":24,"Cracked Core":0,"Empty Cage":0,"FossilizedHelix":32}]},"card_choices":[{"not_picked":["Conserve Battery","Barrage"],"picked":"Sweeping Beam","floor":1},{"not_picked":["Compile Driver","Force Field"],"picked":"Hello World","floor":2},{"not_picked":["Loop","Scrape"],"picked":"Beam Cell","floor":4},{"not_picked":["Steam","Heatsinks"],"picked":"Reinforced Body","floor":5},{"not_picked":["Barrage","Auto Shields+1"],"picked":"Fission+1","floor":6},{"not_picked":["Beam Cell","Barrage"],"picked":"Gash","floor":7},{"not_picked":["Steam Power+1","Beam Cell"],"picked":"Fusion+1","floor":11},{"not_picked":["Compile Driver","Redo+1"],"picked":"Hyperbeam","floor":13},{"not_picked":["Cold Snap","Turbo+1"],"picked":"Steam+1","floor":14},{"not_picked":["Compile Driver","Aggregate+1"],"picked":"Conserve Battery+1","floor":17},{"not_picked":["Hello World","Reinforced Body+1"],"picked":"Sunder","floor":18},{"not_picked":["Barrage","Force Field+1"],"picked":"Recycle+1","floor":19},{"not_picked":["Rebound","Loop"],"picked":"Skim+1","floor":21}],"player_experience":4002877,"relics_obtained":[{"floor":6,"key":"Toxic Egg 2"},{"floor":9,"key":"Mango"},{"floor":11,"key":"FossilizedHelix"}],"event_choices":[{"damage_healed":15,"gold_gain":0,"player_choice":"Full Heal","damage_taken":0,"max_hp_gain":0,"max_hp_loss":0,"event_name":"Wheel of Change","floor":3,"gold_loss":0},{"damage_healed":0,"gold_gain":0,"player_choice":"Upgraded","damage_taken":0,"max_hp_gain":0,"max_hp_loss":0,"event_name":"Upgrade Shrine","floor":22,"gold_loss":0,"cards_upgraded":["Reinforced Body"]}],"is_beta":false,"boss_relics":[{"not_picked":["Runic Dome","Coffee Dripper"],"picked":"Tiny House"}],"items_purged_floors":[20],"is_endless":false,"potions_floor_spawned":[4,7,11,13,19,21],"killed_by":"Book of Stabbing","ascension_level":20}}