{"host":"o67iw34xdwlyp80a","time":1612094310,"event":{"mods":["BaseMod","Colored Map","Minty Spire (QoL Compilation)","Relic Stats","StSLib"],"gold_per_floor":[109,109,122,135,135,161,161,161,161,161,192,0,17,45,45,148,198,211,126,51,71,90,90,90],"floor_reached":23,"language":"ENG","playtime":1381,"items_purged":["Strike_G"],"score":293,"play_id":"0abca574-eb9a-47f6-884c-eb174688b4f6","local_time":"20210131115830","is_ascension_mode":true,"campfire_choices":[{"data":"Deadly Poison","floor":8,"key":"SMITH"},{"floor":10,"key":"REST"},{"data":"Venomology","floor":15,"key":"SMITH"}],"circlet_count":0,"master_deck":["Strike_G+1","Strike_G","Strike_G+1","Defend_G+1","Defend_G","Defend_G","Defend_G","Defend_G","Survivor+1","Neutralize","Deadly Poison+1","Blade Dance+1","Sucker Punch","Deadly Poison+1","Venomology+1","Noxious Fumes+1","Noxious Fumes","PiercingWail","After Image","Dodge and Roll","Dagger Spray+1","Blur"],"relics":["Ring of the Snake","Whetstone","Ginger","Matryoshka","Omamori","Lee\u0027s Waffle","InkBottle","Tiny House","War Paint"],"acts_visited":["Exordium","TheCity"],"potions_floor_usage":[11,14,14,14,16,18,21,21,22,23],"damage_taken":[{"damage":1,"enemies":"Jaw Worm","floor":1,"turns":5},{"damage":0,"enemies":"2 Louse","floor":3,"turns":3},{"damage":0,"enemies":"Small Slimes","floor":4,"turns":3},{"damage":26,"enemies":"Gremlin Nob","floor":6,"turns":4},{"damage":12,"enemies":"Lagavulin","floor":11,"turns":5},{"damage":1,"enemies":"Blue Slaver","floor":13,"turns":3},{"damage":18,"enemies":"3 Sentries","floor":14,"turns":6},{"damage":28,"enemies":"Hexaghost","floor":16,"turns":9},{"damage":33,"enemies":"3 Byrds","floor":18,"turns":5},{"damage":23,"enemies":"Chosen","floor":21,"turns":5},{"damage":14,"enemies":"Snake Plant","floor":22,"turns":5},{"damage":9,"enemies":"Slavers","floor":23,"turns":1}],"seed_played":"-3077486274445255781","potions_obtained":[{"floor":1,"key":"PowerPotion"},{"floor":11,"key":"Block Potion"},{"floor":13,"key":"Block Potion"},{"floor":17,"key":"Dexterity Potion"},{"floor":18,"key":"Energy Potion"}],"is_trial":false,"path_per_floor":["M","?","M","M","?","E","?","R","T","R","E","$","M","E","R","B",null,"M","?","$","M","M","E"],"character_chosen":"THE_SILENT","items_purchased":["Lee\u0027s Waffle","Noxious Fumes"],"campfire_rested":1,"item_purchase_floors":[12,12],"current_hp_per_floor":[62,62,62,62,48,22,22,22,22,43,31,77,76,70,70,42,73,40,40,40,17,3,0,0],"gold":90,"neow_bonus":"RANDOM_COMMON_RELIC","is_daily":false,"chose_seed":false,"campfire_upgraded":2,"win_rate":0.0,"timestamp":1612094310,"path_taken":["M","?","M","M","?","E","?","R","T","R","E","?","M","E","R","BOSS","M","?","$","M","M","E"],"items_purchased_type":["Relic","Card"],"build_version":"2020-12-22","purchased_purges":1,"victory":false,"max_hp_per_floor":[70,70,70,70,70,70,70,70,70,70,70,77,77,77,77,77,82,82,82,82,82,82,82,82],"relic_stats":{"Lee\u0027s Waffle":46,"counters":[12,54],"Whetstone":["Strike_G","Strike_G"],"Ginger":[2],"War Paint":["Blade Dance","Deadly Poison"],"obtain_stats":[{"Lee\u0027s Waffle":12,"Matryoshka":9,"Tiny House":17,"Omamori":11,"Whetstone":0,"Ginger":6,"War Paint":19,"InkBottle":14,"Ring of the Snake":0},{"Lee\u0027s Waffle":5,"Matryoshka":4,"Tiny House":8,"Omamori":5,"Whetstone":0,"Ginger":4,"War Paint":9,"InkBottle":7,"Ring of the Snake":0},{"Lee\u0027s Waffle":20,"Matryoshka":15,"Tiny House":38,"Omamori":20,"Whetstone":0,"Ginger":15,"War Paint":43,"InkBottle":29,"Ring of the Snake":0}],"InkBottle":[9],"Ring of the Snake":[24]},"card_choices":[{"not_picked":["Concentrate","Dagger Spray"],"picked":"Deadly Poison","floor":1},{"not_picked":["Tactician","Escape Plan"],"picked":"Blade Dance","floor":3},{"not_picked":["Underhanded Strike","Dagger Spray"],"picked":"Sucker Punch","floor":4},{"not_picked":["Skewer","All Out Attack"],"picked":"Deadly Poison","floor":6},{"not_picked":["Underhanded Strike","Outmaneuver"],"picked":"Venomology","floor":11},{"not_picked":["Flying Knee","Choke"],"picked":"Noxious Fumes","floor":13},{"not_picked":["Prepared","Dagger Throw"],"picked":"PiercingWail","floor":14},{"not_picked":["Doppelganger","Night Terror"],"picked":"After Image","floor":16},{"not_picked":["Concentrate","Backflip"],"picked":"Dodge and Roll","floor":17},{"not_picked":["Underhanded Strike","Masterful Stab"],"picked":"Dagger Spray+1","floor":18},{"not_picked":["Terror","Backflip"],"picked":"Blur","floor":21},{"not_picked":["Crippling Poison","Prepared","Well Laid Plans"],"picked":"SKIP","floor":22}],"player_experience":1128742,"relics_obtained":[{"floor":6,"key":"Ginger"},{"floor":9,"key":"Matryoshka"},{"floor":11,"key":"Omamori"},{"floor":14,"key":"InkBottle"}],"event_choices":[{"damage_healed":0,"gold_gain":0,"player_choice":"Ignored","damage_taken":0,"max_hp_gain":0,"max_hp_loss":0,"event_name":"Liars Game","floor":2,"gold_loss":0},{"damage_healed":0,"gold_gain":0,"player_choice":"Entered Light","damage_taken":14,"max_hp_gain":0,"max_hp_loss":0,"event_name":"Shining Light","floor":5,"gold_loss":0,"cards_upgraded":["Defend_G","Survivor"]},{"cards_removed":["Strike_G"],"damage_healed":0,"gold_gain":0,"player_choice":"Forget","damage_taken":0,"max_hp_gain":0,"max_hp_loss":0,"event_name":"Living Wall","floor":7,"gold_loss":0},{"damage_healed":0,"gold_gain":0,"player_choice":"Obtained Relic","damage_taken":0,"relics_obtained":["War Paint"],"max_hp_gain":0,"max_hp_loss":0,"event_name":"Addict","floor":19,"gold_loss":85}],"is_beta":false,"boss_relics":[{"not_picked":["Runic Pyramid","Fusion Hammer"],"picked":"Tiny House"}],"items_purged_floors":[20],"is_endless":false,"potions_floor_spawned":[1,11,13,18],"killed_by":"Slavers","ascension_level":8}}