{"host":"ymw71f7rc9ndansy","time":1612094395,"event":{"mods":["ATMod(阿瑾Mod)","Act Like it!","Aspiration","BaseMod","DeckTracker","Hubris","Library of Ruina","Library of Ruina Extra","Minty Spire (QoL Compilation)","MostiFishMod","Remove Card Discount Mod","Replay The Spire","RumiaBox-露米娅的神秘盒子","StSLib","TestMod","[Fun]BeWhatYouAte","【功能Mod】精心准备","【遗物卡牌】REMEMod"],"gold_per_floor":[110,110,110,100,111,141,142,168,168,168,194,194,194,205,205,252,252,265,445,455,276,290,320,320,332,411,446,354,371,371,403,403,480,480,480],"floor_reached":34,"language":"ZHS","playtime":1204,"items_purged":["LightAttack","LightDefense","Strike_G","Defend_G","LightDefense","LightAttack","SavageMode+1","ChargeAndCover","FocusedStrikes","LightAttack","Dodge+1","QuickAttack","FlyingSword","LightDefense"],"score":1506,"play_id":"6a0aafef-e014-4e2e-8b6d-2739d85f3210","local_time":"20210131195955","is_ascension_mode":true,"campfire_choices":[{"data":"Master of Strategy","floor":13,"key":"SMITH"},{"data":"EmotionalTurbulence","floor":15,"key":"SMITH"},{"data":"PuppetBlockade","floor":24,"key":"SMITH"},{"data":"BlowItUp","floor":32,"key":"PURGE"}],"circlet_count":0,"master_deck":["AscendersBane","LightDefense","AT_FamilyPortrait","Master of Strategy+1","BiAn+1","FieryDragonSlash","EmotionalTurbulence+1","FrontalAssault","ViolentFlame","Slice_lor","AbeCurse","FrontalAssault","BiXi","Quickness","ViolentFlame","PuppetBlockade+1","FlowOfTheSword","FervidEmotions","SunsetBlade+1","EmotionalTurbulence","SuanNi"],"relics":["PageOfLibrarian","testmod-TestBox","DaveBox","REME_ComplimentaryCards","AT_ATBox","Civilization","testmod-CyclicPeriapt","SynthV:TestCard","testmod-Nyarlathotep","Replay:Accelerometer","Peace Pipe","Counterbalance","Boot","Abe\u0027s Treasure","hubris:EmptyBottle","StoneCalendar","Torii","Bottled Tornado","testmod-ArcanaOfDestiny","Baka2","AT_TrinityForce"],"acts_visited":["Exordium","TheCity","TheBeyond"],"potions_floor_usage":[27,27],"damage_taken":[{"damage":12.0,"enemies":"Jaw Worm","floor":1.0,"turns":4.0},{"damage":2.0,"enemies":"Small Slimes","floor":5.0,"turns":5.0},{"damage":23.0,"enemies":"Lagavulin","floor":6.0,"turns":4.0},{"damage":0.0,"enemies":"2 Louse","floor":7.0,"turns":2.0},{"damage":8.0,"enemies":"3 Sentries","floor":8.0,"turns":4.0},{"damage":0.0,"enemies":"Lagavulin","floor":11.0,"turns":4.0},{"damage":0,"enemies":"Gremlin Gang","floor":14,"turns":2},{"damage":16,"enemies":"The Guardian","floor":16,"turns":4},{"damage":0,"enemies":"3 Byrds","floor":18,"turns":2},{"damage":0,"enemies":"Spheric Guardian","floor":20,"turns":1},{"damage":0,"enemies":"3 Cultists","floor":22,"turns":4},{"damage":0,"enemies":"Replay:Snechameleon","floor":23,"turns":2},{"damage":0,"enemies":"Snake Plant","floor":25,"turns":3},{"damage":29,"enemies":"Book of Stabbing","floor":27,"turns":5},{"damage":0,"enemies":"Snecko","floor":29,"turns":2},{"damage":1,"enemies":"Replay:Snechameleon","floor":31,"turns":3},{"damage":0,"enemies":"Pondfish","floor":33,"turns":4}],"seed_played":"-1960908356432541073","potions_obtained":[{"floor":7.0,"key":"Swift Potion"},{"floor":16,"key":"Explosive Potion"}],"is_trial":false,"path_per_floor":["M","?","?","$","M","E","M","E","T","?","E","?","R","M","R","B",null,"M","?","M","$","M","E","R","M","T","E","$","M","?","E","R","B",null],"character_chosen":"Librarian","items_purchased":["hubris:EmptyBottle","FervidEmotions"],"campfire_rested":0,"item_purchase_floors":[21,28],"current_hp_per_floor":[43,22,22,22,39,20,25,22,22,22,27,27,27,32,32,21,97,102,83,88,88,93,98,98,103,103,79,79,84,84,88,88,88,136,136],"gold":480,"neow_bonus":"RANDOM_COLORLESS_2","is_daily":false,"chose_seed":false,"campfire_upgraded":3,"win_rate":0.0,"timestamp":1612094395,"path_taken":["M","?","?","$","M","E","M","E","T","?","E","?","R","M","R","BOSS","M","?","M","$","M","E","R","M","T","E","$","?","?","E","R","BOSS"],"items_purchased_type":["Relic","Card"],"build_version":"2020-12-22","purchased_purges":14,"victory":false,"max_hp_per_floor":[71,71,71,71,74,97,102,107,107,107,112,112,112,117,117,122,122,127,127,132,132,137,136,136,141,141,137,137,142,142,147,147,152,152,152],"card_choices":[{"not_picked":["hubris:EnhanceAbility","testmod-PowerStrike"],"picked":"Master of Strategy","floor":0.0},{"not_picked":["StayCalm","Gigigig","SinglePointStab","HandleRequest","Punishment","DesperateStruggle","Wallop_lor","SkyClearingCut"],"picked":"BiAn","floor":1.0},{"not_picked":["EndlessBattle","BladeWhirl","StructuralAnalysis","StrikeDown","SharpSwipe","TraceOfFumes","Quickness","Castigation","Clone","BackAttack"],"picked":"FieryDragonSlash","floor":5.0},{"not_picked":["Parry2","SinglePointStab","Feast","MultiBlock","EnergyShield","EnergyCycle","DevastatingThrash","StrikeDown","DimensionalRift","Quickness"],"picked":"EmotionalTurbulence","floor":6.0},{"not_picked":["GuidanceOfTheGears","TheArtOfRapidSteps","SerpentSwordTechnique","CombatPreparation","SnakesPrey","GreatSerpentsImpact","Tttonst","WildCard","AutonomousRush","SerpentineBarrier","Unlock1"],"picked":"SKIP","floor":7.0},{"not_picked":["Thrust","SkyClearingCut","SharpenedBlade","GuidanceOfTheGears","FleetEdge","DestructiveImpact","StrikeDown","BiAn","InkOver","Rewind"],"picked":"FrontalAssault","floor":8.0},{"not_picked":["Gamble","Quickness","Parry2","EnergyConversion","FeatherShield","QuickAttack","QuickSuppression","HeavyPeaks","HighKick","SpearedSweep"],"picked":"ViolentFlame","floor":11.0},{"not_picked":["CoordinatedAssault","FieryDragonSlash","EnergyStrike","PinpointShot","Wallop_lor","LoosenUp","Punishment","StructuralAnalysis","NightInTheBackstreets","Multislash"],"picked":"Slice_lor","floor":14},{"not_picked":["Retaliate","BiAn","ConcentratedFire","PinpointShot","Outburst","AsThePrescriptOrders","SpearedSweep","SerpentineBarrier","Parry","FierceCharge"],"picked":"FrontalAssault","floor":18},{"not_picked":["HandleRequest","EnergyShield","Track","Leap_lor+1","SuppressingShot","BackAttack","SturdyDefense","Zzzzzap","StartinOutLightly","EnergyStrike"],"picked":"BiXi","floor":18},{"not_picked":["UnavoidableGaze","CoordinatedAssault","UpbeatPerformance","SerpentSwordTechnique","FlowOfTheSword+1","Mutilate","ShockingBlow","TendonChords","Multislash","SweepTheBackstreets"],"picked":"Quickness","floor":18},{"not_picked":["DesperateStruggle","Concentration+1","MultiHit","WillOfThePrescript","SpearedSweep","EnergyCycle","AutomatedMovement","BackstreetsDash","CutIn","FleetFootsteps","Disposal"],"picked":"SKIP","floor":18},{"not_picked":["WillOfThePrescript","UnavoidableGaze","FieryDragonSlash","BoundaryOfDeath","Overcharge","AutonomousRush","Standoff","Leap_lor","SharpSwipe","HardRehearsal+1"],"picked":"ViolentFlame","floor":20},{"not_picked":["StrikeDown","PreemptiveStrike","SnakesPrey","NightInTheBackstreets","AsThePrescriptOrders","SunsetBlade","GutHarvesting","Ripple","ToWhereThePrescriptPoints","StartinOutLightly"],"picked":"QuickAttack","floor":22},{"not_picked":["EnergyCycle","FleetFootsteps","EnergyBeam","Standoff","BiXi","Faith","GuardingStance","Overpower","Preparation","Diversion"],"picked":"PuppetBlockade","floor":23},{"not_picked":["PinpointShot","Parry2","BiAn","SerpentSwordTechnique","FeelinGood","ShockingBlow","SharpSwipe","SnakesPrey","SharpNails+1","HeavyPeaks","Rewind"],"picked":"SKIP","floor":25},{"not_picked":["SearingSword","StructuralAnalysis","GrazeTheGrass","EnergyStrike","AbsorbImpact+1","Crush+1","SerpentSwordTechnique+1","SnakesPrey","Thrust","InhaleSmoke"],"picked":"FlowOfTheSword","floor":27},{"not_picked":["BurningFlash","DesperateStruggle","Parry2","WaitUp","GroundSmash","Eliminate","PinpointShot","HandleRequest","FleetFootsteps","TendonChords"],"picked":"SunsetBlade+1","floor":29},{"not_picked":["Rewind","FleetEdge","AsThePrescriptOrders","SparkingSpear+1","FieryWaltz","SnakesPrey","QuickAttack","Multislash","FierceOnslaught","TraceOfFumes"],"picked":"EmotionalTurbulence","floor":29},{"not_picked":["Tttonst","Outburst","Standoff","SweepTheBackstreets","Parry","ExtremeEdge","EnergyShield","Leap_lor","Creak","InkOver+1","FierceCharge"],"picked":"SKIP","floor":29},{"not_picked":["YourShield","LoosenUp","HandleRequest","Leap_lor","SnakesPrey","NightInTheBackstreets","FormingStorm","ClassAndRespect","UndertakePrescript","CoordinatedAssault","Outburst"],"picked":"SKIP","floor":29},{"not_picked":["LawAndOrder","SuppressingShot","Unlock1","TendonChords","BattleCommand","ScratchThat","Eliminate","BindingChains+1","IngredientHunt","Pound","SunsetBlade"],"picked":"SKIP","floor":31},{"not_picked":["SavageMode","Punishment","BoundaryOfDeath","EnergyBeam"],"picked":"SuanNi","floor":33}],"player_experience":1067177,"relics_obtained":[{"floor":1.0,"key":"Baka"},{"floor":1.0,"key":"SynthV:TestCard"},{"floor":5.0,"key":"testmod-Nyarlathotep"},{"floor":6.0,"key":"Replay:Accelerometer"},{"floor":8.0,"key":"Peace Pipe"},{"floor":9.0,"key":"Counterbalance"},{"floor":11.0,"key":"Boot"},{"floor":23,"key":"StoneCalendar"},{"floor":27,"key":"Torii"},{"floor":27,"key":"Bottled Tornado"},{"floor":31,"key":"testmod-ArcanaOfDestiny"},{"floor":33,"key":"Baka2"}],"event_choices":[{"damage_healed":0.0,"max_hp_gain":0.0,"max_hp_loss":0.0,"gold_gain":0.0,"event_name":"Shining Light","player_choice":"Entered Light","floor":2.0,"gold_loss":0.0,"damage_taken":21.0,"cards_upgraded":["Dodge","SavageMode"]},{"damage_healed":0.0,"max_hp_gain":0.0,"max_hp_loss":0.0,"gold_gain":0.0,"event_name":"Liars Game","player_choice":"Ignored","floor":10.0,"gold_loss":0.0,"damage_taken":0.0},{"damage_healed":0,"gold_gain":180,"player_choice":"GOLD GOLD ","damage_taken":19,"max_hp_gain":0,"max_hp_loss":0,"event_name":"Knowing Skull","floor":19,"potions_obtained":[],"gold_loss":0,"cards_obtained":[]}],"is_beta":false,"boss_relics":[{"not_picked":["aspiration:RunicSpoon","Kintsugi"],"picked":"Abe\u0027s Treasure"},{"not_picked":["testmod-Recursion","Replay:Drink Me"],"picked":"AT_TrinityForce"}],"items_purged_floors":[4,4,4,4,4,21,21,21,21,21,21,28,28,28],"is_endless":false,"potions_floor_spawned":[7,11,16,18,22,25,29],"ascension_level":20}}