{"host":"2qv44oxt58ptq59r","time":1612107676,"event":{"mods":["AchievementEnabler","BaseMod","Colored Powertips","Highlight Path","Minty Spire (QoL Compilation)","Permanent Neow","StSLib"],"gold_per_floor":[109,109,134,84,48,48,81,107,186,200,220,263,288,313,313,433,433,449,472,472,10,34,34,57,57,126,142,156,172,172,172,172,300,300,315,328,341,15,40,40,78,103,148,0,18,18,18,18,18,18,18],"floor_reached":50,"language":"ENG","playtime":6255,"items_purged":[],"score":616,"play_id":"44aedd8a-b1bc-4615-9810-565cef80a9af","local_time":"20210131154116","is_ascension_mode":true,"campfire_choices":[{"data":"Worship","floor":6,"key":"SMITH"},{"floor":15,"key":"REST"},{"floor":23,"key":"RECALL"},{"data":"WaveOfTheHand","floor":25,"key":"SMITH"},{"floor":30,"key":"REST"},{"floor":32,"key":"REST"},{"floor":40,"key":"REST"},{"floor":47,"key":"REST"},{"floor":49,"key":"REST"}],"circlet_count":0,"master_deck":["Strike_P","Strike_P","Strike_P","Defend_P","Defend_P","Defend_P","Defend_P","Eruption","Vigilance","Dramatic Entrance","Wallop","Worship","Worship+1","Protect","EmptyFist+1","TalkToTheHand+1","CrushJoints+1","BowlingBash+1","SashWhip+1","Brilliance+1","ReachHeaven+1","WaveOfTheHand+1","Prostrate","JustLucky+1","Wallop+1","FollowUp+1","Conclude+1","Brilliance+1","DeusExMachina","Halt+1","Evaluate+1","Establishment","PathToVictory+1","PathToVictory+1","Parasite","Pray+1","PathToVictory+1"],"relics":["PureWater","Golden Idol","Vajra","Art of War","Molten Egg 2","CloakClasp","VioletLotus","NlothsMask","TungstenRod","Strawberry","Toxic Egg 2","Blood Vial","Akabeko","Red Mask"],"acts_visited":["Exordium","TheCity","TheBeyond"],"potions_floor_usage":[12,13,18,18,28,33,33,39,41,41,45,50,50],"damage_taken":[{"damage":0,"enemies":"2 Louse","floor":1,"turns":2},{"damage":0,"enemies":"Small Slimes","floor":3,"turns":2},{"damage":11,"enemies":"Lagavulin","floor":7,"turns":8},{"damage":1,"enemies":"Jaw Worm","floor":10,"turns":4},{"damage":0,"enemies":"Blue Slaver","floor":11,"turns":2},{"damage":8,"enemies":"Gremlin Nob","floor":12,"turns":4},{"damage":5,"enemies":"Gremlin Gang","floor":13,"turns":3},{"damage":3,"enemies":"3 Louse","floor":14,"turns":2},{"damage":0,"enemies":"Slime Boss","floor":16,"turns":2},{"damage":12,"enemies":"3 Byrds","floor":18,"turns":5},{"damage":2,"enemies":"Spheric Guardian","floor":19,"turns":3},{"damage":13,"enemies":"Snecko","floor":22,"turns":4},{"damage":10,"enemies":"Centurion and Healer","floor":24,"turns":3},{"damage":0,"enemies":"Chosen and Byrds","floor":27,"turns":4},{"damage":1,"enemies":"Snake Plant","floor":28,"turns":4},{"damage":8,"enemies":"Cultist and Chosen","floor":29,"turns":3},{"damage":29,"enemies":"Automaton","floor":33,"turns":11},{"damage":13,"enemies":"Orb Walker","floor":35,"turns":3},{"damage":17,"enemies":"3 Darklings","floor":36,"turns":4},{"damage":11,"enemies":"Sphere and 2 Shapes","floor":37,"turns":3},{"damage":11,"enemies":"Jaw Worm Horde","floor":39,"turns":3},{"damage":25,"enemies":"Giant Head","floor":41,"turns":10},{"damage":15,"enemies":"Writhing Mass","floor":42,"turns":7},{"damage":5,"enemies":"3 Darklings","floor":45,"turns":4},{"damage":71,"enemies":"Donu and Deca","floor":50,"turns":5}],"seed_played":"2612553148039856290","potions_obtained":[{"floor":3,"key":"GamblersBrew"},{"floor":11,"key":"BottledMiracle"},{"floor":12,"key":"PowerPotion"},{"floor":16,"key":"SteroidPotion"},{"floor":24,"key":"Energy Potion"},{"floor":27,"key":"DuplicationPotion"},{"floor":29,"key":"BottledMiracle"},{"floor":36,"key":"EntropicBrew"},{"floor":42,"key":"Strength Potion"},{"floor":45,"key":"LiquidBronze"}],"is_trial":false,"path_per_floor":["M","?","M","?","$","R","E","T","T","M","M","E","M","M","R","B",null,"M","M","?","$","M","R","M","R","T","M","M","M","R","?","R","B",null,"M","M","M","$","M","R","E","M","T","?","M","T","R","?","R","B"],"character_chosen":"WATCHER","items_purchased":["Worship","TungstenRod","Strawberry","Prostrate","Toxic Egg 2","Establishment"],"campfire_rested":6,"item_purchase_floors":[5,21,21,21,38,38],"current_hp_per_floor":[72,54,54,54,54,54,43,43,43,42,42,34,29,26,47,47,72,60,58,58,65,52,52,42,42,42,42,41,33,56,56,79,50,79,66,49,38,38,27,50,25,12,12,12,9,9,32,32,55,0,0],"gold":18,"neow_bonus":"RANDOM_COLORLESS","is_daily":false,"chose_seed":false,"campfire_upgraded":2,"win_rate":0.0,"timestamp":1612107676,"path_taken":["M","?","M","?","?","R","E","?","T","M","?","E","M","M","R","BOSS","M","M","?","$","M","R","M","R","T","M","M","?","R","?","R","BOSS","M","M","M","$","M","R","E","M","T","?","M","?","R","?","R","BOSS"],"items_purchased_type":["Card","Relic","Relic","Card","Relic","Card"],"build_version":"2020-12-22","purchased_purges":0,"victory":false,"max_hp_per_floor":[72,72,72,72,72,72,72,72,72,72,72,72,72,72,72,72,72,72,72,72,79,79,79,79,79,79,79,79,79,79,79,79,79,79,79,79,79,79,79,79,79,79,79,79,79,79,79,79,79,79,79],"card_choices":[{"not_picked":["Deep Breath","Enlightenment"],"picked":"Dramatic Entrance","floor":0},{"not_picked":["Weave","WindmillStrike"],"picked":"Wallop","floor":1},{"not_picked":["CrushJoints","BowlingBash"],"picked":"Worship","floor":3},{"not_picked":["Judgement","EmptyFist"],"picked":"Protect","floor":7},{"not_picked":["Prostrate","Swivel"],"picked":"EmptyFist+1","floor":10},{"not_picked":["BowlingBash+1","Tantrum+1"],"picked":"TalkToTheHand+1","floor":11},{"not_picked":["SashWhip+1","ThirdEye"],"picked":"CrushJoints+1","floor":12},{"not_picked":["Halt","Consecrate+1"],"picked":"BowlingBash+1","floor":13},{"not_picked":["PathToVictory","DevaForm"],"picked":"SashWhip+1","floor":14},{"not_picked":["Alpha","Judgement"],"picked":"Brilliance+1","floor":16},{"not_picked":["EmptyFist+1","Study"],"picked":"ReachHeaven+1","floor":18},{"not_picked":["CrushJoints+1","EmptyFist+1"],"picked":"WaveOfTheHand","floor":19},{"not_picked":["Study+1","ForeignInfluence"],"picked":"JustLucky+1","floor":22},{"not_picked":["EmptyFist+1","Tantrum+1"],"picked":"Wallop+1","floor":24},{"not_picked":["EmptyBody","Evaluate"],"picked":"FollowUp+1","floor":27},{"not_picked":["Swivel","MentalFortress"],"picked":"Conclude+1","floor":28},{"not_picked":["CutThroughFate+1","FollowUp+1"],"picked":"Brilliance+1","floor":29},{"not_picked":["ConjureBlade","LessonLearned+1"],"picked":"DeusExMachina","floor":33},{"not_picked":["FollowUp+1","Crescendo+1"],"picked":"CutThroughFate+1","floor":35},{"not_picked":["CutThroughFate+1","ThirdEye"],"picked":"Halt+1","floor":36},{"not_picked":["InnerPeace+1","Halt"],"picked":"Evaluate+1","floor":37},{"not_picked":["ThirdEye+1","EmptyMind+1"],"picked":"PathToVictory+1","floor":39},{"not_picked":["Swivel+1","SignatureMove+1"],"picked":"PathToVictory+1","floor":41},{"not_picked":["CutThroughFate+1","FearNoEvil+1"],"picked":"Pray+1","floor":42},{"not_picked":["DevaForm","FlurryOfBlows+1"],"picked":"PathToVictory+1","floor":45}],"player_experience":5533690,"relics_obtained":[{"floor":7,"key":"Vajra"},{"floor":8,"key":"Art of War"},{"floor":9,"key":"Molten Egg 2"},{"floor":12,"key":"CloakClasp"},{"floor":41,"key":"Blood Vial"},{"floor":43,"key":"Akabeko"}],"event_choices":[{"damage_healed":0,"gold_gain":0,"player_choice":"Take Damage","damage_taken":18,"relics_obtained":["Golden Idol"],"max_hp_gain":0,"max_hp_loss":0,"event_name":"Golden Idol","floor":2,"gold_loss":0},{"cards_removed":["Strike_P"],"damage_healed":0,"gold_gain":0,"player_choice":"Card Removal","damage_taken":0,"max_hp_gain":0,"max_hp_loss":0,"event_name":"The Cleric","floor":4,"gold_loss":50},{"damage_healed":0,"gold_gain":0,"player_choice":"Trade","damage_taken":0,"relics_obtained":["NlothsMask"],"max_hp_gain":0,"max_hp_loss":0,"event_name":"FaceTrader","floor":20,"gold_loss":0},{"damage_healed":0,"gold_gain":0,"player_choice":"Ignored","damage_taken":0,"max_hp_gain":0,"max_hp_loss":0,"event_name":"Ghosts","floor":31,"gold_loss":0},{"damage_healed":0,"gold_gain":0,"player_choice":"Paid","damage_taken":0,"relics_obtained":["Red Mask"],"max_hp_gain":0,"max_hp_loss":0,"event_name":"Tomb of Lord Red Mask","floor":44,"gold_loss":148},{"cards_removed":["CutThroughFate"],"damage_healed":0,"gold_gain":0,"player_choice":"Removed Attack","damage_taken":0,"max_hp_gain":0,"max_hp_loss":0,"event_name":"Falling","floor":48,"gold_loss":0}],"is_beta":false,"boss_relics":[{"not_picked":["Pandora\u0027s Box","SlaversCollar"],"picked":"VioletLotus"},{"not_picked":["Runic Dome","Snecko Eye","Coffee Dripper"]}],"items_purged_floors":[],"is_endless":false,"potions_floor_spawned":[3,11,12,16,24,27,29,36,39,42,45],"killed_by":"Donu and Deca","ascension_level":1}}