{"host":"1mv6gj0zv8k9e9tz","time":1612107272,"event":{"mods":["AchievementEnabler","BaseMod","Better Third Choice","Colored Map","DeckTracker","Highlight Path","KOR Keyword Fix","Keyboard Shortcuts","Minty Spire (QoL Compilation)","Permanent Neow","Quick Restart","Rare Cards Sparkle","StSLib","SuperFastMode","everything is the same but u backflip on backflip"],"gold_per_floor":[15,35,55,55,74,108,108,143,143,143,143],"floor_reached":10,"language":"KOR","playtime":235,"items_purged":[],"score":125,"play_id":"d8b6b928-0fd4-47fb-b49c-d3eaf09ba17c","local_time":"20210201003432","is_ascension_mode":true,"campfire_choices":[{"data":"Sunder","floor":7.0,"key":"SMITH"}],"circlet_count":0,"master_deck":["AscendersBane","Strike_B","Strike_B","Strike_B","Defend_B","Defend_B","Defend_B","Zap","Dualcast","FTL","White Noise","Sunder+1","Lockon","Sweeping Beam","Electrodynamics"],"relics":["Cracked Core","Golden Idol","Question Card","PreservedInsect","Matryoshka"],"acts_visited":["Exordium"],"potions_floor_usage":[],"damage_taken":[{"damage":11.0,"enemies":"2 Louse","floor":1.0,"turns":2.0},{"damage":1.0,"enemies":"Cultist","floor":2.0,"turns":3.0},{"damage":3.0,"enemies":"Small Slimes","floor":3.0,"turns":2.0},{"damage":4.0,"enemies":"3 Louse","floor":5.0,"turns":3.0},{"damage":15.0,"enemies":"3 Sentries","floor":6.0,"turns":5.0},{"damage":21.0,"enemies":"Gremlin Nob","floor":8.0,"turns":4.0},{"damage":30,"enemies":"Lagavulin","floor":10,"turns":4}],"seed_played":"-2728563496033883937","potions_obtained":[{"floor":2.0,"key":"SteroidPotion"},{"floor":3.0,"key":"Block Potion"},{"floor":8.0,"key":"Ancient Potion"}],"is_trial":false,"path_per_floor":["M","M","M","?","M","E","R","E","T","E"],"character_chosen":"DEFECT","items_purchased":[],"campfire_rested":0,"item_purchase_floors":[],"current_hp_per_floor":[57,56,53,53,49,34,34,13,13,0,0],"gold":143,"neow_bonus":"REMOVE_TWO","is_daily":false,"chose_seed":false,"campfire_upgraded":1,"win_rate":0.0,"timestamp":1612107272,"path_taken":["M","M","M","?","M","E","R","E","T","E"],"items_purchased_type":[],"build_version":"2020-12-22","purchased_purges":0,"victory":false,"max_hp_per_floor":[75,75,75,69,69,69,69,69,69,69,69],"card_choices":[{"not_picked":["Sweeping Beam","Genetic Algorithm"],"picked":"FTL","floor":1.0},{"not_picked":["Leap","Auto Shields"],"picked":"White Noise","floor":2.0},{"not_picked":["Rip and Tear","Static Discharge"],"picked":"Sunder","floor":3.0},{"not_picked":["Auto Shields","Stack"],"picked":"Lockon","floor":5.0},{"not_picked":["Cold Snap","Conserve Battery"],"picked":"Sweeping Beam","floor":6.0},{"not_picked":["Creative AI","Steam","Redo"],"picked":"Electrodynamics","floor":8.0}],"player_experience":599447,"relics_obtained":[{"floor":6.0,"key":"Question Card"},{"floor":8.0,"key":"PreservedInsect"},{"floor":9.0,"key":"Matryoshka"}],"event_choices":[{"damage_healed":0.0,"max_hp_gain":0.0,"max_hp_loss":6.0,"gold_gain":0.0,"event_name":"Golden Idol","player_choice":"Lose Max HP","floor":4.0,"gold_loss":0.0,"damage_taken":0.0,"relics_obtained":["Golden Idol"]}],"is_beta":false,"boss_relics":[],"items_purged_floors":[],"is_endless":false,"potions_floor_spawned":[2,3,8],"killed_by":"Lagavulin","ascension_level":12}}