{"host":"uc8wz0q199a7d901","time":1612072317,"event":{"mods":["2.2 Compatiblity","BaseMod","Colored Map","DeckTracker","Highlight Path","Minty Spire (QoL Compilation)","Permanent Neow","Quick Restart","SuperFastMode"],"gold_per_floor":[13,24,37,47,66,97,97,126,177,189,224,259,271,6,6,105,105,130,130,146,159,159,159,183,183,183,183,183,198,198,198,198],"floor_reached":31,"language":"KOR","playtime":855,"items_purged":[],"score":548,"play_id":"abbf93b5-9d07-4048-85a6-b5be411c5449","local_time":"20210131145157","is_ascension_mode":true,"campfire_choices":[{"data":"Perfected Strike","floor":7.0,"key":"SMITH"},{"floor":13.0,"key":"REST"},{"data":"Apotheosis","floor":15.0,"key":"SMITH"},{"floor":23.0,"key":"REST"},{"floor":25.0,"key":"REST"},{"floor":28.0,"key":"REST"}],"circlet_count":0,"master_deck":["AscendersBane","Strike_R","Strike_R","Strike_R","Strike_R","Strike_R","Defend_R","Defend_R","Defend_R","Defend_R","Bash","Bloodletting","Battle Trance","Perfected Strike+1","Clothesline","Shockwave","Anger","Warcry","Sword Boomerang","Apotheosis+1","Whirlwind","Double Tap","Seeing Red","Corruption"],"relics":["Burning Blood","TungstenRod","Ancient Tea Set","Shuriken","Golden Idol","Busted Crown","Nloth\u0027s Gift","Nunchaku","Bottled Tornado"],"acts_visited":["Exordium","TheCity"],"potions_floor_usage":[],"damage_taken":[{"damage":4.0,"enemies":"Small Slimes","floor":1.0,"turns":4.0},{"damage":9.0,"enemies":"2 Louse","floor":2.0,"turns":2.0},{"damage":4.0,"enemies":"Cultist","floor":3.0,"turns":3.0},{"damage":8.0,"enemies":"2 Fungi Beasts","floor":4.0,"turns":3.0},{"damage":26.0,"enemies":"Exordium Thugs","floor":5.0,"turns":4.0},{"damage":2.0,"enemies":"Gremlin Nob","floor":6.0,"turns":2.0},{"damage":32.0,"enemies":"3 Sentries","floor":8.0,"turns":10.0},{"damage":2.0,"enemies":"Exordium Wildlife","floor":11.0,"turns":2.0},{"damage":6.0,"enemies":"2 Fungi Beasts","floor":12.0,"turns":3.0},{"damage":21.0,"enemies":"Slime Boss","floor":16.0,"turns":7.0},{"damage":21.0,"enemies":"Chosen","floor":18.0,"turns":5.0},{"damage":19.0,"enemies":"Spheric Guardian","floor":20.0,"turns":4.0},{"damage":19.0,"enemies":"Shelled Parasite and Fungi","floor":21.0,"turns":3.0},{"damage":30.0,"enemies":"3 Cultists","floor":24.0,"turns":4.0},{"damage":6.0,"enemies":"Snecko","floor":29.0,"turns":4.0},{"damage":56,"enemies":"Gremlin Leader","floor":31,"turns":5}],"seed_played":"1859864582430837584","potions_obtained":[{"floor":1.0,"key":"FearPotion"},{"floor":5.0,"key":"Strength Potion"},{"floor":6.0,"key":"PowerPotion"},{"floor":12.0,"key":"DuplicationPotion"},{"floor":18.0,"key":"ElixirPotion"},{"floor":20.0,"key":"Dexterity Potion"}],"is_trial":false,"path_per_floor":["M","M","M","M","M","E","R","E","T","?","M","M","R","$","R","B",null,"M","?","M","M","?","R","M","R","T","?","R","M","T","E"],"character_chosen":"IRONCLAD","items_purchased":["Apotheosis","Whirlwind"],"campfire_rested":4,"item_purchase_floors":[14,14],"current_hp_per_floor":[70,67,69,67,47,51,51,25,25,25,29,29,49,49,49,34,60,45,45,32,19,19,39,15,35,35,35,55,55,55,0,0],"gold":198,"neow_bonus":"ONE_RARE_RELIC","is_daily":false,"chose_seed":false,"campfire_upgraded":2,"win_rate":0.0,"timestamp":1612072317,"path_taken":["M","M","M","M","M","E","R","E","T","?","M","M","R","$","R","BOSS","M","?","M","?","?","R","M","R","T","?","R","?","?","E"],"items_purchased_type":["Card","Card"],"build_version":"2020-12-22","purchased_purges":0,"victory":false,"max_hp_per_floor":[75,75,75,75,75,75,75,75,75,68,68,68,68,68,68,68,68,68,68,68,68,68,68,68,68,68,68,68,68,68,68,68],"card_choices":[{"not_picked":["Rampage","Warcry"],"picked":"Bloodletting","floor":1.0},{"not_picked":["Fire Breathing","Metallicize"],"picked":"Battle Trance","floor":2.0},{"not_picked":["Shrug It Off","Body Slam"],"picked":"Perfected Strike","floor":3.0},{"not_picked":["Sword Boomerang","Juggernaut"],"picked":"Clothesline","floor":4.0},{"not_picked":["Warcry","Clothesline","Sword Boomerang"],"picked":"SKIP","floor":5.0},{"not_picked":["Sword Boomerang","Combust"],"picked":"Shockwave","floor":6.0},{"not_picked":["Inflame","Berserk"],"picked":"Anger","floor":8.0},{"not_picked":["Dark Embrace","Entrench"],"picked":"Warcry","floor":11.0},{"not_picked":["Heavy Blade","Sever Soul"],"picked":"Sword Boomerang","floor":12.0},{"not_picked":["Feed","Corruption"],"picked":"Double Tap","floor":16.0},{"not_picked":["Sever Soul"],"picked":"SKIP","floor":18.0},{"not_picked":["Clash+1"],"picked":"SKIP","floor":20.0},{"not_picked":["Clothesline+1"],"picked":"SKIP","floor":21.0},{"not_picked":[],"picked":"Seeing Red","floor":24.0},{"not_picked":[],"picked":"Corruption","floor":29.0}],"player_experience":701632,"relics_obtained":[{"floor":6.0,"key":"Ancient Tea Set"},{"floor":8.0,"key":"Shuriken"},{"floor":9.0,"key":"MawBank"},{"floor":26.0,"key":"Nunchaku"},{"floor":30.0,"key":"Bottled Tornado"}],"event_choices":[{"damage_healed":0.0,"max_hp_gain":0.0,"max_hp_loss":7.0,"gold_gain":0.0,"event_name":"Golden Idol","player_choice":"Lose Max HP","floor":10.0,"gold_loss":0.0,"damage_taken":0.0,"relics_obtained":["Golden Idol"]},{"damage_healed":0.0,"max_hp_gain":0.0,"max_hp_loss":0.0,"gold_gain":0.0,"event_name":"N\u0027loth","player_choice":"Traded Relic","floor":19.0,"relics_lost":["MawBank"],"gold_loss":0.0,"damage_taken":0.0,"relics_obtained":["Nloth\u0027s Gift"]},{"damage_healed":0.0,"max_hp_gain":0.0,"max_hp_loss":0.0,"gold_gain":0.0,"event_name":"The Mausoleum","player_choice":"Ignored","floor":22.0,"gold_loss":0.0,"damage_taken":0.0},{"damage_healed":0.0,"max_hp_gain":0.0,"max_hp_loss":0.0,"gold_gain":0.0,"event_name":"Ghosts","player_choice":"Ignored","floor":27.0,"gold_loss":0.0,"damage_taken":0.0}],"is_beta":false,"boss_relics":[{"not_picked":["Black Star","Coffee Dripper"],"picked":"Busted Crown"}],"items_purged_floors":[],"is_endless":false,"potions_floor_spawned":[1,5,6,12,18,20],"killed_by":"Gremlin Leader","ascension_level":20}}