{"host":"5yoj846f700ld8qy","time":1612111290,"event":{"mods":["AchievementEnabler","Aspiration","BaseMod","Better Altar","Better Match","Better Note","Better Sensory Stone","Better Skull","Better Third Choice","Colored Map","Colored Powertips","Minty Spire (QoL Compilation)","StSLib","UnlockEverythingMod"],"gold_per_floor":[114,114,132,152,1,1,26,26,51,84,95,55,88,114,114,188,188,188,30,30,30,30,30,30,30,30,30,30,30,30,30,30,30,30,30,30,30,30,30,30,30,30,30,30,30,30,30,30,30,30,30],"floor_reached":52,"language":"ENG","playtime":3253,"items_purged":["Strike_G"],"score":1947,"play_id":"89570309-7693-48f9-8a38-1c87dffdc59b","local_time":"20210131184130","is_ascension_mode":true,"campfire_choices":[{"data":"Footwork","floor":6,"key":"SMITH"},{"data":"Footwork","floor":8,"key":"SMITH"},{"data":"Prepared","floor":15,"key":"SMITH"},{"data":"Envenom","floor":23,"key":"SMITH"},{"floor":32,"key":"REST"},{"floor":40,"key":"REST"},{"data":"Acrobatics","floor":42,"key":"SMITH"},{"data":"Dash","floor":44,"key":"SMITH"},{"floor":49,"key":"REST"}],"circlet_count":0,"master_deck":["AscendersBane","Strike_G","Strike_G","Strike_G","Defend_G","Defend_G","Defend_G","Defend_G","Defend_G","Survivor","Neutralize","Dash+1","Panache","Deflect","Footwork+1","Caltrops","Footwork+1","Backflip","Prepared+1","Dodge and Roll","Blade Dance","Envenom+1","Deflect","Backflip","Leg Sweep","Acrobatics+1","Choke","Tools of the Trade","Bane+1","Blade Dance+1","Terror+1","Poisoned Stab","Prepared","Eviscerate+1"],"relics":["SlaversCollar","Bird Faced Urn","Juzu Bracelet","Incense Burner","Nunchaku","Orichalcum","Ectoplasm","Pen Nib","aspiration:HiddenCompartment","Oddly Smooth Stone","aspiration:RitualStick","Mummified Hand","Tiny Chest","Busted Crown","Old Coin","Toy Ornithopter","StoneCalendar","Smiling Mask","Bottled Tornado","FossilizedHelix"],"acts_visited":["Exordium","TheCity","TheBeyond"],"potions_floor_usage":[7,10,16,20,21,22,31,33,33,38,41,50],"damage_taken":[{"damage":0,"enemies":"Jaw Worm","floor":1,"turns":6},{"damage":5,"enemies":"Small Slimes","floor":3,"turns":4},{"damage":1,"enemies":"Cultist","floor":4,"turns":4},{"damage":5,"enemies":"Lagavulin","floor":7,"turns":10},{"damage":35,"enemies":"Gremlin Nob","floor":10,"turns":8},{"damage":2,"enemies":"Large Slime","floor":11,"turns":8},{"damage":0,"enemies":"Looter","floor":12,"turns":4},{"damage":0,"enemies":"Lagavulin","floor":13,"turns":9},{"damage":13,"enemies":"The Guardian","floor":16,"turns":11},{"damage":0,"enemies":"Spheric Guardian","floor":18,"turns":7},{"damage":10,"enemies":"3 Byrds","floor":20,"turns":4},{"damage":8,"enemies":"Centurion and Healer","floor":21,"turns":6},{"damage":3,"enemies":"Snecko","floor":22,"turns":6},{"damage":43,"enemies":"Gremlin Leader","floor":24,"turns":7},{"damage":10,"enemies":"Slavers","floor":28,"turns":8},{"damage":0,"enemies":"Shelled Parasite and Fungi","floor":29,"turns":8},{"damage":12,"enemies":"Gremlin Leader","floor":31,"turns":7},{"damage":40,"enemies":"Collector","floor":33,"turns":10},{"damage":1,"enemies":"3 Shapes","floor":35,"turns":7},{"damage":4,"enemies":"Mind Bloom Boss Battle","floor":36,"turns":7},{"damage":36,"enemies":"2 Orb Walkers","floor":38,"turns":6},{"damage":32,"enemies":"3 Darklings","floor":39,"turns":6},{"damage":7,"enemies":"Giant Head","floor":41,"turns":7},{"damage":38,"enemies":"Reptomancer","floor":45,"turns":5},{"damage":0,"enemies":"Jaw Worm Horde","floor":46,"turns":5},{"damage":13,"enemies":"Writhing Mass","floor":48,"turns":6},{"damage":22,"enemies":"Donu and Deca","floor":50,"turns":9},{"damage":40,"enemies":"Time Eater","floor":51,"turns":11}],"seed_played":"-195448289787478710","potions_obtained":[{"floor":3,"key":"BlessingOfTheForge"},{"floor":4,"key":"Dexterity Potion"},{"floor":13,"key":"FearPotion"},{"floor":16,"key":"Poison Potion"},{"floor":18,"key":"ColorlessPotion"},{"floor":20,"key":"Poison Potion"},{"floor":28,"key":"Swift Potion"},{"floor":29,"key":"Weak Potion"},{"floor":31,"key":"LiquidBronze"},{"floor":36,"key":"Dexterity Potion"},{"floor":39,"key":"Ancient Potion"},{"floor":48,"key":"SkillPotion"}],"is_trial":false,"path_per_floor":["M","?","M","M","$","R","E","R","T","E","M","M","E","T","R","B",null,"M","$","M","M","M","R","E","?","T","?","E","M","?","E","R","B",null,"M","?","T","?","M","R","E","R","T","R","E","M","$","M","R","B","B",null],"character_chosen":"THE_SILENT","items_purchased":["Caltrops","Pen Nib"],"campfire_rested":3,"item_purchase_floors":[5,19],"current_hp_per_floor":[59,59,54,53,53,53,48,48,48,21,27,35,43,43,43,38,59,66,66,58,60,66,66,27,27,27,10,10,20,33,31,50,20,55,64,66,66,41,21,40,50,50,50,50,24,36,36,35,54,49,21],"gold":30,"neow_bonus":"BOSS_RELIC","is_daily":false,"chose_seed":false,"campfire_upgraded":6,"win_rate":0.0,"timestamp":1612111290,"path_taken":["M","?","M","M","$","R","E","R","T","E","M","M","E","?","R","BOSS","M","$","M","M","M","R","E","?","T","?","E","M","?","E","R","BOSS","M","?","?","?","M","R","E","R","T","R","E","M","$","M","R","BOSS","BOSS"],"items_purchased_type":["Card","Relic"],"build_version":"2020-12-22","purchased_purges":1,"victory":true,"max_hp_per_floor":[66,66,66,66,66,66,66,66,66,66,66,66,66,66,66,66,66,66,66,66,66,66,66,66,66,66,66,66,66,66,66,66,66,66,66,66,66,66,66,66,66,66,66,66,66,66,66,66,66,66,66],"card_choices":[{"not_picked":["Poisoned Stab","Well Laid Plans"],"picked":"Dash","floor":1},{"not_picked":["Blind","Chrysalis"],"picked":"Panache","floor":2},{"not_picked":["Dodge and Roll","Eviscerate"],"picked":"Deflect","floor":3},{"not_picked":["Poisoned Stab","Riddle With Holes"],"picked":"Footwork","floor":4},{"not_picked":["Eviscerate","Flying Knee"],"picked":"Footwork","floor":7},{"not_picked":["Bane","All Out Attack"],"picked":"Backflip","floor":10},{"not_picked":["Heel Hook","Outmaneuver"],"picked":"Prepared","floor":11},{"not_picked":["Quick Slash","Flying Knee"],"picked":"Dodge and Roll","floor":12},{"not_picked":["Outmaneuver","Prepared"],"picked":"Blade Dance","floor":13},{"not_picked":["Doppelganger","Venomology"],"picked":"Envenom","floor":16},{"not_picked":["Finisher","Catalyst"],"picked":"Deflect","floor":18},{"not_picked":["Cloak And Dagger","Reflex"],"picked":"Backflip","floor":20},{"not_picked":["Backflip","Flying Knee"],"picked":"Leg Sweep","floor":21},{"not_picked":["Bouncing Flask","Outmaneuver","Distraction"],"picked":"SKIP","floor":22},{"not_picked":["Backstab","Crippling Poison"],"picked":"Acrobatics","floor":24},{"not_picked":["Concentrate","Deadly Poison","Masterful Stab"],"picked":"SKIP","floor":28},{"not_picked":["Poisoned Stab","Dagger Throw"],"picked":"Choke","floor":29},{"not_picked":["Bane","Unload","Dagger Throw"],"picked":"SKIP","floor":31},{"not_picked":["Doppelganger","Malaise"],"picked":"Tools of the Trade","floor":33},{"not_picked":[],"picked":"Bane+1","floor":35},{"not_picked":[],"picked":"Blade Dance+1","floor":36},{"not_picked":[],"picked":"Terror+1","floor":38},{"not_picked":["Flying Knee+1"],"picked":"SKIP","floor":39},{"not_picked":[],"picked":"Poisoned Stab","floor":41},{"not_picked":[],"picked":"Prepared","floor":45},{"not_picked":["Concentrate"],"picked":"SKIP","floor":46},{"not_picked":[],"picked":"Eviscerate+1","floor":48}],"player_experience":422584,"relics_obtained":[{"floor":7,"key":"Bird Faced Urn"},{"floor":9,"key":"Juzu Bracelet"},{"floor":10,"key":"Incense Burner"},{"floor":13,"key":"Nunchaku"},{"floor":14,"key":"Orichalcum"},{"floor":24,"key":"aspiration:HiddenCompartment"},{"floor":26,"key":"Oddly Smooth Stone"},{"floor":28,"key":"Mummified Hand"},{"floor":31,"key":"Tiny Chest"},{"floor":36,"key":"Old Coin"},{"floor":37,"key":"Toy Ornithopter"},{"floor":38,"key":"StoneCalendar"},{"floor":41,"key":"Smiling Mask"},{"floor":43,"key":"Bottled Tornado"},{"floor":45,"key":"FossilizedHelix"}],"event_choices":[{"damage_healed":0,"gold_gain":1,"player_choice":"1","damage_taken":0,"max_hp_gain":0,"max_hp_loss":0,"event_name":"betterStone:BetterStone","floor":2,"gold_loss":0},{"cards_removed":["Strike_G"],"damage_healed":0,"gold_gain":0,"player_choice":"Purged","damage_taken":0,"max_hp_gain":0,"max_hp_loss":0,"event_name":"Purifier","floor":25,"gold_loss":0},{"damage_healed":13,"gold_gain":0,"player_choice":"Heal","damage_taken":0,"max_hp_gain":0,"max_hp_loss":0,"event_name":"The Library","floor":30,"gold_loss":0},{"damage_healed":0,"gold_gain":0,"player_choice":"Fight","damage_taken":0,"max_hp_gain":0,"max_hp_loss":0,"event_name":"MindBloom","floor":36,"gold_loss":0},{"damage_healed":0,"gold_gain":0,"player_choice":"Fight","damage_taken":0,"max_hp_gain":0,"max_hp_loss":0,"event_name":"Mysterious Sphere","floor":38,"gold_loss":0}],"is_beta":false,"boss_relics":[{"not_picked":["aspiration:PoetsPen_weak","SacredBark"],"picked":"Ectoplasm"},{"not_picked":["aspiration:SecretTechniqueScroll","Coffee Dripper"],"picked":"Busted Crown"}],"items_purged_floors":[5],"is_endless":false,"potions_floor_spawned":[3,4,13,16,18,20,28,29,31,36,39,48],"ascension_level":20}}