{"host":"b7j598ve05halrwk","time":1612067533,"event":{"mods":["2.2 Compatiblity","BaseMod","Block Reminder","DeckTracker","Minty Spire (QoL Compilation)","Relic Stats","Slay the Relics Exporter","StSLib","ojb\u0027s Better Paths Mod","ojb\u0027s Info Mod"],"gold_per_floor":[115,115,115,134,134,161,178,208,208,239,189,189,289,314,314,413,413,427,427,23,23,37,65,84,94,94,9,41,57,417,429,429,527,527,546,563,563,563,616,644,655,686,740,767,778,813,826,844,844,844,844,844,8,37,37],"floor_reached":56,"language":"ENG","playtime":6219,"items_purged":["Strike_R","Strike_R"],"score":2135,"play_id":"3e666243-095f-4d75-b721-5da2e55c8658","local_time":"20210130233213","is_ascension_mode":true,"campfire_choices":[{"data":"Limit Break","floor":12.0,"key":"SMITH"},{"data":"Flame Barrier","floor":15.0,"key":"SMITH"},{"data":"Armaments","floor":32.0,"key":"SMITH"},{"floor":49,"key":"RECALL"},{"data":"True Grit","floor":52,"key":"SMITH"}],"circlet_count":0,"master_deck":["AscendersBane","Defend_R","Defend_R","Defend_R","Defend_R","Bash+1","Combust","Flame Barrier+1","Pommel Strike","Limit Break+1","Blood for Blood","Seeing Red","Juggernaut","Uppercut","Impervious","Inflame","Whirlwind","Shrug It Off+1","Disarm","Armaments+1","Sword Boomerang","Double Tap","Feed","Sword Boomerang","Heavy Blade+1","Dark Shackles","Flash of Steel","Apotheosis","Second Wind","Inflame+1","True Grit+1","True Grit","Seeing Red","Warcry+1","Sentinel","Metallicize","Seeing Red","Carnage","Purity","Spot Weakness+1"],"relics":["Burning Blood","Torii","Vajra","Odd Mushroom","Gambling Chip","Lizard Tail","Ice Cream","Runic Pyramid","Nilry\u0027s Codex","Gremlin Horn","Champion Belt","Juzu Bracelet","Pear","White Beast Statue","Velvet Choker","Dead Branch","Akabeko","Orichalcum","Letter Opener","HornCleat","ClockworkSouvenir","Lantern","Boot","Charon\u0027s Ashes"],"acts_visited":["Exordium","TheCity","TheBeyond","TheEnding"],"potions_floor_usage":[55],"damage_taken":[{"damage":7.0,"enemies":"Jaw Worm","floor":1.0,"turns":6.0},{"damage":2.0,"enemies":"2 Louse","floor":4.0,"turns":4.0},{"damage":27.0,"enemies":"Lagavulin","floor":6.0,"turns":8.0},{"damage":7.0,"enemies":"Small Slimes","floor":7.0,"turns":4.0},{"damage":15.0,"enemies":"The Mushroom Lair","floor":8.0,"turns":4.0},{"damage":17.0,"enemies":"3 Sentries","floor":10.0,"turns":7.0},{"damage":19.0,"enemies":"Lagavulin","floor":14.0,"turns":5.0},{"damage":19.0,"enemies":"The Guardian","floor":16.0,"turns":11.0},{"damage":0.0,"enemies":"3 Byrds","floor":18.0,"turns":1.0},{"damage":1.0,"enemies":"2 Thieves","floor":22.0,"turns":4.0},{"damage":4.0,"enemies":"Gremlin Leader","floor":23.0,"turns":5.0},{"damage":2.0,"enemies":"Cultist and Chosen","floor":24.0,"turns":7.0},{"damage":1.0,"enemies":"Shelled Parasite and Fungi","floor":25.0,"turns":4.0},{"damage":4.0,"enemies":"Book of Stabbing","floor":28.0,"turns":5.0},{"damage":11.0,"enemies":"Centurion and Healer","floor":29.0,"turns":5.0},{"damage":6.0,"enemies":"Cultist and Chosen","floor":31.0,"turns":6.0},{"damage":18.0,"enemies":"Automaton","floor":33.0,"turns":9.0},{"damage":13.0,"enemies":"3 Darklings","floor":35.0,"turns":3.0},{"damage":11.0,"enemies":"3 Shapes","floor":36.0,"turns":7.0},{"damage":13.0,"enemies":"2 Orb Walkers","floor":39.0,"turns":3.0},{"damage":0.0,"enemies":"Reptomancer","floor":40.0,"turns":6.0},{"damage":19.0,"enemies":"Spire Growth","floor":41.0,"turns":6.0},{"damage":0,"enemies":"Giant Head","floor":42,"turns":5},{"damage":15,"enemies":"Reptomancer","floor":44,"turns":6},{"damage":1,"enemies":"4 Shapes","floor":45,"turns":7},{"damage":0,"enemies":"Nemesis","floor":46,"turns":5},{"damage":1,"enemies":"Transient","floor":47,"turns":5},{"damage":0,"enemies":"3 Darklings","floor":48,"turns":3},{"damage":19,"enemies":"Time Eater","floor":50,"turns":8},{"damage":1,"enemies":"Shield and Spear","floor":54,"turns":5},{"damage":50,"enemies":"The Heart","floor":55,"turns":8}],"seed_played":"-1520953320102290407","potions_obtained":[{"floor":1.0,"key":"BlessingOfTheForge"},{"floor":7.0,"key":"DistilledChaos"},{"floor":10.0,"key":"ColorlessPotion"},{"floor":23.0,"key":"PowerPotion"},{"floor":24.0,"key":"Fire Potion"},{"floor":29.0,"key":"Dexterity Potion"},{"floor":31.0,"key":"Energy Potion"},{"floor":35.0,"key":"PowerPotion"},{"floor":39.0,"key":"Weak Potion"},{"floor":40.0,"key":"ElixirPotion"},{"floor":41,"key":"Block Potion"},{"floor":47,"key":"HeartOfIron"},{"floor":48,"key":"ElixirPotion"}],"is_trial":false,"path_per_floor":["M","?","?","M","?","E","M","?","T","E","?","R","?","E","R","B",null,"M","?","$","?","M","E","M","M","T","?","E","M","?","M","R","B",null,"M","M","?","?","?","E","M","E","T","E","M","E","M","M","R","B",null,"R","$","E","B",null],"character_chosen":"IRONCLAD","items_purchased":["Whirlwind","Gremlin Horn","ClockworkSouvenir","Lantern","Metallicize","Seeing Red","Carnage","Purity","Boot"],"campfire_rested":0,"item_purchase_floors":[20,20,53,53,53,53,53,53,53],"current_hp_per_floor":[71,71,68,72,77,56,55,46,46,35,35,35,35,22,22,9,66,72,56,56,56,61,63,67,72,72,82,84,79,43,43,43,31,79,76,74,64,64,57,63,50,56,56,51,60,66,71,77,77,64,99,99,99,107,63],"gold":37,"neow_bonus":"UPGRADE_CARD","is_daily":false,"chose_seed":false,"campfire_upgraded":4,"win_rate":0.0,"timestamp":1612067533,"path_taken":["M","?","?","?","?","E","M","?","T","E","?","R","?","E","R","BOSS","M","?","?","?","M","E","M","?","T","?","E","M","?","M","R","BOSS","M","M","?","?","?","E","M","E","T","E","M","E","M","M","R","BOSS","R","$","E","BOSS"],"items_purchased_type":["Card","Relic","Relic","Relic","Card","Card","Card","Card","Relic"],"build_version":"2020-12-22","purchased_purges":2,"victory":true,"max_hp_per_floor":[80,80,80,80,85,85,85,85,85,85,85,85,85,85,85,85,85,85,85,85,85,85,85,85,85,85,95,95,95,95,95,95,95,95,99,102,102,102,102,102,102,102,102,106,110,110,110,110,110,110,110,110,110,113,113],"relic_stats":{"Torii":91,"Gremlin Horn":[28,29],"counters":[31,172],"Dead Branch":[230],"Charon\u0027s Ashes":[102],"Juzu Bracelet":1,"Letter Opener":[133],"Orichalcum":[30],"Boot":[0],"Burning Blood":186,"Lizard Tail":0,"Gambling Chip":[64],"Champion Belt":[28],"obtain_stats":[{"Ice Cream":14,"Lantern":53,"Pear":27,"Torii":3,"Gremlin Horn":20,"Nilry\u0027s Codex":19,"Dead Branch":39,"Vajra":6,"Velvet Choker":34,"Charon\u0027s Ashes":54,"Juzu Bracelet":26,"Letter Opener":44,"Odd Mushroom":8,"Orichalcum":42,"Boot":53,"Burning Blood":0,"White Beast Statue":28,"Akabeko":40,"ClockworkSouvenir":53,"Lizard Tail":10,"HornCleat":46,"Gambling Chip":9,"Champion Belt":23,"Runic Pyramid":17},{"Ice Cream":7,"Lantern":29,"Pear":13,"Torii":1,"Gremlin Horn":9,"Nilry\u0027s Codex":9,"Dead Branch":20,"Vajra":3,"Velvet Choker":17,"Charon\u0027s Ashes":30,"Juzu Bracelet":13,"Letter Opener":24,"Odd Mushroom":5,"Orichalcum":23,"Boot":29,"Burning Blood":0,"White Beast Statue":14,"Akabeko":21,"ClockworkSouvenir":29,"Lizard Tail":6,"HornCleat":26,"Gambling Chip":5,"Champion Belt":11,"Runic Pyramid":8},{"Ice Cream":38,"Lantern":159,"Pear":70,"Torii":6,"Gremlin Horn":50,"Nilry\u0027s Codex":50,"Dead Branch":108,"Vajra":18,"Velvet Choker":95,"Charon\u0027s Ashes":164,"Juzu Bracelet":70,"Letter Opener":131,"Odd Mushroom":26,"Orichalcum":125,"Boot":159,"Burning Blood":0,"White Beast Statue":75,"Akabeko":114,"ClockworkSouvenir":159,"Lizard Tail":33,"HornCleat":143,"Gambling Chip":26,"Champion Belt":59,"Runic Pyramid":49}]},"card_choices":[{"not_picked":["Warcry","Sword Boomerang"],"picked":"Combust","floor":1.0},{"not_picked":["Heavy Blade","Second Wind"],"picked":"Pommel Strike","floor":4.0},{"not_picked":["True Grit","Dual Wield"],"picked":"Limit Break","floor":6.0},{"not_picked":["Perfected Strike","Havoc"],"picked":"Blood for Blood","floor":7.0},{"not_picked":["Thunderclap","Rampage"],"picked":"Seeing Red","floor":8.0},{"not_picked":["Carnage","Dual Wield"],"picked":"Juggernaut","floor":10.0},{"not_picked":["Body Slam","Sentinel"],"picked":"Uppercut","floor":14.0},{"not_picked":["Exhume","Fiend Fire"],"picked":"Impervious","floor":16.0},{"not_picked":["Bloodletting","Reckless Charge+1"],"picked":"Inflame","floor":18.0},{"not_picked":["Body Slam","Battle Trance"],"picked":"Shrug It Off+1","floor":22.0},{"not_picked":["Warcry","Perfected Strike"],"picked":"Disarm","floor":23.0},{"not_picked":["Entrench","Pommel Strike"],"picked":"Armaments","floor":24.0},{"not_picked":["Wild Strike","Armaments"],"picked":"Sword Boomerang","floor":25.0},{"not_picked":["Combust","Perfected Strike"],"picked":"Double Tap","floor":28.0},{"not_picked":["Whirlwind","Body Slam","Wild Strike"],"picked":"SKIP","floor":29.0},{"not_picked":["Perfected Strike","Twin Strike","Rage"],"picked":"SKIP","floor":31.0},{"not_picked":["Demon Form","Bludgeon"],"picked":"Feed","floor":33.0},{"not_picked":["Twin Strike","Dropkick"],"picked":"Sword Boomerang","floor":35.0},{"not_picked":["Fire Breathing","Wild Strike"],"picked":"Heavy Blade+1","floor":36.0},{"not_picked":["Mind Blast","Finesse"],"picked":"Dark Shackles","floor":37.0},{"not_picked":["Master of Strategy","Panache"],"picked":"Flash of Steel","floor":37.0},{"not_picked":["Thinking Ahead","Flash of Steel"],"picked":"Apotheosis","floor":37.0},{"not_picked":["Body Slam","Evolve"],"picked":"Second Wind","floor":39.0},{"not_picked":["Cleave","Havoc"],"picked":"Inflame+1","floor":40.0},{"not_picked":["Blood for Blood","Infernal Blade"],"picked":"True Grit","floor":41},{"not_picked":["Warcry","Sword Boomerang+1"],"picked":"True Grit","floor":42},{"not_picked":["Clash","Juggernaut"],"picked":"Seeing Red","floor":44},{"not_picked":["Body Slam","Flame Barrier"],"picked":"Warcry+1","floor":45},{"not_picked":["Combust","Armaments","Reckless Charge"],"picked":"SKIP","floor":46},{"not_picked":["Dark Embrace","Sword Boomerang+1"],"picked":"Sentinel","floor":47},{"not_picked":["Hemokinesis","Dropkick","Metallicize"],"picked":"SKIP","floor":48},{"not_picked":["Sword Boomerang","Iron Wave"],"picked":"Spot Weakness+1","floor":54}],"player_experience":1074049,"relics_obtained":[{"floor":6.0,"key":"Vajra"},{"floor":8.0,"key":"Odd Mushroom"},{"floor":9.0,"key":"Gambling Chip"},{"floor":10.0,"key":"Lizard Tail"},{"floor":14.0,"key":"Ice Cream"},{"floor":19.0,"key":"Nilry\u0027s Codex"},{"floor":23.0,"key":"Champion Belt"},{"floor":26.0,"key":"Juzu Bracelet"},{"floor":28.0,"key":"White Beast Statue"},{"floor":39.0,"key":"Dead Branch"},{"floor":40.0,"key":"Akabeko"},{"floor":42,"key":"Orichalcum"},{"floor":44,"key":"Letter Opener"},{"floor":46,"key":"HornCleat"},{"floor":54,"key":"Charon\u0027s Ashes"}],"event_choices":[{"damage_healed":0.0,"max_hp_gain":0.0,"max_hp_loss":0.0,"gold_gain":0.0,"cards_transformed":["Strike_R"],"event_name":"Living Wall","player_choice":"Change","floor":2.0,"gold_loss":0.0,"damage_taken":0.0,"cards_obtained":["Flame Barrier"]},{"damage_healed":0.0,"max_hp_gain":0.0,"max_hp_loss":0.0,"gold_gain":0.0,"event_name":"Scrap Ooze","player_choice":"Success","floor":3.0,"gold_loss":0.0,"damage_taken":3.0,"relics_obtained":["Torii"]},{"damage_healed":0.0,"max_hp_gain":5.0,"max_hp_loss":0.0,"gold_gain":0.0,"event_name":"Big Fish","player_choice":"Donut","floor":5.0,"gold_loss":0.0,"damage_taken":0.0},{"damage_healed":0.0,"max_hp_gain":0.0,"max_hp_loss":0.0,"gold_gain":0.0,"event_name":"Mushrooms","player_choice":"Fought Mushrooms","floor":8.0,"gold_loss":0.0,"damage_taken":0.0},{"cards_removed":["Strike_R"],"damage_healed":0.0,"max_hp_gain":0.0,"max_hp_loss":0.0,"gold_gain":0.0,"event_name":"The Cleric","player_choice":"Card Removal","floor":11.0,"gold_loss":50.0,"damage_taken":0.0},{"damage_healed":0.0,"max_hp_gain":0.0,"max_hp_loss":0.0,"gold_gain":100.0,"event_name":"Golden Shrine","player_choice":"Pray","floor":13.0,"gold_loss":0.0,"damage_taken":0.0},{"damage_healed":0.0,"max_hp_gain":0.0,"max_hp_loss":0.0,"gold_gain":0.0,"event_name":"Cursed Tome","player_choice":"Obtained Book","floor":19.0,"gold_loss":0.0,"damage_taken":16.0},{"cards_removed":["Strike_R"],"damage_healed":0.0,"max_hp_gain":0.0,"max_hp_loss":0.0,"gold_gain":0.0,"event_name":"Purifier","player_choice":"Purged","floor":21.0,"gold_loss":0.0,"damage_taken":0.0},{"damage_healed":0.0,"max_hp_gain":0.0,"max_hp_loss":0.0,"gold_gain":0.0,"event_name":"Addict","player_choice":"Obtained Relic","floor":27.0,"gold_loss":85.0,"damage_taken":0.0,"relics_obtained":["Pear"]},{"damage_healed":0.0,"max_hp_gain":0.0,"max_hp_loss":0.0,"gold_gain":360.0,"event_name":"Knowing Skull","player_choice":"GOLD GOLD GOLD GOLD ","floor":30.0,"potions_obtained":[],"gold_loss":0.0,"damage_taken":36.0,"cards_obtained":[]},{"damage_healed":0.0,"max_hp_gain":0.0,"max_hp_loss":0.0,"gold_gain":0.0,"event_name":"SensoryStone","player_choice":"Memory 3","floor":37.0,"gold_loss":0.0,"damage_taken":10.0},{"damage_healed":0.0,"max_hp_gain":0.0,"max_hp_loss":0.0,"gold_gain":0.0,"event_name":"Tomb of Lord Red Mask","player_choice":"Ignored","floor":38.0,"gold_loss":0.0,"damage_taken":0.0},{"damage_healed":0.0,"max_hp_gain":0.0,"max_hp_loss":0.0,"gold_gain":0.0,"event_name":"Mysterious Sphere","player_choice":"Fight","floor":39.0,"gold_loss":0.0,"damage_taken":0.0}],"is_beta":false,"boss_relics":[{"not_picked":["Busted Crown","Cursed Key"],"picked":"Runic Pyramid"},{"not_picked":["Runic Cube","Black Star"],"picked":"Velvet Choker"}],"items_purged_floors":[20,53],"is_endless":false,"potions_floor_spawned":[1,7,10,23,24,29,31,33,35,36,39,40,41,42,44,45,46,47,48,54],"ascension_level":12}}