{"host":"2htk0ftrajbcnypf","time":1612103059,"event":{"mods":["AchievementEnabler","BaseMod","Better Note","Custom Start","Grow up Mod","Minty Spire (QoL Compilation)","Permanent Neow","Rare Cards Sparkle","Relic Filter Mod","Remove Card Discount Mod","Replay The Spire","StSLib","SuperFastMode"],"gold_per_floor":[109,127,127,127,127,153,164,179,179,195,195,195,207,223,223,325,325,343,0,34,34,74,74,113,1013,1013,1050,1050,1090,1090,1140,1140,1240,1240,1252,1263,1298,772,772,772,328,328,353,368,414,446,546,560,560,560],"floor_reached":51,"language":"ZHS","playtime":2136,"items_purged":["Cold Snap","Strike_B","Defend_B","Defend_B","Strike_B","Strike_B","Zap","Replay:Sssssssssstrike"],"score":756,"play_id":"68b006bd-bb55-4e49-8a94-61139c1279ac","local_time":"20210131222419","is_ascension_mode":false,"campfire_choices":[{"data":"Capacitor","floor":11,"key":"SMITH"},{"data":"Beam Cell","floor":15,"key":"SMITH"},{"floor":23,"key":"REST"},{"floor":28,"key":"REST"},{"floor":32,"key":"REST"},{"floor":40,"key":"REST"},{"floor":42,"key":"REST"}],"circlet_count":0,"master_deck":["Coolheaded+1","Capacitor+1","ReplayGash+1","Static Discharge","Sweeping Beam+1","Panic Button","Lockon+1","Beam Cell+1","Cold Snap+1","HandOfGreed+1","Crystallizer+1","Compile Driver+1","Loop+1","Coolheaded+1","Impatience+1","Chill+1","Blizzard+1","Master of Strategy+1","Streamline+1","Defragment+1","Ball Lightning+1","Madness+1"],"relics":["Cracked Core","Onion Ring","Bottled Tornado","Philosopher\u0027s Stone","Gremlin Food","Frozen Egg 2","SlaversCollar","Membership Card","Unceasing Top","Golden Egg","StoneCalendar","Toy Ornithopter","Eternal Feather","HandDrill","Pen Nib","CaptainsWheel","Garlic"],"acts_visited":["Exordium","TheCity","TheBeyond"],"potions_floor_usage":[16,16,33,48,50,50],"damage_taken":[{"damage":1,"enemies":"Jaw Worm","floor":1,"turns":3},{"damage":0,"enemies":"2 Louse","floor":2,"turns":3},{"damage":30,"enemies":"Lagavulin","floor":6,"turns":5},{"damage":10,"enemies":"Small Slimes","floor":7,"turns":3},{"damage":5,"enemies":"3 Louse","floor":8,"turns":2},{"damage":26,"enemies":"Exordium Thugs","floor":10,"turns":5},{"damage":16,"enemies":"Gremlin Gang","floor":13,"turns":3},{"damage":8,"enemies":"Looter","floor":14,"turns":2},{"damage":47,"enemies":"Fading Forest","floor":16,"turns":11},{"damage":13,"enemies":"3 Byrds","floor":18,"turns":2},{"damage":10,"enemies":"Chosen","floor":20,"turns":2},{"damage":11,"enemies":"Snecko","floor":22,"turns":3},{"damage":6,"enemies":"Centurion and Healer","floor":24,"turns":3},{"damage":17,"enemies":"Chosen and Byrds","floor":27,"turns":4},{"damage":34,"enemies":"Shelled Parasite and Fungi","floor":29,"turns":3},{"damage":75,"enemies":"Automaton","floor":33,"turns":7},{"damage":37,"enemies":"3 Shapes","floor":35,"turns":3},{"damage":40,"enemies":"3 Darklings","floor":36,"turns":3},{"damage":76,"enemies":"4 Shapes","floor":37,"turns":4},{"damage":35,"enemies":"Transient","floor":44,"turns":5},{"damage":32,"enemies":"2 Orb Walkers","floor":45,"turns":3},{"damage":37,"enemies":"Nemesis","floor":46,"turns":5},{"damage":13,"enemies":"3 Darklings","floor":48,"turns":3},{"damage":35,"enemies":"Donu and Deca","floor":50,"turns":5}],"seed_played":"-7286332188206657438","potions_obtained":[{"floor":7,"key":"Strength Potion"},{"floor":8,"key":"Dexterity Potion"},{"floor":10,"key":"AttackPotion"},{"floor":29,"key":"Energy Potion"},{"floor":33,"key":"Regen Potion"},{"floor":37,"key":"FearPotion"},{"floor":44,"key":"FearPotion"},{"floor":46,"key":"EssenceOfDarkness"}],"is_trial":false,"path_per_floor":["M","M","$","?","?","E","M","M","T","M","R","?","M","M","R","B",null,"M","$","M","$","M","R","M","?","T","M","R","M","?","?","R","B",null,"M","M","M","$","?","R","$","R","T","M","?","E","?","M","R","B",null],"character_chosen":"DEFECT","items_purchased":["HandOfGreed","Gremlin Food","Membership Card","Unceasing Top","Golden Egg","Master of Strategy","Streamline","Defragment+1","Ball Lightning","Madness","ReplayTheSpireMod:Necrogeddon","Toy Ornithopter","Eternal Feather","HandDrill"],"campfire_rested":5,"item_purchase_floors":[19,19,38,38,38,38,38,41,41,41,41,41,41,41],"current_hp_per_floor":[94,104,114,124,134,114,114,119,129,113,123,126,120,122,132,117,255,252,262,262,272,271,315,319,212,222,215,331,307,317,327,405,340,425,398,368,302,312,322,474,484,505,515,490,468,441,451,458,480,465],"gold":560,"neow_bonus":"TRANSFORM_CARD","is_daily":false,"chose_seed":false,"campfire_upgraded":2,"win_rate":0.0,"timestamp":1612103059,"path_taken":["M","M","$","?","?","E","M","M","T","M","R","?","?","M","R","BOSS","M","$","M","$","M","R","M","?","T","M","R","M","?","?","R","BOSS","M","?","M","$","?","R","?","R","T","M","?","E","?","M","R","BOSS"],"items_purchased_type":["Card","Relic","Relic","Relic","Relic","Card","Card","Card","Card","Card","Card","Relic","Relic","Relic"],"build_version":"2020-12-22","purchased_purges":8,"victory":true,"max_hp_per_floor":[95,105,115,125,135,145,155,165,175,185,195,205,215,225,235,245,255,265,275,285,295,305,315,325,335,345,355,365,375,385,395,405,415,425,435,445,455,465,475,485,495,505,515,525,535,545,555,565,575,585],"card_choices":[{"not_picked":["Hologram","Streamline","Auto Shields"],"picked":"SKIP","floor":1},{"not_picked":["Heatsinks","Streamline"],"picked":"Capacitor","floor":2},{"not_picked":["Leap","Compile Driver"],"picked":"Sweeping Beam","floor":6},{"not_picked":["Storm","BasicCrystalCard"],"picked":"Panic Button","floor":7},{"not_picked":["Aggregate","Storm","ReplayTheSpireMod:Omega Cannon"],"picked":"SKIP","floor":8},{"not_picked":["Conserve Battery","Go for the Eyes"],"picked":"Lockon","floor":10},{"not_picked":["Chill","Redo"],"picked":"Cold Snap","floor":13},{"not_picked":["FTL","Defragment"],"picked":"Beam Cell","floor":14},{"not_picked":["Stack+1","Ball Lightning"],"picked":"Cold Snap+1","floor":18},{"not_picked":["Ball Lightning","Hologram+1"],"picked":"Crystallizer","floor":20},{"not_picked":["Steam","Panic Button+1","Sweeping Beam"],"picked":"SKIP","floor":22},{"not_picked":["Ball Lightning","Scrape"],"picked":"Compile Driver+1","floor":24},{"not_picked":["Self Repair+1","FTL"],"picked":"Loop+1","floor":27},{"not_picked":["Streamline","Conserve Battery+1"],"picked":"Coolheaded+1","floor":29},{"not_picked":["BasicCrystalCard+1","White Noise","Gash"],"picked":"SKIP","floor":35},{"not_picked":["Redo+1","Panic Button+1"],"picked":"Chill+1","floor":36},{"not_picked":["Stack","Redo+1"],"picked":"Blizzard+1","floor":37},{"not_picked":["FTL","Beam Cell","Go for the Eyes+1"],"picked":"SKIP","floor":44},{"not_picked":["Streamline","Blizzard","Hologram"],"picked":"SKIP","floor":46},{"not_picked":["Barrage","Doom and Gloom","Cold Snap+1"],"picked":"SKIP","floor":48}],"player_experience":4031,"relics_obtained":[{"floor":6,"key":"Onion Ring"},{"floor":9,"key":"Bottled Tornado"},{"floor":26,"key":"Frozen Egg 2"},{"floor":43,"key":"Pen Nib"},{"floor":45,"key":"CaptainsWheel"},{"floor":46,"key":"Garlic"}],"event_choices":[{"damage_healed":0,"gold_gain":0,"cards_transformed":["Defend_B"],"player_choice":"Change","damage_taken":0,"max_hp_gain":0,"max_hp_loss":0,"event_name":"Living Wall","floor":5,"gold_loss":0,"cards_obtained":["Static Discharge"]},{"cards_removed":["Strike_B"],"damage_healed":0,"gold_gain":0,"player_choice":"Card Removal","damage_taken":7,"max_hp_gain":0,"max_hp_loss":0,"event_name":"Golden Wing","floor":12,"gold_loss":0},{"damage_healed":0,"gold_gain":900,"player_choice":"GOLD GOLD CARD GOLD GOLD GOLD GOLD GOLD GOLD GOLD GOLD ","damage_taken":117,"max_hp_gain":0,"max_hp_loss":0,"event_name":"Knowing Skull","floor":25,"potions_obtained":[],"gold_loss":0,"cards_obtained":["Replay:Sssssssssstrike"]},{"cards_removed":["Beam Cell"],"damage_healed":0,"gold_gain":0,"player_choice":"Take \u0026 Give","damage_taken":0,"max_hp_gain":0,"max_hp_loss":0,"event_name":"betterNote:BetterNote","floor":30,"gold_loss":0,"cards_obtained":["Impatience"]},{"damage_healed":0,"gold_gain":100,"player_choice":"Bet on Murderer","damage_taken":0,"max_hp_gain":0,"max_hp_loss":0,"event_name":"The Joust","floor":31,"gold_loss":50},{"damage_healed":0,"gold_gain":0,"player_choice":"Gave Potion","damage_taken":0,"relics_obtained":["StoneCalendar"],"max_hp_gain":0,"max_hp_loss":0,"event_name":"WeMeetAgain","floor":39,"gold_loss":0},{"damage_healed":0,"gold_gain":0,"player_choice":"Fight","damage_taken":0,"max_hp_gain":0,"max_hp_loss":0,"event_name":"Mysterious Sphere","floor":45,"gold_loss":0},{"damage_healed":0,"gold_gain":100,"player_choice":"Pray","damage_taken":0,"max_hp_gain":0,"max_hp_loss":0,"event_name":"Golden Shrine","floor":47,"gold_loss":0},{"cards_removed":["ReplayTheSpireMod:Necrogeddon"],"damage_healed":0,"gold_gain":0,"player_choice":"Purged","damage_taken":0,"max_hp_gain":0,"max_hp_loss":0,"event_name":"Purifier","floor":49,"gold_loss":0}],"is_beta":false,"boss_relics":[{"not_picked":["Replay:Bronze Core","Abe\u0027s Treasure"],"picked":"Philosopher\u0027s Stone"},{"not_picked":["Inserter","Empty Cage"],"picked":"SlaversCollar"}],"items_purged_floors":[19,19,19,19,19,19,38,38],"is_endless":false,"potions_floor_spawned":[7,8,10,14,29,33,37,44,45,46],"ascension_level":0}}