{"host":"3a1ypf1irl30q4k8","time":1612079316,"event":{"mods":["AchievementEnabler","BaseMod","Bestiary","Colored Map","Minty Spire (QoL Compilation)","Relic Stats"],"gold_per_floor":[109,128,138,213,213,213,230,230,230,261,261,296,296,296,296,400,400,415,10,24,24,39,39,39,39,39,52,69,95,109,138,138,138,138],"floor_reached":33,"language":"ENG","playtime":2161,"items_purged":["Strike_G"],"score":339,"play_id":"d438b4c4-4c07-4a06-97ee-6bead822f40d","local_time":"20210131074836","is_ascension_mode":true,"campfire_choices":[{"data":"Quick Slash","floor":6,"key":"SMITH"},{"data":"Predator","floor":8,"key":"SMITH"},{"floor":11,"key":"REST"},{"data":"Deflect","floor":13,"key":"SMITH"},{"data":"PiercingWail","floor":15,"key":"SMITH"},{"data":"Deflect","floor":23,"key":"SMITH"},{"data":"Wraith Form v2","floor":32,"key":"SMITH"}],"circlet_count":0,"master_deck":["Strike_G","Strike_G","Strike_G","Defend_G","Defend_G","Defend_G","Defend_G","Defend_G","Survivor","Neutralize","Quick Slash+1","Blade Dance","Poisoned Stab","Predator+1","PiercingWail+1","Deflect+1","Adrenaline","Malaise","Noxious Fumes","Predator","Deflect","Crippling Poison","Deflect+1","PiercingWail+1","Backstab","Wraith Form v2+1","Blur+1","Distraction+1","Envenom"],"relics":["Philosopher\u0027s Stone","Prayer Wheel","Du-Vu Doll","StrikeDummy","Runic Pyramid","Gremlin Horn","Mummified Hand","Bottled Lightning","Sundial"],"acts_visited":["Exordium","TheCity"],"potions_floor_usage":[3,16,29,33,33,33],"damage_taken":[{"damage":0,"enemies":"Jaw Worm","floor":1,"turns":4},{"damage":0,"enemies":"Small Slimes","floor":2,"turns":4},{"damage":0,"enemies":"2 Louse","floor":3,"turns":2},{"damage":2,"enemies":"Red Slaver","floor":7,"turns":3},{"damage":14,"enemies":"Gremlin Nob","floor":10,"turns":3},{"damage":18,"enemies":"Lagavulin","floor":12,"turns":5},{"damage":19,"enemies":"Slime Boss","floor":16,"turns":9},{"damage":6,"enemies":"3 Byrds","floor":18,"turns":5},{"damage":0,"enemies":"Shell Parasite","floor":20,"turns":5},{"damage":12,"enemies":"Snecko","floor":22,"turns":5},{"damage":3,"enemies":"Snake Plant","floor":27,"turns":5},{"damage":0,"enemies":"Cultist and Chosen","floor":28,"turns":5},{"damage":8,"enemies":"Slavers","floor":29,"turns":5},{"damage":0,"enemies":"Centurion and Healer","floor":30,"turns":7},{"damage":4,"enemies":"Gremlin Leader","floor":31,"turns":7},{"damage":84,"enemies":"Automaton","floor":33,"turns":12}],"seed_played":"3677375673174983932","potions_obtained":[{"floor":2,"key":"Fire Potion"},{"floor":12,"key":"DistilledChaos"},{"floor":20,"key":"FearPotion"},{"floor":28,"key":"Fruit Juice"},{"floor":29,"key":"SneckoOil"},{"floor":30,"key":"Regen Potion"}],"is_trial":false,"path_per_floor":["M","M","M","?","?","R","M","R","T","E","R","E","R","?","R","B",null,"M","$","M","$","M","R","?","?","T","M","M","E","M","E","R","B"],"character_chosen":"THE_SILENT","items_purchased":["Predator","Deflect","Gremlin Horn"],"campfire_rested":1,"item_purchase_floors":[19,19,19],"current_hp_per_floor":[70,70,70,59,52,52,50,50,50,36,57,39,39,39,39,20,70,64,64,64,64,52,52,52,52,52,49,49,46,46,42,42,0,0],"gold":138,"neow_bonus":"BOSS_RELIC","is_daily":false,"chose_seed":false,"campfire_upgraded":6,"win_rate":0.0,"timestamp":1612079316,"path_taken":["M","M","M","?","?","R","M","R","T","E","R","E","R","?","R","BOSS","M","$","M","$","M","R","?","?","T","M","M","E","M","E","R","BOSS"],"items_purchased_type":["Card","Card","Relic"],"build_version":"2020-12-22","purchased_purges":1,"victory":false,"max_hp_per_floor":[70,70,70,70,70,70,70,70,70,70,70,70,70,70,70,70,70,70,70,70,70,70,70,70,70,70,70,70,75,75,75,75,75,75],"relic_stats":{"Gremlin Horn":[8,9],"counters":[16,86],"Mummified Hand":[10],"Sundial":[0],"Prayer Wheel":6,"obtain_stats":[{"Du-Vu Doll":10,"Gremlin Horn":19,"Mummified Hand":26,"Sundial":31,"Philosopher\u0027s Stone":0,"Prayer Wheel":9,"Bottled Lightning":29,"StrikeDummy":12,"Ring of the Snake":0,"Runic Pyramid":17},{"Du-Vu Doll":5,"Gremlin Horn":8,"Mummified Hand":10,"Sundial":15,"Philosopher\u0027s Stone":0,"Prayer Wheel":4,"Bottled Lightning":13,"StrikeDummy":6,"Ring of the Snake":0,"Runic Pyramid":7},{"Du-Vu Doll":16,"Gremlin Horn":35,"Mummified Hand":45,"Sundial":74,"Philosopher\u0027s Stone":0,"Prayer Wheel":13,"Bottled Lightning":60,"StrikeDummy":21,"Ring of the Snake":0,"Runic Pyramid":30}]},"card_choices":[{"not_picked":["Dagger Spray","Bane"],"picked":"Quick Slash","floor":1},{"not_picked":["Dodge and Roll","Deflect"],"picked":"Blade Dance","floor":2},{"not_picked":["Tactician","Dodge and Roll"],"picked":"Poisoned Stab","floor":3},{"not_picked":["Deadly Poison","Infinite Blades"],"picked":"Predator","floor":7},{"not_picked":["Sucker Punch","Prepared"],"picked":"PiercingWail","floor":10},{"not_picked":["Tools of the Trade","Deadly Poison"],"picked":"Deflect","floor":12},{"not_picked":["Storm of Steel","Night Terror"],"picked":"Adrenaline","floor":16},{"not_picked":["Cloak And Dagger","Acrobatics+1"],"picked":"Malaise","floor":18},{"not_picked":["Poisoned Stab","Underhanded Strike"],"picked":"Noxious Fumes","floor":18},{"not_picked":["Backstab","Flying Knee"],"picked":"Crippling Poison","floor":20},{"not_picked":["Skewer","Slice+1","Bane"],"picked":"SKIP","floor":20},{"not_picked":["Dagger Throw","Acrobatics+1"],"picked":"Deflect","floor":22},{"not_picked":["Blade Dance","Leg Sweep","Malaise"],"picked":"SKIP","floor":22},{"not_picked":["Prepared","Dodge and Roll"],"picked":"Backstab","floor":27},{"not_picked":["PiercingWail","Dodge and Roll+1"],"picked":"Wraith Form v2","floor":27},{"not_picked":["Escape Plan","PiercingWail"],"picked":"Blur+1","floor":28},{"not_picked":["Dagger Throw","Blade Dance"],"picked":"Distraction+1","floor":28},{"not_picked":["Cloak And Dagger+1","Distraction","Bane"],"picked":"SKIP","floor":29},{"not_picked":["Tactician","Dagger Throw","Cloak And Dagger"],"picked":"SKIP","floor":30},{"not_picked":["Quick Slash","Distraction","Poisoned Stab"],"picked":"SKIP","floor":30},{"not_picked":["Catalyst","Terror"],"picked":"Envenom","floor":31}],"player_experience":1255594,"relics_obtained":[{"floor":9,"key":"Prayer Wheel"},{"floor":10,"key":"Du-Vu Doll"},{"floor":12,"key":"StrikeDummy"},{"floor":26,"key":"Mummified Hand"},{"floor":29,"key":"Bottled Lightning"},{"floor":31,"key":"Sundial"}],"event_choices":[{"damage_healed":0,"gold_gain":75,"player_choice":"Gather Gold","damage_taken":11,"max_hp_gain":0,"max_hp_loss":0,"event_name":"World of Goop","floor":4,"gold_loss":0},{"cards_removed":["Strike_G"],"damage_healed":0,"gold_gain":0,"player_choice":"Card Removal","damage_taken":7,"max_hp_gain":0,"max_hp_loss":0,"event_name":"Golden Wing","floor":5,"gold_loss":0},{"damage_healed":0,"gold_gain":0,"player_choice":"Fled","damage_taken":0,"max_hp_gain":0,"max_hp_loss":0,"event_name":"Scrap Ooze","floor":14,"gold_loss":0},{"damage_healed":0,"gold_gain":0,"player_choice":"Ignored","damage_taken":0,"max_hp_gain":0,"max_hp_loss":0,"event_name":"Ghosts","floor":24,"gold_loss":0},{"damage_healed":0,"gold_gain":0,"player_choice":"Copied","damage_taken":0,"max_hp_gain":0,"max_hp_loss":0,"event_name":"Duplicator","floor":25,"gold_loss":0,"cards_obtained":["PiercingWail"]}],"is_beta":false,"boss_relics":[{"not_picked":["Ectoplasm","Coffee Dripper"],"picked":"Runic Pyramid"}],"items_purged_floors":[19],"is_endless":false,"potions_floor_spawned":[2,12,20,28,29,30],"killed_by":"Automaton","ascension_level":3}}