{"host":"chc729w01xohs7cj","time":1612057345,"event":{"mods":["Act Like it!","Aspiration","BaseMod","Better Match","Better Note","Better Third Choice","Booster Modes","Colored Map","Colored Powertips","Hallownest","Minty Spire (QoL Compilation)","Random Character Button","Replay The Spire","StSLib","The Blue Laboratory","The Bug Knight","The Shade"],"gold_per_floor":[118,134,64,64,64,99,99,115,115,115,128,0,27,42,42,42,42],"floor_reached":16,"language":"ENG","playtime":2476,"items_purged":[],"score":115,"play_id":"25c2d279-dd18-437e-a46c-e1d5ba5314f4","local_time":"20210130174225","is_ascension_mode":true,"campfire_choices":[{"floor":7,"key":"DIG"},{"floor":15,"key":"REST"}],"circlet_count":0,"master_deck":["HollowMod:NailStrikeStart","HollowMod:NailStrikeStart","HollowMod:NailStrikeStart","HollowMod:QuickDashStart","HollowMod:QuickDashStart","HollowMod:QuickDashStart","HollowMod:QuickDashStart","HollowMod:FocusHealStart","HollowMod:PogoStrike","HollowMod:CycloneSlash","HollowMod:TaintedHusks","HollowMod:AwokenDreamNail","HollowMod:InfectedCysts","HollowMod:DesolateDive"],"relics":["HollowMod:VesselMask","aspiration:Nostalgia","Ring of the Snake","Hallownest:StagBellRelic1","Hallownest:DreamNailRelic","Shovel","Replay:WaspNest","Pet Ghost","Hallownest:BankAccountRelic","HollowMod:LifeEnderRelic"],"acts_visited":["Exordium"],"potions_floor_usage":[6,16,16],"damage_taken":[{"damage":0,"enemies":"Hallownest:2_Tiktiks_and_1_Crawlid","floor":1,"turns":4},{"damage":1,"enemies":"2_ Uuma","floor":2,"turns":4},{"damage":47,"enemies":"Hallownest:eliteMossKnight","floor":6,"turns":12},{"damage":0,"enemies":"Hallownest:monsterHuskGuard","floor":8,"turns":3},{"damage":28,"enemies":"Hallownest:Guard_and_Warrior","floor":11,"turns":4},{"damage":3,"enemies":"Hallownest:eliteVengeflyKing","floor":13,"turns":7},{"damage":7,"enemies":"Hallownest:2_Tiktiks_1_Baldur_1_Crawlid","floor":14,"turns":1},{"damage":46,"enemies":"Hallownest:BossHornet","floor":16,"turns":7}],"seed_played":"-6611966609238853445","potions_obtained":[{"floor":1,"key":"SkillPotion"},{"floor":6,"key":"Swift Potion"},{"floor":13,"key":"BlessingOfTheForge"}],"is_trial":false,"path_per_floor":["M","M","?","?","?","E","R","M","T","?","M","?","E","M","R","B"],"character_chosen":"THE_BUGKNIGHT","items_purchased":[],"campfire_rested":1,"item_purchase_floors":[],"current_hp_per_floor":[75,75,75,75,75,34,34,34,34,34,12,12,19,12,34,0,0],"gold":42,"neow_bonus":"NOSTALGIA","is_daily":false,"chose_seed":false,"campfire_upgraded":0,"win_rate":0.0,"timestamp":1612057345,"path_taken":["M","M","?","?","?","E","R","?","T","?","M","?","E","M","R","BOSS"],"items_purchased_type":[],"build_version":"2020-12-22","purchased_purges":0,"victory":false,"max_hp_per_floor":[75,75,75,75,75,75,75,75,75,75,75,75,75,75,75,75,75],"card_choices":[{"not_picked":["HollowMod:VengefulSpirit","HollowMod:FallenFury"],"picked":"HollowMod:CycloneSlash","floor":1},{"not_picked":["HollowMod:LifebloodCocoon","HollowMod:HeavyBlow"],"picked":"HollowMod:TaintedHusks","floor":2},{"not_picked":["HollowMod:SoulStrike","HollowMod:VengefulSpirit","HollowMod:MonarchWings"],"picked":"SKIP","floor":6},{"not_picked":["HollowMod:WraithStrike","HollowMod:DescendingDark"],"picked":"HollowMod:InfectedCysts","floor":8},{"not_picked":["HollowMod:FallenFury","HollowMod:SharpenedNail","HollowMod:SoulStrike"],"picked":"SKIP","floor":11},{"not_picked":["HollowMod:HornetsHelp","HollowMod:SiblingsSouls","HollowMod:InfectedCysts"],"picked":"SKIP","floor":13},{"not_picked":["HollowMod:RecoilStrike","HollowMod:VengefulVoid"],"picked":"HollowMod:DesolateDive","floor":14}],"player_experience":323512,"relics_obtained":[{"floor":6,"key":"Shovel"},{"floor":7,"key":"Replay:WaspNest"},{"floor":9,"key":"Pet Ghost"},{"floor":13,"key":"HollowMod:LifeEnderRelic"}],"event_choices":[],"is_beta":false,"boss_relics":[],"items_purged_floors":[],"is_endless":false,"potions_floor_spawned":[1,6,13],"killed_by":"Hallownest:BossHornet","ascension_level":1}}