{"host":"Aki","time":1612108248,"event":{"mods":["ATMod(°¢èªMod)","BaseMod","Challenge The Spire","Custom Start","DeckTracker","Minty Spire (QoL Compilation)","Quick Restart","StSLib"],"gold_per_floor":[598,52,170,287,402,402,155,41,158,278,392,392,342,44,157,275,386,499],"floor_reached":19,"language":"ZHS","playtime":1410,"items_purged":["Strike_G","Defend_G","Defend_G","Strike_G","Defend_G"],"score":2765,"play_id":"7964cb17-779d-4c64-abc8-c4b07d6e6f70","local_time":"20210131235048","daily_mods":["challengethespire:Bronze Difficulty","challengethespire:Boss Rush","Uncertain Future"],"is_ascension_mode":false,"campfire_choices":[],"circlet_count":0,"master_deck":["Strike_G","Strike_G","Defend_G","Survivor","Neutralize","AT_ShrugMaster+1","Well Laid Plans+1","Acrobatics+1","Noxious Fumes+1","AT_ArcaneSupremacy+1","AT_TinkerSharpsword+1","Tactician+1","Adrenaline+1","Terror+1","Calculated Gamble+1","Acrobatics+1","AT_ThistleTea+1","Calculated Gamble+1","CurseOfTheBell","Reflex+1","Tactician+1","Acrobatics+1","Footwork+1","AT_KneejerkReflex+1","Calculated Gamble+1","Riddle With Holes+1","After Image+1","AT_TinkerSharpsword+1"],"relics":["Ring of the Snake","The Courier","Molten Egg 2","Toxic Egg 2","Frozen Egg 2","AT_ATBox","Bag of Preparation","AT_RedNoBalance","AT_Kusabimaru","Gremlin Horn","Sundial","Smiling Mask","Empty Cage","AT_ImmortalShieldbow","Meat on the Bone","Oddly Smooth Stone","AT_ChloranthyRing","Calling Bell","Akabeko","Pear","Tough Bandages","DollysMirror","Lantern","Anchor","Bottled Tornado","Mango"],"acts_visited":["Exordium"],"potions_floor_usage":[5,10],"damage_taken":[{"damage":25,"enemies":"Slime Boss","floor":3,"turns":7},{"damage":17,"enemies":"Hexaghost","floor":4,"turns":7},{"damage":0,"enemies":"The Guardian","floor":5,"turns":5},{"damage":1,"enemies":"Automaton","floor":9,"turns":7},{"damage":0,"enemies":"Collector","floor":10,"turns":2},{"damage":3,"enemies":"Champ","floor":11,"turns":4},{"damage":30,"enemies":"Time Eater","floor":15,"turns":10},{"damage":0,"enemies":"Donu and Deca","floor":16,"turns":5},{"damage":0,"enemies":"Awakened One","floor":17,"turns":4},{"damage":0,"enemies":"The Heart","floor":18,"turns":3}],"seed_played":"2860428829061494777","potions_obtained":[{"floor":4,"key":"DistilledChaos"},{"floor":9,"key":"Weak Potion"},{"floor":11,"key":"BlessingOfTheForge"},{"floor":15,"key":"SneckoOil"},{"floor":17,"key":"Dexterity Potion"}],"is_trial":true,"path_per_floor":["$","$","M","M","M","T","$","$","M","M","M","T","$","$","M","M","M","M",null],"character_chosen":"THE_SILENT","items_purchased":["Well Laid Plans+1","Acrobatics+1","Noxious Fumes+1","AT_ArcaneSupremacy+1","Bag of Preparation","AT_TinkerSharpsword+1","AT_SilverBalance","AT_Kusabimaru","AT_ImmortalShieldbow","Calculated Gamble+1","Reflex+1","DollysMirror","Acrobatics+1","Footwork+1","AT_KneejerkReflex+1"],"campfire_rested":0,"item_purchase_floors":[1,1,1,1,1,2,2,2,7,8,14,14,14,14,14],"current_hp_per_floor":[70,70,10,18,35,35,35,35,34,47,44,54,54,54,41,42,42,56],"gold":499,"neow_bonus":"","is_daily":false,"chose_seed":false,"campfire_upgraded":0,"win_rate":0.0,"timestamp":1612108248,"path_taken":["$","$","M","M","M","T","$","$","M","M","M","T","$","$","M","M","M","M"],"items_purchased_type":["Card","Card","Card","Card","Relic","Card","Relic","Relic","Relic","Card","Card","Relic","Card","Card","Card"],"build_version":"2020-12-18","purchased_purges":5,"victory":true,"max_hp_per_floor":[70,70,70,70,70,70,70,70,70,70,70,80,80,80,80,80,80,94],"card_choices":[],"player_experience":25160,"relics_obtained":[{"floor":3,"key":"Gremlin Horn"},{"floor":4,"key":"Sundial"},{"floor":5,"key":"Smiling Mask"},{"floor":9,"key":"Meat on the Bone"},{"floor":10,"key":"Oddly Smooth Stone"},{"floor":11,"key":"AT_ChloranthyRing"},{"floor":12,"key":"Akabeko"},{"floor":12,"key":"Pear"},{"floor":12,"key":"Tough Bandages"},{"floor":15,"key":"Lantern"},{"floor":16,"key":"Anchor"},{"floor":17,"key":"Bottled Tornado"},{"floor":18,"key":"Mango"}],"event_choices":[],"is_beta":true,"boss_relics":[{"not_picked":["Cursed Key","Ring of the Serpent"],"picked":"Empty Cage"},{"not_picked":["Pantograph","Runic Pyramid"],"picked":"Calling Bell"}],"items_purged_floors":[1,2,7,8,13],"is_endless":false,"potions_floor_spawned":[4,9,11,15,17,18],"ascension_level":0}}