{"host":"2e5gbsni44p3458r","time":1612057589,"event":{"mods":["BaseMod","Colored Map","Downfall","Hermit","Minty Spire (QoL Compilation)","Replay The Spire","StSLib","The Cursed"],"gold_per_floor":[0,10,10,29,29,29,56,90,90,0,60,94,105,136,155,259,259,159,176,189,189,189,224,224,257,157,172,222,249,261,74,92,196,196,196,107,164,164,179,207,260,260,272,292,19,54,54,70,87,87],"floor_reached":51,"language":"ENG","playtime":3674,"items_purged":["Slimebound:Defend_Slimebound","Delirium","downfall:Bewildered","ReplayTheSpireMod:Restless Dread"],"score":1041,"play_id":"74dba5ef-8090-4394-bc4d-6b02d10a1912","local_time":"20210131104629","is_ascension_mode":true,"campfire_choices":[{"data":"Slimebound:Split","floor":1,"key":"SMITH"},{"data":"Slimebound:PressTheAttack","floor":6,"key":"SMITH"},{"data":"Slimebound:DuplicatedForm","floor":26,"key":"SMITH"},{"data":"Slimebound:MassRepurpose","floor":30,"key":"SMITH"},{"floor":35,"key":"RECALL"},{"floor":47,"key":"REST"}],"circlet_count":0,"master_deck":["Slimebound:Defend_Slimebound","Slimebound:Defend_Slimebound","Slimebound:Split+1","Slimebound:CorrosiveSpit","Slimebound:PressTheAttack+1","Slimebound:GoopSpray","Slimebound:Darklings","Slimebound:LeadByExample","Slimebound:SlimeSpikes","Slimebound:MassRepurpose+1","Slimebound:DuplicatedForm+1","Slimebound:GoopSpray","Slimebound:SplitSpecialist","Slimebound:Repurpose","Slimebound:DisruptingSlam+1","Slimebound:GoopSpray","Slimebound:TagTeam","Slimebound:MassFeed","ReplayTheSpireMod:Splinters","Replay:Hysterical Blindness","Slimebound:SlimeSpikes","Slimebound:DuplicatedForm+1","Slimebound:SpikyOuterGoop+1","Hallucinations","Slimebound:FirmFortitude","Slimebound:Replication+1","ReplayTheSpireMod:IOU","Slimebound:LevelUp"],"relics":["Slimebound:AbsorbEndCombat","downfall:ShatteredFragment","Bag of Preparation","FossilizedHelix","Blue Candle","ReplayTheSpireMod:Ninjato","Durian","Bronze Scales","Ring of Chaos","downfall:HeartBlessingGreen","Replay:Bottled Flurry","Replay:Mystery Machine","downfall:HeartBlessingBlue","ReplayTheSpireMod:Ring of Challenge","Ring of Greed","MawBank","Replay:Wax Seal","Fusion Hammer","DollysMirror","Simple Rune","Bag of Marbles","Omamori","HornCleat"],"acts_visited":["Exordium","TheCity","TheBeyond"],"potions_floor_usage":[11,23,23,31,50,50],"damage_taken":[{"damage":0,"enemies":"Cultist","floor":2,"turns":3},{"damage":1,"enemies":"2 Louse","floor":4,"turns":2},{"damage":0,"enemies":"Replay:BlueRogue","floor":8,"turns":4},{"damage":0,"enemies":"downfall:FleeingMerchant","floor":10,"turns":4},{"damage":0,"enemies":"3 Sentries","floor":11,"turns":4},{"damage":13,"enemies":"Gremlin Nob","floor":12,"turns":4},{"damage":0,"enemies":"Jaw Worm","floor":13,"turns":2},{"damage":5,"enemies":"3 Sentries","floor":14,"turns":4},{"damage":0,"enemies":"3 Louse","floor":15,"turns":2},{"damage":12,"enemies":"DF_ARCHETYPE_STREAMLINE","floor":16,"turns":7},{"damage":0,"enemies":"Spheric Guardian","floor":19,"turns":4},{"damage":0,"enemies":"Shell Parasite","floor":20,"turns":5},{"damage":25,"enemies":"Slavers","floor":23,"turns":5},{"damage":19,"enemies":"Book of Stabbing","floor":25,"turns":5},{"damage":0,"enemies":"3 Cultists","floor":27,"turns":4},{"damage":0,"enemies":"Centurion and Healer","floor":29,"turns":4},{"damage":0,"enemies":"downfall:FleeingMerchant","floor":31,"turns":4},{"damage":3,"enemies":"Shelled Parasite and Fungi","floor":32,"turns":3},{"damage":29,"enemies":"SI_MIRROR_ARCHETYPE","floor":33,"turns":8},{"damage":16,"enemies":"3 Darklings","floor":36,"turns":5},{"damage":0,"enemies":"downfall:FleeingMerchant","floor":37,"turns":3},{"damage":14,"enemies":"Orb Walker","floor":39,"turns":3},{"damage":26,"enemies":"Reptomancer","floor":40,"turns":5},{"damage":8,"enemies":"Sphere and 2 Shapes","floor":43,"turns":5},{"damage":54,"enemies":"3 Darklings","floor":44,"turns":3},{"damage":0,"enemies":"Nemesis","floor":46,"turns":5},{"damage":0,"enemies":"4 Shapes","floor":48,"turns":5},{"damage":2,"enemies":"Writhing Mass","floor":49,"turns":5},{"damage":0,"enemies":"WA_ARCHETYPE_DIVINITY","floor":50,"turns":10}],"seed_played":"-8492592250540736261","potions_obtained":[{"floor":4,"key":"SkillPotion"},{"floor":12,"key":"GamblersBrew"},{"floor":13,"key":"AttackPotion"},{"floor":15,"key":"bronze:BurnAndBuffPotion"},{"floor":19,"key":"Strength Potion"},{"floor":25,"key":"DuplicationPotion"},{"floor":29,"key":"DuplicationPotion"},{"floor":33,"key":"hexamod:SoulburnPotion"},{"floor":39,"key":"bronze:BurnAndBuffPotion"},{"floor":44,"key":"DistilledChaos"},{"floor":46,"key":"Elixir"}],"is_trial":false,"path_per_floor":["R","M","?","M","?","R","T","E","?","$","?","E","M","E","M","B",null,"R_BF","M","M","?","?","E","T","E","R","M","?","M","R","$","M","B",null,"R","M","$","?","M","E","T","?","M","M","$","E","R","M","M","B",null],"character_chosen":"SLIMEBOUND","items_purchased":["Slimebound:GoopSpray","Slimebound:TagTeam","DollysMirror","Omamori","Slimebound:LevelUp"],"campfire_rested":1,"item_purchase_floors":[31,31,37,45,45],"current_hp_per_floor":[65,65,47,48,48,48,48,56,51,59,65,57,59,60,66,58,70,70,70,70,54,54,52,52,56,66,80,80,80,80,80,80,74,80,80,69,85,85,85,85,85,85,82,56,56,92,95,95,95,95],"gold":87,"neow_bonus":"REMOVE_TWO","is_daily":false,"chose_seed":false,"campfire_upgraded":4,"win_rate":0.0,"timestamp":1612057589,"path_taken":["R","M","?","M","?","R","T","E","?","?","?","E","?","E","M","BOSS","R_BF","M","M","?","?","E","T","E","R","M","?","M","R","$","M","BOSS","R","M","$","?","M","E","T","?","M","M","$","E","R","M","M","BOSS"],"items_purchased_type":["Card","Card","Relic","Relic","Card"],"build_version":"2020-12-22","purchased_purges":4,"victory":true,"max_hp_per_floor":[65,65,65,65,65,65,65,65,65,65,65,70,70,70,70,70,70,70,70,70,70,70,70,70,70,80,80,80,80,80,80,80,80,80,80,85,85,85,85,85,85,85,90,95,95,95,95,95,95,95],"card_choices":[{"not_picked":["Slimebound:SplitBruiser","Slimebound:Dissolve"],"picked":"Slimebound:PressTheAttack","floor":2},{"not_picked":["Slimebound:GoopTackle","Slimebound:SlimeBrawl"],"picked":"Slimebound:GoopSpray","floor":4},{"not_picked":["Slimebound:Dissolve","Slimebound:LivingWall"],"picked":"Slimebound:AcidTongue","floor":8},{"not_picked":["Slimebound:Grow","Slimebound:SlimeBarrage"],"picked":"Slimebound:Darklings","floor":10},{"not_picked":["Slimebound:Repurpose","Slimebound:SplitAcid"],"picked":"Slimebound:LeadByExample","floor":12},{"not_picked":["Slimebound:Prepare","Slimebound:RollThrough","Slimebound:ViciousTackle"],"picked":"SKIP","floor":13},{"not_picked":["Slimebound:Schlurp","Slimebound:SamplingLick"],"picked":"Slimebound:SlimeSpikes","floor":14},{"not_picked":["Slimebound:Prepare","Slimebound:Nibble","Slimebound:HauntingLick"],"picked":"SKIP","floor":15},{"not_picked":["Slimebound:WasteNot","Slimebound:Recycling"],"picked":"Slimebound:MassRepurpose","floor":16},{"not_picked":["Slimebound:ProtectTheBoss","Slimebound:HungryTackle"],"picked":"Slimebound:GoopSpray","floor":19},{"not_picked":["Slimebound:HauntingLick","Slimebound:GoopTackle+1"],"picked":"Slimebound:SplitSpecialist","floor":20},{"not_picked":["Slimebound:RollThrough","Slimebound:ItLooksTasty","Slimebound:DivideAndConquer"],"picked":"SKIP","floor":23},{"not_picked":["Slimebound:Recollect","Slimebound:GoopTackle","Slimebound:LivingWall"],"picked":"SKIP","floor":25},{"not_picked":["Slimebound:Equalize","Slimebound:ItLooksTasty","Slimebound:MegaLick"],"picked":"SKIP","floor":27},{"not_picked":["Slimebound:LivingWall","Slimebound:LeechEnergy"],"picked":"Slimebound:Repurpose","floor":29},{"not_picked":["Slimebound:Repurpose","Slimebound:LeadByExample"],"picked":"Slimebound:DisruptingSlam+1","floor":31},{"not_picked":["Slimebound:HauntingLick+1","Slimebound:SplitAcid","Slimebound:Schlurp"],"picked":"SKIP","floor":32},{"not_picked":["Slimebound:PrepareCrush","Slimebound:Teamwork"],"picked":"Slimebound:MassFeed","floor":33},{"not_picked":["Slimebound:Schlurp","Slimebound:Prepare","Slimebound:SamplingLick"],"picked":"SKIP","floor":36},{"not_picked":["Slimebound:ComboTackle","Slimebound:RollThrough"],"picked":"Slimebound:SlimeSpikes","floor":37},{"not_picked":["Slimebound:GoopTackle","Slimebound:SamplingLick+1","Slimebound:DivideAndConquer+1"],"picked":"SKIP","floor":39},{"not_picked":["Slimebound:DisruptingSlam","Slimebound:Schlurp+1"],"picked":"Slimebound:SpikyOuterGoop+1","floor":40},{"not_picked":["Slimebound:MegaLick+1","Slimebound:DivideAndConquer+1"],"picked":"Slimebound:FirmFortitude","floor":43},{"not_picked":["Slimebound:MegaLick+1","Slimebound:RollThrough"],"picked":"Slimebound:Replication+1","floor":44},{"not_picked":["Slimebound:ProtectTheBoss+1","Slimebound:SplitAcid+1","Slimebound:FinishingTackle+1"],"picked":"SKIP","floor":46},{"not_picked":["Slimebound:SplitLeeching+1","Slimebound:RollThrough","Slimebound:SlimeBrawl"],"picked":"SKIP","floor":48},{"not_picked":["Slimebound:DivideAndConquer+1","Slimebound:LivingWall+1","Slimebound:Prepare+1"],"picked":"SKIP","floor":49}],"player_experience":787271,"relics_obtained":[{"floor":7,"key":"Bag of Preparation"},{"floor":8,"key":"FossilizedHelix"},{"floor":12,"key":"Durian"},{"floor":14,"key":"Bronze Scales"},{"floor":23,"key":"Replay:Bottled Flurry"},{"floor":25,"key":"Replay:Mystery Machine"},{"floor":28,"key":"ReplayTheSpireMod:Ring of Challenge"},{"floor":28,"key":"Ring of Greed"},{"floor":28,"key":"MawBank"},{"floor":28,"key":"Replay:Wax Seal"},{"floor":40,"key":"Simple Rune"},{"floor":41,"key":"Bag of Marbles"},{"floor":46,"key":"HornCleat"}],"event_choices":[{"cards_removed":["Slimebound:AcidTongue"],"damage_healed":0,"gold_gain":0,"player_choice":"Removed Power","damage_taken":0,"max_hp_gain":0,"max_hp_loss":0,"event_name":"Falling","floor":38,"gold_loss":0}],"is_beta":false,"boss_relics":[{"not_picked":["bronze:MakeshiftBattery","Calling Bell"],"picked":"Ring of Chaos"},{"not_picked":["Runic Dome","Pandora\u0027s Box"],"picked":"Fusion Hammer"}],"items_purged_floors":[10,31,37,45],"is_endless":false,"potions_floor_spawned":[4,12,13,15,19,25,29,33,39,44,46,48],"ascension_level":3}}