{"host":"f0gpob8hq9vgebej","time":1612094765,"event":{"mods":["AchievementEnabler","BaseMod","Minty Spire (QoL Compilation)","Quick Restart","SuperFastMode"],"gold_per_floor":[111,111,125,75,150,185,205,220,220,231,243,261,261,274,274,350,350,370,383,155,172,190,190,224,236,263,295,295,314,67,80,80,153,153,164,177,177,177,177,208,208,221,221,241,266,93,93,111,111,111],"floor_reached":51,"language":"KOR","playtime":1204,"items_purged":["Strike_G","Strike_G+1","Strike_G+1"],"score":1237,"play_id":"f378e41c-e170-49e1-a55b-193d844eb853","local_time":"20210131210605","is_ascension_mode":true,"campfire_choices":[{"data":"Finisher","floor":13.0,"key":"SMITH"},{"data":"Neutralize","floor":15.0,"key":"SMITH"},{"data":"Phantasmal Killer","floor":23,"key":"SMITH"},{"floor":32,"key":"REST"},{"data":"Malaise","floor":41,"key":"SMITH"},{"data":"Survivor","floor":47,"key":"SMITH"},{"floor":49,"key":"REST"}],"circlet_count":0,"master_deck":["AscendersBane","Defend_G+1","Defend_G+1","Defend_G+1","Defend_G+1","Defend_G+1","Survivor+1","Neutralize+1","Dagger Throw","Acrobatics","Blade Dance","Blade Dance","Finisher+1","Blade Dance","Escape Plan","Infinite Blades","Phantasmal Killer+1","Adrenaline","Backflip","Bandage Up","Malaise+1","Prepared+1"],"relics":["Ring of the Snake","NeowsBlessing","Mango","Odd Mushroom","Ice Cream","WristBlade","Akabeko","Kunai","SlaversCollar","Happy Flower","Ornamental Fan","InkBottle","Torii"],"acts_visited":["Exordium","TheCity","TheBeyond"],"potions_floor_usage":[16,22,25,27,33,40,50,50],"damage_taken":[{"damage":0.0,"enemies":"Small Slimes","floor":1.0,"turns":1.0},{"damage":0.0,"enemies":"2 Louse","floor":3.0,"turns":1.0},{"damage":0.0,"enemies":"Lagavulin","floor":6.0,"turns":1.0},{"damage":21.0,"enemies":"The Mushroom Lair","floor":7.0,"turns":6.0},{"damage":0.0,"enemies":"Jaw Worm","floor":8.0,"turns":4.0},{"damage":2.0,"enemies":"Looter","floor":10.0,"turns":4.0},{"damage":1.0,"enemies":"Blue Slaver","floor":11.0,"turns":4.0},{"damage":1.0,"enemies":"Lots of Slimes","floor":12.0,"turns":4.0},{"damage":0.0,"enemies":"Large Slime","floor":14.0,"turns":2.0},{"damage":31,"enemies":"The Guardian","floor":16,"turns":9},{"damage":11,"enemies":"Spheric Guardian","floor":18,"turns":3},{"damage":1,"enemies":"3 Byrds","floor":19,"turns":5},{"damage":0,"enemies":"Cultist and Chosen","floor":21,"turns":3},{"damage":7,"enemies":"Shelled Parasite and Fungi","floor":22,"turns":3},{"damage":13,"enemies":"Gremlin Leader","floor":24,"turns":6},{"damage":0,"enemies":"Snake Plant","floor":25,"turns":2},{"damage":8,"enemies":"Book of Stabbing","floor":27,"turns":3},{"damage":3,"enemies":"Cultist and Chosen","floor":29,"turns":5},{"damage":0,"enemies":"Shelled Parasite and Fungi","floor":31,"turns":3},{"damage":16,"enemies":"Automaton","floor":33,"turns":6},{"damage":6,"enemies":"3 Shapes","floor":35,"turns":5},{"damage":0,"enemies":"Orb Walker","floor":36,"turns":4},{"damage":10,"enemies":"Reptomancer","floor":40,"turns":5},{"damage":8,"enemies":"Spire Growth","floor":42,"turns":3},{"damage":4,"enemies":"Transient","floor":44,"turns":5},{"damage":0,"enemies":"Mind Bloom Boss Battle","floor":45,"turns":3},{"damage":24,"enemies":"Sphere and 2 Shapes","floor":48,"turns":4},{"damage":1,"enemies":"Time Eater","floor":50,"turns":5}],"seed_played":"4244507397171587103","potions_obtained":[{"floor":3.0,"key":"EssenceOfSteel"},{"floor":8.0,"key":"CultistPotion"},{"floor":19,"key":"Strength Potion"},{"floor":21,"key":"Block Potion"},{"floor":24,"key":"GamblersBrew"},{"floor":29,"key":"Strength Potion"},{"floor":33,"key":"SpeedPotion"},{"floor":36,"key":"Swift Potion"},{"floor":45,"key":"FearPotion"}],"is_trial":false,"path_per_floor":["M","?","M","?","?","E","?","M","T","M","M","M","R","M","R","B",null,"M","M","$","M","M","R","E","M","T","E","?","M","$","M","R","B",null,"M","M","?","?","T","E","R","M","T","M","?","$","R","M","R","B",null],"character_chosen":"THE_SILENT","items_purchased":["Adrenaline","Bandage Up","SpeedPotion","PowerPotion"],"campfire_rested":2,"item_purchase_floors":[20,30,30,46],"current_hp_per_floor":[59,59,59,59,48,62,41,41,41,39,38,37,37,37,37,6,62,51,50,50,50,43,43,30,30,30,22,22,19,19,23,47,35,69,67,71,71,71,71,65,65,61,61,61,65,65,65,45,69,72],"gold":111,"neow_bonus":"THREE_ENEMY_KILL","is_daily":false,"chose_seed":false,"campfire_upgraded":5,"win_rate":0.0,"timestamp":1612094765,"path_taken":["M","?","M","?","?","E","?","M","T","M","M","M","R","?","R","BOSS","M","M","$","?","M","R","E","M","T","E","?","M","$","M","R","BOSS","M","M","?","?","?","E","R","M","T","M","?","$","R","M","R","BOSS"],"items_purchased_type":["Card","Card","Potion","Potion"],"build_version":"2020-12-22","purchased_purges":3,"victory":true,"max_hp_per_floor":[66,66,66,66,66,80,80,80,80,80,80,80,80,80,80,80,80,80,80,80,80,80,80,80,80,80,80,80,80,80,80,80,80,80,80,80,80,80,80,80,80,80,80,80,80,80,80,80,80,80],"card_choices":[{"not_picked":["Slice","Quick Slash"],"picked":"Dagger Throw","floor":1.0},{"not_picked":["Backflip","Prepared"],"picked":"Acrobatics","floor":3.0},{"not_picked":["Sucker Punch","PiercingWail","Concentrate"],"picked":"SKIP","floor":6.0},{"not_picked":["Poisoned Stab","Cloak And Dagger"],"picked":"Blade Dance","floor":7.0},{"not_picked":["A Thousand Cuts","Poisoned Stab"],"picked":"Blade Dance","floor":8.0},{"not_picked":["Deflect","Catalyst"],"picked":"Finisher","floor":10.0},{"not_picked":["Slice","Heel Hook"],"picked":"Blade Dance","floor":11.0},{"not_picked":["PiercingWail","Leg Sweep"],"picked":"Escape Plan","floor":12.0},{"not_picked":["Bane","Dagger Spray"],"picked":"Infinite Blades","floor":14.0},{"not_picked":["Malaise","Venomology"],"picked":"Phantasmal Killer","floor":16},{"not_picked":["PiercingWail","Outmaneuver","Acrobatics"],"picked":"SKIP","floor":18},{"not_picked":["Distraction","Outmaneuver","PiercingWail"],"picked":"SKIP","floor":19},{"not_picked":["Masterful Stab","Dodge and Roll"],"picked":"Backflip","floor":21},{"not_picked":["Quick Slash","PiercingWail","Grand Finale"],"picked":"SKIP","floor":22},{"not_picked":["Sucker Punch","Infinite Blades","All Out Attack"],"picked":"SKIP","floor":24},{"not_picked":["Deflect+1","Slice","Poisoned Stab"],"picked":"SKIP","floor":25},{"not_picked":["Dagger Spray","Dagger Throw","Cloak And Dagger"],"picked":"SKIP","floor":27},{"not_picked":["A Thousand Cuts","Deflect","Dagger Throw"],"picked":"SKIP","floor":29},{"not_picked":["Underhanded Strike","Poisoned Stab","Backflip"],"picked":"SKIP","floor":31},{"not_picked":["Bullet Time","Grand Finale"],"picked":"Malaise","floor":33},{"not_picked":["Masterful Stab","Underhanded Strike","Infinite Blades"],"picked":"SKIP","floor":35},{"not_picked":["Slice","Catalyst+1","Expertise"],"picked":"SKIP","floor":36},{"not_picked":["Eviscerate","Blade Dance","Dagger Spray+1"],"picked":"SKIP","floor":40},{"not_picked":["Flechettes","Deadly Poison"],"picked":"Prepared+1","floor":42},{"not_picked":["Flechettes","Dagger Spray+1","All Out Attack"],"picked":"SKIP","floor":44},{"not_picked":["Deflect+1","Choke+1","Underhanded Strike+1"],"picked":"SKIP","floor":48}],"player_experience":324427,"relics_obtained":[{"floor":6.0,"key":"Mango"},{"floor":7.0,"key":"Odd Mushroom"},{"floor":9.0,"key":"Ice Cream"},{"floor":26,"key":"Akabeko"},{"floor":27,"key":"Kunai"},{"floor":39,"key":"Happy Flower"},{"floor":40,"key":"Ornamental Fan"},{"floor":43,"key":"InkBottle"},{"floor":45,"key":"Torii"}],"event_choices":[{"damage_healed":0.0,"max_hp_gain":0.0,"max_hp_loss":0.0,"gold_gain":0.0,"event_name":"Liars Game","player_choice":"Ignored","floor":2.0,"gold_loss":0.0,"damage_taken":0.0},{"cards_removed":["Strike_G"],"damage_healed":0.0,"max_hp_gain":0.0,"max_hp_loss":0.0,"gold_gain":0.0,"event_name":"The Cleric","player_choice":"Card Removal","floor":4.0,"gold_loss":50.0,"damage_taken":0.0},{"damage_healed":0.0,"max_hp_gain":0.0,"max_hp_loss":0.0,"gold_gain":75.0,"event_name":"World of Goop","player_choice":"Gather Gold","floor":5.0,"gold_loss":0.0,"damage_taken":11.0},{"damage_healed":0.0,"max_hp_gain":0.0,"max_hp_loss":0.0,"gold_gain":0.0,"event_name":"Mushrooms","player_choice":"Fought Mushrooms","floor":7.0,"gold_loss":0.0,"damage_taken":0.0},{"damage_healed":0,"gold_gain":0,"player_choice":"Simplicity","damage_taken":0,"max_hp_gain":0,"max_hp_loss":0,"event_name":"Back to Basics","floor":28,"gold_loss":0,"cards_upgraded":["Strike_G","Strike_G","Strike_G","Defend_G","Defend_G","Defend_G","Defend_G","Defend_G"]},{"cards_removed":["Strike_G"],"damage_healed":0,"gold_gain":0,"player_choice":"Removed Attack","damage_taken":0,"max_hp_gain":0,"max_hp_loss":0,"event_name":"Falling","floor":37,"gold_loss":0},{"damage_healed":0,"gold_gain":0,"player_choice":"Ignored","damage_taken":0,"max_hp_gain":0,"max_hp_loss":0,"event_name":"Mysterious Sphere","floor":38,"gold_loss":0},{"damage_healed":0,"gold_gain":0,"player_choice":"Fight","damage_taken":0,"max_hp_gain":0,"max_hp_loss":0,"event_name":"MindBloom","floor":45,"gold_loss":0}],"is_beta":false,"boss_relics":[{"not_picked":["Philosopher\u0027s Stone","Tiny House"],"picked":"WristBlade"},{"not_picked":["Runic Dome","Velvet Choker"],"picked":"SlaversCollar"}],"items_purged_floors":[20,30,46],"is_endless":false,"potions_floor_spawned":[3,8,10,11,19,21,24,29,33,35,36,45],"ascension_level":14}}