{"host":"815dqs41i1y8uxms","time":1612108895,"event":{"mods":["A Penny For Your Troubles","Act Like it!","BaseMod","Dark Map","Elementarium","Fox Events","Minty Spire (QoL Compilation)","Rare Cards Sparkle","Shop Mod","Spire Arcade","StSLib","The Cursed","The Hierophant","The Marked"],"gold_per_floor":[117,132,132,152,4,4,35,35,35,60,78,78,40,71,71,71,71],"floor_reached":16,"language":"ENG","playtime":1175,"items_purged":[],"score":118,"play_id":"7e9e64b1-75b4-41f0-8f3d-16740db096d8","local_time":"20210131170135","is_ascension_mode":false,"campfire_choices":[{"data":"TheCursedMod:CleanUpWorkshop","floor":6,"key":"SMITH"},{"data":"TheCursedMod:SpreadPlague","floor":12,"key":"SMITH"},{"floor":15,"key":"REST"}],"circlet_count":0,"master_deck":["TheCursedMod:Strike_TheCursed","TheCursedMod:Strike_TheCursed","TheCursedMod:Strike_TheCursed","TheCursedMod:Strike_TheCursed","TheCursedMod:Defend_TheCursed","TheCursedMod:Defend_TheCursed","TheCursedMod:Defend_TheCursed","TheCursedMod:Defend_TheCursed","TheCursedMod:CursedWand","TheCursedMod:CleanUpWorkshop+1","TheCursedMod:Dregs","TheCursedMod:CursedBlade","TheCursedMod:CursedAmulet","TheCursedMod:SpitefulPray","TheCursedMod:TroublousMinions","TheCursedMod:SpreadPlague+1","TheCursedMod:Wield","TheCursedMod:CircleOfFlame"],"relics":["TheCursedMod:BlackMagic101","NeowsBlessing","MerchantsRug","WingedGreaves","Orichalcum","InkBottle","Bronze Scales"],"acts_visited":["Exordium"],"potions_floor_usage":[10,11],"damage_taken":[{"damage":0,"enemies":"Small Slimes","floor":1,"turns":1},{"damage":0,"enemies":"Cultist","floor":2,"turns":1},{"damage":0,"enemies":"2 Louse","floor":4,"turns":1},{"damage":5,"enemies":"3 Sentries","floor":7,"turns":8},{"damage":29,"enemies":"Lagavulin","floor":10,"turns":8},{"damage":0,"enemies":"Exordium Wildlife","floor":11,"turns":8},{"damage":27,"enemies":"3 Sentries","floor":14,"turns":16},{"damage":52,"enemies":"Slime Boss","floor":16,"turns":9}],"seed_played":"-5644035933902444384","potions_obtained":[{"floor":7,"key":"AttackPotion"},{"floor":10,"key":"ColorlessPotion"}],"is_trial":false,"path_per_floor":["M","M","?","M","$","R","E","?","T","E","M","R","$","E","R","B"],"character_chosen":"THE_CURSED","items_purchased":["MerchantsRug","TheCursedMod:Wield"],"campfire_rested":1,"item_purchase_floors":[5,13],"current_hp_per_floor":[75,75,75,75,75,75,70,70,80,51,51,51,51,24,49,0,0],"gold":71,"neow_bonus":"THREE_ENEMY_KILL","is_daily":false,"chose_seed":false,"campfire_upgraded":2,"win_rate":0.0,"timestamp":1612108895,"path_taken":["M","M","?","?","$","R","E","?","T","E","M","R","?","E","R","BOSS"],"items_purchased_type":["Relic","Card"],"build_version":"2020-12-22","purchased_purges":0,"victory":false,"max_hp_per_floor":[75,75,75,75,75,75,75,75,85,85,85,85,85,85,85,85,85],"card_choices":[{"not_picked":["TheCursedMod:RapidMovement","TheCursedMod:ManaBullet"],"picked":"TheCursedMod:CursedBlade","floor":1},{"not_picked":["TheCursedMod:Wield","TheCursedMod:SmokeScreen"],"picked":"TheCursedMod:SurpriseAttack","floor":2},{"not_picked":["TheCursedMod:Mangle","TheCursedMod:RapidMovement"],"picked":"TheCursedMod:CursedAmulet","floor":4},{"not_picked":["TheCursedMod:FleshFromBone","TheCursedMod:RapidMovement"],"picked":"TheCursedMod:SpitefulPray","floor":7},{"not_picked":["TheCursedMod:SoulCrush","TheCursedMod:TacticalStrike"],"picked":"TheCursedMod:TroublousMinions","floor":10},{"not_picked":["TheCursedMod:CursedAmulet","TheCursedMod:Mangle"],"picked":"TheCursedMod:SpreadPlague","floor":11},{"not_picked":["TheCursedMod:SoulCrush","TheCursedMod:StingEye"],"picked":"TheCursedMod:CircleOfFlame","floor":14}],"player_experience":4008913,"relics_obtained":[{"floor":7,"key":"WingedGreaves"},{"floor":9,"key":"Pear"},{"floor":10,"key":"InkBottle"},{"floor":14,"key":"Bronze Scales"}],"event_choices":[{"damage_healed":0,"gold_gain":0,"player_choice":"Ignored","damage_taken":0,"max_hp_gain":0,"max_hp_loss":0,"event_name":"NoteForYourself","floor":3,"gold_loss":0},{"cards_removed":["TheCursedMod:SurpriseAttack"],"damage_healed":0,"gold_gain":0,"player_choice":"Gave Card","damage_taken":0,"relics_obtained":["Orichalcum"],"max_hp_gain":0,"max_hp_loss":0,"event_name":"WeMeetAgain","floor":8,"gold_loss":0}],"is_beta":false,"boss_relics":[],"items_purged_floors":[],"is_endless":false,"potions_floor_spawned":[7,10],"killed_by":"Slime Boss","ascension_level":0}}