{"host":"1qqxmg542u37e44m","time":1612123799,"event":{"mods":["BaseMod","Colored Map","Minty Spire (QoL Compilation)","Quick Restart","Relic Sorter","StSLib","SuperFastMode"],"gold_per_floor":[119,130,150,150,150,183,199,199,199],"floor_reached":8,"language":"ENG","playtime":214,"items_purged":[],"score":64,"play_id":"31b28d99-4b4c-4b8c-ab4f-c071a006284c","local_time":"20210131210959","is_ascension_mode":true,"campfire_choices":[],"circlet_count":0,"master_deck":["Strike_G","Strike_G","Strike_G","Strike_G","Defend_G","Defend_G","Defend_G","Defend_G","Defend_G","Survivor","Neutralize","Dagger Spray","Tactician","Deflect"],"relics":["Ring of the Snake","NeowsBlessing","Orichalcum","Ginger"],"acts_visited":["Exordium"],"potions_floor_usage":[6,8,8],"damage_taken":[{"damage":0,"enemies":"Cultist","floor":1,"turns":1},{"damage":0,"enemies":"Jaw Worm","floor":2,"turns":1},{"damage":0,"enemies":"2 Louse","floor":3,"turns":1},{"damage":29,"enemies":"3 Sentries","floor":6,"turns":11},{"damage":6,"enemies":"2 Fungi Beasts","floor":7,"turns":6},{"damage":68,"enemies":"Gremlin Nob","floor":8,"turns":6}],"seed_played":"1848163542231486428","potions_obtained":[{"floor":3,"key":"Fruit Juice"},{"floor":6,"key":"Weak Potion"},{"floor":7,"key":"Regen Potion"}],"is_trial":false,"path_per_floor":["M","M","M","?","?","E","M","E"],"character_chosen":"THE_SILENT","items_purchased":[],"campfire_rested":0,"item_purchase_floors":[],"current_hp_per_floor":[70,70,70,63,56,32,26,0,0],"gold":199,"neow_bonus":"THREE_ENEMY_KILL","is_daily":false,"chose_seed":false,"campfire_upgraded":0,"win_rate":0.0,"timestamp":1612123799,"path_taken":["M","M","?","?","?","E","M","E"],"items_purchased_type":[],"build_version":"2020-12-22","purchased_purges":0,"victory":false,"max_hp_per_floor":[70,70,70,70,70,75,75,75,75],"card_choices":[{"not_picked":["Deadly Poison","Blade Dance"],"picked":"Dagger Spray","floor":1},{"not_picked":["Dash","PiercingWail"],"picked":"Tactician","floor":2},{"not_picked":["Malaise","Riddle With Holes"],"picked":"Deflect","floor":3},{"not_picked":["Slice","Infinite Blades","Deflect"],"picked":"SKIP","floor":6},{"not_picked":["All Out Attack","Choke","Distraction"],"picked":"SKIP","floor":7}],"player_experience":208164,"relics_obtained":[{"floor":6,"key":"Ginger"}],"event_choices":[{"damage_healed":0,"gold_gain":0,"player_choice":"Success","damage_taken":7,"relics_obtained":["Orichalcum"],"max_hp_gain":0,"max_hp_loss":0,"event_name":"Scrap Ooze","floor":4,"gold_loss":0},{"cards_removed":["Strike_G"],"damage_healed":0,"gold_gain":0,"player_choice":"Card Removal","damage_taken":7,"max_hp_gain":0,"max_hp_loss":0,"event_name":"Golden Wing","floor":5,"gold_loss":0}],"is_beta":false,"boss_relics":[],"items_purged_floors":[],"is_endless":false,"potions_floor_spawned":[3,6,7],"killed_by":"Gremlin Nob","ascension_level":2}}