{"host":"or1kyy78tiubr3jv","time":1612051490,"event":{"mods":["2.2 Compatiblity","AchievementEnabler","BaseMod","Bestiary","Better Note","Better Third Choice","BetterRewards","Colored Map","Colored Powertips","DeckTracker","Downfall","Energized Spire","Highlight Path","Infinite Spire","Minty Spire (QoL Compilation)","Quick Restart","Relic Filter","Reworked Bosses","StSLib","The Cursed","The Runesmith","The Showman"],"gold_per_floor":[99,117,131,18,18,3,3,34,53,65,65,79,15,48,58,153,153,153,164,364,51,51,76,76,92,92,92,92,92,11,23,37,136,86,86,106,106,119,132,132,207,239,39,58,58,58,78,104,121,121],"floor_reached":51,"language":"ENG","playtime":5694,"items_purged":["Slimebound:Defend_Slimebound","Pain"],"score":840,"play_id":"6a8ed950-0a72-4b49-b47e-13e9e8f22dcd","local_time":"20210130190450","is_ascension_mode":true,"campfire_choices":[{"data":"Slimebound:Split","floor":1.0,"key":"SMITH"},{"data":"Slimebound:SelfFormingGoo","floor":18.0,"key":"SMITH"},{"floor":26.0,"key":"RECALL"},{"data":"Slimebound:FirmFortitude","floor":35.0,"key":"SMITH"},{"data":"Slimebound:Recycling","floor":43.0,"key":"SMITH"},{"data":"Slimebound:LevelUp","floor":46.0,"key":"SMITH"}],"circlet_count":0,"master_deck":["Slimebound:Strike_Slimebound","Slimebound:Tackle","Slimebound:Defend_Slimebound","Slimebound:Defend_Slimebound","Slimebound:Defend_Slimebound","Slimebound:Split+1","Slimebound:Recollect","Slimebound:Nibble","Slimebound:LeechLife","Slimebound:ForwardTackle","Slimebound:HauntingLick","Slimebound:Dissolve+1","Slimebound:Recycling+1","Slimebound:SplitSpecialist","Slimebound:GoopSpray","Slimebound:SelfFormingGoo+1","Slimebound:SplitMire","Slimebound:SplitLeeching","Slimebound:MassRepurpose+1","Slimebound:LeechEnergy+1","Slimebound:SplitSpecialist","Slimebound:SplitAcid","Bandage Up","Slimebound:LevelUp+1","Slimebound:GoopSpray+1","Slimebound:SelfFormingGoo+1","Slimebound:ServeAndProtect","Slimebound:SplitBruiser+1","Slimebound:FirmFortitude+1","Slimebound:Strike_Slimebound","Slimebound:ViciousTackle","Slimebound:LeechingTouch+1","Slimebound:DisruptingSlam"],"relics":["Slimebound:AbsorbEndCombat","Slimebound:AggressiveSlimeRelic","Centennial Puzzle","infinitespire:WardingShard","infinitespire:Satchel","energizedSpire:RedRose","infinitespire:BottledMercury","War Paint","Juzu Bracelet","energizedSpire:HugeHouse","WarpedTongs","Strawberry","Pantograph","MealTicket","downfall:HeartBlessingBlue","downfall:HeartBlessingGreen","Lantern"],"acts_visited":["Exordium","TheCity","TheBeyond"],"potions_floor_usage":[50],"damage_taken":[{"damage":4.0,"enemies":"infinitespire:Voidling","floor":2.0,"turns":3.0},{"damage":3.0,"enemies":"2 Louse","floor":3.0,"turns":2.0},{"damage":0.0,"enemies":"downfall:FleeingMerchant","floor":4.0,"turns":4.0},{"damage":0.0,"enemies":"downfall:FleeingMerchant","floor":6.0,"turns":4.0},{"damage":16.0,"enemies":"Gremlin Nob","floor":8.0,"turns":3.0},{"damage":0.0,"enemies":"Cultist","floor":9.0,"turns":3.0},{"damage":12.0,"enemies":"Gremlin Gang","floor":10.0,"turns":4.0},{"damage":7.0,"enemies":"3 Louse","floor":12.0,"turns":3.0},{"damage":8.0,"enemies":"downfall:FleeingMerchant","floor":13.0,"turns":4.0},{"damage":10.0,"enemies":"3 Sentries","floor":14.0,"turns":6.0},{"damage":0.0,"enemies":"2 Fungi Beasts","floor":15.0,"turns":3.0},{"damage":34.0,"enemies":"DF_ARCHETYPE_STREAMLINE","floor":16.0,"turns":9.0},{"damage":2.0,"enemies":"Shell Parasite","floor":19.0,"turns":4.0},{"damage":27.0,"enemies":"downfall:FleeingMerchant","floor":21.0,"turns":4.0},{"damage":25.0,"enemies":"Book of Stabbing","floor":23.0,"turns":4.0},{"damage":5.0,"enemies":"3 Byrds","floor":25.0,"turns":3.0},{"damage":19.0,"enemies":"Snake Plant","floor":31.0,"turns":4.0},{"damage":8.0,"enemies":"Snecko","floor":32.0,"turns":5.0},{"damage":32.0,"enemies":"WA_ARCHETYPE_CALM","floor":33.0,"turns":7.0},{"damage":11.0,"enemies":"Orb Walker","floor":36.0,"turns":3.0},{"damage":16.0,"enemies":"3 Darklings","floor":38.0,"turns":4.0},{"damage":1.0,"enemies":"Spire Growth","floor":39.0,"turns":3.0},{"damage":3.0,"enemies":"Nemesis","floor":42.0,"turns":7.0},{"damage":7.0,"enemies":"Transient","floor":44.0,"turns":5.0},{"damage":1.0,"enemies":"Sphere and 2 Shapes","floor":47.0,"turns":3.0},{"damage":86.0,"enemies":"Nightmare","floor":48.0,"turns":7.0},{"damage":9.0,"enemies":"Jaw Worm Horde","floor":49.0,"turns":3.0},{"damage":5,"enemies":"IC_BLOCK_ARCHETYPE","floor":50,"turns":8}],"seed_played":"4300760294623113752","potions_obtained":[{"floor":3.0,"key":"Strength Potion"},{"floor":8.0,"key":"Block Potion"},{"floor":9.0,"key":"Regen Potion"},{"floor":15.0,"key":"FearPotion"},{"floor":16.0,"key":"champ:CounterPotion"},{"floor":25.0,"key":"Swift Potion"},{"floor":32.0,"key":"GamblersBrew"},{"floor":36.0,"key":"SkillPotion"},{"floor":39.0,"key":"champ:CounterPotion"},{"floor":47.0,"key":"LiquidBronze"},{"floor":48.0,"key":"Fire Potion"}],"is_trial":false,"path_per_floor":["R","M","M","$","?","$","T","E","M","M","?","M","$","E","M","B",null,"R","M","?","$","?","E","T","M","R","?","?","?","$","M","M","B",null,"R","M","?","M","M","AVR","T","E","R","M","?","R","M","NM","M","B",null],"character_chosen":"SLIMEBOUND","items_purchased":["Slimebound:ForwardTackle","Slimebound:HauntingLick","Slimebound:SplitMire","Slimebound:SplitSpecialist","infinitespire:BottledMercury","War Paint","Slimebound:SplitAcid","Bandage Up","Slimebound:ServeAndProtect"],"campfire_rested":0,"item_purchase_floors":[4,4,13,21,21,21,21,21,30],"current_hp_per_floor":[65,65,62,65,65,65,65,51,57,49,49,46,59,57,61,57,65,65,65,65,43,43,34,34,31,31,20,20,20,20,25,31,34,65,65,56,56,65,65,72,72,71,81,82,82,82,82,23,32,80],"gold":121,"neow_bonus":"RANDOM_COMMON_RELIC","is_daily":false,"chose_seed":false,"campfire_upgraded":5,"win_rate":0.0,"timestamp":1612051490,"path_taken":["R","M","?","$","?","?","T","E","M","?","?","M","$","E","M","BOSS","R","M","?","?","?","E","T","M","R","?","?","?","$","M","M","BOSS","R","M","?","M","M","AVR","T","E","R","M","?","R","M","NM","M","BOSS"],"items_purchased_type":["Card","Card","Card","Card","Relic","Relic","Card","Card","Card"],"build_version":"2020-12-22","purchased_purges":2,"victory":true,"max_hp_per_floor":[65,65,65,65,65,65,65,65,65,65,65,65,65,65,65,65,65,65,65,65,65,65,65,65,65,65,70,70,70,70,70,70,70,65,65,65,65,65,65,72,72,72,82,82,82,82,82,82,82,82],"card_choices":[{"not_picked":["Slimebound:Prepare","Slimebound:ComboTackle"],"picked":"Slimebound:Recollect","floor":2.0},{"not_picked":["Slimebound:DisruptingSlam","Slimebound:Recollect"],"picked":"Slimebound:Nibble","floor":3.0},{"not_picked":["Slimebound:ComboTackle","Slimebound:DivideAndConquer"],"picked":"Slimebound:LeechLife","floor":4.0},{"not_picked":["Slimebound:LevelUp","Slimebound:LeechEnergy"],"picked":"Slimebound:Dissolve","floor":6.0},{"not_picked":["Slimebound:Grow","Slimebound:DisruptingSlam"],"picked":"Slimebound:Recycling","floor":8.0},{"not_picked":["Slimebound:RollThrough","Slimebound:Schlurp"],"picked":"Slimebound:SplitSpecialist","floor":9.0},{"not_picked":["Slimebound:ComboTackle","Slimebound:Dissolve","Slimebound:GoopSpray"],"picked":"SKIP","floor":10.0},{"not_picked":["Slimebound:SlimeBarrage","Slimebound:ServeAndProtect"],"picked":"Slimebound:GoopSpray","floor":12.0},{"not_picked":["Slimebound:RollThrough","Slimebound:SplitAcid"],"picked":"Slimebound:SelfFormingGoo","floor":13.0},{"not_picked":["Slimebound:HauntingLick","Slimebound:Chomp"],"picked":"Slimebound:SplitLeeching","floor":14.0},{"not_picked":["Slimebound:GoopSpray","Slimebound:MassRepurpose","Slimebound:Grow"],"picked":"SKIP","floor":15.0},{"not_picked":["Slimebound:LeechLife","Slimebound:OneTwoCombo"],"picked":"Slimebound:MassRepurpose","floor":16.0},{"not_picked":["Slimebound:Grow","Slimebound:GoopSpray"],"picked":"Slimebound:Nibble","floor":19.0},{"not_picked":["Slimebound:AcidTongue","Slimebound:SamplingLick"],"picked":"Slimebound:LeechEnergy+1","floor":21.0},{"not_picked":["Slimebound:Prepare","Slimebound:HungryTackle+1"],"picked":"Slimebound:LevelUp","floor":23.0},{"not_picked":["Slimebound:SplitLeeching+1","Slimebound:Recollect"],"picked":"Slimebound:GoopSpray+1","floor":25.0},{"not_picked":["Slimebound:HauntingLick","Slimebound:PressTheAttack","Slimebound:SlimeSpikes"],"picked":"SKIP","floor":31.0},{"not_picked":["Slimebound:ViciousTackle","Slimebound:Gluttony+1"],"picked":"Slimebound:SplitBruiser+1","floor":32.0},{"not_picked":["Slimebound:MinionMaster","Slimebound:Teamwork"],"picked":"Slimebound:FirmFortitude","floor":33.0},{"not_picked":["Slimebound:RejuvenatingLick+1","Slimebound:GoopTackle","Slimebound:SplitAcid"],"picked":"SKIP","floor":36.0},{"not_picked":["Slimebound:SplitMire+1","Slimebound:LeadByExample"],"picked":"Slimebound:LeechingTouch+1","floor":38.0},{"not_picked":["Slimebound:RollThrough+1","Slimebound:SplitLeeching","Slimebound:FlameTackle+1"],"picked":"SKIP","floor":39.0},{"not_picked":["Slimebound:GoopSpray","Slimebound:BestDefense","Slimebound:SlimeSpikes+1"],"picked":"SKIP","floor":42.0},{"not_picked":["Slimebound:LivingWall+1","Slimebound:PressTheAttack","Slimebound:SplitLeeching"],"picked":"SKIP","floor":44.0},{"not_picked":["Slimebound:Schlurp+1","Slimebound:SplitMire"],"picked":"Slimebound:DisruptingSlam","floor":47.0},{"not_picked":["Slimebound:Chomp+1","Slimebound:SlimeBrawl+1","Slimebound:GoopTackle+1"],"picked":"SKIP","floor":48.0},{"not_picked":["Slimebound:GoopSpray+1","Slimebound:FinishingTackle+1","Slimebound:SlimeSpikes+1"],"picked":"SKIP","floor":49.0}],"player_experience":577571,"relics_obtained":[{"floor":7.0,"key":"Centennial Puzzle"},{"floor":8.0,"key":"infinitespire:WardingShard"},{"floor":14.0,"key":"infinitespire:Satchel"},{"floor":23.0,"key":"Juzu Bracelet"},{"floor":41.0,"key":"Pantograph"},{"floor":42.0,"key":"MealTicket"},{"floor":48.0,"key":"Lantern"}],"event_choices":[{"cards_removed":["Slimebound:Strike_Slimebound"],"damage_healed":0.0,"max_hp_gain":0.0,"max_hp_loss":0.0,"gold_gain":0.0,"event_name":"The Cleric","player_choice":"Card Removal","floor":5.0,"gold_loss":0.0,"damage_taken":0.0},{"damage_healed":0.0,"max_hp_gain":0.0,"max_hp_loss":0.0,"gold_gain":0.0,"event_name":"Ghosts","player_choice":"Ignored","floor":22.0,"gold_loss":0.0,"damage_taken":0.0},{"damage_healed":0.0,"max_hp_gain":0.0,"max_hp_loss":0.0,"gold_gain":0.0,"event_name":"Accursed Blacksmith","player_choice":"Rummage","floor":37.0,"gold_loss":0.0,"damage_taken":0.0,"relics_obtained":["WarpedTongs"],"cards_obtained":["Pain"]}],"is_beta":false,"boss_relics":[{"not_picked":["Sozu","energizedSpire:CursedPentagram"],"picked":"energizedSpire:RedRose"},{"not_picked":["bronze:MakeshiftBattery","Runesmith:UraniumAnvil"],"picked":"energizedSpire:HugeHouse"}],"items_purged_floors":[21,40],"is_endless":false,"potions_floor_spawned":[3,8,9,15,16,25,32,36,39,47,48],"ascension_level":3}}