{"host":"f5h077e5av00giy4","time":1612067962,"event":{"mods":["100% Spire Juice","Act Like it!","Aspiration","BaseMod","Colored Powertips","Conspire","Decade(王小明)","Hermit","Hunter 猎人","KinomotoSakuraMod(木之本樱)","Koishi","KomeijiMod","Marisa（F雨　魔理沙）","Marked Mod","Minty Spire (QoL Compilation)","MostiFishMod","Pale of the Ancients","Quick Restart","Reimu（博丽灵梦）","Relic Stats","Remilia（蕾米莉亚）","Replay The Spire","RumiaBox-露米娅的神秘盒子","SOS（斯巴达之子）","Shop Mod","Spicy Shops","StSLib","TestMod","The Blackbeard","The Gatherer","The Mystic","The Poker Player","The Runesmith","The Servant 0.9.4","Yakumo Yukari mod","Youmu（魂魄妖梦）","Yuri Mod","Yuyuko","noobMod","【功能Mod】聪明的最终Boss","【遗物卡牌】REMEMod","篝火指南"],"gold_per_floor":[118,129,144,144,157,186,40,115,169,189,228,237,260,126,26,133,133,157,184,207,229,71,71,158,214,214,386,425,495,542,596,416,557,557,599,599,708,881,593,713,713,811,862,569,538,628,714,777,307,362,462,520,804,294,240,352,148,25,25,75],"floor_reached":61,"language":"ZHS","playtime":3266,"items_purged":["Injury","Regret"],"score":1683,"play_id":"ebaf3d21-3bfa-4c76-9746-5ca488b273fb","local_time":"20210131123922","is_ascension_mode":true,"campfire_choices":[{"data":"REME_Flogging","floor":23.0,"key":"SMITH"}],"circlet_count":0,"master_deck":["FateMeister","LovePray:ReiMu+1","Amulet:ReiMu+1","Meditation:ReiMu","Gathering:ReiMu","SpiritualOutbreak2:ReiMu","KyokaiOfKami:ReiMu","InherentArray:ReiMu","SpringWay:ReiMu+1","REME_Flogging+1","CleanRite:ReiMu+1","NineCharacters:ReiMu","OrbThrow:ReiMu+1","SubcavityInstant:ReiMu+1","YinYangSange:ReiMu","BlastKick2:ReiMu","SubAcupoint:ReiMu+1","CleanRite:ReiMu+1","HakureiPhantom:ReiMu+1","CardOfSanctity:ReiMu+1","DependentForm:ReiMu+1","DependentForm:ReiMu+1","Determination:ReiMu+1","CleanRite:ReiMu+1","Shading:ReiMu+1","Free:ReiMu+1","KamiRite:ReiMu+1","DependentForm:ReiMu","MikOfLucky:ReiMu+1","CareerPray:ReiMu+1","TakeOff:ReiMu+1","PrepareRite:ReiMu+1","YinYang:ReiMu+1","UniversalSpiritual:ReiMu+1","SealNeedle:ReiMu+1","RainPray2:ReiMu+1","CeremonyResonance:ReiMu+1","ShadowOfCrow2:ReiMu+1","SpreadBorder2:ReiMu+1","DoubleButterfly:ReiMu+1","ManaGlint:ReiMu+1","AirStrike:ReiMu+1","KamiSacrifice:ReiMu+1","PassingAway:ReiMu+1","YinYangSign:ReiMu","OctopathBindingBorder2:ReiMu","CeremonyResonance:ReiMu+1","Crusade:ReiMu","MostiFishMod:PerfectForm+1","PassingAway:ReiMu+1"],"relics":["ShineYinYang:ReiMu","testmod-TestBox","ice","DaveBox","REME_ComplimentaryCards","JellyFishMachine","testmod-Register","SynthV:TestCard","CeramicFish","Ornamental Fan","Toxic Egg 2","MerchantsRug","Replay:Bandana","REME_CardOfGreed","testmod-BouquetWithThorns","testmod-ArcanaOfDestiny","SumBook","ReplayTheSpireMod:Lightbulb","Membership Card","Replay:Bronze Core","Unceasing Top","Orichalcum","Art of War","ChaoDraw","aspiration:ChemicalBlood","Nunchaku","RuthlessExorcism:ReiMu","Gremlin Food","SynthV:C4","testmod-CasingShield","BrkXgEgg","ArrowTower","testmod-TurbochargingSystem","Blue Doll","REME_HourglassOfDeath","paleoftheancients:Timepiece","paleoftheancients:KeyRelic","Oddly Smooth Stone","CultistMask","paleoftheancients:SoulOfTheIroncluck","ClockworkSouvenir","conspire:DecoderRing","FossilizedHelix","Lantern","GodSword6","ZombieArmy","CheatingSign:ReiMu","MostiFishMod:AdaptiveDefenses","Iron Hammer","REME_IWantAll","Kunai"],"acts_visited":["Exordium","TheCity","TheBeyond","paleoftheancients:PaleOfTheAncients"],"potions_floor_usage":[],"damage_taken":[{"damage":9.0,"enemies":"Cultist","floor":1.0,"turns":4.0},{"damage":4.0,"enemies":"Jaw Worm","floor":2.0,"turns":4.0},{"damage":4.0,"enemies":"conspire:RoseBush","floor":3.0,"turns":4.0},{"damage":4.0,"enemies":"2 Fungi Beasts","floor":5.0,"turns":5.0},{"damage":10.0,"enemies":"Lagavulin","floor":6.0,"turns":8.0},{"damage":0.0,"enemies":"Looter","floor":10.0,"turns":4.0},{"damage":15.0,"enemies":"Gremlin Nob","floor":11.0,"turns":5.0},{"damage":5.0,"enemies":"3 Louse","floor":13.0,"turns":2.0},{"damage":8.0,"enemies":"The Guardian","floor":16.0,"turns":8.0},{"damage":9.0,"enemies":"Shell Parasite","floor":18.0,"turns":5.0},{"damage":5.0,"enemies":"3 Byrds","floor":19.0,"turns":4.0},{"damage":9.0,"enemies":"Snake Plant","floor":20.0,"turns":3.0},{"damage":0.0,"enemies":"Centurion and Healer","floor":21.0,"turns":6.0},{"damage":3.0,"enemies":"conspire:Head Lice","floor":24.0,"turns":5.0},{"damage":0.0,"enemies":"Cultist and Chosen","floor":25.0,"turns":4.0},{"damage":10.0,"enemies":"REME_1_Revenger","floor":27.0,"turns":3.0},{"damage":0.0,"enemies":"Snake Plant","floor":28.0,"turns":1.0},{"damage":0.0,"enemies":"3 Cultists","floor":29.0,"turns":3.0},{"damage":3.0,"enemies":"conspire:Head Lice","floor":30.0,"turns":2.0},{"damage":0.0,"enemies":"Centurion and Healer","floor":31.0,"turns":3.0},{"damage":1.0,"enemies":"Champ","floor":33.0,"turns":5.0},{"damage":2.0,"enemies":"Orb Walker","floor":35.0,"turns":3.0},{"damage":19.0,"enemies":"Mind Bloom Boss Battle","floor":37.0,"turns":5.0},{"damage":1.0,"enemies":"Giant Head","floor":40.0,"turns":5.0},{"damage":0.0,"enemies":"Reptomancer","floor":42.0,"turns":3.0},{"damage":1.0,"enemies":"2 Orb Walkers","floor":46.0,"turns":2.0},{"damage":15.0,"enemies":"3 Shapes","floor":47.0,"turns":2.0},{"damage":2.0,"enemies":"Spire Growth","floor":48.0,"turns":2.0},{"damage":82.0,"enemies":"conspire:OrnateMirror","floor":50.0,"turns":4.0},{"damage":0.0,"enemies":"conspire:OrnateMirror","floor":51.0,"turns":6.0},{"damage":11.0,"enemies":"conspire:OrnateMirror","floor":52.0,"turns":2.0},{"damage":0.0,"enemies":"conspire:OrnateMirror","floor":56.0,"turns":3.0},{"damage":126,"enemies":"paleoftheancients:N","floor":60,"turns":6}],"seed_played":"-7643012872416796057","potions_obtained":[{"floor":1.0,"key":"PinkPotion:ReiMu"},{"floor":2.0,"key":"AttackPotion"},{"floor":6.0,"key":"CultistPotion"},{"floor":11.0,"key":"DistilledChaos"},{"floor":13.0,"key":"Explosive Potion"},{"floor":19.0,"key":"LiquidFlight:ReiMu"},{"floor":20.0,"key":"UndeadPotion"},{"floor":24.0,"key":"Swift Potion"},{"floor":27.0,"key":"Fruit Juice"},{"floor":31.0,"key":"Toxic Potion"},{"floor":37.0,"key":"SteroidPotion"},{"floor":42.0,"key":"Regen Potion"},{"floor":46.0,"key":"GamblersBrew"},{"floor":47.0,"key":"SpeedPotion"}],"is_trial":false,"path_per_floor":["M","M","M","?","M","E","R","?","T","M","E","?","M","$","R","B",null,"M","M","M","M","$","R","E","M","T","E","M","M","E","M","R","B",null,"M","?","?","?","$","E","T","E","T","$","R","?","M","M","R","B","M","M","?","$","R","M","R","$","?","B",null],"character_chosen":"REIMU","items_purchased":["CeramicFish","MerchantsRug","REME_Flogging","Replay:Bandana","REME_CardOfGreed","Membership Card","Toy Ornithopter","Technique","War Paint","Orichalcum","Art of War","RuthlessExorcism:ReiMu","Peace Pipe","Gremlin Food","SynthV:C4","Orrery","BrkXgEgg","ArrowTower","testmod-TurbochargingSystem","Blue Doll","REME_HourglassOfDeath","OctopathBindingBorder2:ReiMu","ClockworkSouvenir","MostiFishMod:PerfectForm+1","conspire:DecoderRing","FossilizedHelix","Lantern","Whetstone","GodSword6","ZombieArmy","CheatingSign:ReiMu","MostiFishMod:AdaptiveDefenses","Iron Hammer","REME_IWantAll","Kunai"],"campfire_rested":0,"item_purchase_floors":[7,14,15,22,22,32,32,39,39,39,39,44,44,44,45,45,49,49,49,49,49,49,54,54,54,54,54,54,55,55,55,57,57,58,58],"current_hp_per_floor":[62,58,54,54,50,40,40,29,29,29,14,14,9,9,9,63,81,72,67,58,58,58,58,55,55,55,45,50,50,47,47,47,46,143,141,141,122,122,122,121,121,121,121,121,121,120,105,103,103,143,143,138,144,144,144,147,147,147,147,149],"gold":75,"neow_bonus":"TEN_PERCENT_HP_BONUS","is_daily":false,"chose_seed":false,"campfire_upgraded":1,"win_rate":0.0,"timestamp":1612067962,"path_taken":["M","M","?","?","M","E","R","?","T","M","E","?","M","$","R","BOSS","M","M","M","M","$","R","E","M","T","E","M","M","E","M","R","BOSS","M","?","?","?","$","E","?","E","T","$","R","?","M","?","R","BOSS","M","M","?","$","R","M","R","$","?","BOSS"],"items_purchased_type":["Relic","Relic","Card","Relic","Relic","Relic","Relic","Relic","Relic","Relic","Relic","Relic","Relic","Relic","Relic","Relic","Relic","Relic","Relic","Relic","Relic","Card","Relic","Card","Relic","Relic","Relic","Relic","Relic","Relic","Relic","Relic","Relic","Relic","Relic"],"build_version":"2020-12-22","purchased_purges":2,"victory":true,"max_hp_per_floor":[71,71,71,71,71,71,71,71,71,71,71,71,71,71,71,81,81,87,118,124,126,126,126,128,132,132,135,140,141,143,143,143,143,143,143,143,143,143,143,143,143,143,143,143,143,143,143,143,143,143,143,143,149,149,149,149,149,149,149,149],"relic_stats":{"Nunchaku":[5],"counters":[33,129],"Ornamental Fan":[88],"CeramicFish":423,"Art of War":[5],"Kunai":[1],"Orichalcum":[78],"obtain_stats":[{"CeramicFish":7,"MostiFishMod:AdaptiveDefenses":57,"ice":0,"Whetstone":54,"REME_IWantAll":58,"Replay:Bronze Core":34,"conspire:DecoderRing":54,"Iron Hammer":57,"Kunai":58,"Toxic Egg 2":12,"MerchantsRug":14,"paleoftheancients:KeyRelic":50,"testmod-TestBox":0,"testmod-Register":0,"Counterbalance":6,"ShineYinYang:ReiMu":17,"Oddly Smooth Stone":50,"War Paint":39,"paleoftheancients:Timepiece":50,"REME_HourglassOfDeath":49,"CultistMask":50,"GodSword6":55,"Technique":39,"FlyPower:ReiMu":0,"ArrowTower":49,"Unceasing Top":37,"paleoftheancients:SoulOfTheIroncluck":52,"Darkstone Periapt":40,"Lantern":54,"DaveBox":0,"Blue Doll":49,"Bow_fan:ReiMu":9,"testmod-BouquetWithThorns":24,"SynthV:C4":45,"testmod-CasingShield":46,"ClockworkSouvenir":54,"Replay:Bandana":22,"Nunchaku":43,"testmod-ArcanaOfDestiny":26,"SumBook":27,"aspiration:ChemicalBlood":42,"ZombieArmy":55,"Gremlin Food":44,"JellyFishMachine":0,"BrkXgEgg":49,"testmod-TurbochargingSystem":49,"Orichalcum":39,"ChaoDraw":41,"Peace Pipe":44,"SynthV:TestCard":1,"Ornamental Fan":11,"Orrery":45,"CheatingSign:ReiMu":55,"Art of War":39,"REME_CardOfGreed":22,"Membership Card":32,"ReplayTheSpireMod:Lightbulb":30,"Toy Ornithopter":32,"FossilizedHelix":54,"REME_ComplimentaryCards":0,"RuthlessExorcism:ReiMu":44},{"CeramicFish":5,"MostiFishMod:AdaptiveDefenses":32,"ice":0,"Whetstone":31,"REME_IWantAll":32,"Replay:Bronze Core":21,"conspire:DecoderRing":31,"Iron Hammer":32,"Kunai":32,"Toxic Egg 2":7,"MerchantsRug":8,"paleoftheancients:KeyRelic":29,"testmod-TestBox":0,"testmod-Register":0,"Counterbalance":5,"ShineYinYang:ReiMu":9,"Oddly Smooth Stone":29,"War Paint":23,"paleoftheancients:Timepiece":29,"REME_HourglassOfDeath":28,"CultistMask":29,"GodSword6":31,"Technique":23,"FlyPower:ReiMu":0,"ArrowTower":28,"Unceasing Top":23,"paleoftheancients:SoulOfTheIroncluck":31,"Darkstone Periapt":24,"Lantern":31,"DaveBox":0,"Blue Doll":28,"Bow_fan:ReiMu":5,"testmod-BouquetWithThorns":14,"SynthV:C4":25,"testmod-CasingShield":26,"ClockworkSouvenir":31,"Replay:Bandana":13,"Nunchaku":25,"testmod-ArcanaOfDestiny":15,"SumBook":16,"aspiration:ChemicalBlood":25,"ZombieArmy":31,"Gremlin Food":25,"JellyFishMachine":0,"BrkXgEgg":28,"testmod-TurbochargingSystem":28,"Orichalcum":23,"ChaoDraw":24,"Peace Pipe":25,"SynthV:TestCard":1,"Ornamental Fan":7,"Orrery":25,"CheatingSign:ReiMu":31,"Art of War":23,"REME_CardOfGreed":13,"Membership Card":20,"ReplayTheSpireMod:Lightbulb":19,"Toy Ornithopter":20,"FossilizedHelix":31,"REME_ComplimentaryCards":0,"RuthlessExorcism:ReiMu":25},{"CeramicFish":25,"MostiFishMod:AdaptiveDefenses":123,"ice":0,"Whetstone":120,"REME_IWantAll":123,"Replay:Bronze Core":86,"conspire:DecoderRing":120,"Iron Hammer":123,"Kunai":123,"Toxic Egg 2":34,"MerchantsRug":36,"paleoftheancients:KeyRelic":112,"testmod-TestBox":0,"testmod-Register":0,"Counterbalance":25,"ShineYinYang:ReiMu":44,"Oddly Smooth Stone":112,"War Paint":94,"paleoftheancients:Timepiece":112,"REME_HourglassOfDeath":108,"CultistMask":112,"GodSword6":120,"Technique":94,"FlyPower:ReiMu":0,"ArrowTower":108,"Unceasing Top":94,"paleoftheancients:SoulOfTheIroncluck":120,"Darkstone Periapt":99,"Lantern":120,"DaveBox":0,"Blue Doll":108,"Bow_fan:ReiMu":25,"testmod-BouquetWithThorns":66,"SynthV:C4":102,"testmod-CasingShield":104,"ClockworkSouvenir":120,"Replay:Bandana":61,"Nunchaku":102,"testmod-ArcanaOfDestiny":69,"SumBook":72,"aspiration:ChemicalBlood":102,"ZombieArmy":120,"Gremlin Food":102,"JellyFishMachine":0,"BrkXgEgg":108,"testmod-TurbochargingSystem":108,"Orichalcum":94,"ChaoDraw":99,"Peace Pipe":102,"SynthV:TestCard":4,"Ornamental Fan":34,"Orrery":102,"CheatingSign:ReiMu":120,"Art of War":94,"REME_CardOfGreed":61,"Membership Card":81,"ReplayTheSpireMod:Lightbulb":78,"Toy Ornithopter":81,"FossilizedHelix":120,"REME_ComplimentaryCards":0,"RuthlessExorcism:ReiMu":102}],"Unceasing Top":[10]},"card_choices":[{"not_picked":["WonderfulDomain:ReiMu","Amulet:ReiMu"],"picked":"LovePray:ReiMu","floor":1.0},{"not_picked":["TightArray:ReiMu","SealNeedle:ReiMu","Conquer:ReiMu","SafetyPray:ReiMu"],"picked":"Amulet:ReiMu","floor":2.0},{"not_picked":["FantasyMoon:ReiMu","AlertArray:ReiMu","SpreadBorder2:ReiMu","Enchanting:ReiMu"],"picked":"Meditation:ReiMu","floor":3.0},{"not_picked":["UpKicking:ReiMu","AirStrike:ReiMu","OrbThrow:ReiMu","RainPray2:ReiMu"],"picked":"Gathering:ReiMu","floor":5.0},{"not_picked":["Intuition:ReiMu","PrepareRite:ReiMu","BarrageOfMoneybags:ReiMu","LovePray:ReiMu"],"picked":"SpiritualOutbreak2:ReiMu","floor":6.0},{"not_picked":["ForcedLanding:ReiMu","Meditation:ReiMu","FantasyMoon:ReiMu","CollectionFlower2:ReiMu"],"picked":"KyokaiOfKami:ReiMu","floor":10.0},{"not_picked":["WonderfulDomain:ReiMu","SubcavityInstant:ReiMu","Revelation:ReiMu","Meditation:ReiMu"],"picked":"InherentArray:ReiMu","floor":11.0},{"not_picked":["LovePray:ReiMu+1","CareerPray:ReiMu+1","Intuition:ReiMu+1","FoulBorder2:ReiMu"],"picked":"SpringWay:ReiMu+1","floor":13.0},{"not_picked":["OctopathSalyBorderN:ReiMu","BlastKick2:ReiMu","YinYang:ReiMu","Determination:ReiMu"],"picked":"CleanRite:ReiMu+1","floor":16.0},{"not_picked":["CareerPray:ReiMu+1","AirStrike:ReiMu","Meditation:ReiMu+1","RainPray2:ReiMu+1"],"picked":"NineCharacters:ReiMu","floor":18.0},{"not_picked":["SpreadBorder2:ReiMu+1","SpringWay:ReiMu+1","OctopathBindingBorder2:ReiMu","RainPray2:ReiMu+1"],"picked":"OrbThrow:ReiMu+1","floor":19.0},{"not_picked":["ForcedLanding:ReiMu","Mountainwind:ReiMu+1","PrepareRite:ReiMu+1","TakeOff:ReiMu+1"],"picked":"SubcavityInstant:ReiMu+1","floor":20.0},{"not_picked":["TightArray:ReiMu","SafetyPray:ReiMu+1","Meditation:ReiMu+1","Enchanting:ReiMu+1"],"picked":"YinYangSange:ReiMu","floor":21.0},{"not_picked":["Amulet:ReiMu+1","Revelation:ReiMu+1","FineLineFantasy:ReiMu","SpreadBorder2:ReiMu+1"],"picked":"BlastKick2:ReiMu","floor":24.0},{"not_picked":["SealNeedle:ReiMu","SpringWay:ReiMu+1","CareerPray:ReiMu+1","TightArray:ReiMu"],"picked":"SubAcupoint:ReiMu+1","floor":25.0},{"not_picked":["EmergencyTakeOff:ReiMu+1","CeremonyResonance:ReiMu+1","SubcavityInstant:ReiMu+1","SpreadBorder2:ReiMu+1"],"picked":"DependentForm:ReiMu","floor":27.0},{"not_picked":["SubcavityInstant:ReiMu+1","CollectionFlower2:ReiMu+1","Amulet:ReiMu+1","WonderfulDomain:ReiMu+1"],"picked":"MikOfLucky:ReiMu+1","floor":28.0},{"not_picked":["Enchanting:ReiMu+1","OrbThrow:ReiMu","RainPray2:ReiMu+1","SubcavityInstant:ReiMu+1"],"picked":"CareerPray:ReiMu+1","floor":29.0},{"not_picked":["SubAcupoint:ReiMu","KyokaiOfKami:ReiMu","CollectionFlower2:ReiMu+1","MikOfLucky:ReiMu+1"],"picked":"TakeOff:ReiMu+1","floor":30.0},{"not_picked":["Amulet:ReiMu+1","Intuition:ReiMu+1","CareerPray:ReiMu+1","CollectionFlower2:ReiMu+1"],"picked":"PrepareRite:ReiMu+1","floor":31.0},{"not_picked":["DependentForm:ReiMu","OctopathSalyBorderN:ReiMu","CleanRite:ReiMu+1","KamiRite:ReiMu+1"],"picked":"YinYang:ReiMu","floor":33.0},{"not_picked":["Conquer:ReiMu","Crusade:ReiMu","SpreadBorder2:ReiMu+1","SafetyPray:ReiMu+1"],"picked":"UniversalSpiritual:ReiMu+1","floor":35.0},{"not_picked":["Conquer:ReiMu+1","Gathering:ReiMu+1","CareerPray:ReiMu+1","UniversalSpiritual:ReiMu+1"],"picked":"SealNeedle:ReiMu+1","floor":37.0},{"not_picked":["Amulet:ReiMu+1","SpreadBorder2:ReiMu+1","WonderfulDomain:ReiMu+1","SubAcupoint:ReiMu+1"],"picked":"RainPray2:ReiMu+1","floor":38.0},{"not_picked":["WonderfulDomain:ReiMu+1","CareerPray:ReiMu+1","CleanRite:ReiMu+1","TightArray:ReiMu+1"],"picked":"CeremonyResonance:ReiMu+1","floor":40.0},{"not_picked":["Crusade:ReiMu","DoubleButterfly:ReiMu","InherentArray:ReiMu+1","CareerPray:ReiMu+1"],"picked":"ShadowOfCrow2:ReiMu+1","floor":42.0},{"not_picked":["Meditation:ReiMu+1","OrbThrow:ReiMu+1","InherentArray:ReiMu","SealNeedle:ReiMu+1"],"picked":"SpreadBorder2:ReiMu+1","floor":45.0},{"not_picked":["WonderfulDomain:ReiMu+1","SpreadBorder2:ReiMu+1","HakureiPhantom:ReiMu+1","TightArray:ReiMu"],"picked":"DoubleButterfly:ReiMu+1","floor":45.0},{"not_picked":["AlertArray:ReiMu+1","WonderfulDomain:ReiMu+1","Conquer:ReiMu+1","SubcavityInstant:ReiMu+1"],"picked":"ManaGlint:ReiMu+1","floor":45.0},{"not_picked":["TightArray:ReiMu+1","Revelation:ReiMu+1","SpreadBorder2:ReiMu+1","Enchanting:ReiMu+1"],"picked":"AirStrike:ReiMu+1","floor":45.0},{"not_picked":["Intuition:ReiMu+1","CleanRite:ReiMu+1","SubcavityInstant:ReiMu+1","SpringWay:ReiMu+1"],"picked":"KamiSacrifice:ReiMu+1","floor":46.0},{"not_picked":["Dreaming2:ReiMu+1","AirStrike:ReiMu","SubAcupoint:ReiMu+1","SpreadBorder2:ReiMu+1"],"picked":"PassingAway:ReiMu+1","floor":47.0},{"not_picked":["SafetyPray:ReiMu+1","AlertArray:ReiMu+1","Enchanting:ReiMu+1","KamiSacrifice:ReiMu+1"],"picked":"YinYangSign:ReiMu","floor":48.0},{"not_picked":["AirManeuver:ReiMu+1","SpringWay:ReiMu+1","SubcavityInstant:ReiMu+1","SubAcupoint:ReiMu+1"],"picked":"CeremonyResonance:ReiMu+1","floor":51.0},{"not_picked":["Intuition:ReiMu+1","OrbThrow:ReiMu+1","SpreadBorder2:ReiMu+1","SubcavityInstant:ReiMu+1"],"picked":"Crusade:ReiMu","floor":52.0},{"not_picked":["RainPray2:ReiMu+1","DoubleButterfly:ReiMu","SubcavityInstant:ReiMu+1","CareerPray:ReiMu+1"],"picked":"PassingAway:ReiMu+1","floor":56.0}],"player_experience":306876,"relics_obtained":[{"floor":1.0,"key":"SynthV:TestCard"},{"floor":6.0,"key":"Counterbalance"},{"floor":9.0,"key":"Bow_fan:ReiMu"},{"floor":11.0,"key":"Ornamental Fan"},{"floor":24.0,"key":"testmod-BouquetWithThorns"},{"floor":26.0,"key":"testmod-ArcanaOfDestiny"},{"floor":27.0,"key":"SumBook"},{"floor":30.0,"key":"ReplayTheSpireMod:Lightbulb"},{"floor":37.0,"key":"Unceasing Top"},{"floor":40.0,"key":"Darkstone Periapt"},{"floor":41.0,"key":"ChaoDraw"},{"floor":42.0,"key":"aspiration:ChemicalBlood"},{"floor":43.0,"key":"Nunchaku"},{"floor":46.0,"key":"testmod-CasingShield"},{"floor":52.0,"key":"paleoftheancients:SoulOfTheIroncluck"}],"event_choices":[{"damage_healed":0.0,"max_hp_gain":0.0,"max_hp_loss":0.0,"gold_gain":0.0,"event_name":"Golden Wing","player_choice":"Ignored","floor":4.0,"gold_loss":0.0,"damage_taken":0.0},{"damage_healed":0.0,"max_hp_gain":0.0,"max_hp_loss":0.0,"gold_gain":75.0,"event_name":"World of Goop","player_choice":"Gather Gold","floor":8.0,"gold_loss":0.0,"damage_taken":11.0},{"damage_healed":0.0,"max_hp_gain":0.0,"max_hp_loss":0.0,"gold_gain":0.0,"event_name":"MindBloom","player_choice":"Fight","floor":37.0,"gold_loss":0.0,"damage_taken":0.0},{"damage_healed":0.0,"max_hp_gain":0.0,"max_hp_loss":0.0,"gold_gain":0.0,"event_name":"Mysterious Sphere","player_choice":"Fight","floor":46.0,"gold_loss":0.0,"damage_taken":0.0},{"damage_healed":0.0,"max_hp_gain":0.0,"max_hp_loss":0.0,"gold_gain":275.0,"event_name":"Golden Shrine","player_choice":"Desecrate","floor":53.0,"gold_loss":0.0,"damage_taken":0.0,"cards_obtained":["Regret"]}],"is_beta":false,"boss_relics":[{"not_picked":["Cursed Key","TimeKeys"],"picked":"ShineYinYang:ReiMu"},{"not_picked":["aspiration:IroncladSkillbook","Velvet Choker"],"picked":"Replay:Bronze Core"}],"items_purged_floors":[32,54],"is_endless":false,"potions_floor_spawned":[1,2,6,11,13,19,20,24,27,31,37,42,46,47],"ascension_level":1}}