{"host":"m8o7tt929h4qck9e","time":1612136133,"event":{"mods":["Aspiration","BaseMod","Better Third Choice","BetterRewards","Card Forge","Colored Powertips","Conspire","Defuse TimeMaze Blight","Friendly Minions","Hubris","Infinite Spire","Minty Spire (QoL Compilation)","Replay The Spire","Shop Mod","Spicy Shops","StSLib","The Jungle","Transform Curses","thorton","??????REMEMod"],"gold_per_floor":[123,147,89,89,89,130,130,130,182,182,211,211,243,243,243,357,357,397,434,334,9,9,9,9,9,35,91,91,168,168,215,215,359,359,423,507,407,519,600,600,699,815,841,969,1041,1041,1041,1011,1011,1064],"floor_reached":51,"language":"ENG","playtime":14195,"items_purged":["Normality","thethorton:Strike","thethorton:Strike","thethorton:Defend","thethorton:Defend"],"score":755,"play_id":"a4e52428-687b-4bf4-acec-a5c75ed1f998","local_time":"20210131183533","is_ascension_mode":false,"campfire_choices":[{"data":"thethorton:Heckle","floor":7,"key":"SMITH"},{"data":"thethorton:CreditCard","floor":10,"key":"SMITH"},{"data":"thethorton:BusinessBash","floor":12,"key":"SMITH"},{"floor":15,"key":"DIG"},{"data":"infinitespire:Execution","floor":23,"key":"SMITH"},{"data":"thethorton:CreditCard+1","floor":25,"key":"SMITH"},{"data":"thethorton:BusinessCard","floor":30,"key":"SMITH"},{"floor":40,"key":"DIG"},{"floor":46,"key":"DIG"},{"data":"thethorton:Fortune","floor":49,"key":"PURGE"}],"circlet_count":0,"master_deck":["thethorton:Defend","thethorton:Heckle+1","thethorton:CreditCard+2","thethorton:LongTermPayoff","thethorton:PowerUp+1","thethorton:PocketChange+1","thethorton:SheetShred+1","thethorton:PowerUp+1","thethorton:PocketChange+1","thethorton:BusinessBash+1","thethorton:GoldBuffer","thethorton:DodgeAndRollAndRun","thethorton:BusinessBash+1","thethorton:GemGun+1","conspire:SpireCoStock","conspire:SpireCoStock","infinitespire:Execution+1","thethorton:BusinessCard+1","thethorton:ThickSkin+1","thethorton:DualBap"],"relics":["thethorton:CouragePotion","Hammer of Thor","Seething Fire","Anvil of the Gods","REME_ComplimentaryCards","hubris:HerbalPaste","Tiny Chest","Ornamental Fan","hubris:OldNail","hubris:PeanutButter","hubris:TenFootPole","Astrolabe","Toy Ornithopter","ReplayTheSpireMod:Shallot","Replay:Kaleidoscope","ReplayTheSpireMod:Ring of Collecting","Ring of Fury","Replay:Bronze Core","Shovel","Whetstone","infinitespire:ShieldingShard","hubris:BottledRain","aspiration:Lifesprig","Smiling Mask","Gremlin Horn","Pen Nib","Torii"],"acts_visited":["Exordium","TheCity","TheBeyond"],"potions_floor_usage":[16,27,33,35,38,41,44,50,50],"damage_taken":[{"damage":0.0,"enemies":"conspire:RoseBush","floor":1.0,"turns":4.0},{"damage":3.0,"enemies":"2 Louse","floor":2.0,"turns":4.0},{"damage":3,"enemies":"Replay:BlueRogue","floor":6,"turns":7},{"damage":0,"enemies":"Cultist","floor":11,"turns":4},{"damage":0,"enemies":"3 Louse","floor":13,"turns":3},{"damage":9,"enemies":"The Guardian","floor":16,"turns":11},{"damage":0,"enemies":"3 Byrds","floor":18,"turns":5},{"damage":6,"enemies":"Spheric Guardian","floor":19,"turns":6},{"damage":6,"enemies":"Snake Plant","floor":27,"turns":5},{"damage":1,"enemies":"Centurion and Healer","floor":29,"turns":6},{"damage":0,"enemies":"Shelled Parasite and Fungi","floor":31,"turns":4},{"damage":12,"enemies":"Collector","floor":33,"turns":6},{"damage":0,"enemies":"Orb Walker","floor":35,"turns":2},{"damage":0,"enemies":"3 Darklings","floor":36,"turns":5},{"damage":7,"enemies":"Spire Growth","floor":38,"turns":5},{"damage":0,"enemies":"Transient","floor":39,"turns":5},{"damage":7,"enemies":"Giant Head","floor":41,"turns":7},{"damage":7,"enemies":"Sphere and 2 Shapes","floor":42,"turns":4},{"damage":11,"enemies":"Nemesis","floor":44,"turns":5},{"damage":0,"enemies":"Jaw Worm Horde","floor":45,"turns":3},{"damage":8,"enemies":"infinitespire:MassOfShapes","floor":50,"turns":4}],"seed_played":"4704308431311751480","potions_obtained":[{"floor":2.0,"key":"SkillPotion"},{"floor":13,"key":"Swift Potion"},{"floor":19,"key":"LiquidBronze"},{"floor":33,"key":"EssenceOfSteel"},{"floor":36,"key":"SteroidPotion"},{"floor":38,"key":"Toxic Potion"},{"floor":39,"key":"Swift Potion"},{"floor":48,"key":"ColorlessPotion"},{"floor":48,"key":"conspire:TimeTravelPotion"}],"is_trial":false,"path_per_floor":["M","M","$","?","?","E","R","?","T","R","M","R","M","T","R","B",null,"M","M","?","$","?","R","$","R","T","M","T","M","R","M","R","B",null,"M","M","NS","M","M","R","E","M","T","E","M","R","AVR","?","R","B",null],"character_chosen":"THE_THORT","items_purchased":["thethorton:LongTermPayoff","thethorton:PowerUp","thethorton:PocketChange","hubris:HerbalPaste","Tiny Chest","Weak Potion","thethorton:PowerUp+1"],"campfire_rested":0,"item_purchase_floors":[0,0,0,0,0,0,3],"current_hp_per_floor":[43,46,46,46,46,49,49,49,49,49,55,55,60,60,60,57,68,68,62,62,62,54,54,54,54,54,59,59,64,64,68,68,56,68,68,68,68,61,67,67,61,60,60,57,62,62,62,62,62,61],"gold":1064,"neow_bonus":"","is_daily":false,"chose_seed":false,"campfire_upgraded":6,"win_rate":0.0,"timestamp":1612136133,"path_taken":["M","M","$","?","?","E","R","?","T","R","M","R","M","?","R","BOSS","M","M","?","$","?","R","?","R","T","M","?","M","R","M","R","BOSS","M","M","NS","M","M","R","E","M","T","E","M","R","AVR","?","R","BOSS"],"items_purchased_type":["Card","Card","Card","Relic","Relic","Potion","Card"],"build_version":"2020-12-22","purchased_purges":5,"victory":true,"max_hp_per_floor":[68,68,68,68,68,68,68,68,68,68,68,68,68,68,68,68,68,68,68,68,68,68,68,68,68,68,68,68,68,68,68,68,68,68,68,68,68,68,68,68,68,68,68,68,68,68,68,68,68,68],"card_choices":[{"not_picked":["thethorton:DualBap","thethorton:WhirlingBriefcase","thethorton:FocusStrength"],"picked":"SKIP","floor":1.0},{"not_picked":["thethorton:ElbowSmash","thethorton:CashBash","thethorton:RunningFeint"],"picked":"SKIP","floor":2.0},{"not_picked":["thethorton:StampSmack","thethorton:HitAhead"],"picked":"thethorton:PocketChange","floor":6},{"not_picked":["thethorton:TakeAccounts","thethorton:GoldBuffer"],"picked":"thethorton:BusinessBash","floor":11},{"not_picked":["thethorton:StumblingSlap","thethorton:LongTermPayoff"],"picked":"thethorton:GoldBuffer","floor":13},{"not_picked":["thethorton:Escape","thethorton:MidnightStrike"],"picked":"thethorton:DodgeAndRollAndRun","floor":16},{"not_picked":["thethorton:SicklyRun","thethorton:DualBap","thethorton:DownPayment+1"],"picked":"SKIP","floor":18},{"not_picked":["thethorton:BookBash","thethorton:SheetShred"],"picked":"thethorton:PocketChange+1","floor":19},{"not_picked":["infinitespire:NeuralNetwork","hubris:Rewind"],"picked":"infinitespire:Execution","floor":22},{"not_picked":["thethorton:DualBap","thethorton:DesperateRun","thethorton:Fortune"],"picked":"SKIP","floor":27},{"not_picked":["thethorton:CoffeeBlast","thethorton:ShoutAndRun"],"picked":"thethorton:BusinessCard","floor":29},{"not_picked":["thethorton:Distance","thethorton:CashBash","thethorton:DownPayment"],"picked":"SKIP","floor":31},{"not_picked":["thethorton:CowardiceForm","thethorton:CrashingStocks"],"picked":"thethorton:Fortune","floor":33},{"not_picked":["thethorton:CoinClash+1","thethorton:Distance"],"picked":"thethorton:ThickSkin+1","floor":35},{"not_picked":["thethorton:RunningFeint","thethorton:HitAhead+1","thethorton:DownPayment"],"picked":"SKIP","floor":36},{"not_picked":["thethorton:StampSmack","thethorton:ChartProject","thethorton:RunningKick+1"],"picked":"SKIP","floor":38},{"not_picked":["thethorton:ChartProject+1","thethorton:AngerMoment+1","thethorton:Hindsight+1"],"picked":"SKIP","floor":39},{"not_picked":["thethorton:ChartProject+1","thethorton:ThickSkin"],"picked":"thethorton:DualBap","floor":41},{"not_picked":["thethorton:SicklyRun+1","thethorton:PowerUp+1","thethorton:CoinShield"],"picked":"SKIP","floor":42},{"not_picked":["thethorton:DownPayment","thethorton:WhirlingBriefcase","thethorton:GoldBuffer"],"picked":"SKIP","floor":44},{"not_picked":["thethorton:WhirlingBriefcase+1","thethorton:RunningKick+1","thethorton:TakeAccounts"],"picked":"SKIP","floor":45}],"player_experience":29783,"relics_obtained":[{"floor":6,"key":"Ornamental Fan"},{"floor":9,"key":"hubris:OldNail"},{"floor":14,"key":"hubris:PeanutButter"},{"floor":15,"key":"hubris:TenFootPole"},{"floor":26,"key":"Toy Ornithopter"},{"floor":28,"key":"ReplayTheSpireMod:Shallot"},{"floor":32,"key":"ReplayTheSpireMod:Ring of Collecting"},{"floor":32,"key":"Ring of Fury"},{"floor":40,"key":"Whetstone"},{"floor":41,"key":"hubris:BottledRain"},{"floor":43,"key":"aspiration:Lifesprig"},{"floor":44,"key":"Smiling Mask"},{"floor":46,"key":"Pen Nib"}],"event_choices":[{"damage_healed":0,"gold_gain":0,"player_choice":"Upgraded","damage_taken":0,"max_hp_gain":0,"max_hp_loss":0,"event_name":"Upgrade Shrine","floor":8,"gold_loss":0,"cards_upgraded":["thethorton:SheetShred"]},{"damage_healed":0,"gold_gain":0,"player_choice":"Invest 2","damage_taken":0,"max_hp_gain":0,"max_hp_loss":0,"event_name":"conspire:Investor","floor":20,"gold_loss":0},{"damage_healed":0,"gold_gain":0,"player_choice":"Bought 2 Potions","damage_taken":0,"max_hp_gain":0,"max_hp_loss":0,"event_name":"The Woman in Blue","floor":48,"gold_loss":0}],"is_beta":false,"boss_relics":[{"not_picked":["aspiration:PoetsPen_weak","REME_ChargedStone"],"picked":"Astrolabe"},{"not_picked":["Replay:Wanted Poster","Ring of Chaos"],"picked":"Replay:Bronze Core"}],"items_purged_floors":[0,0,0,21,21],"is_endless":false,"potions_floor_spawned":[2,13,19,33,36,38,39],"ascension_level":0}}