{"host":"gqcohn9v5baj3dmw","time":1612123677,"event":{"mods":["BaseMod","Better Note","Better Sensory Stone","Better Skull","Colored Map","Downfall","Marked Mod","Minty Spire (QoL Compilation)","Rare Cards Sparkle","Relic Stats","StSLib"],"gold_per_floor":[117,117,132,132,146,146,146,166,166,176,231,245,42,42,42,137,137,151,250,222,222,29,29,29,29,29],"floor_reached":25,"language":"ENG","playtime":668,"items_purged":["Strike_G"],"score":258,"play_id":"db2b58df-38c4-422f-8dd6-9eab38a840f7","local_time":"20210131210757","is_ascension_mode":true,"campfire_choices":[{"data":"Skewer","floor":6.0,"key":"SMITH"},{"floor":15.0,"key":"REST"},{"floor":23.0,"key":"REST"}],"circlet_count":0,"master_deck":["Strike_G","Strike_G","Strike_G+1","Strike_G+1","Defend_G","Defend_G","Defend_G","Defend_G","Survivor","Neutralize+1","Predator","Skewer+1","Crippling Poison","Noxious Fumes","Infinite Blades","Poisoned Stab+1","Dash+1","Malaise","Leg Sweep","Infinite Blades"],"relics":["Ring of the Snake","Kunai","Molten Egg 2","MutagenicStrength"],"acts_visited":[],"potions_floor_usage":[],"damage_taken":[{"damage":1.0,"enemies":"Small Slimes","floor":1.0,"turns":5.0},{"damage":0.0,"enemies":"2 Louse","floor":3.0,"turns":3.0},{"damage":0.0,"enemies":"Jaw Worm","floor":5.0,"turns":4.0},{"damage":8.0,"enemies":"Looter","floor":8.0,"turns":3.0},{"damage":9.0,"enemies":"Large Slime","floor":10.0,"turns":6.0},{"damage":12.0,"enemies":"Gremlin Nob","floor":11.0,"turns":3.0},{"damage":9.0,"enemies":"Blue Slaver","floor":12.0,"turns":3.0},{"damage":6.0,"enemies":"Hexaghost","floor":16.0,"turns":9.0},{"damage":21.0,"enemies":"Spheric Guardian","floor":18.0,"turns":6.0},{"damage":18.0,"enemies":"2 Thieves","floor":20.0,"turns":5.0},{"damage":16,"enemies":"Sentry and Sphere","floor":25,"turns":5}],"seed_played":"-4065116984311151057","potions_obtained":[{"floor":1.0,"key":"ColorlessPotion"},{"floor":3.0,"key":"LiquidMemories"},{"floor":10.0,"key":"FearPotion"},{"floor":16.0,"key":"EssenceOfSteel"},{"floor":20.0,"key":"DuplicationPotion"}],"is_trial":false,"path_per_floor":["M","?","M","?","M","R","?","M","T","M","?","M","$","?","R","B",null,"M","?","M","?","$","R","?","M"],"character_chosen":"THE_SILENT","items_purchased":["Dash+1","Block Potion","Leg Sweep","Infinite Blades","Weak Potion"],"campfire_rested":2,"item_purchase_floors":[13,13,22,22,22],"current_hp_per_floor":[62,55,55,60,60,60,45,37,37,28,16,7,7,7,29,23,62,41,41,23,23,23,45,45,29,29],"gold":29,"neow_bonus":"UPGRADE_CARD","is_daily":false,"chose_seed":false,"campfire_upgraded":1,"win_rate":0.0,"timestamp":1612123677,"path_taken":["M","?","M","?","M","R","?","M","T","M","?","M","$","?","R","BOSS","M","?","M","?","$","R","?","M"],"items_purchased_type":["Card","Potion","Card","Card","Potion"],"build_version":"2020-12-22","purchased_purges":1,"victory":false,"max_hp_per_floor":[70,70,70,75,75,75,75,75,75,75,75,75,75,75,75,75,75,75,75,75,75,75,75,75,75,75],"relic_stats":{"counters":[1,5],"Kunai":[0],"obtain_stats":[{"MutagenicStrength":0,"Molten Egg 2":0,"Kunai":0,"Ring of the Snake":0},{"MutagenicStrength":0,"Molten Egg 2":0,"Kunai":0,"Ring of the Snake":0},{"MutagenicStrength":0,"Molten Egg 2":0,"Kunai":0,"Ring of the Snake":0}],"Ring of the Snake":[2]},"card_choices":[{"not_picked":["Terror","Sucker Punch"],"picked":"Predator","floor":1.0},{"not_picked":["Slice","Concentrate"],"picked":"Skewer","floor":3.0},{"not_picked":["Slice","Tactician"],"picked":"Crippling Poison","floor":5.0},{"not_picked":["PiercingWail","Sucker Punch"],"picked":"Noxious Fumes","floor":8.0},{"not_picked":["Bouncing Flask","Deadly Poison"],"picked":"Infinite Blades","floor":10.0},{"not_picked":["Corpse Explosion","Flying Knee+1"],"picked":"Poisoned Stab+1","floor":11.0},{"not_picked":["Dodge and Roll","Dagger Spray+1","Choke+1"],"picked":"SKIP","floor":12.0},{"not_picked":["Night Terror","Glass Knife+1"],"picked":"Malaise","floor":16.0},{"not_picked":["Outmaneuver+1","Acrobatics","Flechettes+1"],"picked":"SKIP","floor":18.0},{"not_picked":["Deadly Poison","Deflect","Underhanded Strike+1"],"picked":"SKIP","floor":20.0}],"player_experience":546300,"relics_obtained":[{"floor":9.0,"key":"Kunai"},{"floor":11.0,"key":"Molten Egg 2"}],"event_choices":[{"cards_removed":["Defend_G"],"damage_healed":0.0,"max_hp_gain":0.0,"max_hp_loss":0.0,"gold_gain":0.0,"event_name":"Golden Wing","player_choice":"Card Removal","floor":2.0,"gold_loss":0.0,"damage_taken":7.0},{"damage_healed":0.0,"max_hp_gain":5.0,"max_hp_loss":0.0,"gold_gain":0.0,"event_name":"Big Fish","player_choice":"Donut","floor":4.0,"gold_loss":0.0,"damage_taken":0.0},{"damage_healed":0.0,"max_hp_gain":0.0,"max_hp_loss":0.0,"gold_gain":0.0,"event_name":"Shining Light","player_choice":"Entered Light","floor":7.0,"gold_loss":0.0,"damage_taken":15.0,"cards_upgraded":["Strike_G","Strike_G"]},{"damage_healed":0.0,"max_hp_gain":0.0,"max_hp_loss":0.0,"gold_gain":0.0,"event_name":"Dead Adventurer","player_choice":"Searched \u00271\u0027 times","floor":11.0,"gold_loss":0.0,"damage_taken":0.0},{"damage_healed":0.0,"max_hp_gain":0.0,"max_hp_loss":0.0,"gold_gain":0.0,"event_name":"Scrap Ooze","player_choice":"Fled","floor":14.0,"gold_loss":0.0,"damage_taken":0.0},{"damage_healed":0.0,"max_hp_gain":0.0,"max_hp_loss":0.0,"gold_gain":99.0,"event_name":"Nest","player_choice":"Stole From Cult","floor":19.0,"gold_loss":0.0,"damage_taken":0.0},{"damage_healed":0.0,"max_hp_gain":0.0,"max_hp_loss":0.0,"gold_gain":0.0,"event_name":"Drug Dealer","player_choice":"Inject Mutagens","floor":21.0,"gold_loss":0.0,"damage_taken":0.0,"relics_obtained":["MutagenicStrength"]}],"is_beta":false,"boss_relics":[{"not_picked":["Astrolabe","Runic Dome","Calling Bell"]}],"items_purged_floors":[13],"is_endless":false,"potions_floor_spawned":[1,3,10,16,20],"killed_by":"Sentry and Sphere","ascension_level":7}}