{"host":"t1puqh5lxz8sp6fn","time":1612059227,"event":{"mods":["AchievementEnabler","BaseMod","Colored Powertips","Minty Spire (QoL Compilation)","Rare Cards Sparkle","Relic Stats","StSLib"],"gold_per_floor":[115,215,227,227,227,256,256,285,285,318,343,358,371,11,11,108,108,121,121,121,132,152,186,186,186,263,263,275,19,19,44,44,149,149,166,166,166,18,38,64,75,100,100,100,100,100,134,134,134,134,134,134,45,45,45],"floor_reached":54,"playtime":2063,"items_purged":["Strike_B","Defend_B"],"score":1308,"play_id":"f7bad2d4-b5a7-44d5-8722-b11e0373f534","local_time":"20210130231347","is_ascension_mode":true,"campfire_choices":[{"data":"Redo","floor":7,"key":"SMITH"},{"floor":15,"key":"REST"},{"floor":24,"key":"REST"},{"floor":27,"key":"REST"},{"data":"Apotheosis","floor":30,"key":"SMITH"},{"data":"Seek","floor":32,"key":"SMITH"},{"floor":44,"key":"RECALL"},{"floor":49,"key":"REST"},{"floor":52,"key":"REST"}],"circlet_count":0,"master_deck":["AscendersBane","Defend_B","Defend_B+1","Zap","Dualcast+1","Sweeping Beam","Defragment","Redo+1","Seek+1","Doom and Gloom","Auto Shields","Capacitor","Skim","Apotheosis+1","Electrodynamics","Undo","Chaos","Echo Form","Echo Form+1","Skim+1","Creative AI+1","Compile Driver+1","Reinforced Body","Capacitor","Darkness","Jack Of All Trades","Writhe","Storm"],"relics":["Cracked Core","NeowsBlessing","WingedGreaves","War Paint","Vajra","Letter Opener","Blue Candle","Odd Mushroom","Membership Card","DataDisk","SlaversCollar","Enchiridion","InkBottle","Nunchaku","Meat on the Bone","Lee\u0027s Waffle","Bottled Tornado","MealTicket","Astrolabe","Bottled Lightning","Gremlin Horn","Torii","Orichalcum","Calipers"],"acts_visited":["Exordium","TheCity","TheBeyond","TheEnding"],"potions_floor_usage":[8,11,16,22,28,31],"damage_taken":[{"damage":0,"enemies":"Small Slimes","floor":1,"turns":1},{"damage":0,"enemies":"Cultist","floor":3,"turns":1},{"damage":0,"enemies":"Lagavulin","floor":6,"turns":1},{"damage":19,"enemies":"3 Sentries","floor":8,"turns":6},{"damage":17,"enemies":"Lagavulin","floor":10,"turns":6},{"damage":0,"enemies":"The Mushroom Lair","floor":11,"turns":2},{"damage":0,"enemies":"2 Louse","floor":12,"turns":2},{"damage":1,"enemies":"2 Fungi Beasts","floor":13,"turns":2},{"damage":13,"enemies":"Hexaghost","floor":16,"turns":9},{"damage":11,"enemies":"Spheric Guardian","floor":18,"turns":3},{"damage":6,"enemies":"Shell Parasite","floor":21,"turns":3},{"damage":0,"enemies":"Cultist and Chosen","floor":22,"turns":4},{"damage":20,"enemies":"Book of Stabbing","floor":23,"turns":3},{"damage":5,"enemies":"Snecko","floor":28,"turns":5},{"damage":21,"enemies":"Slavers","floor":31,"turns":2},{"damage":33,"enemies":"Automaton","floor":33,"turns":7},{"damage":8,"enemies":"3 Shapes","floor":35,"turns":2},{"damage":0,"enemies":"3 Darklings","floor":39,"turns":2},{"damage":10,"enemies":"Reptomancer","floor":40,"turns":6},{"damage":57,"enemies":"Spire Growth","floor":41,"turns":5},{"damage":12,"enemies":"Giant Head","floor":42,"turns":9},{"damage":2,"enemies":"Nemesis","floor":47,"turns":7},{"damage":59,"enemies":"Time Eater","floor":50,"turns":9},{"damage":117,"enemies":"Shield and Spear","floor":54,"turns":5}],"seed_played":"-666284698548011973","potions_obtained":[{"floor":3,"key":"LiquidMemories"},{"floor":10,"key":"PowerPotion"},{"floor":12,"key":"BlessingOfTheForge"},{"floor":13,"key":"SkillPotion"},{"floor":16,"key":"Explosive Potion"},{"floor":18,"key":"Block Potion"},{"floor":22,"key":"SpeedPotion"},{"floor":23,"key":"FearPotion"},{"floor":31,"key":"Fire Potion"},{"floor":35,"key":"Strength Potion"},{"floor":39,"key":"CultistPotion"}],"is_trial":false,"path_per_floor":["M","?","M","?","?","E","R","E","T","E","?","M","M","$","R","B",null,"M","?","?","M","M","E","R","?","T","R","M","$","R","E","R","B",null,"M","?","?","$","M","E","M","E","T","R","?","?","E","T","R","B",null,"R","$","E"],"character_chosen":"DEFECT","items_purchased":["Membership Card","Apotheosis","DataDisk","Lee\u0027s Waffle","FairyPotion","Bottled Tornado","Bottled Lightning","Reinforced Body","Storm"],"campfire_rested":5,"item_purchase_floors":[14,14,14,29,29,29,38,38,53],"current_hp_per_floor":[68,68,68,61,54,54,54,35,35,18,18,18,17,17,39,26,63,52,52,36,30,30,10,32,32,32,54,49,82,82,61,61,40,72,64,64,64,79,79,69,24,24,24,24,24,45,43,43,67,20,67,82,82,0,0],"gold":45,"neow_bonus":"THREE_ENEMY_KILL","is_daily":false,"chose_seed":false,"campfire_upgraded":3,"win_rate":0.0,"timestamp":1612059227,"path_taken":["M","?","?","?","?","E","R","E","T","E","?","M","M","$","R","BOSS","M","?","?","M","M","E","R","?","T","R","M","$","R","E","R","BOSS","M","?","?","?","M","E","?","E","T","R","?","?","E","?","R","BOSS","R","$","E"],"items_purchased_type":["Relic","Card","Relic","Relic","Potion","Relic","Relic","Card","Card"],"build_version":"2020-12-13","purchased_purges":2,"victory":false,"max_hp_per_floor":[75,75,75,75,75,75,75,75,75,75,75,75,75,75,75,75,75,75,75,75,75,75,75,75,75,75,75,75,82,82,82,82,82,82,82,82,82,82,82,82,82,82,82,82,82,82,82,82,82,82,82,82,82,82,82],"relic_stats":{"Lee\u0027s Waffle":33,"Gremlin Horn":[0,0],"Torii":13,"counters":[24,102],"Blue Candle":[2],"Astrolabe":["Echo Form","Skim","Creative AI"],"Letter Opener":[153],"War Paint":["Defend_B","Dualcast"],"Orichalcum":[30],"Nunchaku":[4],"MealTicket":15,"obtain_stats":[{"Lee\u0027s Waffle":29,"Calipers":48,"NeowsBlessing":0,"Gremlin Horn":40,"Torii":42,"Blue Candle":10,"Astrolabe":34,"Vajra":8,"Enchiridion":20,"Letter Opener":9,"War Paint":6,"Odd Mushroom":11,"Bottled Tornado":29,"Orichalcum":47,"SlaversCollar":17,"DataDisk":14,"Nunchaku":25,"MealTicket":31,"WingedGreaves":4,"Membership Card":14,"Bottled Lightning":38,"Cracked Core":0,"InkBottle":23,"Meat on the Bone":26},{"Lee\u0027s Waffle":14,"Calipers":22,"NeowsBlessing":0,"Gremlin Horn":19,"Torii":21,"Blue Candle":5,"Astrolabe":16,"Vajra":4,"Enchiridion":10,"Letter Opener":4,"War Paint":3,"Odd Mushroom":6,"Bottled Tornado":14,"Orichalcum":22,"SlaversCollar":9,"DataDisk":8,"Nunchaku":13,"MealTicket":15,"WingedGreaves":2,"Membership Card":8,"Bottled Lightning":17,"Cracked Core":0,"InkBottle":13,"Meat on the Bone":13},{"Lee\u0027s Waffle":48,"Calipers":88,"NeowsBlessing":0,"Gremlin Horn":67,"Torii":81,"Blue Candle":15,"Astrolabe":57,"Vajra":9,"Enchiridion":33,"Letter Opener":9,"War Paint":3,"Odd Mushroom":17,"Bottled Tornado":48,"Orichalcum":88,"SlaversCollar":30,"DataDisk":21,"Nunchaku":43,"MealTicket":50,"WingedGreaves":2,"Membership Card":21,"Bottled Lightning":59,"Cracked Core":0,"InkBottle":43,"Meat on the Bone":43}],"InkBottle":[21],"Meat on the Bone":48},"card_choices":[{"not_picked":["Ball Lightning","Rebound"],"picked":"Sweeping Beam","floor":1},{"not_picked":["Stack","Beam Cell"],"picked":"Defragment","floor":3},{"not_picked":["Turbo","Steam"],"picked":"Redo","floor":6},{"not_picked":["Compile Driver","Recycle"],"picked":"Seek","floor":8},{"not_picked":["Gash","All For One"],"picked":"Doom and Gloom","floor":10},{"not_picked":["Reprogram","Gash"],"picked":"Auto Shields","floor":11},{"not_picked":["Gash","Turbo"],"picked":"Capacitor","floor":12},{"not_picked":["Loop","Steam"],"picked":"Skim","floor":13},{"not_picked":["Core Surge","Creative AI"],"picked":"Electrodynamics","floor":16},{"not_picked":["Redo+1","Sweeping Beam+1"],"picked":"Undo","floor":18},{"not_picked":["Stack","Turbo","Cold Snap"],"picked":"SKIP","floor":21},{"not_picked":["Double Energy","Hologram"],"picked":"Go for the Eyes+1","floor":22},{"not_picked":["Chaos","Melter","Hello World"],"picked":"SKIP","floor":23},{"not_picked":["Static Discharge","Streamline","Beam Cell"],"picked":"SKIP","floor":28},{"not_picked":["Cold Snap","Gash","Recycle"],"picked":"SKIP","floor":31},{"not_picked":["Fission","Electrodynamics"],"picked":"Echo Form","floor":33},{"not_picked":["Stack","Compile Driver+1","Coolheaded"],"picked":"SKIP","floor":35},{"not_picked":["Stack","Coolheaded"],"picked":"Compile Driver+1","floor":35},{"not_picked":["Ball Lightning","Go for the Eyes"],"picked":"Capacitor","floor":39},{"not_picked":["Conserve Battery","Scrape","Hologram"],"picked":"SKIP","floor":40},{"not_picked":["Stack+1","Go for the Eyes","Steam Power"],"picked":"SKIP","floor":41},{"not_picked":["Stack","Coolheaded"],"picked":"Darkness","floor":42},{"not_picked":["Impatience","Mind Blast"],"picked":"Jack Of All Trades","floor":45},{"not_picked":["Streamline","Redo+1","Sweeping Beam"],"picked":"SKIP","floor":47}],"player_experience":457887,"relics_obtained":[{"floor":6,"key":"War Paint"},{"floor":8,"key":"Vajra"},{"floor":9,"key":"Letter Opener"},{"floor":10,"key":"Blue Candle"},{"floor":11,"key":"Odd Mushroom"},{"floor":20,"key":"Enchiridion"},{"floor":23,"key":"InkBottle"},{"floor":26,"key":"Meat on the Bone"},{"floor":31,"key":"MealTicket"},{"floor":40,"key":"Gremlin Horn"},{"floor":42,"key":"Torii"},{"floor":47,"key":"Orichalcum"},{"floor":48,"key":"Calipers"}],"event_choices":[{"damage_healed":0,"gold_gain":100,"player_choice":"Pray","damage_taken":0,"max_hp_gain":0,"max_hp_loss":0,"event_name":"Golden Shrine","floor":2,"gold_loss":0},{"damage_healed":0,"gold_gain":0,"player_choice":"Success","damage_taken":7,"relics_obtained":["WingedGreaves"],"max_hp_gain":0,"max_hp_loss":0,"event_name":"Scrap Ooze","floor":4,"gold_loss":0},{"cards_removed":["Strike_B"],"damage_healed":0,"gold_gain":0,"player_choice":"Card Removal","damage_taken":7,"max_hp_gain":0,"max_hp_loss":0,"event_name":"Golden Wing","floor":5,"gold_loss":0},{"damage_healed":0,"gold_gain":0,"player_choice":"Fought Mushrooms","damage_taken":0,"max_hp_gain":0,"max_hp_loss":0,"event_name":"Mushrooms","floor":11,"gold_loss":0},{"damage_healed":0,"gold_gain":0,"player_choice":"Read","damage_taken":0,"max_hp_gain":0,"max_hp_loss":0,"event_name":"The Library","floor":19,"gold_loss":0,"cards_obtained":["Chaos"]},{"damage_healed":0,"gold_gain":0,"player_choice":"Obtained Book","damage_taken":16,"max_hp_gain":0,"max_hp_loss":0,"event_name":"Cursed Tome","floor":20,"gold_loss":0},{"damage_healed":0,"gold_gain":0,"player_choice":"Opened","damage_taken":0,"relics_obtained":["Nunchaku"],"max_hp_gain":0,"max_hp_loss":0,"event_name":"The Mausoleum","floor":25,"gold_loss":0},{"cards_removed":["Go for the Eyes"],"damage_healed":0,"gold_gain":0,"player_choice":"Removed Attack","damage_taken":0,"max_hp_gain":0,"max_hp_loss":0,"event_name":"Falling","floor":36,"gold_loss":0},{"damage_healed":0,"gold_gain":0,"player_choice":"Ignored","damage_taken":0,"max_hp_gain":0,"max_hp_loss":0,"event_name":"Tomb of Lord Red Mask","floor":37,"gold_loss":0},{"damage_healed":0,"gold_gain":0,"player_choice":"Memory 1","damage_taken":0,"max_hp_gain":0,"max_hp_loss":0,"event_name":"SensoryStone","floor":45,"gold_loss":0},{"damage_healed":21,"gold_gain":0,"player_choice":"Writhe","damage_taken":0,"max_hp_gain":0,"max_hp_loss":0,"event_name":"Winding Halls","floor":46,"gold_loss":0,"cards_obtained":["Writhe"]}],"is_beta":false,"boss_relics":[{"not_picked":["Pandora\u0027s Box","Fusion Hammer"],"picked":"SlaversCollar"},{"not_picked":["Tiny House","Velvet Choker"],"picked":"Astrolabe"}],"items_purged_floors":[14,53],"is_endless":false,"potions_floor_spawned":[3,10,12,13,16,18,22,23,31,35,39,47],"killed_by":"Shield and Spear","ascension_level":12}}