{"host":"vyjryxuuuxkt43k4","time":1612094556,"event":{"mods":["AchievementEnabler","BaseMod","Colored Map","DeckTracker","Keyboard Shortcuts","Minty Spire (QoL Compilation)","Permanent Neow","Quick Restart","Rare Cards Sparkle","StSLib","SuperFastMode","everything is the same but u backflip on backflip"],"gold_per_floor":[109,121,121,137,212,245,245,271,323,323,354,354,384,384,384,485,485,496,496,496,512,528,528,330,342,389,188,199,224,224,251,251,354,354,369,444,444,145,163,163,200,200,224,274,274,274,309,15,15,40,40,40,40,40,40],"floor_reached":54,"language":"KOR","playtime":3096,"items_purged":["Strike_P","Strike_P","BowlingBash","Defend_P"],"score":1116,"play_id":"32a000e6-f135-4dec-80dd-2092abd7ef85","local_time":"20210131210236","is_ascension_mode":true,"campfire_choices":[{"data":"Eruption","floor":7.0,"key":"SMITH"},{"data":"FollowUp","floor":10.0,"key":"SMITH"},{"data":"Tantrum","floor":12.0,"key":"SMITH"},{"floor":15.0,"key":"REST"},{"data":"MentalFortress","floor":23.0,"key":"SMITH"},{"data":"Scrawl","floor":30.0,"key":"SMITH"},{"data":"ClearTheMind","floor":32.0,"key":"SMITH"},{"data":"MentalFortress","floor":40.0,"key":"SMITH"},{"data":"Blasphemy","floor":42.0,"key":"SMITH"},{"data":"FlurryOfBlows","floor":46,"key":"SMITH"},{"floor":49,"key":"RECALL"},{"data":"Wish","floor":52,"key":"SMITH"}],"circlet_count":0,"master_deck":["Defend_P","Defend_P","Eruption+1","Vigilance","Ragnarok+1","FollowUp+1","Tantrum+1","EmptyBody","Scrawl+1","Consecrate+1","Establishment+1","Vengeance+1","MentalFortress+1","FearNoEvil+1","MentalFortress+1","Indignation","FlurryOfBlows+1","Blasphemy+1","ClearTheMind+1","Wish+1","Wireheading+1","Perseverance+1","Collect+1","Halt+1"],"relics":["SacredBark","Yang","Toy Ornithopter","Bag of Preparation","The Courier","Boot","Strawberry","Astrolabe","Potion Belt","Juzu Bracelet","Whetstone","VioletLotus","Mango","Medical Kit","Smiling Mask","PreservedInsect","Oddly Smooth Stone"],"acts_visited":["Exordium","TheCity","TheBeyond","TheEnding"],"potions_floor_usage":[44,44,44,44,44,44,50,50,50,54],"damage_taken":[{"damage":0.0,"enemies":"2 Louse","floor":1.0,"turns":2.0},{"damage":8.0,"enemies":"Jaw Worm","floor":2.0,"turns":5.0},{"damage":4.0,"enemies":"Small Slimes","floor":4.0,"turns":2.0},{"damage":9.0,"enemies":"3 Sentries","floor":6.0,"turns":9.0},{"damage":0.0,"enemies":"Gremlin Nob","floor":8.0,"turns":2.0},{"damage":0.0,"enemies":"Lagavulin","floor":11.0,"turns":2.0},{"damage":0.0,"enemies":"Gremlin Nob","floor":13.0,"turns":3.0},{"damage":49.0,"enemies":"Hexaghost","floor":16.0,"turns":8.0},{"damage":3.0,"enemies":"3 Byrds","floor":18.0,"turns":4.0},{"damage":0.0,"enemies":"Chosen","floor":21.0,"turns":4.0},{"damage":0.0,"enemies":"Centurion and Healer","floor":22.0,"turns":3.0},{"damage":22.0,"enemies":"Snake Plant","floor":25.0,"turns":5.0},{"damage":0.0,"enemies":"Cultist and Chosen","floor":28.0,"turns":4.0},{"damage":12.0,"enemies":"Slavers","floor":29.0,"turns":2.0},{"damage":19.0,"enemies":"Book of Stabbing","floor":31.0,"turns":4.0},{"damage":8.0,"enemies":"Collector","floor":33.0,"turns":6.0},{"damage":10.0,"enemies":"3 Darklings","floor":35.0,"turns":3.0},{"damage":0.0,"enemies":"Mind Bloom Boss Battle","floor":36.0,"turns":4.0},{"damage":8.0,"enemies":"3 Shapes","floor":39.0,"turns":6.0},{"damage":35.0,"enemies":"Transient","floor":41.0,"turns":5.0},{"damage":8,"enemies":"Reptomancer","floor":44,"turns":3},{"damage":0,"enemies":"Maw","floor":47,"turns":6},{"damage":37,"enemies":"Donu and Deca","floor":50,"turns":12},{"damage":85,"enemies":"Shield and Spear","floor":54,"turns":3}],"seed_played":"6172057004997142529","potions_obtained":[{"floor":2.0,"key":"SneckoOil"},{"floor":4.0,"key":"EssenceOfSteel"},{"floor":6.0,"key":"Fire Potion"},{"floor":8.0,"key":"AttackPotion"},{"floor":22.0,"key":"Weak Potion"},{"floor":25.0,"key":"PowerPotion"},{"floor":31.0,"key":"LiquidMemories"},{"floor":33.0,"key":"StancePotion"},{"floor":35.0,"key":"EntropicBrew"},{"floor":36.0,"key":"LiquidBronze"},{"floor":41.0,"key":"SteroidPotion"}],"is_trial":false,"path_per_floor":["M","M","?","M","?","E","R","E","T","R","E","R","E","?","R","B",null,"M","?","?","M","M","R","$","M","T","$","M","E","R","E","R","B",null,"M","?","T","$","M","R","M","R","T","E","?","R","M","$","R","B",null,"R","$","E"],"character_chosen":"WATCHER","items_purchased":["BottledMiracle","PowerPotion","MentalFortress","Regen Potion","StancePotion","Medical Kit","EntropicBrew","Swift Potion","BottledMiracle","Oddly Smooth Stone","Dexterity Potion"],"campfire_rested":1,"item_purchase_floors":[24,24,24,27,27,38,38,48,48,48,48],"current_hp_per_floor":[65,57,57,53,42,33,33,33,33,33,38,38,38,27,50,1,60,57,57,57,57,57,57,57,45,45,45,77,67,67,48,48,40,69,64,78,78,78,75,75,55,55,55,77,77,77,77,77,77,55,80,80,80,0,0],"gold":40,"neow_bonus":"BOSS_RELIC","is_daily":false,"chose_seed":false,"campfire_upgraded":10,"win_rate":0.0,"timestamp":1612094556,"path_taken":["M","M","?","M","?","E","R","E","T","R","E","R","E","?","R","BOSS","M","?","?","M","M","R","$","M","T","$","M","E","R","E","R","BOSS","M","?","?","$","M","R","M","R","T","E","?","R","M","$","R","BOSS","R","$","E"],"items_purchased_type":["Potion","Potion","Card","Potion","Potion","Relic","Potion","Potion","Potion","Relic","Potion"],"build_version":"2020-12-22","purchased_purges":4,"victory":false,"max_hp_per_floor":[72,72,72,72,72,72,72,72,72,72,72,72,72,79,79,79,79,79,79,79,79,79,79,79,79,79,79,79,79,79,79,79,79,79,79,93,93,93,93,93,93,93,93,93,88,88,88,88,88,88,88,88,88,88,88],"card_choices":[{"not_picked":["JustLucky","WreathOfFlame"],"picked":"BowlingBash","floor":1.0},{"not_picked":["Vengeance","Collect","CrushJoints"],"picked":"SKIP","floor":2.0},{"not_picked":["ThirdEye","EmptyBody"],"picked":"Ragnarok","floor":4.0},{"not_picked":["Sanctity","CutThroughFate"],"picked":"FollowUp","floor":6.0},{"not_picked":["PathToVictory","WheelKick"],"picked":"Tantrum","floor":8.0},{"not_picked":["Ragnarok","CrushJoints"],"picked":"EmptyBody","floor":11.0},{"not_picked":["Consecrate","Fasting2","EmptyBody"],"picked":"SKIP","floor":13.0},{"not_picked":["Establishment","Judgement"],"picked":"Scrawl","floor":16.0},{"not_picked":["JustLucky","Evaluate+1","EmptyFist"],"picked":"SKIP","floor":18.0},{"not_picked":["WindmillStrike","FearNoEvil+1"],"picked":"MentalFortress","floor":21.0},{"not_picked":["FlurryOfBlows","Conclude"],"picked":"FearNoEvil","floor":22.0},{"not_picked":["FollowUp","Pray"],"picked":"Indignation","floor":25.0},{"not_picked":["CutThroughFate","Sanctity"],"picked":"FlurryOfBlows","floor":28.0},{"not_picked":["CrushJoints+1","Prostrate"],"picked":"Blasphemy","floor":29.0},{"not_picked":["WindmillStrike+1","Wish"],"picked":"ClearTheMind","floor":31.0},{"not_picked":["Devotion","ConjureBlade"],"picked":"Wish","floor":33.0},{"not_picked":["FollowUp+1","FlyingSleeves+1"],"picked":"Wireheading+1","floor":35.0},{"not_picked":["Consecrate","FollowUp"],"picked":"Perseverance+1","floor":39.0},{"not_picked":["Vengeance","CrushJoints+1"],"picked":"Collect+1","floor":41.0},{"not_picked":["SandsOfTime+1","WheelKick+1"],"picked":"Halt+1","floor":44},{"not_picked":["Tantrum+1","Study","Evaluate"],"picked":"SKIP","floor":47}],"player_experience":538022,"relics_obtained":[{"floor":6.0,"key":"Yang"},{"floor":8.0,"key":"Toy Ornithopter"},{"floor":9.0,"key":"Bag of Preparation"},{"floor":11.0,"key":"The Courier"},{"floor":13.0,"key":"Boot"},{"floor":26.0,"key":"Potion Belt"},{"floor":29.0,"key":"Juzu Bracelet"},{"floor":31.0,"key":"Whetstone"},{"floor":36.0,"key":"Mango"},{"floor":43.0,"key":"Smiling Mask"},{"floor":44,"key":"PreservedInsect"}],"event_choices":[{"damage_healed":0.0,"max_hp_gain":0.0,"max_hp_loss":0.0,"gold_gain":0.0,"event_name":"Liars Game","player_choice":"Ignored","floor":3.0,"gold_loss":0.0,"damage_taken":0.0},{"damage_healed":0.0,"max_hp_gain":0.0,"max_hp_loss":0.0,"gold_gain":75.0,"event_name":"World of Goop","player_choice":"Gather Gold","floor":5.0,"gold_loss":0.0,"damage_taken":11.0},{"damage_healed":0.0,"max_hp_gain":0.0,"max_hp_loss":0.0,"gold_gain":0.0,"event_name":"Scrap Ooze","player_choice":"Success","floor":14.0,"gold_loss":0.0,"damage_taken":18.0,"relics_obtained":["Strawberry"]},{"damage_healed":0.0,"max_hp_gain":0.0,"max_hp_loss":0.0,"gold_gain":0.0,"event_name":"Vampires","player_choice":"Ignored","floor":19.0,"gold_loss":0.0,"damage_taken":0.0},{"damage_healed":0.0,"max_hp_gain":0.0,"max_hp_loss":0.0,"gold_gain":0.0,"event_name":"Ghosts","player_choice":"Ignored","floor":20.0,"gold_loss":0.0,"damage_taken":0.0},{"damage_healed":0.0,"max_hp_gain":0.0,"max_hp_loss":0.0,"gold_gain":0.0,"event_name":"MindBloom","player_choice":"Fight","floor":36.0,"gold_loss":0.0,"damage_taken":0.0},{"damage_healed":0,"gold_gain":0,"player_choice":"Max HP","damage_taken":0,"max_hp_gain":0,"max_hp_loss":5,"event_name":"Winding Halls","floor":45,"gold_loss":0}],"is_beta":false,"boss_relics":[{"not_picked":["Fusion Hammer","Tiny House"],"picked":"Astrolabe"},{"not_picked":["Empty Cage","Sozu"],"picked":"VioletLotus"}],"items_purged_floors":[24,27,38,48],"is_endless":false,"potions_floor_spawned":[2,4,6,8,22,25,31,33,35,36,41],"killed_by":"Shield and Spear","ascension_level":8}}