{"host":"dcj2yvrgcvh5dl2s","time":1612129788,"event":{"mods":["BaseMod","Bestiary","Better Note","Block Reminder","Colored Powertips","Curses Come First","DeckTracker","Minty Spire (QoL Compilation)","Quick Restart","Rare Cards Sparkle","Relic Stats","StSLib"],"gold_per_floor":[113,123,48,123,143,143,143,143,143,143,143],"floor_reached":10,"language":"ENG","playtime":159,"items_purged":[],"score":112,"play_id":"b4142968-df00-4527-869d-919e1dd6d0f8","local_time":"20210201074948","is_ascension_mode":true,"campfire_choices":[{"data":"Flex","floor":6,"key":"SMITH"},{"data":"Fire Breathing","floor":8,"key":"SMITH"}],"circlet_count":0,"master_deck":["AscendersBane","Strike_R","Strike_R","Strike_R","Defend_R","Defend_R","Defend_R","Defend_R","Bash","Flex+1","Fire Breathing+1"],"relics":["Burning Blood","NeowsBlessing","Torii"],"acts_visited":["Exordium"],"potions_floor_usage":[],"damage_taken":[{"damage":0,"enemies":"2 Louse","floor":1,"turns":1},{"damage":0,"enemies":"Small Slimes","floor":2,"turns":1},{"damage":0,"enemies":"Jaw Worm","floor":5,"turns":1},{"damage":76,"enemies":"Gremlin Nob","floor":10,"turns":5}],"seed_played":"7978603261329309583","potions_obtained":[],"is_trial":false,"path_per_floor":["M","M","?","?","M","R","?","R","T","E"],"character_chosen":"IRONCLAD","items_purchased":[],"campfire_rested":0,"item_purchase_floors":[],"current_hp_per_floor":[74,75,75,64,70,70,63,63,63,0,0],"gold":143,"neow_bonus":"THREE_ENEMY_KILL","is_daily":false,"chose_seed":false,"campfire_upgraded":2,"win_rate":0.0,"timestamp":1612129788,"path_taken":["M","M","?","?","M","R","?","R","T","E"],"items_purchased_type":[],"build_version":"2020-12-22","purchased_purges":0,"victory":false,"max_hp_per_floor":[75,75,75,75,75,75,75,75,75,75,75],"relic_stats":{"Torii":0,"counters":[4,8],"obtain_stats":[{"NeowsBlessing":0,"Torii":9,"Burning Blood":0},{"NeowsBlessing":0,"Torii":3,"Burning Blood":0},{"NeowsBlessing":0,"Torii":3,"Burning Blood":0}],"Burning Blood":13},"card_choices":[{"not_picked":["Wild Strike","Twin Strike","Headbutt"],"picked":"SKIP","floor":1},{"not_picked":["True Grit","Heavy Blade"],"picked":"Flex","floor":2},{"not_picked":["Perfected Strike","Havoc"],"picked":"Fire Breathing","floor":5}],"player_experience":2317737,"relics_obtained":[{"floor":9,"key":"Torii"}],"event_choices":[{"cards_removed":["Strike_R"],"damage_healed":0,"gold_gain":0,"player_choice":"Card Removal","damage_taken":0,"max_hp_gain":0,"max_hp_loss":0,"event_name":"The Cleric","floor":3,"gold_loss":75},{"damage_healed":0,"gold_gain":75,"player_choice":"Gather Gold","damage_taken":11,"max_hp_gain":0,"max_hp_loss":0,"event_name":"World of Goop","floor":4,"gold_loss":0},{"cards_removed":["Strike_R"],"damage_healed":0,"gold_gain":0,"player_choice":"Card Removal","damage_taken":7,"max_hp_gain":0,"max_hp_loss":0,"event_name":"Golden Wing","floor":7,"gold_loss":0}],"is_beta":false,"boss_relics":[],"items_purged_floors":[],"is_endless":false,"potions_floor_spawned":[],"killed_by":"Gremlin Nob","ascension_level":20}}