{"host":"q6r63elxu27obe7v","time":1612077406,"event":{"mods":["2.2 Compatiblity","AchievementEnabler","BaseMod","CapriCore","DeckTracker","Keyboard Shortcuts","Minty Spire (QoL Compilation)","Permanent Neow","Quick Restart","StSLib","SuperFastMode","¡¼?Úª?ø«¡½REMEMod"],"gold_per_floor":[116,131,56,56,67,67,82,82,136,152,170,203,203,220,220,220,220],"floor_reached":16,"language":"KOR","playtime":439,"items_purged":["Strike_P"],"score":104,"play_id":"cd807399-f784-4501-a99f-58b245628c8d","local_time":"20210131161646","is_ascension_mode":false,"campfire_choices":[{"floor":6,"key":"RECALL"},{"data":"Eruption","floor":8,"key":"SMITH"},{"data":"Vault","floor":13,"key":"SMITH"},{"data":"Eruption","floor":15,"key":"SMITH"}],"circlet_count":0,"master_deck":["Strike_P","Strike_P","Defend_P","Defend_P","Defend_P","Eruption+1","Vigilance","Deep Breath","BowlingBash","EmptyBody","Eruption+1","Consecrate","Vault+1","WreathOfFlame","FollowUp"],"relics":["PureWater","REME_ComplimentaryCards","Happy Flower","PreservedInsect"],"acts_visited":["Exordium"],"potions_floor_usage":[12,16,16,16],"damage_taken":[{"damage":0,"enemies":"Small Slimes","floor":1,"turns":3},{"damage":1,"enemies":"Cultist","floor":2,"turns":4},{"damage":6,"enemies":"Jaw Worm","floor":5,"turns":4},{"damage":0,"enemies":"Looter","floor":7,"turns":3},{"damage":4,"enemies":"Exordium Wildlife","floor":10,"turns":5},{"damage":0,"enemies":"2 Fungi Beasts","floor":11,"turns":1},{"damage":36,"enemies":"Lagavulin","floor":12,"turns":4},{"damage":0,"enemies":"3 Louse","floor":14,"turns":1},{"damage":20,"enemies":"Hexaghost","floor":16,"turns":2}],"seed_played":"854256574918774668","potions_obtained":[{"floor":2,"key":"SteroidPotion"},{"floor":11,"key":"FearPotion"},{"floor":12,"key":"SteroidPotion"},{"floor":14,"key":"PowerPotion"}],"is_trial":false,"path_per_floor":["M","M","$","?","M","R","M","R","T","M","M","E","R","M","R","B"],"character_chosen":"WATCHER","items_purchased":[],"campfire_rested":0,"item_purchase_floors":[],"current_hp_per_floor":[65,64,64,64,58,58,58,58,58,54,54,18,18,18,18,0,0],"gold":220,"neow_bonus":"REMOVE_TWO","is_daily":false,"chose_seed":false,"campfire_upgraded":3,"win_rate":0.0,"timestamp":1612077406,"path_taken":["M","M","$","?","?","R","M","R","T","M","M","E","R","M","R","BOSS"],"items_purchased_type":[],"build_version":"2020-12-22","purchased_purges":1,"victory":false,"max_hp_per_floor":[65,65,65,65,65,65,65,65,65,65,65,65,65,65,65,65,65],"card_choices":[{"not_picked":["CarveReality","EmptyBody"],"picked":"BowlingBash","floor":1},{"not_picked":["CrushJoints","REME_Repentance"],"picked":"EmptyBody","floor":2},{"not_picked":["REME_Repentance","ClearTheMind"],"picked":"Consecrate","floor":5},{"not_picked":["Weave","PathToVictory","WaveOfTheHand"],"picked":"SKIP","floor":7},{"not_picked":["Protect","Perseverance","TalkToTheHand"],"picked":"SKIP","floor":10},{"not_picked":["Wallop","JustLucky"],"picked":"Vault","floor":11},{"not_picked":["ThirdEye","Vengeance"],"picked":"WreathOfFlame","floor":12},{"not_picked":["FlurryOfBlows","PathToVictory"],"picked":"FollowUp","floor":14}],"player_experience":69113,"relics_obtained":[{"floor":9,"key":"Happy Flower"},{"floor":12,"key":"PreservedInsect"}],"event_choices":[{"damage_healed":0,"gold_gain":0,"player_choice":"1 cards matched","damage_taken":0,"max_hp_gain":0,"max_hp_loss":0,"event_name":"Match and Keep!","floor":4,"gold_loss":0,"cards_obtained":["Eruption"]}],"is_beta":false,"boss_relics":[],"items_purged_floors":[3],"is_endless":false,"potions_floor_spawned":[2,11,12,14],"killed_by":"Hexaghost","ascension_level":0}}