{"host":"6fz13565vq1u34xu","time":1612126596,"event":{"mods":["Act Like it!","Aspiration","BaseMod","Better Altar","Better Match","Better Note","Better Sensory Stone","Better Vampires","BetterRewards","Challenge The Spire","Colored Map","Colored Powertips","Conspire","DeckTracker","Energized Spire","Hubris","Infinite Spire","Marked Mod","Minty Spire (QoL Compilation)","Quick Restart","Rare Cards Sparkle","Relic Stats","Replay The Spire","StSLib","SuperFastMode"],"gold_per_floor":[54,54,171,281,398,398,284,80,200,317,434,434,183,33,148,268,388,501],"floor_reached":19,"language":"ENG","playtime":1154,"items_purged":["Strike_B","Strike_B","Strike_B"],"score":4564,"play_id":"8e778191-e8f4-452a-9929-40e0339be18d","local_time":"20210131155636","daily_mods":["challengethespire:Gold Difficulty","challengethespire:Boss Rush","Uncertain Future"],"is_ascension_mode":true,"campfire_choices":[{"data":"Zap","floor":2.0,"key":"SMITH"}],"circlet_count":0,"master_deck":["AscendersBane","Strike_B","Defend_B+1","Defend_B","Defend_B+1","Defend_B","Zap+1","Dualcast","The Bomb+1","Replay:Bootleg Shield Generator+1","Cold Snap+1","Coolheaded+1","hubris:PowerSurge+1","Defragment+1","ReplayTheSpireMod:Calculation Training+1","Self Repair+1","Core Surge+1","Cold Snap+1","Capacitor+1","Coolheaded+1","Ball Lightning+1","ReplayUltimateDefense+1","Consume+1","FIFO Queue+1","Core Surge+1"],"relics":["Cracked Core","The Courier","Molten Egg 2","Toxic Egg 2","Frozen Egg 2","Runic Capacitor","War Paint","FossilizedHelix","Incense Burner","aspiration:Lifesprig","energizedSpire:DeadBattery","Replay:Baseball","hubris:BundleOfHerbs","Smiling Mask","Bag of Marbles","energizedSpire:CursedPentagram","hubris:PeanutButter","Turnip","Replay:Wax Seal","ReplayTheSpireMod:TigerMarble","Ornamental Fan"],"acts_visited":["Exordium"],"potions_floor_usage":[5],"damage_taken":[{"damage":0.0,"enemies":"Slime Boss","floor":3.0,"turns":7.0},{"damage":0.0,"enemies":"The Guardian","floor":4.0,"turns":9.0},{"damage":0,"enemies":"Hexaghost","floor":5,"turns":9},{"damage":0,"enemies":"Champ","floor":9,"turns":11},{"damage":0,"enemies":"Collector","floor":10,"turns":11},{"damage":0,"enemies":"Automaton","floor":11,"turns":9},{"damage":16,"enemies":"Awakened One","floor":15,"turns":14},{"damage":0,"enemies":"Time Eater","floor":16,"turns":13},{"damage":11,"enemies":"Donu and Deca","floor":17,"turns":12},{"damage":38,"enemies":"The Heart","floor":18,"turns":13}],"seed_played":"-4183160344875429421","potions_obtained":[{"floor":5,"key":"CultistPotion"},{"floor":9,"key":"Swift Potion"},{"floor":15,"key":"SkillPotion"}],"is_trial":true,"path_per_floor":["$","R","M","M","M","T","$","$","M","M","M","T","$","$","M","M","M","M",null],"character_chosen":"DEFECT","items_purchased":["The Bomb+1","Replay:Bootleg Shield Generator+1","Runic Capacitor","War Paint","SkillPotion","Cold Snap+1","Coolheaded+1","hubris:PowerSurge+1","Replay:Baseball","Core Surge+1","Cold Snap+1","hubris:PeanutButter","ReplayUltimateDefense+1"],"campfire_rested":0,"item_purchase_floors":[1,1,1,1,1,1,1,1,7,8,8,13,14],"current_hp_per_floor":[64,64,64,64,64,64,64,64,71,71,71,71,71,71,65,71,70,42],"gold":501,"neow_bonus":"","is_daily":false,"chose_seed":false,"campfire_upgraded":1,"win_rate":0.0,"timestamp":1612126596,"path_taken":["$","R","M","M","M","T","$","$","M","M","M","T","$","$","M","M","M","M"],"items_purchased_type":["Card","Card","Relic","Relic","Potion","Card","Card","Card","Relic","Card","Card","Relic","Card"],"build_version":"2020-12-22","purchased_purges":3,"victory":true,"max_hp_per_floor":[71,71,71,71,71,71,71,71,71,71,71,71,71,71,71,71,71,71],"relic_stats":{"counters":[10,108],"Ornamental Fan":[0],"Turnip":[2],"War Paint":["Defend_B","Defend_B"],"Smiling Mask":50,"obtain_stats":[{"aspiration:Lifesprig":5,"The Courier":0,"Runic Capacitor":1,"Incense Burner":4,"Frozen Egg 2":0,"War Paint":1,"energizedSpire:DeadBattery":6,"Smiling Mask":10,"Replay:Baseball":7,"energizedSpire:CursedPentagram":12,"Ornamental Fan":18,"Molten Egg 2":0,"hubris:PeanutButter":13,"hubris:BundleOfHerbs":9,"Turnip":15,"Bag of Marbles":11,"ReplayTheSpireMod:TigerMarble":17,"Toxic Egg 2":0,"Replay:Wax Seal":16,"Cracked Core":0,"FossilizedHelix":3},{"aspiration:Lifesprig":3,"The Courier":0,"Runic Capacitor":0,"Incense Burner":2,"Frozen Egg 2":0,"War Paint":0,"energizedSpire:DeadBattery":3,"Smiling Mask":5,"Replay:Baseball":3,"energizedSpire:CursedPentagram":6,"Ornamental Fan":10,"Molten Egg 2":0,"hubris:PeanutButter":6,"hubris:BundleOfHerbs":4,"Turnip":7,"Bag of Marbles":6,"ReplayTheSpireMod:TigerMarble":9,"Toxic Egg 2":0,"Replay:Wax Seal":8,"Cracked Core":0,"FossilizedHelix":1},{"aspiration:Lifesprig":25,"The Courier":0,"Runic Capacitor":0,"Incense Burner":16,"Frozen Egg 2":0,"War Paint":0,"energizedSpire:DeadBattery":25,"Smiling Mask":47,"Replay:Baseball":25,"energizedSpire:CursedPentagram":56,"Ornamental Fan":108,"Molten Egg 2":0,"hubris:PeanutButter":56,"hubris:BundleOfHerbs":36,"Turnip":70,"Bag of Marbles":56,"ReplayTheSpireMod:TigerMarble":95,"Toxic Egg 2":0,"Replay:Wax Seal":83,"Cracked Core":0,"FossilizedHelix":7}]},"card_choices":[],"player_experience":949376,"relics_obtained":[{"floor":3.0,"key":"FossilizedHelix"},{"floor":4,"key":"Incense Burner"},{"floor":5,"key":"aspiration:Lifesprig"},{"floor":9,"key":"hubris:BundleOfHerbs"},{"floor":10,"key":"Smiling Mask"},{"floor":11,"key":"Bag of Marbles"},{"floor":15,"key":"Turnip"},{"floor":16,"key":"Replay:Wax Seal"},{"floor":17,"key":"ReplayTheSpireMod:TigerMarble"},{"floor":18,"key":"Ornamental Fan"}],"event_choices":[],"is_beta":false,"boss_relics":[{"not_picked":["conspire:RunicOctahedron","conspire:SlowCooker"],"picked":"energizedSpire:DeadBattery"},{"not_picked":["conspire:SeveredTorchhead","hubris:ScarierMask"],"picked":"energizedSpire:CursedPentagram"}],"items_purged_floors":[1,8,13],"is_endless":false,"potions_floor_spawned":[5,9,15,16,18],"ascension_level":15}}