{"host":"9cg5yfdc0e9lbp3z","time":1612072358,"event":{"mods":["AchievementEnabler","BaseMod","Colored Map","Colored Powertips","DeckTracker","Minty Spire (QoL Compilation)"],"gold_per_floor":[117,135,135,151,167,201,201,235,262,262,262,281,299,299,299,400,400,413,413,425,425,0,0,31,31,113,129,129,141,141,141,141,238,238,249,268,281,281,16,16,28,44,44,44,44,44],"floor_reached":45,"language":"ENG","playtime":4750,"items_purged":[],"score":445,"play_id":"00927b36-3b1c-4ea9-b5bb-7b6c12a95893","local_time":"20210131005238","is_ascension_mode":false,"campfire_choices":[{"floor":7,"key":"REST"},{"data":"Blade Dance","floor":15,"key":"SMITH"},{"floor":23,"key":"REST"},{"floor":25,"key":"REST"},{"data":"Deflect","floor":28,"key":"SMITH"},{"floor":32,"key":"REST"},{"floor":40,"key":"REST"}],"circlet_count":0,"master_deck":["Strike_G","Strike_G","Strike_G","Strike_G","Defend_G","Defend_G","Defend_G","Defend_G","Defend_G","Survivor","Neutralize","Quick Slash","Slice","Underhanded Strike","Leg Sweep","Blade Dance+1","Deflect","Bane","Malaise","Deflect+1","Dagger Throw+1","Writhe","Noxious Fumes","Eviscerate","Masterful Stab","Bullet Time","Riddle With Holes","Poisoned Stab+1","Deadly Poison+1","Sadistic Nature","Dash","Dodge and Roll","Blade Dance+1"],"relics":["SlaversCollar","Question Card","Vajra","Bronze Scales","Toy Ornithopter","Busted Crown","Nilry\u0027s Codex","Shuriken","Darkstone Periapt","Ornamental Fan","Torii","Fusion Hammer","Juzu Bracelet","Incense Burner"],"acts_visited":["Exordium","TheCity","TheBeyond"],"potions_floor_usage":[33,33,33,37,37,42],"damage_taken":[{"damage":0,"enemies":"Jaw Worm","floor":1,"turns":6},{"damage":1,"enemies":"Cultist","floor":2,"turns":4},{"damage":0,"enemies":"2 Louse","floor":4,"turns":3},{"damage":27,"enemies":"Exordium Thugs","floor":5,"turns":7},{"damage":12,"enemies":"Gremlin Nob","floor":6,"turns":5},{"damage":22,"enemies":"Lagavulin","floor":8,"turns":9},{"damage":2,"enemies":"Large Slime","floor":12,"turns":5},{"damage":5,"enemies":"3 Louse","floor":13,"turns":2},{"damage":34,"enemies":"Slime Boss","floor":16,"turns":11},{"damage":6,"enemies":"Shell Parasite","floor":18,"turns":7},{"damage":9,"enemies":"2 Thieves","floor":20,"turns":4},{"damage":15,"enemies":"Slavers","floor":24,"turns":5},{"damage":2,"enemies":"Shelled Parasite and Fungi","floor":27,"turns":4},{"damage":25,"enemies":"Sentry and Sphere","floor":29,"turns":4},{"damage":23,"enemies":"Champ","floor":33,"turns":11},{"damage":23,"enemies":"3 Darklings","floor":35,"turns":5},{"damage":31,"enemies":"3 Shapes","floor":36,"turns":6},{"damage":14,"enemies":"Transient","floor":37,"turns":5},{"damage":29,"enemies":"Spire Growth","floor":41,"turns":4},{"damage":3,"enemies":"3 Darklings","floor":42,"turns":5},{"damage":25,"enemies":"Jaw Worm Horde","floor":45,"turns":1}],"seed_played":"3451030185565181533","potions_obtained":[{"floor":4,"key":"Ancient Potion"},{"floor":5,"key":"SkillPotion"},{"floor":12,"key":"SpeedPotion"},{"floor":20,"key":"DistilledChaos"},{"floor":33,"key":"Explosive Potion"},{"floor":35,"key":"Energy Potion"},{"floor":37,"key":"Poison Potion"},{"floor":41,"key":"Weak Potion"}],"is_trial":false,"path_per_floor":["M","M","?","M","M","E","R","E","T","?","?","M","M","?","R","B",null,"M","?","M","?","?","R","E","R","T","M","R","M","?","T","R","B",null,"M","M","M","?","$","R","M","M","T","T","M"],"character_chosen":"THE_SILENT","items_purchased":["Sadistic Nature","Dash"],"campfire_rested":5,"item_purchase_floors":[39,39],"current_hp_per_floor":[70,69,69,69,42,30,51,29,29,26,70,68,63,63,63,29,70,64,48,39,39,39,60,45,66,66,64,64,39,26,26,48,40,75,52,21,17,17,17,39,10,12,12,12,0,0],"gold":44,"neow_bonus":"BOSS_RELIC","is_daily":false,"chose_seed":false,"campfire_upgraded":2,"win_rate":0.0,"timestamp":1612072358,"path_taken":["M","M","?","?","M","E","R","E","T","?","?","M","?","?","R","BOSS","M","?","M","?","?","R","E","R","T","M","R","M","?","?","R","BOSS","M","M","M","?","$","R","M","M","T","?","M"],"items_purchased_type":["Card","Card"],"build_version":"2020-12-22","purchased_purges":0,"victory":false,"max_hp_per_floor":[70,70,70,70,70,70,70,70,70,70,70,70,70,70,70,70,70,70,70,70,70,70,70,70,70,70,70,70,70,75,75,75,75,75,75,75,75,75,75,75,75,75,75,75,75,75],"card_choices":[{"not_picked":["Distraction","Reflex"],"picked":"Quick Slash","floor":1},{"not_picked":["Skewer","Outmaneuver"],"picked":"Slice","floor":2},{"not_picked":["Poisoned Stab","Dagger Throw"],"picked":"Underhanded Strike","floor":4},{"not_picked":["Slice","Sucker Punch"],"picked":"Leg Sweep","floor":5},{"not_picked":["Dodge and Roll","Envenom"],"picked":"Escape Plan","floor":6},{"not_picked":["Tactician","Poisoned Stab","Caltrops"],"picked":"Blade Dance","floor":8},{"not_picked":["Bane","Dagger Throw","All Out Attack"],"picked":"Deflect","floor":12},{"not_picked":["Well Laid Plans","Underhanded Strike","Dagger Spray"],"picked":"Bane","floor":13},{"not_picked":["Night Terror","Die Die Die","Venomology"],"picked":"Malaise","floor":16},{"not_picked":["Calculated Gamble"],"picked":"Deflect","floor":18},{"not_picked":["Endless Agony"],"picked":"Dagger Throw+1","floor":20},{"not_picked":["Outmaneuver"],"picked":"Noxious Fumes","floor":24},{"not_picked":["Endless Agony"],"picked":"Eviscerate","floor":27},{"not_picked":["Acrobatics"],"picked":"Masterful Stab","floor":29},{"not_picked":["Die Die Die"],"picked":"Bullet Time","floor":33},{"not_picked":["Deflect"],"picked":"Riddle With Holes","floor":35},{"not_picked":["Deadly Poison"],"picked":"Poisoned Stab+1","floor":36},{"not_picked":["All Out Attack"],"picked":"Deadly Poison+1","floor":37},{"not_picked":["Backflip"],"picked":"Dodge and Roll","floor":41},{"not_picked":["Flying Knee"],"picked":"Blade Dance+1","floor":42}],"player_experience":28323,"relics_obtained":[{"floor":6,"key":"Question Card"},{"floor":8,"key":"Vajra"},{"floor":9,"key":"Bronze Scales"},{"floor":19,"key":"Nilry\u0027s Codex"},{"floor":24,"key":"Darkstone Periapt"},{"floor":26,"key":"Ornamental Fan"},{"floor":31,"key":"Torii"},{"floor":43,"key":"Juzu Bracelet"},{"floor":44,"key":"Incense Burner"}],"event_choices":[{"damage_healed":0,"gold_gain":0,"player_choice":"Bought 0 Potions","damage_taken":0,"max_hp_gain":0,"max_hp_loss":0,"event_name":"The Woman in Blue","floor":3,"gold_loss":0},{"damage_healed":0,"gold_gain":0,"player_choice":"Success","damage_taken":3,"relics_obtained":["Toy Ornithopter"],"max_hp_gain":0,"max_hp_loss":0,"event_name":"Scrap Ooze","floor":10,"gold_loss":0},{"cards_removed":["Escape Plan"],"damage_healed":44,"gold_gain":0,"player_choice":"Offered Uncommon","damage_taken":0,"max_hp_gain":0,"max_hp_loss":0,"event_name":"Bonfire Elementals","floor":11,"gold_loss":0},{"damage_healed":0,"gold_gain":0,"player_choice":"Leave","damage_taken":0,"max_hp_gain":0,"max_hp_loss":0,"event_name":"The Cleric","floor":14,"gold_loss":0},{"damage_healed":0,"gold_gain":0,"player_choice":"Obtained Book","damage_taken":16,"max_hp_gain":0,"max_hp_loss":0,"event_name":"Cursed Tome","floor":19,"gold_loss":0},{"damage_healed":0,"gold_gain":0,"player_choice":"Opened","damage_taken":0,"relics_obtained":["Shuriken"],"max_hp_gain":0,"max_hp_loss":0,"event_name":"The Mausoleum","floor":21,"gold_loss":0,"cards_obtained":["Writhe"]},{"damage_healed":0,"gold_gain":0,"player_choice":"Paid Fearfully","damage_taken":0,"max_hp_gain":0,"max_hp_loss":0,"event_name":"Masked Bandits","floor":22,"gold_loss":425},{"damage_healed":0,"gold_gain":0,"player_choice":"Shed Blood","damage_taken":18,"max_hp_gain":5,"max_hp_loss":0,"event_name":"Forgotten Altar","floor":30,"gold_loss":0},{"cards_removed":["Strike_G"],"damage_healed":0,"gold_gain":0,"player_choice":"Removed Attack","damage_taken":0,"max_hp_gain":0,"max_hp_loss":0,"event_name":"Falling","floor":38,"gold_loss":0}],"is_beta":false,"boss_relics":[{"not_picked":["SacredBark","Ectoplasm"],"picked":"Busted Crown"},{"not_picked":["Calling Bell","Runic Dome"],"picked":"Fusion Hammer"}],"items_purged_floors":[],"is_endless":false,"potions_floor_spawned":[4,5,12,20,29,33,35,37,41],"killed_by":"Jaw Worm Horde","ascension_level":0}}