{"host":"f0gpob8hq9vgebej","time":1612100903,"event":{"mods":["AchievementEnabler","BaseMod","Minty Spire (QoL Compilation)","Quick Restart","SuperFastMode"],"gold_per_floor":[18,34,47,63,82,82,107,6,6,19,19,37,37,53,53,53,53],"floor_reached":16,"language":"KOR","playtime":319,"items_purged":["Strike_B"],"score":210,"play_id":"66d412c1-d268-484f-b191-f5979c35e41c","local_time":"20210131224823","is_ascension_mode":true,"campfire_choices":[{"data":"Ball Lightning","floor":6.0,"key":"SMITH"},{"data":"Zap","floor":11.0,"key":"SMITH"},{"data":"Hologram","floor":13.0,"key":"SMITH"},{"data":"Barrage","floor":15.0,"key":"SMITH"}],"circlet_count":0,"master_deck":["AscendersBane","Strike_B","Strike_B","Defend_B","Defend_B","Defend_B","Zap+1","Dualcast","Ball Lightning+1","Barrage+1","Turbo","Conserve Battery","Storm","Sweeping Beam","Hologram+1","Auto Shields","Glacier"],"relics":["Cracked Core","Toy Ornithopter","Orichalcum"],"acts_visited":["Exordium"],"potions_floor_usage":[],"damage_taken":[{"damage":1.0,"enemies":"Cultist","floor":1.0,"turns":3.0},{"damage":0.0,"enemies":"Small Slimes","floor":2.0,"turns":4.0},{"damage":7.0,"enemies":"Jaw Worm","floor":3.0,"turns":2.0},{"damage":11.0,"enemies":"Blue Slaver","floor":4.0,"turns":3.0},{"damage":7.0,"enemies":"Exordium Wildlife","floor":5.0,"turns":3.0},{"damage":0.0,"enemies":"Gremlin Nob","floor":7.0,"turns":3.0},{"damage":8.0,"enemies":"Exordium Thugs","floor":10.0,"turns":4.0},{"damage":0.0,"enemies":"Large Slime","floor":12.0,"turns":4.0},{"damage":5.0,"enemies":"Red Slaver","floor":14.0,"turns":4.0},{"damage":37,"enemies":"Slime Boss","floor":16,"turns":6}],"seed_played":"-5412169711284057883","potions_obtained":[{"floor":1.0,"key":"FearPotion"},{"floor":3.0,"key":"SpeedPotion"},{"floor":4.0,"key":"EntropicBrew"},{"floor":14.0,"key":"SmokeBomb"}],"is_trial":false,"path_per_floor":["M","M","M","M","M","R","E","$","T","M","R","M","R","M","R","B"],"character_chosen":"DEFECT","items_purchased":["Sweeping Beam"],"campfire_rested":0,"item_purchase_floors":[8],"current_hp_per_floor":[67,67,60,49,42,42,42,42,42,34,34,34,34,29,29,0,0],"gold":53,"neow_bonus":"REMOVE_TWO","is_daily":false,"chose_seed":false,"campfire_upgraded":4,"win_rate":0.0,"timestamp":1612100903,"path_taken":["M","M","M","M","M","R","E","$","T","M","R","M","R","M","R","BOSS"],"items_purchased_type":["Card"],"build_version":"2020-12-22","purchased_purges":1,"victory":false,"max_hp_per_floor":[75,75,75,75,75,75,75,75,75,75,75,75,75,75,75,75,75],"card_choices":[{"not_picked":["Genetic Algorithm","Hologram"],"picked":"Ball Lightning","floor":1.0},{"not_picked":["FTL","Cold Snap"],"picked":"Barrage","floor":2.0},{"not_picked":["Fusion","Go for the Eyes"],"picked":"Turbo","floor":3.0},{"not_picked":["Streamline","Turbo","Darkness"],"picked":"SKIP","floor":4.0},{"not_picked":["Darkness","Hello World"],"picked":"Conserve Battery","floor":5.0},{"not_picked":["Self Repair","Redo"],"picked":"Storm","floor":7.0},{"not_picked":["Glacier","Barrage"],"picked":"Hologram","floor":10.0},{"not_picked":["Skim","Gash"],"picked":"Auto Shields","floor":12.0},{"not_picked":["Consume","Turbo"],"picked":"Glacier","floor":14.0}],"player_experience":325950,"relics_obtained":[{"floor":7.0,"key":"Toy Ornithopter"},{"floor":9.0,"key":"Orichalcum"}],"event_choices":[],"is_beta":false,"boss_relics":[],"items_purged_floors":[8],"is_endless":false,"potions_floor_spawned":[1,3,4,14],"killed_by":"Slime Boss","ascension_level":12}}