{"host":"6xsbn6ynqlzwllfm","time":1612114977,"event":{"mods":["2.2 Compatiblity","BaseMod","Bestiary","Colored Map","Colored Powertips","Curses Come First","Highlight Path","Keyboard Shortcuts","Minty Spire (QoL Compilation)","Relic Stats","Slay the Relics Exporter","StSLib","SuperFastMode"],"gold_per_floor":[113,125,139,159,178,210,210,245,268,268,327,337,337,337],"floor_reached":13,"language":"ENG","playtime":392,"items_purged":[],"score":244,"play_id":"2c5bad4a-fc12-4ef9-877b-a76ac2d0a06c","local_time":"20210131124257","is_ascension_mode":true,"campfire_choices":[{"data":"Vigilance","floor":7,"key":"SMITH"},{"data":"Omniscience","floor":10,"key":"SMITH"}],"circlet_count":0,"master_deck":["AscendersBane","Strike_P","Strike_P","Strike_P","Strike_P","Defend_P","Defend_P+1","Defend_P","Defend_P","Eruption","Vigilance+1","EmptyBody+1","CutThroughFate","WheelKick","CutThroughFate","Consecrate","BowlingBash","Omniscience+1","EmptyFist"],"relics":["PureWater","Bag of Marbles","Bottled Lightning","Sundial","War Paint"],"acts_visited":["Exordium"],"potions_floor_usage":[4,6,6],"damage_taken":[{"damage":4.0,"enemies":"Small Slimes","floor":1.0,"turns":4.0},{"damage":7.0,"enemies":"Jaw Worm","floor":2.0,"turns":4.0},{"damage":0.0,"enemies":"2 Louse","floor":3.0,"turns":1.0},{"damage":0,"enemies":"Gremlin Gang","floor":4,"turns":5},{"damage":0,"enemies":"Exordium Thugs","floor":5,"turns":2},{"damage":0,"enemies":"Lagavulin","floor":6,"turns":3},{"damage":29,"enemies":"Gremlin Nob","floor":8,"turns":4},{"damage":0,"enemies":"Large Slime","floor":12,"turns":6},{"damage":2,"enemies":"3 Sentries","floor":13,"turns":6}],"seed_played":"-6163346627220468920","potions_obtained":[{"floor":1.0,"key":"ColorlessPotion"},{"floor":2.0,"key":"Explosive Potion"},{"floor":5,"key":"AttackPotion"}],"is_trial":false,"path_per_floor":["M","M","M","M","M","E","R","E","T","R","?","M","E"],"character_chosen":"WATCHER","items_purchased":[],"campfire_rested":0,"item_purchase_floors":[],"current_hp_per_floor":[57,50,50,50,50,50,50,21,21,21,21,21,19,19],"gold":337,"neow_bonus":"RANDOM_COMMON_RELIC","is_daily":false,"chose_seed":false,"campfire_upgraded":2,"win_rate":0.0,"timestamp":1612114977,"path_taken":["M","M","M","M","M","E","R","E","T","R","?","M","E"],"items_purchased_type":[],"build_version":"2020-12-22","purchased_purges":0,"victory":false,"max_hp_per_floor":[68,68,68,68,68,68,68,68,68,68,68,68,68,68],"relic_stats":{"counters":[9,35],"Sundial":[0],"War Paint":["EmptyBody","Defend_P"],"obtain_stats":[{"Sundial":8,"Bag of Marbles":0,"Bottled Lightning":6,"PureWater":0,"War Paint":9},{"Sundial":7,"Bag of Marbles":0,"Bottled Lightning":6,"PureWater":0,"War Paint":7},{"Sundial":23,"Bag of Marbles":0,"Bottled Lightning":19,"PureWater":0,"War Paint":23}]},"card_choices":[{"not_picked":["Adaptation","Nirvana"],"picked":"EmptyBody","floor":1.0},{"not_picked":["Crescendo","FlyingSleeves"],"picked":"CutThroughFate","floor":2.0},{"not_picked":["EmptyBody","Swivel"],"picked":"WheelKick","floor":3.0},{"not_picked":["PathToVictory","ThirdEye"],"picked":"CutThroughFate","floor":4},{"not_picked":["EmptyBody","Protect"],"picked":"Consecrate","floor":5},{"not_picked":["SashWhip","Evaluate"],"picked":"BowlingBash","floor":6},{"not_picked":["Fasting2","FlurryOfBlows"],"picked":"Omniscience","floor":8},{"not_picked":["SashWhip","Consecrate"],"picked":"EmptyFist","floor":12}],"player_experience":1360467,"relics_obtained":[{"floor":6,"key":"Bottled Lightning"},{"floor":8,"key":"Sundial"},{"floor":9,"key":"War Paint"}],"event_choices":[{"damage_healed":0,"gold_gain":59,"player_choice":"Gained Gold","damage_taken":0,"max_hp_gain":0,"max_hp_loss":0,"event_name":"Golden Wing","floor":11,"gold_loss":0}],"is_beta":false,"boss_relics":[],"items_purged_floors":[],"is_endless":false,"potions_floor_spawned":[1,2,5],"killed_by":"3 Sentries","ascension_level":20}}