{"host":"61y0z9o9vf3ujftj","time":1612086814,"event":{"mods":["BaseMod","Colored Map","Colored Powertips","GifTheSpireLib","HexUI Lib","Highlight Path","Minty Spire (QoL Compilation)","Relic Stats","StSLib","ojb\u0027s Info Mod"],"gold_per_floor":[364,383,333,23,207,251,251,295,344,344,354,190,190,219,219,325,325,350,350,371,389,413,448,448,482,482,299,312,355,133,178,178,282,282,294,348,361,2,26,26,60,77,77,110,110,110,110,110,110,110],"floor_reached":51,"language":"ENG","playtime":3853,"items_purged":["Strike_P","Strike_P","Defend_P","Doubt","Strike_P"],"score":1284,"play_id":"9d16ed03-e163-42e6-b740-d316f7af31b2","local_time":"20210131035334","is_ascension_mode":true,"campfire_choices":[{"floor":7.0,"key":"REST"},{"data":"TalkToTheHand","floor":10.0,"key":"SMITH"},{"data":"CutThroughFate","floor":15.0,"key":"SMITH"},{"data":"Omniscience","floor":24.0,"key":"SMITH"},{"data":"Ghostly","floor":32.0,"key":"SMITH"},{"data":"Ghostly","floor":40.0,"key":"SMITH"},{"data":"Ghostly","floor":45.0,"key":"SMITH"},{"data":"Ghostly","floor":47.0,"key":"SMITH"},{"data":"Ghostly","floor":49.0,"key":"SMITH"}],"circlet_count":0,"master_deck":["AscendersBane","Strike_P","Defend_P","Defend_P","Eruption+1","Vigilance","Meditate","JustLucky","TalkToTheHand+1","FlurryOfBlows+1","EmptyFist","ThirdEye","Trip","CutThroughFate+1","Omniscience+1","Fasting2+1","TalkToTheHand+1","Wallop","Crescendo","Tantrum","Master of Strategy","Ghostly+1","Ghostly+1","Ghostly+1","Ghostly+1","Ghostly+1","Devotion","Vault","CutThroughFate+1"],"relics":["PureWater","Membership Card","CeramicFish","Regal Pillow","Gambling Chip","Whetstone","Centennial Puzzle","Yang","Sozu","Dream Catcher","Tiny Chest","Bag of Marbles","Pear","TheAbacus","Coffee Dripper","FossilizedHelix","Singing Bowl","HandDrill","Kunai","TeardropLocket","Pen Nib","Pantograph"],"acts_visited":["Exordium","TheCity","TheBeyond"],"potions_floor_usage":[],"damage_taken":[{"damage":0.0,"enemies":"2 Louse","floor":1.0,"turns":2.0},{"damage":13.0,"enemies":"Jaw Worm","floor":2.0,"turns":5.0},{"damage":38.0,"enemies":"3 Sentries","floor":6.0,"turns":10.0},{"damage":15.0,"enemies":"Lagavulin","floor":8.0,"turns":7.0},{"damage":0.0,"enemies":"Small Slimes","floor":11.0,"turns":2.0},{"damage":0.0,"enemies":"Blue Slaver","floor":14.0,"turns":2.0},{"damage":8.0,"enemies":"The Guardian","floor":16.0,"turns":11.0},{"damage":2.0,"enemies":"Shell Parasite","floor":18.0,"turns":3.0},{"damage":3.0,"enemies":"2 Thieves","floor":20.0,"turns":3.0},{"damage":0.0,"enemies":"Cultist and Chosen","floor":21.0,"turns":4.0},{"damage":0.0,"enemies":"Shelled Parasite and Fungi","floor":22.0,"turns":4.0},{"damage":15.0,"enemies":"Slavers","floor":23.0,"turns":4.0},{"damage":0.0,"enemies":"Book of Stabbing","floor":25.0,"turns":6.0},{"damage":1.0,"enemies":"Sentry and Sphere","floor":28.0,"turns":4.0},{"damage":17.0,"enemies":"Gremlin Leader","floor":29.0,"turns":4.0},{"damage":8.0,"enemies":"Champ","floor":33.0,"turns":7.0},{"damage":1.0,"enemies":"3 Darklings","floor":35.0,"turns":3.0},{"damage":0.0,"enemies":"2 Orb Walkers","floor":36.0,"turns":5.0},{"damage":0.0,"enemies":"3 Shapes","floor":37.0,"turns":4.0},{"damage":2.0,"enemies":"Writhing Mass","floor":39.0,"turns":5.0},{"damage":0.0,"enemies":"Nemesis","floor":41.0,"turns":4.0},{"damage":0.0,"enemies":"Jaw Worm Horde","floor":42.0,"turns":4.0},{"damage":0.0,"enemies":"Giant Head","floor":44.0,"turns":7.0},{"damage":12,"enemies":"Donu and Deca","floor":50,"turns":8}],"seed_played":"-806757736109840624","potions_obtained":[{"floor":1.0,"key":"LiquidBronze"},{"floor":6.0,"key":"Block Potion"},{"floor":8.0,"key":"Fire Potion"}],"is_trial":false,"path_per_floor":["M","M","?","$","?","E","R","E","T","R","M","$","T","M","R","B",null,"M","?","M","M","M","E","R","E","T","$","M","E","$","?","R","B",null,"M","?","M","$","M","R","E","M","T","E","R","?","R","T","R","B",null],"character_chosen":"WATCHER","items_purchased":["Membership Card","TalkToTheHand","CeramicFish","FlurryOfBlows","Centennial Puzzle","Trip","Pear","Master of Strategy","TheAbacus","Vault","Singing Bowl","HandDrill"],"campfire_rested":1,"item_purchase_floors":[4,4,4,4,12,12,27,30,30,38,38,38],"current_hp_per_floor":[65,52,52,52,52,14,48,33,33,33,33,33,33,33,33,25,55,53,53,50,50,50,35,35,35,35,45,44,27,27,27,27,19,33,32,32,32,32,30,30,32,34,34,36,36,36,36,36,36,29],"gold":110,"neow_bonus":"TWO_FIFTY_GOLD","is_daily":false,"chose_seed":false,"campfire_upgraded":8,"win_rate":0.0,"timestamp":1612086814,"path_taken":["M","M","?","$","?","E","R","E","T","R","M","$","?","M","R","BOSS","M","?","M","M","M","E","R","E","T","$","M","E","$","?","R","BOSS","M","?","M","$","M","R","E","M","T","E","R","?","R","?","R","BOSS"],"items_purchased_type":["Relic","Card","Relic","Card","Relic","Card","Relic","Card","Relic","Card","Relic","Relic"],"build_version":"2020-12-22","purchased_purges":5,"victory":true,"max_hp_per_floor":[65,65,65,65,65,65,65,65,65,65,65,65,65,65,65,65,65,65,65,65,65,65,65,65,65,65,75,75,75,75,37,37,37,37,37,37,37,37,37,37,39,41,41,43,43,41,41,41,41,41],"relic_stats":{"Regal Pillow":15,"Singing Bowl":6,"counters":[24,118],"CeramicFish":189,"Yang":[242],"Pen Nib":[2],"Whetstone":["FlurryOfBlows","Eruption"],"Sozu":8,"Centennial Puzzle":[30],"Dream Catcher":0,"TheAbacus":[42],"Gambling Chip":[35],"Pantograph":5,"Tiny Chest":1,"HandDrill":[22],"Kunai":[11],"obtain_stats":[{"Regal Pillow":6,"Pear":27,"Singing Bowl":38,"CeramicFish":4,"Yang":13,"Pen Nib":44,"Whetstone":9,"TeardropLocket":43,"Sozu":17,"Centennial Puzzle":12,"Dream Catcher":23,"TheAbacus":30,"Gambling Chip":8,"Pantograph":48,"Tiny Chest":25,"Bag of Marbles":26,"Coffee Dripper":34,"HandDrill":38,"Membership Card":4,"Kunai":41,"PureWater":0,"FossilizedHelix":36},{"Regal Pillow":3,"Pear":13,"Singing Bowl":19,"CeramicFish":2,"Yang":5,"Pen Nib":23,"Whetstone":4,"TeardropLocket":22,"Sozu":7,"Centennial Puzzle":5,"Dream Catcher":12,"TheAbacus":15,"Gambling Chip":4,"Pantograph":23,"Tiny Chest":13,"Bag of Marbles":13,"Coffee Dripper":16,"HandDrill":19,"Membership Card":2,"Kunai":21,"PureWater":0,"FossilizedHelix":18},{"Regal Pillow":17,"Pear":63,"Singing Bowl":90,"CeramicFish":7,"Yang":26,"Pen Nib":110,"Whetstone":24,"TeardropLocket":103,"Sozu":39,"Centennial Puzzle":26,"Dream Catcher":57,"TheAbacus":71,"Gambling Chip":24,"Pantograph":110,"Tiny Chest":63,"Bag of Marbles":63,"Coffee Dripper":78,"HandDrill":90,"Membership Card":7,"Kunai":99,"PureWater":0,"FossilizedHelix":86}]},"card_choices":[{"not_picked":["Halt","Evaluate"],"picked":"Meditate","floor":1.0},{"not_picked":["ClearTheMind","FlyingSleeves"],"picked":"JustLucky","floor":2.0},{"not_picked":["Indignation","BowlingBash"],"picked":"EmptyFist","floor":6.0},{"not_picked":["Nirvana","Fasting2"],"picked":"ThirdEye","floor":8.0},{"not_picked":["PathToVictory","Study","WreathOfFlame"],"picked":"SKIP","floor":11.0},{"not_picked":["Consecrate","Ragnarok"],"picked":"CutThroughFate","floor":14.0},{"not_picked":["Ragnarok","Scrawl"],"picked":"Omniscience","floor":16.0},{"not_picked":["Prostrate","JustLucky+1"],"picked":"Fasting2+1","floor":18.0},{"not_picked":["Fasting2+1","DeceiveReality"],"picked":"TalkToTheHand+1","floor":20.0},{"not_picked":["Halt","EmptyFist","CrushJoints"],"picked":"SKIP","floor":21.0},{"not_picked":["CarveReality","Tantrum"],"picked":"Wallop","floor":22.0},{"not_picked":["BowlingBash","WreathOfFlame+1","EmptyBody"],"picked":"SKIP","floor":23.0},{"not_picked":["EmptyFist","CrushJoints+1"],"picked":"Crescendo","floor":25.0},{"not_picked":["CrushJoints","ReachHeaven","ForeignInfluence"],"picked":"SKIP","floor":28.0},{"not_picked":["Prostrate","SignatureMove"],"picked":"Tantrum","floor":29.0},{"not_picked":["Brilliance","Ragnarok"],"picked":"Devotion","floor":33.0},{"not_picked":["SignatureMove+1","CrushJoints+1","Protect"],"picked":"SKIP","floor":35.0},{"not_picked":["Collect","Perseverance","Worship"],"picked":"SKIP","floor":37.0},{"not_picked":["JustLucky+1","Perseverance+1"],"picked":"CutThroughFate+1","floor":39.0},{"not_picked":["EmptyBody+1","JustLucky+1","WaveOfTheHand"],"picked":"Singing Bowl","floor":41.0},{"not_picked":["ReachHeaven","Nirvana","Consecrate+1"],"picked":"Singing Bowl","floor":42.0},{"not_picked":["CrushJoints","JustLucky+1","MentalFortress"],"picked":"Singing Bowl","floor":44.0}],"player_experience":441087,"relics_obtained":[{"floor":6.0,"key":"Regal Pillow"},{"floor":8.0,"key":"Gambling Chip"},{"floor":9.0,"key":"Whetstone"},{"floor":13.0,"key":"Yang"},{"floor":23.0,"key":"Dream Catcher"},{"floor":25.0,"key":"Tiny Chest"},{"floor":26.0,"key":"Bag of Marbles"},{"floor":36.0,"key":"FossilizedHelix"},{"floor":41.0,"key":"Kunai"},{"floor":43.0,"key":"TeardropLocket"},{"floor":44.0,"key":"Pen Nib"},{"floor":48.0,"key":"Pantograph"}],"event_choices":[{"cards_removed":["Defend_P"],"damage_healed":0.0,"max_hp_gain":0.0,"max_hp_loss":0.0,"gold_gain":0.0,"event_name":"The Cleric","player_choice":"Card Removal","floor":3.0,"gold_loss":50.0,"damage_taken":0.0},{"damage_healed":0.0,"max_hp_gain":0.0,"max_hp_loss":0.0,"gold_gain":175.0,"event_name":"Liars Game","player_choice":"AGREE","floor":5.0,"gold_loss":0.0,"damage_taken":0.0,"cards_obtained":["Doubt"]},{"damage_healed":0.0,"max_hp_gain":0.0,"max_hp_loss":0.0,"gold_gain":0.0,"event_name":"Vampires","player_choice":"Ignored","floor":19.0,"gold_loss":0.0,"damage_taken":0.0},{"damage_healed":0.0,"max_hp_gain":0.0,"max_hp_loss":38.0,"gold_gain":0.0,"event_name":"Ghosts","player_choice":"Became a Ghost","floor":31.0,"gold_loss":0.0,"damage_taken":0.0,"cards_obtained":["Ghostly","Ghostly","Ghostly","Ghostly","Ghostly"]},{"damage_healed":0.0,"max_hp_gain":0.0,"max_hp_loss":0.0,"gold_gain":0.0,"event_name":"Mysterious Sphere","player_choice":"Fight","floor":36.0,"gold_loss":0.0,"damage_taken":0.0},{"damage_healed":0.0,"max_hp_gain":0.0,"max_hp_loss":2.0,"gold_gain":0.0,"event_name":"Winding Halls","player_choice":"Max HP","floor":46.0,"gold_loss":0.0,"damage_taken":0.0}],"is_beta":false,"boss_relics":[{"not_picked":["Tiny House","Empty Cage"],"picked":"Sozu"},{"not_picked":["VioletLotus","Black Star"],"picked":"Coffee Dripper"}],"items_purged_floors":[4,12,27,30,38],"is_endless":false,"potions_floor_spawned":[1,6,8,14,21,22,23,29,33,35,36,44],"ascension_level":11}}