{"host":"8is2j71l4wmybkoi","time":1612102075,"event":{"mods":["AchievementEnabler","BaseMod","Colored Map","Minty Spire (QoL Compilation)","Rare Cards Sparkle","StSLib","SuperFastMode"],"gold_per_floor":[157,157,207,83,102,147,147,216,262,262,262,278,278,293,293,365,365,381,381,381,395,407,407,432,432,509,527,547,572,612,679,679,750,750,760,780,285,285,110,110,153,194,194,204,54,70,125,143,143,143,143],"floor_reached":50,"language":"KOR","playtime":2108,"items_purged":["Defend_B","Defend_B","Dualcast","Strike_B+1"],"score":949,"play_id":"c0671133-b500-4607-886f-c6962e584122","local_time":"20210131230755","is_ascension_mode":true,"campfire_choices":[{"floor":7.0,"key":"REST"},{"data":"HandOfGreed","floor":10.0,"key":"SMITH"},{"data":"Zap","floor":13.0,"key":"SMITH"},{"data":"Biased Cognition","floor":15.0,"key":"SMITH"},{"floor":23.0,"key":"REST"},{"floor":25.0,"key":"REST"},{"floor":32.0,"key":"REST"},{"floor":40.0,"key":"RECALL"},{"floor":49,"key":"REST"}],"circlet_count":0,"master_deck":["AscendersBane","Strike_B+1","Zap+1","HandOfGreed+1","Sweeping Beam","Steam","Hologram","Coolheaded+1","Biased Cognition+1","Electrodynamics","Beam Cell+1","Redo+1","Streamline+1","Reinforced Body","Undo","Self Repair","Echo Form","Capacitor+1","Fission","BootSequence+1","Redo+1","Heatsinks+1","Skim","Defragment","Mayhem","Chrysalis","Metamorphosis","Turbo","Meteor Strike","Stack+1","Chaos+1"],"relics":["Cracked Core","Bottled Flame","Whetstone","Oddly Smooth Stone","Bronze Scales","Fusion Hammer","Matryoshka","Bag of Marbles","Pear","Strawberry","Astrolabe","Regal Pillow","Potion Belt","Toxic Egg 2"],"acts_visited":["Exordium","TheCity","TheBeyond"],"potions_floor_usage":[46,46,50],"damage_taken":[{"damage":0.0,"enemies":"Small Slimes","floor":1.0,"turns":4.0},{"damage":2.0,"enemies":"2 Louse","floor":3.0,"turns":4.0},{"damage":0.0,"enemies":"Cultist","floor":5.0,"turns":3.0},{"damage":20.0,"enemies":"Lagavulin","floor":6.0,"turns":6.0},{"damage":16.0,"enemies":"3 Sentries","floor":8.0,"turns":7.0},{"damage":2.0,"enemies":"Blue Slaver","floor":12.0,"turns":3.0},{"damage":7.0,"enemies":"Red Slaver","floor":14.0,"turns":2.0},{"damage":11.0,"enemies":"The Guardian","floor":16.0,"turns":8.0},{"damage":3.0,"enemies":"3 Byrds","floor":18.0,"turns":3.0},{"damage":7.0,"enemies":"Shell Parasite","floor":21.0,"turns":3.0},{"damage":18.0,"enemies":"Snake Plant","floor":22.0,"turns":2.0},{"damage":27.0,"enemies":"Book of Stabbing","floor":24.0,"turns":4.0},{"damage":7.0,"enemies":"Centurion and Healer","floor":27.0,"turns":2.0},{"damage":0.0,"enemies":"Snecko","floor":28.0,"turns":3.0},{"damage":4.0,"enemies":"Gremlin Leader","floor":29.0,"turns":4.0},{"damage":5.0,"enemies":"Cultist and Chosen","floor":30.0,"turns":4.0},{"damage":22.0,"enemies":"Shelled Parasite and Fungi","floor":31.0,"turns":4.0},{"damage":18.0,"enemies":"Champ","floor":33.0,"turns":8.0},{"damage":17.0,"enemies":"3 Darklings","floor":35.0,"turns":3.0},{"damage":13.0,"enemies":"Orb Walker","floor":36.0,"turns":3.0},{"damage":26.0,"enemies":"Jaw Worm Horde","floor":41.0,"turns":4.0},{"damage":6.0,"enemies":"Maw","floor":42.0,"turns":6.0},{"damage":9.0,"enemies":"Spire Growth","floor":44.0,"turns":5.0},{"damage":8,"enemies":"Writhing Mass","floor":46,"turns":5},{"damage":57,"enemies":"Reptomancer","floor":47,"turns":5},{"damage":19,"enemies":"Maw","floor":48,"turns":5},{"damage":57,"enemies":"Time Eater","floor":50,"turns":6}],"seed_played":"8702179692906208245","potions_obtained":[{"floor":1.0,"key":"Fruit Juice"},{"floor":5.0,"key":"DistilledChaos"},{"floor":14.0,"key":"SkillPotion"},{"floor":22.0,"key":"Swift Potion"},{"floor":24.0,"key":"Regen Potion"},{"floor":28.0,"key":"PowerPotion"},{"floor":30.0,"key":"Ancient Potion"},{"floor":31.0,"key":"DistilledChaos"},{"floor":33.0,"key":"Fire Potion"},{"floor":42.0,"key":"EntropicBrew"},{"floor":44.0,"key":"EssenceOfDarkness"}],"is_trial":false,"path_per_floor":["M","?","M","$","M","E","R","E","T","R","?","M","R","M","R","B",null,"M","?","?","M","M","R","E","R","T","M","M","E","M","M","R","B",null,"M","M","$","?","$","R","M","M","T","M","$","M","E","M","R","B"],"character_chosen":"DEFECT","items_purchased":["Hologram","Skim","Regal Pillow","FairyPotion","Defragment","PowerPotion"],"campfire_rested":5,"item_purchase_floors":[4,37,37,37,37,39],"current_hp_per_floor":[46,39,37,37,37,17,44,28,28,28,28,26,26,19,19,8,59,56,56,56,49,31,53,26,48,58,51,60,63,65,43,70,59,85,68,69,69,59,59,59,40,41,41,39,39,45,34,15,57,0,0],"gold":143,"neow_bonus":"RANDOM_COLORLESS_2","is_daily":false,"chose_seed":false,"campfire_upgraded":3,"win_rate":0.0,"timestamp":1612102075,"path_taken":["M","?","M","$","M","E","R","E","T","R","?","M","R","M","R","BOSS","M","?","?","M","M","R","E","R","T","M","M","E","?","M","R","BOSS","M","M","$","?","$","R","M","M","T","M","$","M","E","M","R","BOSS"],"items_purchased_type":["Card","Card","Relic","Potion","Card","Potion"],"build_version":"2020-12-22","purchased_purges":4,"victory":false,"max_hp_per_floor":[71,71,71,71,71,71,76,76,76,76,76,76,76,76,76,76,76,76,76,76,76,76,76,76,76,86,86,86,93,93,93,93,93,93,93,93,93,93,93,93,93,93,93,93,93,93,93,93,93,93,93],"card_choices":[{"not_picked":["Chrysalis","Apotheosis"],"picked":"HandOfGreed","floor":0.0},{"not_picked":["Barrage","Rebound"],"picked":"Sweeping Beam","floor":1.0},{"not_picked":["Gash","Go for the Eyes"],"picked":"Steam","floor":3.0},{"not_picked":["Beam Cell","Hello World"],"picked":"Coolheaded","floor":5.0},{"not_picked":["Loop","Gash"],"picked":"Biased Cognition","floor":6.0},{"not_picked":["Barrage","Beam Cell"],"picked":"Ball Lightning","floor":8.0},{"not_picked":["Force Field","Doom and Gloom","Sunder"],"picked":"SKIP","floor":12.0},{"not_picked":["Stack","Rebound","Turbo"],"picked":"SKIP","floor":14.0},{"not_picked":["Creative AI","Machine Learning"],"picked":"Electrodynamics","floor":16.0},{"not_picked":["Darkness","Streamline+1"],"picked":"Beam Cell+1","floor":18.0},{"not_picked":["Reinforced Body","Hologram"],"picked":"Redo+1","floor":21.0},{"not_picked":["Machine Learning","Rebound"],"picked":"Streamline+1","floor":22.0},{"not_picked":["Machine Learning","Rebound"],"picked":"Reinforced Body","floor":24.0},{"not_picked":["Cold Snap","Stack","Static Discharge"],"picked":"SKIP","floor":27.0},{"not_picked":["Cold Snap","Stack","Static Discharge"],"picked":"SKIP","floor":27.0},{"not_picked":["Fusion","Streamline+1"],"picked":"Undo","floor":28.0},{"not_picked":["Auto Shields","Streamline"],"picked":"Self Repair","floor":29.0},{"not_picked":["Steam Power","Redo"],"picked":"Echo Form","floor":30.0},{"not_picked":["Compile Driver+1","Sunder"],"picked":"Capacitor+1","floor":31.0},{"not_picked":["Hyperbeam","Buffer"],"picked":"Fission","floor":33.0},{"not_picked":["Hologram","Blizzard","Hello World+1"],"picked":"SKIP","floor":35.0},{"not_picked":["Genetic Algorithm+1","Static Discharge","Sweeping Beam"],"picked":"SKIP","floor":36.0},{"not_picked":["Finesse","HandOfGreed"],"picked":"Mayhem","floor":38.0},{"not_picked":["Forethought","Impatience"],"picked":"Chrysalis","floor":38.0},{"not_picked":["Impatience","Discovery"],"picked":"Metamorphosis","floor":38.0},{"not_picked":["Leap","Conserve Battery","Tempest"],"picked":"SKIP","floor":41.0},{"not_picked":["Rebound+1","Leap"],"picked":"Turbo","floor":42.0},{"not_picked":["Sweeping Beam+1","Cold Snap","Steam"],"picked":"SKIP","floor":44.0},{"not_picked":["Coolheaded","Ball Lightning"],"picked":"Meteor Strike","floor":46},{"not_picked":["FTL","BootSequence+1"],"picked":"Stack+1","floor":47},{"not_picked":["Hologram+1","Conserve Battery+1"],"picked":"Chaos+1","floor":48}],"player_experience":889115,"relics_obtained":[{"floor":6.0,"key":"Bottled Flame"},{"floor":8.0,"key":"Whetstone"},{"floor":9.0,"key":"Oddly Smooth Stone"},{"floor":24.0,"key":"Matryoshka"},{"floor":26.0,"key":"Bag of Marbles"},{"floor":26.0,"key":"Pear"},{"floor":29.0,"key":"Strawberry"},{"floor":43.0,"key":"Potion Belt"},{"floor":47,"key":"Toxic Egg 2"}],"event_choices":[{"cards_removed":["Strike_B"],"damage_healed":0.0,"max_hp_gain":0.0,"max_hp_loss":0.0,"gold_gain":0.0,"event_name":"Golden Wing","player_choice":"Card Removal","floor":2.0,"gold_loss":0.0,"damage_taken":7.0},{"cards_removed":["Ball Lightning"],"damage_healed":0.0,"max_hp_gain":0.0,"max_hp_loss":0.0,"gold_gain":0.0,"event_name":"WeMeetAgain","player_choice":"Gave Card","floor":11.0,"gold_loss":0.0,"damage_taken":0.0,"relics_obtained":["Bronze Scales"]},{"damage_healed":0.0,"max_hp_gain":0.0,"max_hp_loss":0.0,"gold_gain":0.0,"event_name":"Vampires","player_choice":"Ignored","floor":19.0,"gold_loss":0.0,"damage_taken":0.0},{"damage_healed":0.0,"max_hp_gain":0.0,"max_hp_loss":0.0,"gold_gain":0.0,"event_name":"Upgrade Shrine","player_choice":"Upgraded","floor":20.0,"gold_loss":0.0,"damage_taken":0.0,"cards_upgraded":["Coolheaded"]},{"damage_healed":0.0,"max_hp_gain":0.0,"max_hp_loss":0.0,"gold_gain":0.0,"event_name":"SensoryStone","player_choice":"Memory 3","floor":38.0,"gold_loss":0.0,"damage_taken":10.0}],"is_beta":false,"boss_relics":[{"not_picked":["Sozu","Coffee Dripper"],"picked":"Fusion Hammer"},{"not_picked":["Cursed Key","Black Star"],"picked":"Astrolabe"}],"items_purged_floors":[4,37,39,45],"is_endless":false,"potions_floor_spawned":[1,5,14,22,24,28,30,31,33,41,42,44],"killed_by":"Time Eater","ascension_level":15}}