{"host":"facnppb4175fcpe2","time":1612097891,"event":{"mods":["AchievementEnabler","BaseMod","Colored Map","Colored Powertips","Highlight Path","Minty Spire (QoL Compilation)","Quick Restart","Rare Cards Sparkle","Relic Stats","StSLib","SuperFastMode"],"gold_per_floor":[113,40,40,59,76,76,108,122,122,122,135,210,240,251,251,351,351,362,362,362,130,147,177,177,206,231,231,231],"floor_reached":27,"language":"ZHS","playtime":549,"items_purged":["Strike_G"],"score":403,"play_id":"0720ffb8-be7c-403e-850b-ecc6fc87af49","local_time":"20210131205811","is_ascension_mode":true,"campfire_choices":[{"data":"Bouncing Flask","floor":6,"key":"SMITH"},{"data":"Noxious Fumes","floor":10,"key":"SMITH"},{"data":"Catalyst","floor":15,"key":"SMITH"},{"data":"Catalyst","floor":24,"key":"SMITH"}],"circlet_count":0,"master_deck":["Strike_G","Strike_G","Strike_G","Defend_G","Defend_G+1","Defend_G","Defend_G+1","Defend_G","Survivor","Neutralize","CurseOfTheBell","Bouncing Flask+1","Outmaneuver","Bane","Noxious Fumes+1","Footwork","Catalyst+1","Catalyst+1","Bouncing Flask"],"relics":["Calling Bell","Eternal Feather","Ginger","War Paint","Snake Skull","Bottled Lightning","Du-Vu Doll","Runic Dome","MutagenicStrength","Omamori","Boot","Centennial Puzzle","Strawberry"],"acts_visited":["Exordium","TheCity"],"potions_floor_usage":[13,13,25,27],"damage_taken":[{"damage":4,"enemies":"Cultist","floor":1,"turns":5},{"damage":14,"enemies":"Small Slimes","floor":4,"turns":4},{"damage":4,"enemies":"Jaw Worm","floor":5,"turns":5},{"damage":15,"enemies":"Lagavulin","floor":7,"turns":6},{"damage":13,"enemies":"Large Slime","floor":8,"turns":5},{"damage":0,"enemies":"3 Louse","floor":11,"turns":2},{"damage":5,"enemies":"3 Sentries","floor":13,"turns":5},{"damage":0,"enemies":"2 Fungi Beasts","floor":14,"turns":3},{"damage":0,"enemies":"Slime Boss","floor":16,"turns":3},{"damage":0,"enemies":"Spheric Guardian","floor":18,"turns":2},{"damage":12,"enemies":"3 Byrds","floor":22,"turns":5},{"damage":14,"enemies":"Book of Stabbing","floor":23,"turns":4},{"damage":32,"enemies":"Slavers","floor":25,"turns":3},{"damage":28,"enemies":"Gremlin Leader","floor":27,"turns":3}],"seed_played":"-564211028968942462","potions_obtained":[{"floor":5,"key":"Explosive Potion"},{"floor":8,"key":"Block Potion"},{"floor":13,"key":"AttackPotion"},{"floor":16,"key":"CultistPotion"},{"floor":22,"key":"SpeedPotion"},{"floor":23,"key":"Energy Potion"}],"is_trial":false,"path_per_floor":["M","$","?","M","M","R","E","M","T","R","M","?","E","M","R","B",null,"M","?","?","$","M","E","R","E","T","E"],"character_chosen":"THE_SILENT","items_purchased":["Bouncing Flask","Omamori"],"campfire_rested":0,"item_purchase_floors":[2,21],"current_hp_per_floor":[66,66,66,52,48,57,42,29,29,38,38,27,22,22,31,31,70,70,70,70,70,58,44,53,21,28,0,0],"gold":231,"neow_bonus":"BOSS_RELIC","is_daily":false,"chose_seed":false,"campfire_upgraded":4,"win_rate":0.0,"timestamp":1612097891,"path_taken":["M","?","?","M","M","R","E","M","T","R","M","?","E","M","R","BOSS","M","?","?","$","M","E","R","E","T","E"],"items_purchased_type":["Card","Relic"],"build_version":"2020-12-22","purchased_purges":1,"victory":false,"max_hp_per_floor":[70,70,70,70,70,70,70,70,70,70,70,70,70,70,70,70,70,70,70,70,70,70,70,70,70,77,77,77],"relic_stats":{"Centennial Puzzle":[3],"counters":[14,55],"Eternal Feather":36,"Snake Skull":[92],"Ginger":[4],"War Paint":["Defend_G","Defend_G"],"Boot":[3],"obtain_stats":[{"Eternal Feather":0,"Snake Skull":7,"Omamori":21,"Ginger":0,"War Paint":0,"Boot":23,"Calling Bell":0,"Du-Vu Doll":13,"Runic Dome":17,"Centennial Puzzle":25,"MutagenicStrength":19,"Strawberry":26,"Bottled Lightning":9,"Ring of the Snake":0},{"Eternal Feather":0,"Snake Skull":4,"Omamori":10,"Ginger":0,"War Paint":0,"Boot":12,"Calling Bell":0,"Du-Vu Doll":7,"Runic Dome":9,"Centennial Puzzle":13,"MutagenicStrength":10,"Strawberry":13,"Bottled Lightning":5,"Ring of the Snake":0},{"Eternal Feather":0,"Snake Skull":20,"Omamori":40,"Ginger":0,"War Paint":0,"Boot":49,"Calling Bell":0,"Du-Vu Doll":32,"Runic Dome":38,"Centennial Puzzle":52,"MutagenicStrength":40,"Strawberry":52,"Bottled Lightning":25,"Ring of the Snake":0}]},"card_choices":[{"not_picked":["Calculated Gamble","Choke","Backflip"],"picked":"SKIP","floor":1},{"not_picked":["Outmaneuver","Sucker Punch"],"picked":"Bane","floor":4},{"not_picked":["Flechettes","Calculated Gamble"],"picked":"Noxious Fumes","floor":5},{"not_picked":["Tools of the Trade","Bullet Time","Bane"],"picked":"SKIP","floor":7},{"not_picked":["Sucker Punch","Flying Knee","Deadly Poison"],"picked":"SKIP","floor":8},{"not_picked":["Blade Dance","Slice"],"picked":"Footwork","floor":11},{"not_picked":["Blade Dance","Deflect","Footwork"],"picked":"SKIP","floor":13},{"not_picked":["Heel Hook","Choke"],"picked":"Catalyst","floor":14},{"not_picked":["Tactician+1","Deadly Poison+1"],"picked":"Catalyst","floor":18},{"not_picked":["Slice","Quick Slash+1"],"picked":"Bouncing Flask","floor":22},{"not_picked":["Sucker Punch","Dagger Throw","Slice"],"picked":"SKIP","floor":23},{"not_picked":["Dagger Throw","Sucker Punch","Dash+1"],"picked":"SKIP","floor":25}],"player_experience":104538,"relics_obtained":[{"floor":0,"key":"Eternal Feather"},{"floor":0,"key":"Ginger"},{"floor":0,"key":"War Paint"},{"floor":7,"key":"Snake Skull"},{"floor":9,"key":"Bottled Lightning"},{"floor":13,"key":"Du-Vu Doll"},{"floor":23,"key":"Boot"},{"floor":25,"key":"Centennial Puzzle"},{"floor":26,"key":"Strawberry"}],"event_choices":[{"damage_healed":0,"gold_gain":0,"cards_transformed":["Strike_G"],"player_choice":"Change","damage_taken":0,"max_hp_gain":0,"max_hp_loss":0,"event_name":"Living Wall","floor":3,"gold_loss":0,"cards_obtained":["Outmaneuver"]},{"damage_healed":0,"gold_gain":75,"player_choice":"Gather Gold","damage_taken":11,"max_hp_gain":0,"max_hp_loss":0,"event_name":"World of Goop","floor":12,"gold_loss":0},{"damage_healed":0,"gold_gain":0,"player_choice":"Inject Mutagens","damage_taken":0,"relics_obtained":["MutagenicStrength"],"max_hp_gain":0,"max_hp_loss":0,"event_name":"Drug Dealer","floor":19,"gold_loss":0},{"damage_healed":0,"gold_gain":0,"player_choice":"Ignored","damage_taken":0,"max_hp_gain":0,"max_hp_loss":0,"event_name":"Ghosts","floor":20,"gold_loss":0}],"is_beta":false,"boss_relics":[{"not_picked":["Empty Cage","Astrolabe"],"picked":"Runic Dome"}],"items_purged_floors":[21],"is_endless":false,"potions_floor_spawned":[5,8,13,16,22,23],"killed_by":"Gremlin Leader","ascension_level":4}}