{"host":"i4vlfbz13gs2xtdj","time":1612118828,"event":{"mods":["2.2 Compatiblity","AchievementEnabler","Act Like it!","Aspiration","BaseMod","Better Altar","Better Match","Better Note","Better Sensory Stone","Better Skull","Better Third Choice","BetterRewards","Colored Map","Elementarium","Energized Spire","Fox Events","Friendly Minions","GifTheSpireLib","Halation","Hubris","Infinite Spire","Jedi Mod","Minty Spire (QoL Compilation)","Pale of the Ancients","Potionbrewer","Replay The Spire","Shop Mod","Somnambulant","Spikes Relics","StSLib","Stuff the Spire","The Jungle","The Marked","The Sage","Trackpad"],"gold_per_floor":[32,50,50,225,225,225,225,225],"floor_reached":7,"language":"ENG","playtime":1979,"items_purged":[],"score":43,"play_id":"8f04be82-e4df-47bc-b192-180e7af32190","local_time":"20210131134708","is_ascension_mode":true,"campfire_choices":[{"data":"potionbrewer:Collect","floor":6,"key":"SMITH"}],"circlet_count":0,"master_deck":["potionbrewer:PotionbrewerStrike","potionbrewer:PotionbrewerStrike","potionbrewer:PotionbrewerStrike","potionbrewer:PotionbrewerStrike","potionbrewer:PotionbrewerDefend","potionbrewer:PotionbrewerDefend","potionbrewer:PotionbrewerDefend","potionbrewer:PotionbrewerDefend","potionbrewer:Collect+1","potionbrewer:ChemicalSpill","potionbrewer:QuickStep","StuffTheSpire:CuriosityCurse","StuffTheSpire:Vigor","Doubt","StuffTheSpire:Harmony"],"relics":["potionbrewer:PotionKit","StuffTheSpire:Gunfinga","halation:Sosunser","Blood Vial","MerchantsRug","halation:VictoryRuler","StuffTheSpire:Saxophone","sagemod:Singing_Vial","SpikesRelics:DaevaFist","hubris:TenFootPole","trackpad:FieryHotPepper"],"acts_visited":["Exordium"],"potions_floor_usage":[1,2,7,7],"damage_taken":[{"damage":0,"enemies":"Small Slimes","floor":1,"turns":3},{"damage":0,"enemies":"2 Louse","floor":2,"turns":2},{"damage":29,"enemies":"Gremlin Nob","floor":7,"turns":5}],"seed_played":"-4300594796738480515","potions_obtained":[{"floor":1,"key":"jedi:StrikingPotion"}],"is_trial":false,"path_per_floor":["M","M","?","?","?","R","E"],"character_chosen":"POTIONBREWER","items_purchased":["StuffTheSpire:Gunfinga","halation:Sosunser","Blood Vial","MerchantsRug","StuffTheSpire:Saxophone","sagemod:Singing_Vial","Energy Potion","SkillPotion"],"campfire_rested":0,"item_purchase_floors":[0,0,0,0,0,0,0,0],"current_hp_per_floor":[29,31,31,31,22,22,0,0],"gold":225,"neow_bonus":"","is_daily":false,"chose_seed":false,"campfire_upgraded":1,"win_rate":0.0,"timestamp":1612118828,"path_taken":["M","M","?","?","?","R","E"],"items_purchased_type":["Relic","Relic","Relic","Relic","Relic","Relic","Potion","Potion"],"build_version":"2020-12-22","purchased_purges":0,"victory":false,"max_hp_per_floor":[75,75,75,75,75,75,75,75],"card_choices":[{"not_picked":["potionbrewer:Shovel","potionbrewer:Contingency"],"picked":"potionbrewer:QuickStep","floor":1},{"not_picked":["potionbrewer:FuelCell","potionbrewer:Biohazard","potionbrewer:CrossReference"],"picked":"Singing Bowl","floor":2}],"player_experience":248274,"relics_obtained":[],"event_choices":[{"damage_healed":0,"gold_gain":175,"player_choice":"AGREE","damage_taken":50,"max_hp_gain":0,"max_hp_loss":0,"event_name":"betterThird:BetterSerpent","floor":4,"gold_loss":0},{"damage_healed":0,"gold_gain":1,"player_choice":"Relic Relic ","damage_taken":11,"max_hp_gain":0,"max_hp_loss":0,"event_name":"betterThird:BetterScrap","floor":5,"gold_loss":0,"cards_obtained":["Well Laid Plans"]}],"is_beta":false,"boss_relics":[],"items_purged_floors":[],"is_endless":false,"potions_floor_spawned":[1],"killed_by":"Gremlin Nob","ascension_level":2}}