{"host":"sav7uxregyirlf69","time":1612095310,"event":{"mods":["AchievementEnabler","BaseMod","Colored Map","DeckTracker","Keyboard Shortcuts","Minty Spire (QoL Compilation)","READ ME - Guardian Mod","StSLib","SuperFastMode"],"gold_per_floor":[18,33,53,63,63,63,76,107,134,167,188,188,206,224,224,319,319,340,340,340],"floor_reached":19,"language":"KOR","playtime":541,"items_purged":[],"score":320,"play_id":"e2818990-8abe-4604-a6b1-33fb489f4d08","local_time":"20210131211510","is_ascension_mode":true,"campfire_choices":[{"data":"Terror","floor":6.0,"key":"SMITH"},{"floor":12,"key":"REST"},{"data":"Noxious Fumes","floor":15,"key":"SMITH"}],"circlet_count":0,"master_deck":["AscendersBane","Strike_G","Strike_G","Strike_G","Strike_G","Defend_G","Defend_G","Defend_G","Defend_G","Survivor","Neutralize","Blade Dance","Endless Agony","Terror+1","Noxious Fumes+1","Backflip","Quick Slash","Dash","Calculated Gamble","Dagger Spray","Backstab","Corpse Explosion","Well Laid Plans"],"relics":["Ring of the Snake","Golden Idol","Anchor","Tiny Chest","Runic Pyramid"],"acts_visited":["Exordium","TheCity"],"potions_floor_usage":[10,10,10,16],"damage_taken":[{"damage":1.0,"enemies":"Cultist","floor":1.0,"turns":3.0},{"damage":2.0,"enemies":"Jaw Worm","floor":2.0,"turns":4.0},{"damage":0.0,"enemies":"2 Louse","floor":3.0,"turns":2.0},{"damage":0.0,"enemies":"Large Slime","floor":4.0,"turns":4.0},{"damage":4.0,"enemies":"Looter","floor":7.0,"turns":3.0},{"damage":29.0,"enemies":"3 Sentries","floor":8.0,"turns":8.0},{"damage":7,"enemies":"Lagavulin","floor":10,"turns":5},{"damage":0,"enemies":"2 Fungi Beasts","floor":11,"turns":3},{"damage":0,"enemies":"Blue Slaver","floor":13,"turns":2},{"damage":5,"enemies":"Large Slime","floor":14,"turns":6},{"damage":4,"enemies":"Slime Boss","floor":16,"turns":8},{"damage":0,"enemies":"Chosen","floor":18,"turns":3},{"damage":0,"enemies":"Chosen","floor":19,"turns":1}],"seed_played":"-5433905899265180465","potions_obtained":[{"floor":1.0,"key":"EntropicBrew"},{"floor":3.0,"key":"GamblersBrew"},{"floor":7.0,"key":"BlessingOfTheForge"},{"floor":14,"key":"Block Potion"}],"is_trial":false,"path_per_floor":["M","M","M","M","?","R","M","E","T","E","M","R","M","M","R","B",null,"M","?"],"character_chosen":"THE_SILENT","items_purchased":[],"campfire_rested":1,"item_purchase_floors":[],"current_hp_per_floor":[58,56,56,56,56,56,52,23,23,16,16,34,34,29,29,25,51,51,51,51],"gold":340,"neow_bonus":"TRANSFORM_TWO_CARDS","is_daily":false,"chose_seed":false,"campfire_upgraded":2,"win_rate":0.0,"timestamp":1612095310,"path_taken":["M","M","?","?","?","R","M","E","T","E","M","R","M","M","R","BOSS","M","?"],"items_purchased_type":[],"build_version":"2020-12-22","purchased_purges":0,"victory":false,"max_hp_per_floor":[66,66,66,66,60,60,60,60,60,60,60,60,60,60,60,60,60,60,60,60],"card_choices":[{"not_picked":["Deflect","Dash"],"picked":"Terror","floor":1.0},{"not_picked":["Underhanded Strike","Prepared"],"picked":"Noxious Fumes","floor":2.0},{"not_picked":["Slice","Terror"],"picked":"Backflip","floor":3.0},{"not_picked":["Prepared","Outmaneuver"],"picked":"Quick Slash","floor":4.0},{"not_picked":["Setup","Dodge and Roll","Deadly Poison"],"picked":"SKIP","floor":7.0},{"not_picked":["Venomology","Heel Hook"],"picked":"Dash","floor":8},{"not_picked":["Prepared","Bane"],"picked":"Calculated Gamble","floor":10},{"not_picked":["Deflect","Accuracy"],"picked":"Dagger Spray","floor":11},{"not_picked":["Prepared","PiercingWail","Outmaneuver"],"picked":"SKIP","floor":13},{"not_picked":["Acrobatics","Accuracy"],"picked":"Backstab","floor":14},{"not_picked":["Night Terror","Doppelganger"],"picked":"Corpse Explosion","floor":16},{"not_picked":["Prepared","Terror"],"picked":"Well Laid Plans","floor":18}],"player_experience":1444489,"relics_obtained":[{"floor":9,"key":"Anchor"},{"floor":10,"key":"Tiny Chest"}],"event_choices":[{"damage_healed":0.0,"max_hp_gain":0.0,"max_hp_loss":6.0,"gold_gain":0.0,"event_name":"Golden Idol","player_choice":"Lose Max HP","floor":5.0,"gold_loss":0.0,"damage_taken":0.0,"relics_obtained":["Golden Idol"]}],"is_beta":false,"boss_relics":[{"not_picked":["SlaversCollar","Empty Cage"],"picked":"Runic Pyramid"}],"items_purged_floors":[],"is_endless":false,"potions_floor_spawned":[1,3,7,14],"killed_by":"Chosen","ascension_level":15}}