{"host":"g7mkzn6qfoxkk5sz","time":1612136748,"event":{"mods":["BaseMod","Colored Map","Colored Powertips","Downfall","Minty Spire (QoL Compilation)","StSLib"],"gold_per_floor":[99,110,385,150,150,150,150,170,170,188,201,227,227,245,259,361,361,361,372,390,53,253,32,58,58,77,97,114,114,114,99,110,210,210,210,222,237,261,314,324,324,4,30,130,130,180,207,307,323,323,323,323],"floor_reached":50,"language":"ENG","playtime":2553,"items_purged":["Regret","Regret","downfall:Haunted","downfall:Malfunctioning","Slimebound:Strike_Slimebound"],"score":752,"play_id":"e7391ebb-b3be-4452-aaff-53fe1cc85427","local_time":"20210201014548","is_ascension_mode":true,"campfire_choices":[{"data":"Slimebound:Split","floor":1,"key":"SMITH"},{"data":"Slimebound:Gluttony","floor":9,"key":"SMITH"},{"floor":13,"key":"REST"},{"data":"Slimebound:GoopSpray","floor":18,"key":"SMITH"},{"data":"Slimebound:LeadByExample","floor":25,"key":"SMITH"},{"data":"RitualDagger","floor":30,"key":"SMITH"},{"data":"Slimebound:CheckThePlaybook","floor":35,"key":"SMITH"},{"floor":45,"key":"REST"}],"circlet_count":0,"master_deck":["Slimebound:Strike_Slimebound","Slimebound:Tackle","Slimebound:Defend_Slimebound","Slimebound:Defend_Slimebound","Slimebound:Defend_Slimebound","Slimebound:Defend_Slimebound","Slimebound:Split+1","Slimebound:CorrosiveSpit","Slimebound:SlimeBarrage","Slimebound:SlimeSpikes","Slimebound:Equalize+1","Slimebound:Gluttony+1","Slimebound:GoopSpray+1","Slimebound:ComboTackle","Slimebound:LeechLife","Slimebound:Schlurp","Slimebound:Replication","Slimebound:LevelUp+1","Slimebound:LeadByExample+1","Slimebound:Schlurp+1","Slimebound:AcidTongue","Injury","Slimebound:LivingWall+1","Slimebound:GoopSpray+1","Slimebound:Prepare","RitualDagger+1","Slimebound:PressTheAttack","Slimebound:ServeAndProtect","Slimebound:CheckThePlaybook+1","Slimebound:PressTheAttack+1","Slimebound:SplitBruiser","Slimebound:ForwardTackle+1","Slimebound:Darklings","Writhe","Slimebound:SplitMire","Slimebound:LevelUp","Slimebound:SplitSpecialist","CurseOfTheBell","CurseOfTheBell","downfall:Haunted","Slimebound:Darklings","Shame","downfall:Malfunctioning","Slimebound:ComboTackle","Slimebound:HungryTackle"],"relics":["Slimebound:AbsorbEndCombat","Slimebound:AggressiveSlimeRelic","Juzu Bracelet","Darkstone Periapt","Toy Ornithopter","Bronze Scales","Cursed Key","Slimebound:SelfDamagePreventRelic","Art of War","Slimebound:TarBlob","Happy Flower","Whetstone","Letter Opener","Oddly Smooth Stone","Pen Nib","Potion Belt","Mango","Gremlin Horn","downfall:ExtraCursedBell","Dream Catcher","Meat on the Bone","Prayer Wheel"],"acts_visited":["Exordium","TheCity","TheBeyond"],"potions_floor_usage":[16,16,16,21,31,33,33,44,50,50,50,50],"damage_taken":[{"damage":7,"enemies":"2 Louse","floor":2,"turns":2},{"damage":21,"enemies":"downfall:FleeingMerchant","floor":4,"turns":4},{"damage":2,"enemies":"Cultist","floor":8,"turns":3},{"damage":5,"enemies":"Jaw Worm","floor":10,"turns":4},{"damage":25,"enemies":"Exordium Thugs","floor":11,"turns":4},{"damage":19,"enemies":"3 Sentries","floor":12,"turns":8},{"damage":25,"enemies":"Exordium Wildlife","floor":14,"turns":4},{"damage":21,"enemies":"Exordium Thugs","floor":15,"turns":2},{"damage":17,"enemies":"IC_STATUS_ARCHETYPE","floor":16,"turns":7},{"damage":14,"enemies":"Shell Parasite","floor":19,"turns":5},{"damage":8,"enemies":"Snecko","floor":20,"turns":5},{"damage":11,"enemies":"downfall:FleeingMerchant","floor":21,"turns":4},{"damage":17,"enemies":"downfall:FleeingMerchant","floor":23,"turns":4},{"damage":0,"enemies":"3 Cultists","floor":26,"turns":4},{"damage":19,"enemies":"Snake Plant","floor":27,"turns":3},{"damage":15,"enemies":"Centurion and Healer","floor":28,"turns":5},{"damage":5,"enemies":"downfall:FleeingMerchant","floor":31,"turns":4},{"damage":4,"enemies":"3 Cultists","floor":32,"turns":4},{"damage":14,"enemies":"SI_MIRROR_ARCHETYPE","floor":33,"turns":8},{"damage":0,"enemies":"Orb Walker","floor":36,"turns":3},{"damage":32,"enemies":"3 Darklings","floor":37,"turns":4},{"damage":0,"enemies":"downfall:FleeingMerchant","floor":39,"turns":2},{"damage":38,"enemies":"Transient","floor":40,"turns":5},{"damage":69,"enemies":"Nemesis","floor":43,"turns":7},{"damage":6,"enemies":"downfall:LadyInBlue","floor":44,"turns":7},{"damage":0,"enemies":"downfall:LadyInBlue","floor":46,"turns":3},{"damage":27,"enemies":"Reptomancer","floor":47,"turns":7},{"damage":19,"enemies":"Sphere and 2 Shapes","floor":49,"turns":4},{"damage":118,"enemies":"WA_ARCHETYPE_DIVINITY","floor":50,"turns":5}],"seed_played":"4506356128198650709","potions_obtained":[{"floor":8,"key":"Slimebound:SlimedPotion"},{"floor":12,"key":"SkillPotion"},{"floor":14,"key":"champ:CounterPotion"},{"floor":15,"key":"Weak Potion"},{"floor":16,"key":"Slimebound:SpawnSlimePotion"},{"floor":19,"key":"BlessingOfTheForge"},{"floor":26,"key":"SpeedPotion"},{"floor":27,"key":"Energy Potion"},{"floor":28,"key":"LiquidBronze"},{"floor":32,"key":"AttackPotion"},{"floor":36,"key":"EssenceOfSteel"},{"floor":43,"key":"Dexterity Potion"},{"floor":44,"key":"Ancient Potion"},{"floor":44,"key":"AttackPotion"},{"floor":44,"key":"Slimebound:SlimyTonguePotion"}],"is_trial":false,"path_per_floor":["R","M","?","$","T","?","T","M","R","M","M","E","R","M","M","B",null,"R","M","M","$","?","$","T","R","M","M","M","?","R","$","M","B",null,"R","M","M","?","$","M","T","$","E","?","R","?","E","?","M","B"],"character_chosen":"SLIMEBOUND","items_purchased":["Slimebound:AggressiveSlimeRelic","Slimebound:SelfDamagePreventRelic","Slimebound:LeadByExample","Slimebound:AcidTongue","Whetstone","Oddly Smooth Stone"],"campfire_rested":2,"item_purchase_floors":[4,21,21,23,39,42],"current_hp_per_floor":[65,58,58,39,39,45,45,55,55,56,33,28,49,26,7,13,71,71,65,65,68,74,65,71,71,79,74,71,65,65,69,81,83,83,83,83,63,69,75,45,51,51,2,17,45,67,54,89,78,0,0,0],"gold":323,"neow_bonus":"TRANSFORM_CARD","is_daily":false,"chose_seed":false,"campfire_upgraded":6,"win_rate":0.0,"timestamp":1612136748,"path_taken":["R","M","?","?","?","?","T","M","R","M","M","E","R","M","M","BOSS","R","M","M","$","?","$","T","R","M","M","M","?","R","?","M","BOSS","R","M","M","?","$","M","T","$","E","?","R","?","E","?","M","BOSS"],"items_purchased_type":["Relic","Relic","Card","Card","Relic","Relic"],"build_version":"2020-12-22","purchased_purges":5,"victory":false,"max_hp_per_floor":[65,65,65,65,65,71,71,71,71,71,71,71,71,71,71,71,71,71,71,71,71,77,77,83,83,83,83,83,83,83,83,83,83,83,83,83,83,89,89,89,95,95,95,95,95,109,109,144,144,144,144,144],"card_choices":[{"not_picked":["Slimebound:ItLooksTasty","Slimebound:HauntingLick"],"picked":"Slimebound:SlimeSpikes","floor":2},{"not_picked":["Slimebound:ViciousTackle","Slimebound:Gluttony"],"picked":"Slimebound:Equalize","floor":4},{"not_picked":["Slimebound:SplitLeeching","Slimebound:RollThrough"],"picked":"Slimebound:Gluttony","floor":8},{"not_picked":["Slimebound:Dissolve","Slimebound:Recollect","Slimebound:FlameTackle"],"picked":"SKIP","floor":10},{"not_picked":["Slimebound:SlimeBarrage","Slimebound:GoopTackle"],"picked":"Slimebound:GoopSpray","floor":11},{"not_picked":["Slimebound:DouseInSlime","Slimebound:TongueLash"],"picked":"Slimebound:ComboTackle","floor":12},{"not_picked":["Slimebound:DisruptingSlam","Slimebound:GoopTackle","Slimebound:ItLooksTasty"],"picked":"SKIP","floor":14},{"not_picked":["Slimebound:SlimeBarrage","Slimebound:ProtectTheBoss","Slimebound:RollThrough"],"picked":"SKIP","floor":15},{"not_picked":["Slimebound:RallyTheTroops","Slimebound:SelfFormingGoo"],"picked":"Slimebound:LeechLife","floor":16},{"not_picked":["Slimebound:SlimeSpikes","Slimebound:ComboTackle"],"picked":"Slimebound:Schlurp","floor":19},{"not_picked":["Slimebound:ServeAndProtect","Slimebound:PressTheAttack+1"],"picked":"Slimebound:Replication","floor":20},{"not_picked":["Slimebound:ViciousTackle","Slimebound:Prepare"],"picked":"Slimebound:LevelUp+1","floor":21},{"not_picked":["Slimebound:ServeAndProtect","Slimebound:DouseInSlime"],"picked":"Slimebound:Schlurp+1","floor":23},{"not_picked":["Slimebound:Replication","Slimebound:SlimeTap+1"],"picked":"Slimebound:LivingWall+1","floor":26},{"not_picked":["Slimebound:SplitLeeching+1","Slimebound:SlimeBarrage"],"picked":"Slimebound:GoopSpray+1","floor":27},{"not_picked":["Slimebound:LevelUp","Slimebound:Schlurp"],"picked":"Slimebound:Prepare","floor":28},{"not_picked":["Slimebound:GoopSpray","Slimebound:Prepare"],"picked":"Slimebound:PressTheAttack","floor":31},{"not_picked":["Slimebound:RollThrough","Slimebound:GoopTackle"],"picked":"Slimebound:ServeAndProtect","floor":32},{"not_picked":["Slimebound:DouseInSlime","Slimebound:OozeBath"],"picked":"Slimebound:CheckThePlaybook","floor":33},{"not_picked":["Slimebound:ViciousTackle","Slimebound:SamplingLick"],"picked":"Slimebound:PressTheAttack","floor":36},{"not_picked":["Slimebound:PressTheAttack+1","Slimebound:GoopSpray+1"],"picked":"Slimebound:SplitBruiser","floor":37},{"not_picked":["Slimebound:ItLooksTasty","Slimebound:DisruptingSlam"],"picked":"Slimebound:ForwardTackle+1","floor":39},{"not_picked":["Slimebound:AcidTongue","Slimebound:SplitAcid+1"],"picked":"Slimebound:Darklings","floor":40},{"not_picked":["Slimebound:HungryTackle+1","Slimebound:Replication","Slimebound:RollThrough+1"],"picked":"SKIP","floor":43},{"not_picked":["Slimebound:ComboTackle","Slimebound:Nibble"],"picked":"Slimebound:SplitMire","floor":44},{"not_picked":["Slimebound:AcidTongue","Slimebound:GoopTackle+1"],"picked":"Slimebound:LevelUp","floor":46},{"not_picked":["Slimebound:FinishingTackle+1","Slimebound:Teamwork"],"picked":"Slimebound:SplitSpecialist","floor":47},{"not_picked":["Slimebound:FinishingTackle","Slimebound:Chomp+1"],"picked":"Slimebound:ComboTackle","floor":49},{"not_picked":["Slimebound:TongueLash","Slimebound:HauntingLick"],"picked":"Slimebound:HungryTackle","floor":49}],"player_experience":452632,"relics_obtained":[{"floor":5,"key":"Juzu Bracelet"},{"floor":7,"key":"Toy Ornithopter"},{"floor":12,"key":"Bronze Scales"},{"floor":24,"key":"Art of War"},{"floor":38,"key":"Happy Flower"},{"floor":41,"key":"Letter Opener"},{"floor":43,"key":"Pen Nib"},{"floor":44,"key":"Potion Belt"},{"floor":46,"key":"Mango"},{"floor":47,"key":"Gremlin Horn"},{"floor":48,"key":"Dream Catcher"},{"floor":48,"key":"Meat on the Bone"},{"floor":48,"key":"Prayer Wheel"}],"event_choices":[{"damage_healed":0,"gold_gain":0,"player_choice":"Box","damage_taken":0,"relics_obtained":["Darkstone Periapt"],"max_hp_gain":0,"max_hp_loss":0,"event_name":"Big Fish","floor":6,"gold_loss":0,"cards_obtained":["Regret"]}],"is_beta":false,"boss_relics":[{"not_picked":["Philosopher\u0027s Stone","SlaversCollar"],"picked":"Cursed Key"},{"not_picked":["SacredBark","Runic Pyramid"],"picked":"Slimebound:TarBlob"}],"items_purged_floors":[4,21,23,39,42],"is_endless":false,"potions_floor_spawned":[8,12,14,15,16,19,26,27,28,32,36,43,47],"killed_by":"WA_ARCHETYPE_DIVINITY","ascension_level":2}}