{"host":"uwwvm37dko2v39wu","time":1612065385,"event":{"mods":["Act Like it!","BaseMod","Downfall","Minty Spire (QoL Compilation)","Spire Arcade","StSLib"],"gold_per_floor":[99,99,199,199,211,211,238,238,266,266,266,266,266,54,69,169,169,169,169,154,165,150,150,198,215,227,261,261,280,280,280,292,292,292,292],"floor_reached":33,"language":"ZHS","playtime":1916,"items_purged":[],"score":259,"play_id":"2cc9f8f9-bb5f-43d8-a8be-a6193a434395","local_time":"20210131115625","is_ascension_mode":false,"campfire_choices":[{"data":"champ:Execute","floor":1,"key":"SMITH"},{"data":"champ:FlashCut","floor":8,"key":"SMITH"},{"data":"champ:UltimateStance","floor":11,"key":"SMITH"},{"data":"champ:HeavySlash","floor":13,"key":"SMITH"},{"data":"expansioncontent:DashGenerateEvil","floor":18,"key":"SMITH"},{"data":"champ:SwordThrow","floor":28,"key":"SMITH"},{"floor":30,"key":"REST"}],"circlet_count":0,"master_deck":["champ:Strike","champ:Strike","champ:Strike","champ:Defend","champ:Defend","champ:Defend","champ:Defend","champ:Execute+1","champ:Taunt","champ:DeathBlow","champ:FlashCut+1","champ:HeavySlash+1","champ:StanceDance","champ:UltimateStance+1","champ:HeartStrike","expansioncontent:DashGenerateEvil+1","champ:SwordThrow+1","champ:ShieldThrow","champ:CrownThrow+1","champ:StrikeOfGenius","champ:PreciseThrust","champ:IgnorePain"],"relics":["champ:ChampionCrown","downfall:HeartsMalice","CloakClasp","champ:LiftRelic","Vajra","StrikeDummy","Black Star","Anchor","Question Card","Gremlin Horn"],"acts_visited":["Exordium","TheCity"],"potions_floor_usage":[16,16,27,33],"damage_taken":[{"damage":0,"enemies":"Cultist","floor":2,"turns":1},{"damage":0,"enemies":"Cultist","floor":3,"turns":1},{"damage":0,"enemies":"Jaw Worm","floor":4,"turns":1},{"damage":25,"enemies":"Small Slimes","floor":5,"turns":3},{"damage":48,"enemies":"Lagavulin","floor":9,"turns":5},{"damage":18,"enemies":"downfall:FleeingMerchant","floor":14,"turns":4},{"damage":0,"enemies":"2 Fungi Beasts","floor":15,"turns":2},{"damage":79,"enemies":"DF_ARCHETYPE_STREAMLINE","floor":16,"turns":9},{"damage":0,"enemies":"Chosen","floor":19,"turns":1},{"damage":15,"enemies":"downfall:FleeingMerchant","floor":20,"turns":4},{"damage":17,"enemies":"Sentry and Sphere","floor":21,"turns":5},{"damage":15,"enemies":"downfall:FleeingMerchant","floor":22,"turns":4},{"damage":0,"enemies":"Centurion and Healer","floor":25,"turns":4},{"damage":14,"enemies":"Snake Plant","floor":26,"turns":4},{"damage":25,"enemies":"Slavers","floor":27,"turns":7},{"damage":23,"enemies":"Shelled Parasite and Fungi","floor":29,"turns":5},{"damage":10,"enemies":"Cultist and Chosen","floor":32,"turns":4},{"damage":73,"enemies":"WA_ARCHETYPE_CALM","floor":33,"turns":10}],"seed_played":"5733359124046418341","potions_obtained":[{"floor":3,"key":"champ:CounterPotion"},{"floor":15,"key":"champ:OpenerPotion"},{"floor":16,"key":"Swift Potion"},{"floor":25,"key":"SkillPotion"},{"floor":26,"key":"Swift Potion"},{"floor":27,"key":"CultistPotion"},{"floor":32,"key":"SteroidPotion"}],"is_trial":false,"path_per_floor":["R","M","?","M","M","?","T","R","E","?","R","?","R","$","M","B",null,"R","M","$","M","$","?","T","M","M","E","R","M","R","?","M","B"],"character_chosen":"THE_CHAMP","items_purchased":["expansioncontent:DashGenerateEvil"],"campfire_rested":1,"item_purchase_floors":[14],"current_hp_per_floor":[90,90,90,90,85,85,85,85,67,67,67,67,67,64,64,25,90,90,90,90,83,83,83,83,83,69,49,49,36,63,63,63,0,0,0],"gold":292,"neow_bonus":"THREE_ENEMY_KILL","is_daily":false,"chose_seed":false,"campfire_upgraded":6,"win_rate":0.0,"timestamp":1612065385,"path_taken":["R","M","?","M","M","?","T","R","E","?","R","?","R","?","M","BOSS","R","M","?","M","$","?","T","M","M","E","R","?","R","?","M","BOSS"],"items_purchased_type":["Card"],"build_version":"2020-12-22","purchased_purges":0,"victory":false,"max_hp_per_floor":[90,90,90,90,90,90,90,90,90,90,90,90,90,90,90,90,90,90,90,90,90,90,90,90,90,90,90,90,90,90,90,90,90,90,90],"card_choices":[{"not_picked":["champ:DefensiveShout","champ:EnGarde"],"picked":"champ:DeathBlow","floor":2},{"not_picked":["champ:DefensiveShout","champ:BerserkersShout"],"picked":"champ:FlashCut","floor":3},{"not_picked":["champ:CrownThrow","champ:SkillfulDodge"],"picked":"champ:HeavySlash","floor":4},{"not_picked":["champ:EnGarde","champ:FocusedBerserking"],"picked":"champ:StanceDance","floor":5},{"not_picked":["champ:Shatter","champ:FanOfKnives"],"picked":"champ:UltimateStance","floor":9},{"not_picked":["champ:FlashCut","champ:RapidStrikes"],"picked":"champ:HeartStrike","floor":14},{"not_picked":["champ:BerserkersShout","champ:FlashCut","champ:EnragedBash"],"picked":"SKIP","floor":15},{"not_picked":["champ:MurderStrike","champ:SteelEdge"],"picked":"champ:SwordThrow","floor":16},{"not_picked":["champ:Shatter","champ:Circumvent+1","champ:Backstep"],"picked":"SKIP","floor":19},{"not_picked":["champ:Shatter+1","champ:BringItOn"],"picked":"champ:ShieldThrow","floor":20},{"not_picked":["champ:Haymaker","champ:PerfectedStrike"],"picked":"champ:CrownThrow+1","floor":21},{"not_picked":["champ:Shatter","champ:EndlessRage","champ:FanOfKnives"],"picked":"SKIP","floor":22},{"not_picked":["champ:CrookedStrike","champ:AdrenalArmor","champ:CrownThrow"],"picked":"SKIP","floor":25},{"not_picked":["champ:EndlessRage","champ:FlashCut"],"picked":"champ:IgnorePain","floor":26},{"not_picked":["champ:RisingSlash","champ:Lariat","champ:Shatter"],"picked":"SKIP","floor":27},{"not_picked":["champ:EnGarde+1","champ:BerserkersShout","champ:HeartStrike","champ:GutPunch"],"picked":"SKIP","floor":29},{"not_picked":["champ:PerfectedStrike","champ:BerserkersShout","champ:ArenaPreparation","champ:FocusedBerserking"],"picked":"SKIP","floor":32}],"player_experience":707492,"relics_obtained":[{"floor":3,"key":"CloakClasp"},{"floor":7,"key":"Vajra"},{"floor":9,"key":"StrikeDummy"},{"floor":24,"key":"Anchor"},{"floor":27,"key":"Question Card"},{"floor":27,"key":"Gremlin Horn"}],"event_choices":[{"damage_healed":0,"gold_gain":0,"player_choice":"Ignored","damage_taken":0,"max_hp_gain":0,"max_hp_loss":0,"event_name":"Vampires","floor":31,"gold_loss":0}],"is_beta":false,"boss_relics":[{"not_picked":["Snecko Eye","Coffee Dripper"],"picked":"Black Star"}],"items_purged_floors":[],"is_endless":false,"potions_floor_spawned":[3,15,16,25,26,27,32],"killed_by":"WA_ARCHETYPE_CALM","ascension_level":0}}