{"host":"aqym1xxr3lb31d9m","time":1612115234,"event":{"mods":["BaseMod","Block Reminder","Colored Map","Colored Powertips","DeckTracker","Highlight Path","Minty Spire (QoL Compilation)","Quick Restart","Random Character Button","StSLib","SuperFastMode","UnlockEverythingMod"],"gold_per_floor":[110,110,120,120,132,132,146,146,146,146,172,187,187,204,204,204,204],"floor_reached":16,"language":"JPN","playtime":354,"items_purged":[],"score":204,"play_id":"a48ea8bb-5629-4ad8-8de7-34b0308e9604","local_time":"20210201024714","is_ascension_mode":true,"campfire_choices":[{"data":"Go for the Eyes","floor":6,"key":"SMITH"},{"floor":13,"key":"REST"},{"data":"Consume","floor":15,"key":"SMITH"}],"circlet_count":0,"master_deck":["AscendersBane","Strike_B","Strike_B+1","Strike_B+1","Defend_B","Defend_B","Defend_B","Defend_B","Zap","Dualcast","Go for the Eyes+1","Skim","Genetic Algorithm","Ball Lightning","Consume+1","Buffer","Leap"],"relics":["Cracked Core","NeowsBlessing","Letter Opener","Whetstone"],"acts_visited":["Exordium"],"potions_floor_usage":[10,11,11,14],"damage_taken":[{"damage":0,"enemies":"Cultist","floor":1,"turns":1},{"damage":0,"enemies":"Jaw Worm","floor":3,"turns":1},{"damage":0,"enemies":"Small Slimes","floor":5,"turns":1},{"damage":12,"enemies":"2 Fungi Beasts","floor":7,"turns":4},{"damage":27,"enemies":"Gremlin Nob","floor":11,"turns":4},{"damage":17,"enemies":"Lots of Slimes","floor":12,"turns":4},{"damage":0,"enemies":"Large Slime","floor":14,"turns":4},{"damage":32,"enemies":"Hexaghost","floor":16,"turns":7}],"seed_played":"4418270175461745038","potions_obtained":[{"floor":5,"key":"PowerPotion"},{"floor":7,"key":"SkillPotion"},{"floor":10,"key":"Fruit Juice"},{"floor":10,"key":"Block Potion"},{"floor":12,"key":"Explosive Potion"}],"is_trial":false,"path_per_floor":["M","$","M","$","M","R","M","?","T","?","E","M","R","M","R","B"],"character_chosen":"DEFECT","items_purchased":[],"campfire_rested":1,"item_purchase_floors":[],"current_hp_per_floor":[64,64,64,64,64,64,52,45,45,50,23,6,28,28,28,0,0],"gold":204,"neow_bonus":"THREE_ENEMY_KILL","is_daily":false,"chose_seed":false,"campfire_upgraded":2,"win_rate":0.0,"timestamp":1612115234,"path_taken":["M","$","M","$","?","R","M","?","T","?","E","?","R","M","R","BOSS"],"items_purchased_type":[],"build_version":"2020-12-22","purchased_purges":0,"victory":false,"max_hp_per_floor":[71,71,71,71,71,71,71,71,71,76,76,76,76,76,76,76,76],"card_choices":[{"not_picked":["Rebound","Turbo"],"picked":"Go for the Eyes","floor":1},{"not_picked":["Stack","Redo"],"picked":"Skim","floor":3},{"not_picked":["Fusion","Reprogram"],"picked":"Genetic Algorithm","floor":5},{"not_picked":["Go for the Eyes","Storm"],"picked":"Ball Lightning","floor":7},{"not_picked":["Barrage","Fusion"],"picked":"Consume","floor":11},{"not_picked":["Double Energy","Stack"],"picked":"Buffer","floor":12},{"not_picked":["Genetic Algorithm","Recycle"],"picked":"Leap","floor":14}],"player_experience":4160712,"relics_obtained":[{"floor":9,"key":"Letter Opener"},{"floor":11,"key":"Whetstone"}],"event_choices":[{"cards_removed":["Strike_B"],"damage_healed":0,"gold_gain":0,"player_choice":"Card Removal","damage_taken":7,"max_hp_gain":0,"max_hp_loss":0,"event_name":"Golden Wing","floor":8,"gold_loss":0},{"damage_healed":0,"gold_gain":0,"player_choice":"Got Potions","damage_taken":0,"max_hp_gain":0,"max_hp_loss":0,"event_name":"Lab","floor":10,"gold_loss":0}],"is_beta":false,"boss_relics":[],"items_purged_floors":[],"is_endless":false,"potions_floor_spawned":[5,7,12],"killed_by":"Hexaghost","ascension_level":20}}