{"host":"Nico","time":1612126361,"event":{"mods":["2.2 Compatiblity","AchievementEnabler","Aspiration","BaseMod","Beaked The Cultist","Better Altar","Better Note","Better Skull","Conspire","Custom Start","DeckTracker","Displayed Cursed Tome","Energized Spire","Halation","Highlight Path","Hubris","Infinite Spire","Minty Spire (QoL Compilation)","Permanent Neow","Poor People Problems","Relic Filter Mod","Relic Sorter","Replay The Spire","Shop Mod","StSLib","Synergy Search","The Cursed","TheVacant","Trackpad","Transform Curses","Unknown Chances"],"gold_per_floor":[118,118,37,37,47,74,74,74,143,143,161,182,207,241,241,373,373,373,373],"floor_reached":18,"language":"ENG","playtime":1528,"items_purged":[],"score":170,"play_id":"deeee2c3-3383-4199-9536-8ab81aa20d8c","local_time":"20210131205241","is_ascension_mode":false,"campfire_choices":[{"floor":7,"key":"REST"},{"floor":10,"key":"REST"},{"floor":15,"key":"REST"}],"circlet_count":0,"master_deck":["TheCursedMod:Strike_TheCursed","TheCursedMod:Strike_TheCursed","TheCursedMod:Strike_TheCursed","TheCursedMod:Strike_TheCursed","TheCursedMod:Defend_TheCursed","TheCursedMod:Defend_TheCursed","TheCursedMod:Defend_TheCursed","TheCursedMod:Defend_TheCursed","TheCursedMod:CursedWand","TheCursedMod:CleanUpWorkshop","TheCursedMod:Dregs","ReplayTheSpireMod:Compounding Headache","Hallucinations","TheCursedMod:Torture","conspire:Banana+1","TheCursedMod:SpitefulPray","TheCursedMod:SoulReap","TheCursedMod:CircleOfCorruption","TheCursedMod:FleshFromBone","TheCursedMod:CursedShiv","TheCursedMod:DemonSword"],"relics":["TheCursedMod:BlackMagic101","energizedSpire:NeverEndingSparkler","trackpad:HandOfMidas","Regal Pillow","Replay:Grab Bag","Replay:Bronze Core","trackpad:Coffee","conspire:RunicOctahedron"],"acts_visited":["Exordium","TheCity"],"potions_floor_usage":[],"damage_taken":[{"damage":0,"enemies":"Jaw Worm","floor":1,"turns":4},{"damage":4,"enemies":"2 Louse","floor":5,"turns":3},{"damage":67,"enemies":"Gremlin Nob","floor":6,"turns":7},{"damage":3,"enemies":"Small Slimes","floor":11,"turns":3},{"damage":8,"enemies":"2 Fungi Beasts","floor":12,"turns":4},{"damage":25,"enemies":"3 Sentries","floor":13,"turns":9},{"damage":1,"enemies":"3 Louse","floor":14,"turns":3},{"damage":68,"enemies":"Slime Boss","floor":16,"turns":21},{"damage":5,"enemies":"3 Byrds","floor":18,"turns":2}],"seed_played":"-1077470703337169851","potions_obtained":[{"floor":5,"key":"Reflective Coating"},{"floor":6,"key":"FearPotion"},{"floor":12,"key":"Explosive Potion"}],"is_trial":false,"path_per_floor":["M","?","$","?","M","E","R","?","T","R","M","M","E","M","R","B",null,"M"],"character_chosen":"THE_CURSED","items_purchased":["conspire:Banana"],"campfire_rested":3,"item_purchase_floors":[3],"current_hp_per_floor":[75,75,75,75,73,8,31,31,31,54,56,50,32,36,77,16,89,84,84],"gold":373,"neow_bonus":"CURSED_BOSS_RELIC","is_daily":false,"chose_seed":false,"campfire_upgraded":0,"win_rate":0.0,"timestamp":1612126361,"path_taken":["M","?","$","?","M","E","R","?","T","R","M","M","E","M","R","BOSS","M"],"items_purchased_type":["Card"],"build_version":"2020-12-18","purchased_purges":0,"victory":false,"max_hp_per_floor":[75,75,75,75,77,79,79,79,79,79,81,83,85,87,87,89,89,89,89],"card_choices":[{"not_picked":["TheCursedMod:Mangle","TheCursedMod:SpreadPlague"],"picked":"TheCursedMod:Torture","floor":1},{"not_picked":["TheCursedMod:CircleOfFlame","TheCursedMod:Stigma"],"picked":"TheCursedMod:SpitefulPray","floor":5},{"not_picked":["TheCursedMod:CursedAmulet","TheCursedMod:Torture"],"picked":"TheCursedMod:SoulReap","floor":6},{"not_picked":["TheCursedMod:TacticalStrike","TheCursedMod:SmokeScreen"],"picked":"TheCursedMod:CircleOfCorruption","floor":11},{"not_picked":["TheCursedMod:Obscuration","TheCursedMod:CursedMace"],"picked":"TheCursedMod:FleshFromBone","floor":12},{"not_picked":["TheCursedMod:CursedAmulet","TheCursedMod:Obscuration"],"picked":"TheCursedMod:CursedShiv","floor":13},{"not_picked":["TheCursedMod:FuryStrike","TheCursedMod:CursedAmulet","TheCursedMod:SpitefulStrike"],"picked":"SKIP","floor":14},{"not_picked":["TheCursedMod:UltimatePain","TheCursedMod:CollectTribute"],"picked":"TheCursedMod:DemonSword","floor":16}],"player_experience":695597,"relics_obtained":[{"floor":6,"key":"trackpad:HandOfMidas"},{"floor":13,"key":"Regal Pillow"}],"event_choices":[{"damage_healed":0,"gold_gain":0,"player_choice":"Ignored","damage_taken":0,"max_hp_gain":0,"max_hp_loss":0,"event_name":"Golden Wing","floor":2,"gold_loss":0},{"damage_healed":0,"gold_gain":0,"player_choice":"Disagree","damage_taken":0,"max_hp_gain":0,"max_hp_loss":0,"event_name":"conspire:LoneGhost","floor":8,"gold_loss":0}],"is_beta":true,"boss_relics":[{"not_picked":["aspiration:IroncladSkillbook","ReplayTheSpireMod:SealedPack"],"picked":"Replay:Grab Bag"},{"not_picked":["beaked:MawFillet","halation:ForbiddenBikini"],"picked":"Replay:Bronze Core"},{"not_picked":["energizedSpire:StickyHand","Runic Dome"],"picked":"trackpad:Coffee"},{"not_picked":["Snecko Eye","Astrolabe"],"picked":"conspire:RunicOctahedron"}],"items_purged_floors":[],"is_endless":false,"potions_floor_spawned":[5,6,12,13,14],"killed_by":"3 Byrds","ascension_level":0}}