{"host":"g7mkzn6qfoxkk5sz","time":1612076119,"event":{"mods":["BaseMod","Colored Map","Colored Powertips","Downfall","Hermit","Marisa????????","Minty Spire (QoL Compilation)","StSLib","The Animator","The Bug Knight","The Servant 0.9.4"],"gold_per_floor":[111,137,137,137,212,212,240,240,313,372,413,413,453,494,494,615,615,650,689,689,689],"floor_reached":20,"language":"ENG","playtime":1031,"items_purged":[],"score":209,"play_id":"de91b6e3-b57c-449f-9e81-e97c8c615b3e","local_time":"20210131085519","is_ascension_mode":false,"campfire_choices":[{"data":"WitchOfGreed","floor":6,"key":"SMITH"},{"data":"DoubleSpark","floor":8,"key":"SMITH"},{"floor":15,"key":"REST"}],"circlet_count":0,"master_deck":["Strike_MRS","Strike_MRS","Strike_MRS","Strike_MRS","Defend_MRS","Defend_MRS","Defend_MRS","Defend_MRS","MasterSpark","UpSweep","WitchOfGreed+1","GrandCross+1","DoubleSpark+1","PowerUp","SprinkleStarSeal","IllusionStar","MysteriousBeam","ManaRampage","Acceleration+1","MachineGunSpark"],"relics":["MiniHakkero","NeowsBlessing","InkBottle","Boot","Kunai","Shuriken","SlaversCollar"],"acts_visited":["Exordium","TheCity"],"potions_floor_usage":[10,10,13,16,16,20],"damage_taken":[{"damage":0,"enemies":"Small Slimes","floor":1,"turns":1},{"damage":0,"enemies":"2 Louse","floor":2,"turns":2},{"damage":0,"enemies":"Gremlin Nob","floor":7,"turns":1},{"damage":24,"enemies":"Lagavulin","floor":10,"turns":4},{"damage":0,"enemies":"Cultist","floor":11,"turns":3},{"damage":12,"enemies":"Exordium Wildlife","floor":13,"turns":3},{"damage":13,"enemies":"3 Louse","floor":14,"turns":3},{"damage":18,"enemies":"Hexaghost","floor":16,"turns":6},{"damage":22,"enemies":"Shell Parasite","floor":18,"turns":4},{"damage":26,"enemies":"3 Byrds","floor":19,"turns":4},{"damage":60,"enemies":"Masked Bandits","floor":20,"turns":3}],"seed_played":"3651740630856133908","potions_obtained":[{"floor":2,"key":"Strength Potion"},{"floor":7,"key":"PowerPotion"},{"floor":10,"key":"DuplicationPotion"},{"floor":10,"key":"LiquidBronze"},{"floor":11,"key":"EssenceOfSteel"},{"floor":13,"key":"Fruit Juice"},{"floor":13,"key":"Regen Potion"},{"floor":14,"key":"FairyPotion"},{"floor":16,"key":"ShroomBrew"},{"floor":16,"key":"PowerPotion"}],"is_trial":false,"path_per_floor":["M","M","?","?","?","R","E","R","T","E","M","?","M","M","R","B",null,"M","M","?"],"character_chosen":"MARISA","items_purchased":[],"campfire_rested":1,"item_purchase_floors":[],"current_hp_per_floor":[75,75,75,57,46,46,46,46,46,22,22,22,15,2,26,23,80,58,32,0,0],"gold":689,"neow_bonus":"THREE_ENEMY_KILL","is_daily":false,"chose_seed":false,"campfire_upgraded":2,"win_rate":0.0,"timestamp":1612076119,"path_taken":["M","M","?","?","?","R","E","R","T","E","M","?","?","M","R","BOSS","M","M","?"],"items_purchased_type":[],"build_version":"2020-12-22","purchased_purges":0,"victory":false,"max_hp_per_floor":[75,75,75,75,75,75,75,75,75,75,75,75,80,80,80,80,80,80,80,80,80],"card_choices":[{"not_picked":["PowerUp","EarthLightRay"],"picked":"WitchOfGreed","floor":1},{"not_picked":["PowerUp","DoubleSpark"],"picked":"GrandCross","floor":2},{"not_picked":["EnergyRecoil","GravityBeat"],"picked":"DoubleSpark","floor":7},{"not_picked":["UnstableBomb","BlazeAway"],"picked":"PowerUp","floor":10},{"not_picked":["AsteroidBelt","StarBarrage"],"picked":"SprinkleStarSeal","floor":11},{"not_picked":["DarkSpark","UnstableBomb"],"picked":"IllusionStar","floor":13},{"not_picked":["DoubleSpark","CollectingQuirk"],"picked":"MysteriousBeam","floor":14},{"not_picked":["SatelliteIllusion","StarDustReverie"],"picked":"ManaRampage","floor":16},{"not_picked":["GravityBeat","AlicesGift+1"],"picked":"Acceleration+1","floor":18},{"not_picked":["UnstableBomb","WitchLeyline+1"],"picked":"MachineGunSpark","floor":19}],"player_experience":441682,"relics_obtained":[{"floor":7,"key":"Boot"},{"floor":9,"key":"Kunai"},{"floor":10,"key":"Shuriken"}],"event_choices":[{"damage_healed":0,"gold_gain":0,"player_choice":"Grow","damage_taken":0,"max_hp_gain":0,"max_hp_loss":0,"event_name":"Living Wall","floor":3,"gold_loss":0,"cards_upgraded":["GrandCross"]},{"damage_healed":0,"gold_gain":0,"player_choice":"Success","damage_taken":18,"relics_obtained":["InkBottle"],"max_hp_gain":0,"max_hp_loss":0,"event_name":"Scrap Ooze","floor":4,"gold_loss":0},{"damage_healed":0,"gold_gain":75,"player_choice":"Gather Gold","damage_taken":11,"max_hp_gain":0,"max_hp_loss":0,"event_name":"World of Goop","floor":5,"gold_loss":0},{"damage_healed":0,"gold_gain":0,"player_choice":"Ignored","damage_taken":0,"max_hp_gain":0,"max_hp_loss":0,"event_name":"Accursed Blacksmith","floor":12,"gold_loss":0},{"damage_healed":0,"gold_gain":0,"player_choice":"Fought Bandits","damage_taken":0,"max_hp_gain":0,"max_hp_loss":0,"event_name":"Masked Bandits","floor":20,"gold_loss":0}],"is_beta":false,"boss_relics":[{"not_picked":["Busted Crown","RampagingMagicTools"],"picked":"SlaversCollar"}],"items_purged_floors":[],"is_endless":false,"potions_floor_spawned":[7,10,13,14,16],"killed_by":"Masked Bandits","ascension_level":0}}