{"host":"Jinnai","time":1612064032,"event":{"mods":["BaseMod","Bestiary","Block Reminder","Colored Map","Colored Powertips","Highlight Path","Minty Spire (QoL Compilation)","Quick Restart","Relic Stats","StSLib"],"gold_per_floor":[113,113,123,123,137,170,183,183,206,171,196,196,215,246,246,324,324,339,339,18,28,28,58,76,76,131,158,208,228,56,56,56,56,56],"floor_reached":33,"language":"ENG","playtime":1458,"items_purged":[],"score":631,"play_id":"bb11186a-63b1-433a-817b-8c091548fa19","local_time":"20210130223352","is_ascension_mode":true,"campfire_choices":[{"data":"Clothesline","floor":12,"key":"SMITH"},{"floor":15,"key":"REST"},{"floor":25,"key":"REST"},{"floor":32,"key":"REST"}],"circlet_count":0,"master_deck":["AscendersBane","Strike_R","Strike_R","Strike_R","Strike_R+1","Defend_R","Defend_R","Bash","Reaper","Spot Weakness","Pummel","Perfected Strike","Clothesline+1","Shrug It Off","Uppercut","Feed+1","Warcry","Fire Breathing","Immolate","Twin Strike+1","Power Through","Exhume","Dark Embrace","Pommel Strike","Wild Strike+1"],"relics":["Burning Blood","Pantograph","Lizard Tail","StoneCalendar","Omamori","Whetstone","Blood Vial","Mark of Pain","Lee\u0027s Waffle","Oddly Smooth Stone","Mummified Hand","Pen Nib","Prayer Wheel","Vajra"],"acts_visited":["Exordium","TheCity"],"potions_floor_usage":[14,21,29,33,33],"damage_taken":[{"damage":21.0,"enemies":"Jaw Worm","floor":1.0,"turns":4.0},{"damage":10.0,"enemies":"Small Slimes","floor":3.0,"turns":4.0},{"damage":6.0,"enemies":"Cultist","floor":5.0,"turns":3.0},{"damage":55.0,"enemies":"Lagavulin","floor":6.0,"turns":8.0},{"damage":22.0,"enemies":"3 Louse","floor":7.0,"turns":3.0},{"damage":26,"enemies":"Gremlin Nob","floor":11,"turns":4},{"damage":13,"enemies":"Blue Slaver","floor":13,"turns":2},{"damage":25,"enemies":"Lagavulin","floor":14,"turns":5},{"damage":28,"enemies":"Slime Boss","floor":16,"turns":7},{"damage":27,"enemies":"Spheric Guardian","floor":18,"turns":4},{"damage":24,"enemies":"2 Thieves","floor":21,"turns":3},{"damage":61,"enemies":"Book of Stabbing","floor":23,"turns":7},{"damage":19,"enemies":"Centurion and Healer","floor":24,"turns":7},{"damage":69,"enemies":"Gremlin Leader","floor":27,"turns":5},{"damage":16,"enemies":"Snecko","floor":29,"turns":5},{"damage":67,"enemies":"Automaton","floor":33,"turns":6}],"seed_played":"3818131085927923340","potions_obtained":[{"floor":1.0,"key":"Dexterity Potion"},{"floor":11,"key":"BlessingOfTheForge"},{"floor":14,"key":"FearPotion"},{"floor":24,"key":"Swift Potion"},{"floor":29,"key":"EssenceOfSteel"}],"is_trial":false,"path_per_floor":["M","?","M","?","M","E","M","T","T","?","E","R","M","E","R","B",null,"M","?","$","M","?","E","M","R","T","E","?","M","$","$","R","B"],"character_chosen":"IRONCLAD","items_purchased":["Lee\u0027s Waffle","Oddly Smooth Stone","Vajra"],"campfire_rested":3,"item_purchase_floors":[20,20,30],"current_hp_per_floor":[60,55,58,51,51,7,39,39,39,56,36,36,33,18,40,45,68,53,30,92,85,85,36,29,57,57,8,8,10,10,10,38,0,0],"gold":56,"neow_bonus":"TRANSFORM_TWO_CARDS","is_daily":false,"chose_seed":false,"campfire_upgraded":1,"win_rate":0.0,"timestamp":1612064032,"path_taken":["M","?","M","?","M","E","?","?","T","?","E","R","M","E","R","BOSS","M","?","$","M","?","E","M","R","T","E","?","?","?","$","R","BOSS"],"items_purchased_type":["Relic","Relic","Relic"],"build_version":"2020-12-18","purchased_purges":0,"victory":false,"max_hp_per_floor":[68,68,68,68,68,68,68,68,68,68,68,68,72,76,76,76,76,80,85,92,96,96,96,96,96,96,96,96,96,96,96,96,96,96],"relic_stats":{"Blood Vial":14,"Lizard Tail":34,"Lee\u0027s Waffle":62,"counters":[16,77],"Mummified Hand":[8],"Pantograph":50,"StoneCalendar":[48],"Prayer Wheel":1,"Pen Nib":[2],"Whetstone":["Strike_R","Feed"],"obtain_stats":[{"Lee\u0027s Waffle":20,"Oddly Smooth Stone":20,"Vajra":30,"StoneCalendar":8,"Pen Nib":26,"Omamori":9,"Whetstone":11,"Burning Blood":0,"Blood Vial":14,"Lizard Tail":6,"Mummified Hand":23,"Pantograph":2,"Prayer Wheel":27,"Mark of Pain":17},{"Lee\u0027s Waffle":10,"Oddly Smooth Stone":10,"Vajra":15,"StoneCalendar":5,"Pen Nib":13,"Omamori":5,"Whetstone":6,"Burning Blood":0,"Blood Vial":8,"Lizard Tail":4,"Mummified Hand":12,"Pantograph":1,"Prayer Wheel":14,"Mark of Pain":9},{"Lee\u0027s Waffle":44,"Oddly Smooth Stone":44,"Vajra":71,"StoneCalendar":22,"Pen Nib":61,"Omamori":22,"Whetstone":26,"Burning Blood":0,"Blood Vial":33,"Lizard Tail":19,"Mummified Hand":54,"Pantograph":4,"Prayer Wheel":66,"Mark of Pain":40}],"Burning Blood":90},"card_choices":[{"not_picked":["Evolve","Iron Wave"],"picked":"Pummel","floor":1.0},{"not_picked":["Wild Strike","Warcry"],"picked":"Perfected Strike","floor":3.0},{"not_picked":["Shockwave","Body Slam"],"picked":"Clothesline","floor":5.0},{"not_picked":["Cleave","Second Wind"],"picked":"Shrug It Off","floor":6.0},{"not_picked":["Thunderclap","Flex"],"picked":"Uppercut","floor":7.0},{"not_picked":["Perfected Strike","Power Through"],"picked":"Feed","floor":11},{"not_picked":["Sentinel","Dark Embrace"],"picked":"Warcry","floor":13},{"not_picked":["Headbutt","Entrench"],"picked":"Fire Breathing","floor":14},{"not_picked":["Fiend Fire","Berserk"],"picked":"Immolate","floor":16},{"not_picked":["Headbutt","Wild Strike"],"picked":"Twin Strike+1","floor":18},{"not_picked":["Twin Strike","Armaments"],"picked":"Power Through","floor":21},{"not_picked":["Anger","Dark Embrace"],"picked":"Exhume","floor":23},{"not_picked":["Hemokinesis","Iron Wave","Clothesline"],"picked":"SKIP","floor":24},{"not_picked":["Rampage","Sword Boomerang"],"picked":"Dark Embrace","floor":27},{"not_picked":["Sword Boomerang","Iron Wave"],"picked":"Pommel Strike","floor":29},{"not_picked":["Clash","Carnage"],"picked":"Wild Strike+1","floor":29}],"player_experience":1614999,"relics_obtained":[{"floor":6.0,"key":"Lizard Tail"},{"floor":8.0,"key":"StoneCalendar"},{"floor":9.0,"key":"Omamori"},{"floor":11,"key":"Whetstone"},{"floor":14,"key":"Blood Vial"},{"floor":23,"key":"Mummified Hand"},{"floor":26,"key":"Pen Nib"},{"floor":27,"key":"Prayer Wheel"}],"event_choices":[{"damage_healed":0.0,"max_hp_gain":0.0,"max_hp_loss":0.0,"gold_gain":0.0,"event_name":"Scrap Ooze","player_choice":"Success","floor":2.0,"gold_loss":0.0,"damage_taken":5.0,"relics_obtained":["Pantograph"]},{"cards_removed":["Defend_R"],"damage_healed":0.0,"max_hp_gain":0.0,"max_hp_loss":0.0,"gold_gain":0.0,"event_name":"Golden Wing","player_choice":"Card Removal","floor":4.0,"gold_loss":0.0,"damage_taken":7.0},{"damage_healed":17.0,"max_hp_gain":0.0,"max_hp_loss":0.0,"gold_gain":0.0,"event_name":"The Cleric","player_choice":"Healed","floor":10.0,"gold_loss":35.0,"damage_taken":0.0},{"damage_healed":0,"gold_gain":0,"player_choice":"Shed Blood","damage_taken":28,"max_hp_gain":5,"max_hp_loss":0,"event_name":"Forgotten Altar","floor":19,"gold_loss":0},{"damage_healed":0,"gold_gain":0,"player_choice":"Ignored","damage_taken":0,"max_hp_gain":0,"max_hp_loss":0,"event_name":"Ghosts","floor":22,"gold_loss":0},{"damage_healed":0,"gold_gain":50,"player_choice":"Stole From Cult","damage_taken":0,"max_hp_gain":0,"max_hp_loss":0,"event_name":"Nest","floor":28,"gold_loss":0}],"is_beta":true,"boss_relics":[{"not_picked":["Astrolabe","Empty Cage"],"picked":"Mark of Pain"}],"items_purged_floors":[],"is_endless":false,"potions_floor_spawned":[1,11,14,16,24,27,29],"killed_by":"Automaton","ascension_level":20}}