{"host":"2t5wqx5om8wmj2wi","time":1612082600,"event":{"mods":["2.2 Compatiblity","Abigail Mod","Act Like it!","Arknights","Aspiration","BaseMod","Better-Laid Plans","Conspire","Downfall","Friendly Minions","Gensokyo","Kiyohime¡]²M®V¡^","Marisa¡]Ãú«B¡@Å]²z¨F¡^","Minty Spire (QoL Compilation)","MostiFishMod","Pale of the Ancients","Prisma Mod","Rare Cards Sparkle","Remilia¡]Á¢¦Ì²ú?¡^","Replay The Spire","RumiaBox-ÅS¦Ì?ªº¯«¯µ²°¤l","StSLib","The Animator","Yuri Mod","Yuyuko","¡i?ª«¥dµP¡jREMEMod"],"gold_per_floor":[112,37,151,151,98,124,141,141,141,170,170,188,188,206,206,311,311,266,266],"floor_reached":18,"language":"ZHS","playtime":514,"items_purged":["Strike_G"],"score":272,"play_id":"841266a6-edec-4330-a1ea-eb310697c284","local_time":"20210131164320","is_ascension_mode":true,"campfire_choices":[{"data":"REME_GreenPollution","floor":8.0,"key":"SMITH"},{"data":"Bouncing Flask","floor":11,"key":"SMITH"},{"data":"AbbyMod:Ab_PuppyEyes","floor":13,"key":"SMITH"},{"data":"Tactician","floor":15,"key":"SMITH"}],"circlet_count":0,"master_deck":["conspire:GhostlyStrike","conspire:GhostlyStrike","conspire:GhostlyStrike","conspire:GhostlyStrike","conspire:GhostlyDefend","conspire:GhostlyDefend","conspire:GhostlyDefend","conspire:GhostlyDefend","conspire:GhostlyDefend","Survivor","Neutralize","AbbyMod:Ab_PuppyEyes+1","REME_GreenPollution+1","Acrobatics","Bouncing Flask+1","Acrobatics","Poisoned Stab","Draining Mist+1","Draining Mist+1","ReplayTheSpireMod:Speed Training","Noxious Fumes","Tactician+1","MostiFishMod:Neurotoxin"],"relics":["Ring of the Snake","DaveBox","REME_ComplimentaryCards","NeowsBlessing","SynthV:TestCard","DaCapo","Replay:Bottled Eggs","Orichalcum","Transparent"],"acts_visited":["Exordium","TheCity"],"potions_floor_usage":[10],"damage_taken":[{"damage":0.0,"enemies":"Small Slimes","floor":1.0,"turns":1.0},{"damage":0.0,"enemies":"Lagavulin","floor":6.0,"turns":3.0},{"damage":2.0,"enemies":"Jaw Worm","floor":7.0,"turns":2.0},{"damage":6,"enemies":"Gremlin Nob","floor":10,"turns":3},{"damage":6,"enemies":"2 Louse","floor":12,"turns":2},{"damage":5,"enemies":"Blue Slaver","floor":14,"turns":4},{"damage":11,"enemies":"The Guardian","floor":16,"turns":8},{"damage":29,"enemies":"2 Thieves","floor":18,"turns":2}],"seed_played":"-2622660667756510651","potions_obtained":[{"floor":1.0,"key":"Death Potion"},{"floor":6.0,"key":"Fire Potion"},{"floor":16,"key":"Fire Potion"}],"is_trial":false,"path_per_floor":["M","$","?","?","$","E","M","R","T","E","R","M","R","M","R","B",null,"M"],"character_chosen":"THE_SILENT","items_purchased":["Poisoned Stab"],"campfire_rested":0,"item_purchase_floors":[5],"current_hp_per_floor":[70,70,53,53,53,53,51,51,51,45,45,39,39,34,34,23,70,41,41],"gold":266,"neow_bonus":"THREE_ENEMY_KILL","is_daily":false,"chose_seed":false,"campfire_upgraded":4,"win_rate":0.0,"timestamp":1612082600,"path_taken":["M","$","?","?","?","E","?","R","T","E","R","M","R","M","R","BOSS","M"],"items_purchased_type":["Card"],"build_version":"2020-12-22","purchased_purges":1,"victory":false,"max_hp_per_floor":[70,70,70,70,70,70,70,70,70,70,70,70,70,70,70,70,70,70,70],"card_choices":[{"not_picked":["PiercingWail","Underhanded Strike"],"picked":"REME_GreenPollution","floor":1.0},{"not_picked":["MostiFishMod:PreservedThorns","Bane","Flying Knee","Deflect"],"picked":"Acrobatics","floor":3.0},{"not_picked":["Poisoned Stab","Hidden Blade","Quick Slash","Cloak And Dagger"],"picked":"Bouncing Flask","floor":3.0},{"not_picked":["Slice","Concentrate","Deadly Poison","Blade Dance"],"picked":"Acrobatics","floor":3.0},{"not_picked":["Infinite Blades","Riddle With Holes","Underhanded Strike","Venomology"],"picked":"Draining Mist","floor":6.0},{"not_picked":["All Out Attack","Deflect","Cloak And Dagger","Predator"],"picked":"Draining Mist","floor":7.0},{"not_picked":["Cloak And Dagger","Quick Slash","Predator","MostiFishMod:PerfectParry"],"picked":"ReplayTheSpireMod:Speed Training","floor":10},{"not_picked":["Escape Plan","Deadly Poison","ReplayTheSpireMod:Speed Training","Prepared"],"picked":"Noxious Fumes","floor":12},{"not_picked":["Sneak Up","Leg Sweep","Concentrate","Slice"],"picked":"Tactician","floor":14},{"not_picked":["Die Die Die","Replay:Bag of Tricks","REME_ShadowForm","Bullet Time"],"picked":"MostiFishMod:Neurotoxin","floor":16}],"player_experience":281462,"relics_obtained":[{"floor":1.0,"key":"SynthV:TestCard"},{"floor":6.0,"key":"DaCapo"},{"floor":9.0,"key":"Replay:Bottled Eggs"},{"floor":10,"key":"Orichalcum"}],"event_choices":[{"damage_healed":0.0,"max_hp_gain":0.0,"max_hp_loss":0.0,"gold_gain":0.0,"event_name":"conspire:LoneGhost","player_choice":"Agree","floor":4.0,"gold_loss":0.0,"damage_taken":0.0}],"is_beta":false,"boss_relics":[{"not_picked":["aspiration:RitualDagger","Busted Crown"],"picked":"Transparent"}],"items_purged_floors":[2],"is_endless":false,"potions_floor_spawned":[1,6,16],"killed_by":"2 Thieves","ascension_level":3}}