{"host":"gc0hqzwg2gd3zszy","time":1612066681,"event":{"mods":["BaseMod","DeckTracker","Minty Spire (QoL Compilation)","Relic Stats","SuperFastMode"],"gold_per_floor":[13,23,38,49,49,49,79,79,133,145,171,214,226,251,263,353,365,392,414,426,438,450,462,488,500,512,524,636,661,714,742,754,839,851,902,960,1033,1045,1057,1069,1112,227,227,227,242,252,283,283,283,283,283,283,283,15,41,41],"floor_reached":57,"language":"KOR","playtime":3118,"items_purged":["Defend_P","Defend_P"],"score":3144,"play_id":"dd89f4ac-780d-4684-a56f-39188feb5280","local_time":"20210131131801","is_ascension_mode":true,"campfire_choices":[{"floor":6.0,"key":"REST"},{"data":"Eruption","floor":10.0,"key":"SMITH"},{"data":"CarveReality","floor":13.0,"key":"SMITH"},{"data":"BattleHymn","floor":15.0,"key":"SMITH"},{"data":"Adaptation","floor":23.0,"key":"SMITH"},{"data":"MentalFortress","floor":25.0,"key":"SMITH"},{"data":"TalkToTheHand","floor":27.0,"key":"SMITH"},{"data":"WaveOfTheHand","floor":32.0,"key":"SMITH"},{"data":"MentalFortress","floor":40.0,"key":"SMITH"},{"floor":44.0,"key":"RECALL"},{"data":"Fasting2","floor":49.0,"key":"SMITH"},{"data":"Wish","floor":53.0,"key":"SMITH"}],"circlet_count":0,"master_deck":["AscendersBane","Eruption+1","Vigilance","CarveReality+1","TalkToTheHand+1","MentalFortress+1","WaveOfTheHand+1","EmptyFist","CrushJoints","BattleHymn+1","SpiritShield","CutThroughFate","Wish+1","Prostrate","Adaptation+1","Ghostly","Ghostly","Ghostly","SpiritShield","ConjureBlade","Scrawl","MentalFortress+1","Omniscience+1","Fasting2+1","Master of Strategy","DevaForm","Omniscience+1"],"relics":["PureWater","Mummified Hand","MawBank","Strawberry","Coffee Dripper","CloakClasp","Ornamental Fan","Cursed Key","Gambling Chip","Centennial Puzzle","Sundial","FossilizedHelix","Eternal Feather","DollysMirror","Anchor"],"acts_visited":["Exordium","TheCity","TheBeyond","TheEnding"],"potions_floor_usage":[],"damage_taken":[{"damage":0.0,"enemies":"Cultist","floor":1.0,"turns":2.0},{"damage":3.0,"enemies":"Jaw Worm","floor":2.0,"turns":2.0},{"damage":0.0,"enemies":"Small Slimes","floor":3.0,"turns":2.0},{"damage":47.0,"enemies":"Gremlin Gang","floor":4.0,"turns":5.0},{"damage":11.0,"enemies":"Lagavulin","floor":7.0,"turns":6.0},{"damage":0.0,"enemies":"Red Slaver","floor":11.0,"turns":2.0},{"damage":4.0,"enemies":"Gremlin Nob","floor":12.0,"turns":3.0},{"damage":0.0,"enemies":"2 Fungi Beasts","floor":14.0,"turns":2.0},{"damage":15.0,"enemies":"The Guardian","floor":16.0,"turns":11.0},{"damage":1.0,"enemies":"Spheric Guardian","floor":18.0,"turns":3.0},{"damage":18.0,"enemies":"3 Byrds","floor":19.0,"turns":7.0},{"damage":0.0,"enemies":"Snake Plant","floor":24.0,"turns":2.0},{"damage":12.0,"enemies":"Colosseum Slavers","floor":28.0,"turns":5.0},{"damage":0.0,"enemies":"Colosseum Nobs","floor":28.0,"turns":4.0},{"damage":11.0,"enemies":"Cultist and Chosen","floor":29.0,"turns":6.0},{"damage":0.0,"enemies":"Snecko","floor":30.0,"turns":3.0},{"damage":0.0,"enemies":"Centurion and Healer","floor":31.0,"turns":5.0},{"damage":0.0,"enemies":"Automaton","floor":33.0,"turns":11.0},{"damage":5.0,"enemies":"3 Shapes","floor":35.0,"turns":4.0},{"damage":0.0,"enemies":"2 Orb Walkers","floor":36.0,"turns":4.0},{"damage":0.0,"enemies":"Orb Walker","floor":37.0,"turns":5.0},{"damage":0.0,"enemies":"Reptomancer","floor":41.0,"turns":4.0},{"damage":0.0,"enemies":"3 Darklings","floor":45.0,"turns":7.0},{"damage":0.0,"enemies":"Spire Growth","floor":46.0,"turns":4.0},{"damage":0.0,"enemies":"Nemesis","floor":47.0,"turns":7.0},{"damage":0.0,"enemies":"Time Eater","floor":50.0,"turns":5.0},{"damage":0.0,"enemies":"Awakened One","floor":51.0,"turns":7.0},{"damage":0.0,"enemies":"Shield and Spear","floor":55.0,"turns":6.0},{"damage":17,"enemies":"The Heart","floor":56,"turns":8}],"seed_played":"3312210318591080884","potions_obtained":[{"floor":1.0,"key":"CultistPotion"},{"floor":3.0,"key":"SpeedPotion"},{"floor":11.0,"key":"SpeedPotion"},{"floor":14.0,"key":"EssenceOfSteel"},{"floor":31.0,"key":"Energy Potion"},{"floor":33.0,"key":"Fire Potion"},{"floor":35.0,"key":"Dexterity Potion"}],"is_trial":false,"path_per_floor":["M","M","M","M","?","R","E","?","T","R","M","E","R","M","R","B",null,"M","M","?","?","?","R","M","R","T","R","?","M","M","M","R","B",null,"M","?","M","?","?","R","E","$","T","R","M","M","E","T","R","B","B",null,"R","$","E","B",null],"character_chosen":"WATCHER","items_purchased":["Sundial","FossilizedHelix","Master of Strategy","DollysMirror"],"campfire_rested":1,"item_purchase_floors":[42,42,42,54],"current_hp_per_floor":[61,58,58,11,4,24,13,68,68,68,68,71,71,71,71,56,70,69,51,37,37,37,37,37,37,37,37,25,14,14,14,14,14,31,26,26,26,26,26,26,26,26,26,26,26,26,26,26,37,37,37,37,37,37,37,20],"gold":41,"neow_bonus":"TRANSFORM_TWO_CARDS","is_daily":false,"chose_seed":false,"campfire_upgraded":10,"win_rate":0.0,"timestamp":1612066681,"path_taken":["M","?","?","M","?","R","E","?","T","R","?","E","R","M","R","BOSS","M","M","?","?","?","R","M","R","T","R","?","M","M","M","R","BOSS","M","?","M","?","?","R","E","$","T","R","?","M","E","?","R","BOSS","BOSS","R","$","E","BOSS"],"items_purchased_type":["Relic","Relic","Card","Relic"],"build_version":"2020-12-22","purchased_purges":2,"victory":true,"max_hp_per_floor":[68,68,68,68,68,68,68,68,68,68,68,75,75,75,75,75,75,75,75,37,37,37,37,37,37,37,37,37,37,37,37,37,37,37,37,37,37,37,37,37,37,37,37,37,37,37,37,37,37,37,37,37,37,37,37,37],"relic_stats":{"Centennial Puzzle":[3],"counters":[29,142],"Mummified Hand":[107],"Ornamental Fan":[168],"Sundial":[10],"Gambling Chip":[26],"Eternal Feather":11,"CloakClasp":[263],"MawBank":396,"Cursed Key":0,"obtain_stats":[{"Eternal Feather":47,"CloakClasp":28,"MawBank":9,"Cursed Key":34,"Centennial Puzzle":41,"Anchor":55,"Mummified Hand":7,"Ornamental Fan":28,"Sundial":42,"DollysMirror":54,"Strawberry":12,"Gambling Chip":36,"Coffee Dripper":17,"PureWater":0,"FossilizedHelix":42},{"Eternal Feather":25,"CloakClasp":14,"MawBank":5,"Cursed Key":18,"Centennial Puzzle":22,"Anchor":28,"Mummified Hand":5,"Ornamental Fan":14,"Sundial":22,"DollysMirror":27,"Strawberry":7,"Gambling Chip":20,"Coffee Dripper":9,"PureWater":0,"FossilizedHelix":22},{"Eternal Feather":116,"CloakClasp":56,"MawBank":17,"Cursed Key":81,"Centennial Puzzle":98,"Anchor":134,"Mummified Hand":17,"Ornamental Fan":56,"Sundial":98,"DollysMirror":128,"Strawberry":22,"Gambling Chip":89,"Coffee Dripper":35,"PureWater":0,"FossilizedHelix":98}]},"card_choices":[{"not_picked":["CrushJoints","Protect"],"picked":"TalkToTheHand","floor":1.0},{"not_picked":["CutThroughFate","EmptyBody"],"picked":"MentalFortress","floor":2.0},{"not_picked":["Study","ClearTheMind"],"picked":"WaveOfTheHand","floor":3.0},{"not_picked":["Wireheading","Consecrate"],"picked":"EmptyFist","floor":4.0},{"not_picked":["Consecrate","Conclude"],"picked":"CrushJoints","floor":7.0},{"not_picked":["JustLucky","CrushJoints"],"picked":"BattleHymn","floor":11.0},{"not_picked":["WindmillStrike","FlyingSleeves"],"picked":"SpiritShield","floor":12.0},{"not_picked":["Protect","Conclude"],"picked":"CutThroughFate","floor":14.0},{"not_picked":["ConjureBlade","Alpha"],"picked":"Wish","floor":16.0},{"not_picked":["ClearTheMind","Protect"],"picked":"Prostrate","floor":18.0},{"not_picked":["CutThroughFate+1","Study"],"picked":"Adaptation","floor":19.0},{"not_picked":["ThirdEye","FlyingSleeves","Conclude"],"picked":"SKIP","floor":24.0},{"not_picked":["EmptyFist","SignatureMove","Protect"],"picked":"SKIP","floor":29.0},{"not_picked":["ThirdEye","PathToVictory+1"],"picked":"Scrawl","floor":30.0},{"not_picked":["WreathOfFlame","JustLucky"],"picked":"MentalFortress","floor":31.0},{"not_picked":["Judgement","Vault"],"picked":"Omniscience","floor":33.0},{"not_picked":["DeceiveReality+1","EmptyBody","Perseverance"],"picked":"SKIP","floor":35.0},{"not_picked":["InnerPeace+1","CrushJoints","Protect"],"picked":"SKIP","floor":37.0},{"not_picked":["Prostrate","Alpha"],"picked":"Fasting2","floor":41.0},{"not_picked":["EmptyBody+1","Consecrate","Protect"],"picked":"SKIP","floor":45.0},{"not_picked":["ThirdEye","Study","BowlingBash+1"],"picked":"SKIP","floor":46.0},{"not_picked":["FollowUp","Evaluate+1"],"picked":"DevaForm","floor":47.0},{"not_picked":["CutThroughFate","FollowUp","Crescendo"],"picked":"SKIP","floor":55.0}],"player_experience":1375086,"relics_obtained":[{"floor":7.0,"key":"Mummified Hand"},{"floor":9.0,"key":"MawBank"},{"floor":12.0,"key":"Strawberry"},{"floor":28.0,"key":"CloakClasp"},{"floor":28.0,"key":"Ornamental Fan"},{"floor":36.0,"key":"Gambling Chip"},{"floor":41.0,"key":"Centennial Puzzle"},{"floor":47.0,"key":"Eternal Feather"},{"floor":55.0,"key":"Anchor"}],"event_choices":[{"cards_removed":["Strike_P"],"damage_healed":0.0,"max_hp_gain":0.0,"max_hp_loss":0.0,"gold_gain":0.0,"event_name":"Golden Wing","player_choice":"Card Removal","floor":5.0,"gold_loss":0.0,"damage_taken":7.0},{"cards_removed":["Perseverance"],"damage_healed":55.0,"max_hp_gain":0.0,"max_hp_loss":0.0,"gold_gain":0.0,"event_name":"Bonfire Elementals","player_choice":"Offered Uncommon","floor":8.0,"gold_loss":0.0,"damage_taken":0.0},{"damage_healed":0.0,"max_hp_gain":0.0,"max_hp_loss":38.0,"gold_gain":0.0,"event_name":"Ghosts","player_choice":"Became a Ghost","floor":20.0,"gold_loss":0.0,"damage_taken":0.0,"cards_obtained":["Ghostly","Ghostly","Ghostly"]},{"damage_healed":0.0,"max_hp_gain":0.0,"max_hp_loss":0.0,"gold_gain":0.0,"cards_transformed":["Strike_P","Strike_P"],"event_name":"Drug Dealer","player_choice":"Became Test Subject","floor":21.0,"gold_loss":0.0,"damage_taken":0.0,"cards_obtained":["SpiritShield","ConjureBlade"]},{"cards_removed":["Defend_P"],"damage_healed":0.0,"max_hp_gain":0.0,"max_hp_loss":0.0,"gold_gain":0.0,"event_name":"Back to Basics","player_choice":"Elegance","floor":22.0,"gold_loss":0.0,"damage_taken":0.0},{"damage_healed":0.0,"max_hp_gain":0.0,"max_hp_loss":0.0,"gold_gain":0.0,"event_name":"Colosseum","player_choice":"Fight","floor":28.0,"gold_loss":0.0,"damage_taken":0.0},{"damage_healed":0.0,"max_hp_gain":0.0,"max_hp_loss":0.0,"gold_gain":0.0,"event_name":"Colosseum","player_choice":"Fought Nobs","floor":28.0,"gold_loss":0.0,"damage_taken":0.0},{"damage_healed":0.0,"max_hp_gain":0.0,"max_hp_loss":0.0,"gold_gain":0.0,"event_name":"Mysterious Sphere","player_choice":"Fight","floor":36.0,"gold_loss":0.0,"damage_taken":0.0},{"damage_healed":0.0,"max_hp_gain":0.0,"max_hp_loss":0.0,"gold_gain":0.0,"event_name":"Tomb of Lord Red Mask","player_choice":"Ignored","floor":38.0,"gold_loss":0.0,"damage_taken":0.0},{"damage_healed":0.0,"max_hp_gain":0.0,"max_hp_loss":0.0,"gold_gain":0.0,"event_name":"Upgrade Shrine","player_choice":"Upgraded","floor":39.0,"gold_loss":0.0,"damage_taken":0.0,"cards_upgraded":["Omniscience"]}],"is_beta":false,"boss_relics":[{"not_picked":["Busted Crown","Calling Bell"],"picked":"Coffee Dripper"},{"not_picked":["Astrolabe","Philosopher\u0027s Stone"],"picked":"Cursed Key"}],"items_purged_floors":[42,54],"is_endless":false,"potions_floor_spawned":[1,3,11,14,16,18,24,31,33,35,37,41],"ascension_level":20}}