{"host":"v0mw6c8s9jqyt2m0","time":1612130139,"event":{"mods":["Astrologer","BaseMod","Hermit","Marisa????????","Minty Spire (QoL Compilation)","StSLib","The Bug Knight","The Cursed","The Disciple","The Gatherer","The Hierophant","The Mystic","The Necromancer","The Servant 0.9.4","TheBandit"],"gold_per_floor":[112,125,139,214,65,97,97,111,111,130,150,166,177,211,211,211,211],"floor_reached":16,"language":"ENG","playtime":1424,"items_purged":["hermit:Strike_Hermit"],"score":122,"play_id":"3ff66130-2b8d-4748-9f18-c16eab4339b4","local_time":"20210131225539","is_ascension_mode":true,"campfire_choices":[{"data":"hermit:TakeAim","floor":7,"key":"SMITH"},{"floor":15,"key":"REST"}],"circlet_count":0,"master_deck":["hermit:Strike_Hermit","hermit:Strike_Hermit","hermit:Strike_Hermit","hermit:Defend_Hermit","hermit:Defend_Hermit","hermit:Defend_Hermit","hermit:Defend_Hermit","hermit:Snapshot","hermit:Covet","hermit:Dive","hermit:Snipe","hermit:Enervate","hermit:TakeAim+1","hermit:EyeOfTheStorm","hermit:Headshot","hermit:Ricochet","hermit:CalledShot","hermit:BodyArmor"],"relics":["hermit:Momento","Toy Ornithopter","Eternal Feather"],"acts_visited":["Exordium"],"potions_floor_usage":[6,10,11,16,16],"damage_taken":[{"damage":0,"enemies":"2 Louse","floor":1,"turns":2},{"damage":0,"enemies":"Small Slimes","floor":2,"turns":3},{"damage":5,"enemies":"Jaw Worm","floor":3,"turns":5},{"damage":29,"enemies":"3 Sentries","floor":6,"turns":12},{"damage":6,"enemies":"Large Slime","floor":8,"turns":8},{"damage":19,"enemies":"Exordium Wildlife","floor":10,"turns":6},{"damage":1,"enemies":"2 Fungi Beasts","floor":11,"turns":2},{"damage":5,"enemies":"3 Louse","floor":12,"turns":3},{"damage":1,"enemies":"Exordium Wildlife","floor":13,"turns":4},{"damage":5,"enemies":"Gremlin Nob","floor":14,"turns":3},{"damage":54,"enemies":"The Guardian","floor":16,"turns":8}],"seed_played":"6587659237358812410","potions_obtained":[{"floor":3,"key":"GamblersBrew"},{"floor":6,"key":"GamblersBrew"},{"floor":10,"key":"Strength Potion"},{"floor":12,"key":"Explosive Potion"},{"floor":14,"key":"BlessingOfTheForge"}],"is_trial":false,"path_per_floor":["M","M","M","?","$","E","R","M","T","M","M","M","M","E","R","B"],"character_chosen":"HERMIT","items_purchased":["hermit:TakeAim"],"campfire_rested":1,"item_purchase_floors":[5],"current_hp_per_floor":[82,82,77,66,66,37,37,31,31,17,21,16,15,10,43,0,0],"gold":211,"neow_bonus":"TEN_PERCENT_HP_BONUS","is_daily":false,"chose_seed":false,"campfire_upgraded":1,"win_rate":0.0,"timestamp":1612130139,"path_taken":["M","M","M","?","$","E","R","M","T","M","M","M","M","E","R","BOSS"],"items_purchased_type":["Card"],"build_version":"2020-12-22","purchased_purges":1,"victory":false,"max_hp_per_floor":[82,82,82,82,82,82,82,82,82,82,82,82,82,82,82,82,82],"card_choices":[{"not_picked":["hermit:HoleUp","hermit:ShadowCloak"],"picked":"hermit:Dive","floor":1},{"not_picked":["hermit:Misfire","hermit:Dive"],"picked":"hermit:Snipe","floor":2},{"not_picked":["hermit:DeadMansHand","hermit:Headshot"],"picked":"hermit:Enervate","floor":3},{"not_picked":["hermit:SprayPray","hermit:Glare"],"picked":"hermit:EyeOfTheStorm","floor":6},{"not_picked":["hermit:Showdown","hermit:LoneWolf"],"picked":"hermit:Headshot","floor":8},{"not_picked":["hermit:Misfire","hermit:Horror"],"picked":"hermit:Ricochet","floor":10},{"not_picked":["hermit:NoHoldsBarred","hermit:CursedWeapon"],"picked":"hermit:CalledShot","floor":11},{"not_picked":["hermit:ItchyTrigger","hermit:HighCaliber"],"picked":"hermit:BodyArmor","floor":12},{"not_picked":["hermit:Spite","hermit:Desperado","hermit:Midnight"],"picked":"SKIP","floor":13},{"not_picked":["hermit:Midnight","hermit:EternalForm","hermit:Spite"],"picked":"SKIP","floor":14}],"player_experience":154415,"relics_obtained":[{"floor":6,"key":"Toy Ornithopter"},{"floor":14,"key":"Eternal Feather"}],"event_choices":[{"damage_healed":0,"gold_gain":75,"player_choice":"Gather Gold","damage_taken":11,"max_hp_gain":0,"max_hp_loss":0,"event_name":"World of Goop","floor":4,"gold_loss":0}],"is_beta":false,"boss_relics":[],"items_purged_floors":[5],"is_endless":false,"potions_floor_spawned":[3,6,10,12,14],"killed_by":"The Guardian","ascension_level":1}}