{"host":"p9t7qd83igtcp2bh","time":1612074178,"event":{"mods":["2.2 Compatiblity","AchievementEnabler","BaseMod","Colored Map","Colored Powertips","Custom Start","DeckTracker","Keyboard Shortcuts","Minty Spire (QoL Compilation)","Permanent Neow","Spicy Shops","StSLib","SuperFastMode","everything is the same but u backflip on backflip"],"gold_per_floor":[109,109,127,139,154,154,182,182,182,182,152,77,118,143,143,236,236,251,76,76,76,96,134,134,170,218,143,159,172,0,31,31,31,31],"floor_reached":33,"language":"KOR","playtime":1252,"items_purged":["Defend_P","Strike_P","Normality"],"score":617,"play_id":"92fbec19-c591-4f0e-a56a-0323acbd2ecb","local_time":"20210131152258","is_ascension_mode":true,"campfire_choices":[{"data":"FlurryOfBlows","floor":6.0,"key":"SMITH"},{"data":"Judgement","floor":8.0,"key":"SMITH"},{"data":"CutThroughFate","floor":15.0,"key":"SMITH"},{"data":"Vault","floor":24.0,"key":"SMITH"},{"data":"Nirvana","floor":32.0,"key":"SMITH"}],"circlet_count":0,"master_deck":["AscendersBane","Strike_P","Strike_P","Defend_P","Defend_P","Defend_P","Eruption+1","Vigilance","EmptyBody","Consecrate","FlurryOfBlows+1","Judgement+1","CutThroughFate+1","Vault+1","ThirdEye","FearNoEvil","EmptyMind+1","EmptyBody","Nirvana+1"],"relics":["PureWater","Lizard Tail","TeardropLocket","Singing Bowl","Golden Idol","Eternal Feather","Busted Crown","Smiling Mask","PreservedInsect","Ancient Tea Set","Potion Belt","Mummified Hand"],"acts_visited":["Exordium","TheCity"],"potions_floor_usage":[33,33,33,33],"damage_taken":[{"damage":5.0,"enemies":"Jaw Worm","floor":1.0,"turns":5.0},{"damage":2.0,"enemies":"Cultist","floor":3.0,"turns":6.0},{"damage":0.0,"enemies":"2 Louse","floor":4.0,"turns":2.0},{"damage":24.0,"enemies":"Lots of Slimes","floor":5.0,"turns":6.0},{"damage":10.0,"enemies":"3 Sentries","floor":7.0,"turns":5.0},{"damage":12.0,"enemies":"Lagavulin","floor":13.0,"turns":4.0},{"damage":3.0,"enemies":"Exordium Thugs","floor":14.0,"turns":3.0},{"damage":0.0,"enemies":"Slime Boss","floor":16.0,"turns":7.0},{"damage":0.0,"enemies":"3 Byrds","floor":18.0,"turns":4.0},{"damage":0.0,"enemies":"Spheric Guardian","floor":22.0,"turns":1.0},{"damage":15.0,"enemies":"Gremlin Leader","floor":23.0,"turns":6.0},{"damage":19.0,"enemies":"Book of Stabbing","floor":25.0,"turns":4.0},{"damage":11.0,"enemies":"Cultist and Chosen","floor":28.0,"turns":7.0},{"damage":1.0,"enemies":"Centurion and Healer","floor":29.0,"turns":4.0},{"damage":121,"enemies":"Collector","floor":33,"turns":12}],"seed_played":"2157198882908022704","potions_obtained":[{"floor":4.0,"key":"Block Potion"},{"floor":7.0,"key":"Explosive Potion"},{"floor":11.0,"key":"SteroidPotion"},{"floor":13.0,"key":"AttackPotion"},{"floor":23.0,"key":"LiquidBronze"},{"floor":25.0,"key":"Regen Potion"},{"floor":29.0,"key":"Regen Potion"}],"is_trial":false,"path_per_floor":["M","?","M","M","M","R","E","R","T","?","?","$","E","M","R","B",null,"M","$","?","?","M","E","R","E","T","?","M","M","?","$","R","B"],"character_chosen":"WATCHER","items_purchased":["FearNoEvil","Potion Belt","Mummified Hand","Nirvana","Fire Potion","Swift Potion"],"campfire_rested":0,"item_purchase_floors":[19,31,31,31,31,31],"current_hp_per_floor":[56,56,54,54,30,30,20,20,20,20,20,20,8,7,16,16,48,48,48,48,48,48,33,42,25,25,25,16,17,17,17,26,0,0],"gold":31,"neow_bonus":"ONE_RARE_RELIC","is_daily":false,"chose_seed":false,"campfire_upgraded":5,"win_rate":0.0,"timestamp":1612074178,"path_taken":["M","?","M","?","M","R","E","R","T","?","?","$","E","?","R","BOSS","M","$","?","?","M","E","R","E","T","?","M","?","?","$","R","BOSS"],"items_purchased_type":["Card","Relic","Relic","Card","Potion","Potion"],"build_version":"2020-12-22","purchased_purges":3,"victory":false,"max_hp_per_floor":[62,62,62,62,62,62,62,62,62,56,56,56,56,58,58,58,58,58,58,58,58,58,58,58,60,60,60,62,64,64,64,64,64,64],"card_choices":[{"not_picked":["Evaluate","CutThroughFate"],"picked":"EmptyBody","floor":1.0},{"not_picked":["Pray","Collect"],"picked":"Consecrate","floor":3.0},{"not_picked":["WreathOfFlame","Crescendo"],"picked":"FlurryOfBlows","floor":4.0},{"not_picked":["ForeignInfluence","Conclude","EmptyBody"],"picked":"SKIP","floor":5.0},{"not_picked":["Consecrate","CrushJoints"],"picked":"Judgement","floor":7.0},{"not_picked":["ThirdEye","Indignation"],"picked":"CutThroughFate","floor":13.0},{"not_picked":["PathToVictory","ClearTheMind","EmptyBody"],"picked":"Singing Bowl","floor":14.0},{"not_picked":["Omniscience","DevaForm"],"picked":"Vault","floor":16.0},{"not_picked":[],"picked":"ThirdEye","floor":18.0},{"not_picked":[],"picked":"EmptyMind+1","floor":22.0},{"not_picked":[],"picked":"EmptyBody","floor":23.0},{"not_picked":["Evaluate"],"picked":"Singing Bowl","floor":25.0},{"not_picked":["WreathOfFlame"],"picked":"Singing Bowl","floor":28.0},{"not_picked":["BowlingBash"],"picked":"Singing Bowl","floor":29.0}],"player_experience":703605,"relics_obtained":[{"floor":7.0,"key":"TeardropLocket"},{"floor":9.0,"key":"Singing Bowl"},{"floor":13.0,"key":"Eternal Feather"},{"floor":23.0,"key":"Smiling Mask"},{"floor":25.0,"key":"PreservedInsect"},{"floor":26.0,"key":"Ancient Tea Set"}],"event_choices":[{"damage_healed":0.0,"max_hp_gain":0.0,"max_hp_loss":0.0,"gold_gain":0.0,"event_name":"Upgrade Shrine","player_choice":"Upgraded","floor":2.0,"gold_loss":0.0,"damage_taken":0.0,"cards_upgraded":["Eruption"]},{"damage_healed":0.0,"max_hp_gain":0.0,"max_hp_loss":6.0,"gold_gain":0.0,"event_name":"Golden Idol","player_choice":"Lose Max HP","floor":10.0,"gold_loss":0.0,"damage_taken":0.0,"relics_obtained":["Golden Idol"]},{"damage_healed":0.0,"max_hp_gain":0.0,"max_hp_loss":0.0,"gold_gain":0.0,"event_name":"The Woman in Blue","player_choice":"Bought 2 Potions","floor":11.0,"gold_loss":0.0,"damage_taken":0.0},{"damage_healed":0.0,"max_hp_gain":0.0,"max_hp_loss":0.0,"gold_gain":0.0,"event_name":"Ghosts","player_choice":"Ignored","floor":20.0,"gold_loss":0.0,"damage_taken":0.0},{"damage_healed":0.0,"max_hp_gain":0.0,"max_hp_loss":0.0,"gold_gain":0.0,"event_name":"Vampires","player_choice":"Ignored","floor":21.0,"gold_loss":0.0,"damage_taken":0.0},{"cards_removed":["Strike_P"],"damage_healed":0.0,"max_hp_gain":0.0,"max_hp_loss":0.0,"gold_gain":0.0,"event_name":"Beggar","player_choice":"Gave Gold","floor":27.0,"gold_loss":75.0,"damage_taken":0.0},{"damage_healed":0.0,"max_hp_gain":0.0,"max_hp_loss":0.0,"gold_gain":0.0,"event_name":"Masked Bandits","player_choice":"Paid Fearfully","floor":30.0,"gold_loss":172.0,"damage_taken":0.0}],"is_beta":false,"boss_relics":[{"not_picked":["Philosopher\u0027s Stone","Velvet Choker"],"picked":"Busted Crown"}],"items_purged_floors":[12,19,31],"is_endless":false,"potions_floor_spawned":[4,7,13,23,25,29],"killed_by":"Collector","ascension_level":16}}