{"host":"b34lfm0pg36jv5no","time":1612121765,"event":{"mods":["BaseMod","Bestiary","Colored Map","Dark Map","Minty Spire (QoL Compilation)","Relic Stats","ojb\u0027s Info Mod"],"gold_per_floor":[114,114,131,143,143,178,178,197,220,220,251,251,270,301,301,431,431,456,472,497,497,517,556,556,597,670,670,670,670,713,638,638,764,764,787,800,1075,1096,1116,1149,1149,397,421,446,446,486,509,559,559,559,559,559,18,61,61],"floor_reached":56,"language":"ENG","playtime":4106,"items_purged":["Strike_R","Strike_R","Clash"],"score":1705,"play_id":"fcf9d016-0892-4f09-8ed5-c33ff30e049a","local_time":"20210131193605","is_ascension_mode":true,"campfire_choices":[{"data":"True Grit","floor":7,"key":"SMITH"},{"data":"Bash","floor":10,"key":"SMITH"},{"data":"Carnage","floor":15,"key":"SMITH"},{"data":"Barricade","floor":24,"key":"SMITH"},{"data":"Feel No Pain","floor":29,"key":"SMITH"},{"data":"Entrench","floor":32,"key":"SMITH"},{"data":"Impervious","floor":41,"key":"SMITH"},{"data":"Barricade","floor":45,"key":"SMITH"},{"floor":49,"key":"RECALL"},{"data":"Ghostly","floor":52,"key":"SMITH"}],"circlet_count":0,"master_deck":["Strike_R","Strike_R+1","Defend_R","Defend_R","Defend_R","Defend_R","Bash+1","True Grit+1","Feel No Pain","Carnage+1","Shrug It Off","Barricade+1","Twin Strike+1","Flex+1","Body Slam+1","Ghostly+1","Ghostly","Ghostly","Ghostly","Ghostly","Flame Barrier+1","Ghostly Armor+1","Feel No Pain+1","Entrench+1","Impervious+1","Entrench+1","Barricade+1","Shrug It Off","Dark Shackles","Body Slam+1","Impervious","Feel No Pain+1"],"relics":["Burning Blood","NeowsBlessing","Happy Flower","Akabeko","Blood Vial","Golden Idol","Pen Nib","Coffee Dripper","Omamori","Unceasing Top","Singing Bowl","Oddly Smooth Stone","Mark of Pain","Potion Belt","Centennial Puzzle","Toolbox","CeramicFish","Anchor","Whetstone","Bag of Preparation","ClockworkSouvenir","FossilizedHelix"],"acts_visited":["Exordium","TheCity","TheBeyond","TheEnding"],"potions_floor_usage":[6,6,13,16,18,22,25,35,54,55,55,55,55,55,55,55,55],"damage_taken":[{"damage":0,"enemies":"Jaw Worm","floor":1,"turns":1},{"damage":0,"enemies":"Cultist","floor":3,"turns":1},{"damage":0,"enemies":"Small Slimes","floor":4,"turns":1},{"damage":6,"enemies":"Gremlin Nob","floor":6,"turns":3},{"damage":0,"enemies":"3 Louse","floor":8,"turns":5},{"damage":21,"enemies":"Lagavulin","floor":11,"turns":7},{"damage":0,"enemies":"Blue Slaver","floor":13,"turns":3},{"damage":18,"enemies":"Gremlin Nob","floor":14,"turns":4},{"damage":15,"enemies":"The Guardian","floor":16,"turns":9},{"damage":13,"enemies":"Shell Parasite","floor":18,"turns":6},{"damage":5,"enemies":"3 Byrds","floor":19,"turns":5},{"damage":0,"enemies":"Centurion and Healer","floor":20,"turns":3},{"damage":17,"enemies":"Sentry and Sphere","floor":22,"turns":7},{"damage":2,"enemies":"Slavers","floor":23,"turns":7},{"damage":10,"enemies":"Gremlin Leader","floor":25,"turns":8},{"damage":0,"enemies":"Book of Stabbing","floor":30,"turns":8},{"damage":0,"enemies":"Champ","floor":33,"turns":8},{"damage":0,"enemies":"3 Shapes","floor":35,"turns":10},{"damage":0,"enemies":"3 Darklings","floor":36,"turns":9},{"damage":0,"enemies":"Maw","floor":38,"turns":7},{"damage":0,"enemies":"Transient","floor":39,"turns":5},{"damage":0,"enemies":"Giant Head","floor":40,"turns":11},{"damage":0,"enemies":"Reptomancer","floor":46,"turns":10},{"damage":0,"enemies":"Writhing Mass","floor":47,"turns":1},{"damage":0,"enemies":"Giant Head","floor":48,"turns":10},{"damage":0,"enemies":"Donu and Deca","floor":50,"turns":18},{"damage":0,"enemies":"Shield and Spear","floor":54,"turns":9},{"damage":2,"enemies":"The Heart","floor":55,"turns":9}],"seed_played":"4977990106011183501","potions_obtained":[{"floor":2,"key":"BlessingOfTheForge"},{"floor":2,"key":"SkillPotion"},{"floor":2,"key":"LiquidBronze"},{"floor":4,"key":"Explosive Potion"},{"floor":8,"key":"PowerPotion"},{"floor":11,"key":"Fruit Juice"},{"floor":13,"key":"Ancient Potion"},{"floor":19,"key":"Explosive Potion"},{"floor":20,"key":"Dexterity Potion"},{"floor":23,"key":"DuplicationPotion"},{"floor":30,"key":"Weak Potion"},{"floor":33,"key":"BloodPotion"},{"floor":35,"key":"LiquidMemories"},{"floor":47,"key":"EntropicBrew"},{"floor":54,"key":"Dexterity Potion"}],"is_trial":false,"path_per_floor":["M","?","M","M","?","E","R","M","T","R","E","?","M","E","R","B",null,"M","M","M","?","M","E","R","E","T","?","?","R","E","$","R","B",null,"M","M","?","M","M","E","R","$","T","T","R","E","M","E","R","B",null,"R","$","E","B",null],"character_chosen":"IRONCLAD","items_purchased":["Barricade","Centennial Puzzle","Toolbox","Shrug It Off","Fruit Juice","Dark Shackles","Bag of Preparation","ClockworkSouvenir","Impervious"],"campfire_rested":0,"item_purchase_floors":[42,42,42,42,42,42,53,53,53],"current_hp_per_floor":[80,80,80,80,73,73,73,79,79,79,64,44,57,47,47,40,85,78,81,85,42,31,37,37,35,35,35,35,35,42,42,42,42,42,44,44,44,46,48,50,50,50,50,50,50,52,54,54,54,54,54,54,54,59,59],"gold":61,"neow_bonus":"THREE_ENEMY_KILL","is_daily":false,"chose_seed":false,"campfire_upgraded":9,"win_rate":0.0,"timestamp":1612121765,"path_taken":["M","?","M","?","?","E","R","M","T","R","E","?","M","E","R","BOSS","M","M","M","?","M","E","R","E","T","?","?","R","E","$","R","BOSS","M","?","?","?","M","E","R","$","T","?","R","E","M","E","R","BOSS","R","$","E","BOSS"],"items_purchased_type":["Card","Relic","Relic","Card","Potion","Card","Relic","Relic","Card"],"build_version":"2020-12-22","purchased_purges":3,"victory":true,"max_hp_per_floor":[80,80,80,80,80,80,80,80,80,80,80,80,85,85,85,85,85,85,85,85,42,42,42,42,42,42,42,42,42,42,42,42,42,42,44,44,44,46,48,50,50,50,50,50,50,52,54,54,54,54,54,54,54,59,59],"relic_stats":{"Happy Flower":[59],"Singing Bowl":12,"counters":[28,185],"Golden Idol":205,"CeramicFish":27,"Pen Nib":[18],"Bag of Preparation":[4],"Whetstone":["Body Slam","Strike_R"],"Burning Blood":75,"Blood Vial":16,"Centennial Puzzle":[3],"obtain_stats":[{"Potion Belt":40,"NeowsBlessing":0,"Happy Flower":6,"Singing Bowl":26,"Golden Idol":12,"CeramicFish":44,"Oddly Smooth Stone":30,"Pen Nib":14,"Omamori":23,"Bag of Preparation":53,"Whetstone":48,"Burning Blood":0,"Akabeko":9,"ClockworkSouvenir":53,"Blood Vial":11,"Centennial Puzzle":42,"Anchor":46,"Toolbox":42,"Mark of Pain":34,"Coffee Dripper":17,"Unceasing Top":25,"FossilizedHelix":54},{"Potion Belt":22,"NeowsBlessing":0,"Happy Flower":4,"Singing Bowl":15,"Golden Idol":6,"CeramicFish":22,"Oddly Smooth Stone":16,"Pen Nib":8,"Omamori":14,"Bag of Preparation":26,"Whetstone":25,"Burning Blood":0,"Akabeko":5,"ClockworkSouvenir":26,"Blood Vial":6,"Centennial Puzzle":22,"Anchor":23,"Toolbox":22,"Mark of Pain":17,"Coffee Dripper":9,"Unceasing Top":15,"FossilizedHelix":27},{"Potion Belt":128,"NeowsBlessing":0,"Happy Flower":6,"Singing Bowl":70,"Golden Idol":18,"CeramicFish":128,"Oddly Smooth Stone":78,"Pen Nib":25,"Omamori":62,"Bag of Preparation":167,"Whetstone":149,"Burning Blood":0,"Akabeko":11,"ClockworkSouvenir":167,"Blood Vial":18,"Centennial Puzzle":128,"Anchor":138,"Toolbox":128,"Mark of Pain":86,"Coffee Dripper":34,"Unceasing Top":70,"FossilizedHelix":176}],"Unceasing Top":[37]},"card_choices":[{"not_picked":["Hemokinesis","Flex"],"picked":"Clash","floor":1},{"not_picked":["Entrench","Infernal Blade"],"picked":"True Grit","floor":3},{"not_picked":["Warcry","Wild Strike","Seeing Red"],"picked":"SKIP","floor":4},{"not_picked":["Blood for Blood","Exhume","Burning Pact"],"picked":"SKIP","floor":6},{"not_picked":["Flex","Evolve","Sword Boomerang"],"picked":"SKIP","floor":8},{"not_picked":["Disarm","Sword Boomerang"],"picked":"Feel No Pain","floor":11},{"not_picked":["Headbutt","Perfected Strike"],"picked":"Carnage","floor":13},{"not_picked":["Anger","Pummel"],"picked":"Shrug It Off","floor":14},{"not_picked":["Bludgeon","Limit Break"],"picked":"Barricade","floor":16},{"not_picked":["Headbutt","Sword Boomerang"],"picked":"Twin Strike+1","floor":18},{"not_picked":["Seeing Red+1","Combust"],"picked":"Flex+1","floor":19},{"not_picked":["Iron Wave+1","Anger"],"picked":"Body Slam","floor":20},{"not_picked":["Flex","Sword Boomerang","Hemokinesis"],"picked":"SKIP","floor":22},{"not_picked":["Havoc","Anger"],"picked":"Flame Barrier+1","floor":23},{"not_picked":["Disarm","Headbutt"],"picked":"Ghostly Armor+1","floor":25},{"not_picked":["Rampage","Sword Boomerang"],"picked":"Entrench","floor":30},{"not_picked":["Fiend Fire","Barricade"],"picked":"Impervious","floor":33},{"not_picked":["Whirlwind","Clothesline","Iron Wave"],"picked":"Singing Bowl","floor":35},{"not_picked":["Power Through","Twin Strike"],"picked":"Entrench+1","floor":36},{"not_picked":["Cleave","Pommel Strike","Anger+1"],"picked":"Singing Bowl","floor":38},{"not_picked":["Reaper","Havoc","Flex+1"],"picked":"Singing Bowl","floor":39},{"not_picked":["Armaments","Carnage+1","Warcry"],"picked":"Singing Bowl","floor":40},{"not_picked":["Sword Boomerang+1","Heavy Blade","Spot Weakness"],"picked":"Singing Bowl","floor":46},{"not_picked":["Hemokinesis","Wild Strike+1","Thunderclap"],"picked":"Singing Bowl","floor":47},{"not_picked":["Warcry","Second Wind+1"],"picked":"Body Slam","floor":48},{"not_picked":["Havoc+1","Perfected Strike+1"],"picked":"Feel No Pain+1","floor":54}],"player_experience":2578382,"relics_obtained":[{"floor":6,"key":"Happy Flower"},{"floor":9,"key":"Akabeko"},{"floor":11,"key":"Blood Vial"},{"floor":14,"key":"Pen Nib"},{"floor":23,"key":"Omamori"},{"floor":25,"key":"Unceasing Top"},{"floor":26,"key":"Singing Bowl"},{"floor":30,"key":"Oddly Smooth Stone"},{"floor":40,"key":"Potion Belt"},{"floor":44,"key":"CeramicFish"},{"floor":46,"key":"Anchor"},{"floor":48,"key":"Whetstone"},{"floor":54,"key":"FossilizedHelix"}],"event_choices":[{"damage_healed":0,"gold_gain":0,"player_choice":"Got Potions","damage_taken":0,"max_hp_gain":0,"max_hp_loss":0,"event_name":"Lab","floor":2,"gold_loss":0},{"cards_removed":["Strike_R"],"damage_healed":0,"gold_gain":0,"player_choice":"Card Removal","damage_taken":7,"max_hp_gain":0,"max_hp_loss":0,"event_name":"Golden Wing","floor":5,"gold_loss":0},{"damage_healed":0,"gold_gain":0,"player_choice":"Take Damage","damage_taken":20,"relics_obtained":["Golden Idol"],"max_hp_gain":0,"max_hp_loss":0,"event_name":"Golden Idol","floor":12,"gold_loss":0},{"damage_healed":0,"gold_gain":0,"player_choice":"Became a Ghost","damage_taken":0,"max_hp_gain":0,"max_hp_loss":43,"event_name":"Ghosts","floor":21,"gold_loss":0,"cards_obtained":["Ghostly","Ghostly","Ghostly","Ghostly","Ghostly"]},{"damage_healed":0,"gold_gain":0,"player_choice":"Read","damage_taken":0,"max_hp_gain":0,"max_hp_loss":0,"event_name":"The Library","floor":27,"gold_loss":0,"cards_obtained":["Feel No Pain"]},{"damage_healed":0,"gold_gain":0,"player_choice":"Upgraded","damage_taken":0,"max_hp_gain":0,"max_hp_loss":0,"event_name":"Upgrade Shrine","floor":28,"gold_loss":0,"cards_upgraded":["Body Slam"]},{"damage_healed":0,"gold_gain":275,"player_choice":"Desecrate","damage_taken":0,"max_hp_gain":0,"max_hp_loss":0,"event_name":"Golden Shrine","floor":37,"gold_loss":0,"cards_obtained":["Regret"]}],"is_beta":false,"boss_relics":[{"not_picked":["SlaversCollar","Pandora\u0027s Box"],"picked":"Coffee Dripper"},{"not_picked":["Fusion Hammer","Black Blood"],"picked":"Mark of Pain"}],"items_purged_floors":[31,42,53],"is_endless":false,"potions_floor_spawned":[4,8,11,13,19,20,23,30,33,35,39,47,54],"ascension_level":1}}