{"host":"e8rlfedn69rz2s07","time":1612059530,"event":{"mods":["AchievementEnabler","BaseMod","Minty Spire (QoL Compilation)","Permanent Neow","Relic Stats"],"gold_per_floor":[109,109,122,21,21,50,50,111,135,60,40,40,40,80,80,160,160,188,103,123,172,195,236,262,262,262,297,326,326,184,195,195,281,281,301,301,321,41,78,105,105,122,190,234,234,254,266,307,307,307,307,307,307,83,124,124,124],"floor_reached":56,"language":"ENG","playtime":5059,"items_purged":["Strike_B","Strike_B","Parasite"],"score":2061,"play_id":"a4da7079-fe8c-413c-913c-01baf2ef3033","local_time":"20210131041850","is_ascension_mode":true,"campfire_choices":[{"floor":7.0,"key":"REST"},{"floor":13.0,"key":"REST"},{"floor":15.0,"key":"RECALL"},{"floor":25.0,"key":"REST"},{"floor":29.0,"key":"REST"},{"floor":32.0,"key":"REST"},{"floor":41.0,"key":"REST"},{"floor":49.0,"key":"REST"},{"floor":53.0,"key":"REST"}],"circlet_count":0,"master_deck":["AscendersBane","Defend_B","Defend_B","Defend_B","Defend_B","Zap","Dualcast","Lockon","FTL","Chill","Loop","Barrage","Self Repair","Glacier","Ball Lightning","Genetic Algorithm","Creative AI","Coolheaded","Glacier","Genetic Algorithm","Sunder","Hologram+1","Echo Form","Sweeping Beam","Defragment","Electrodynamics","Fusion","Apotheosis","Coolheaded","Steam Power+1","Turbo+1","Skim+1","Coolheaded+1","Capacitor"],"relics":["Fusion Hammer","DataDisk","Dead Branch","CeramicFish","Bag of Preparation","Blood Vial","Snecko Eye","Toy Ornithopter","Gremlin Horn","Vajra","Strawberry","Black Star","Mango","Oddly Smooth Stone","HornCleat","Darkstone Periapt","Toxic Egg 2","MealTicket","Blue Candle","StrikeDummy","Nunchaku"],"acts_visited":["TheCity","TheBeyond","TheEnding"],"potions_floor_usage":[56],"damage_taken":[{"damage":0.0,"enemies":"Small Slimes","floor":1.0,"turns":3.0},{"damage":9.0,"enemies":"2 Louse","floor":3.0,"turns":3.0},{"damage":19.0,"enemies":"Lagavulin","floor":6.0,"turns":6.0},{"damage":36.0,"enemies":"Gremlin Nob","floor":8.0,"turns":4.0},{"damage":5.0,"enemies":"3 Sentries","floor":14.0,"turns":5.0},{"damage":28.0,"enemies":"The Guardian","floor":16.0,"turns":10.0},{"damage":1.0,"enemies":"2 Thieves","floor":18.0,"turns":5.0},{"damage":6.0,"enemies":"3 Byrds","floor":20.0,"turns":4.0},{"damage":5.0,"enemies":"Sentry and Sphere","floor":22.0,"turns":6.0},{"damage":15.0,"enemies":"Book of Stabbing","floor":23.0,"turns":5.0},{"damage":6.0,"enemies":"Snake Plant","floor":24.0,"turns":3.0},{"damage":39.0,"enemies":"Gremlin Leader","floor":27.0,"turns":8.0},{"damage":1.0,"enemies":"Snecko","floor":28.0,"turns":9.0},{"damage":4.0,"enemies":"Centurion and Healer","floor":31.0,"turns":8.0},{"damage":41.0,"enemies":"Automaton","floor":33.0,"turns":13.0},{"damage":2.0,"enemies":"Orb Walker","floor":35.0,"turns":7.0},{"damage":0.0,"enemies":"3 Darklings","floor":37.0,"turns":5.0},{"damage":1.0,"enemies":"Writhing Mass","floor":39.0,"turns":10.0},{"damage":21.0,"enemies":"Nemesis","floor":40.0,"turns":7.0},{"damage":38.0,"enemies":"Spire Growth","floor":42.0,"turns":5.0},{"damage":17.0,"enemies":"Giant Head","floor":44.0,"turns":9.0},{"damage":11.0,"enemies":"Sphere and 2 Shapes","floor":46.0,"turns":6.0},{"damage":29.0,"enemies":"Writhing Mass","floor":47.0,"turns":9.0},{"damage":26.0,"enemies":"Nemesis","floor":48.0,"turns":13.0},{"damage":0.0,"enemies":"Awakened One","floor":50.0,"turns":27.0},{"damage":15.0,"enemies":"Donu and Deca","floor":51.0,"turns":12.0},{"damage":45.0,"enemies":"Shield and Spear","floor":55.0,"turns":10.0},{"damage":60,"enemies":"The Heart","floor":56,"turns":9}],"seed_played":"-7299360521376264952","potions_obtained":[{"floor":1.0,"key":"ColorlessPotion"},{"floor":8.0,"key":"Fire Potion"},{"floor":14.0,"key":"Block Potion"},{"floor":22.0,"key":"CultistPotion"},{"floor":28.0,"key":"Regen Potion"},{"floor":37.0,"key":"DuplicationPotion"},{"floor":55.0,"key":"BlessingOfTheForge"}],"is_trial":false,"path_per_floor":["M","?","M","$","?","E","R","E","T","?","$","?","R","E","R","B",null,"M","?","M","T","M","E","M","R","T","E","M","R","$","M","R","B",null,"M","?","M","$","M","E","R","M","T","E","?","M","M","E","R","B","B",null,"R","$","E","B"],"character_chosen":"DEFECT","items_purchased":["Loop","Barrage","Ball Lightning","Defragment","Apotheosis","Coolheaded+1","Block Potion"],"campfire_rested":8,"item_purchase_floors":[4,4,11,30,38,54,54],"current_hp_per_floor":[64,64,55,55,50,31,52,23,23,23,23,23,44,46,46,27,60,68,68,64,64,71,63,59,71,71,51,66,78,78,78,78,44,70,78,78,78,78,77,85,92,74,74,89,87,87,78,74,87,87,82,86,87,84,51,0,0],"gold":124,"neow_bonus":"BOSS_RELIC","is_daily":false,"chose_seed":false,"campfire_upgraded":0,"win_rate":0.0,"timestamp":1612059530,"path_taken":["M","?","M","$","?","E","R","E","T","?","?","?","R","E","R","BOSS","M","?","M","?","M","E","M","R","T","E","M","R","?","?","R","BOSS","M","?","M","$","M","E","R","M","T","E","?","M","?","E","R","BOSS","BOSS","R","$","E","BOSS"],"items_purchased_type":["Card","Card","Card","Card","Card","Card","Potion"],"build_version":"2020-12-22","purchased_purges":3,"victory":false,"max_hp_per_floor":[71,71,71,71,71,71,71,71,71,71,71,71,71,71,71,71,71,71,71,71,71,71,71,71,71,71,78,78,78,78,78,78,78,78,78,78,78,78,78,92,92,92,92,92,87,87,87,87,87,87,87,87,87,84,84,84,84],"relic_stats":{"Darkstone Periapt":0,"Gremlin Horn":[18,18],"counters":[26,213],"Dead Branch":[140],"CeramicFish":198,"Blue Candle":[0],"Bag of Preparation":[48],"Blood Vial":21,"Nunchaku":[1],"Snecko Eye":[390,361,364,371],"MealTicket":0,"Black Star":4,"obtain_stats":[{"Darkstone Periapt":44,"Gremlin Horn":23,"Dead Branch":6,"CeramicFish":8,"Blue Candle":48,"Vajra":26,"Oddly Smooth Stone":40,"Mango":40,"Bag of Preparation":9,"Blood Vial":14,"DataDisk":5,"Nunchaku":55,"HornCleat":43,"Strawberry":27,"Snecko Eye":17,"MealTicket":48,"Fusion Hammer":0,"Black Star":34,"Toxic Egg 2":44,"StrikeDummy":55,"Toy Ornithopter":19},{"Darkstone Periapt":19,"Gremlin Horn":8,"Dead Branch":1,"CeramicFish":2,"Blue Candle":22,"Vajra":9,"Oddly Smooth Stone":17,"Mango":17,"Bag of Preparation":2,"Blood Vial":3,"DataDisk":0,"Nunchaku":25,"HornCleat":18,"Strawberry":10,"Snecko Eye":4,"MealTicket":22,"Fusion Hammer":0,"Black Star":13,"Toxic Egg 2":19,"StrikeDummy":25,"Toy Ornithopter":5},{"Darkstone Periapt":127,"Gremlin Horn":44,"Dead Branch":6,"CeramicFish":10,"Blue Candle":155,"Vajra":47,"Oddly Smooth Stone":113,"Mango":113,"Bag of Preparation":10,"Blood Vial":14,"DataDisk":0,"Nunchaku":204,"HornCleat":118,"Strawberry":55,"Snecko Eye":24,"MealTicket":155,"Fusion Hammer":0,"Black Star":85,"Toxic Egg 2":127,"StrikeDummy":204,"Toy Ornithopter":29}],"Toy Ornithopter":25},"card_choices":[{"not_picked":["Darkness","Reinforced Body"],"picked":"Lockon","floor":1.0},{"not_picked":["Chaos","Auto Shields"],"picked":"Chill","floor":3.0},{"not_picked":["FTL","Reprogram"],"picked":"Self Repair","floor":6.0},{"not_picked":["Redo","Leap"],"picked":"Glacier","floor":8.0},{"not_picked":["Tempest","Force Field"],"picked":"Genetic Algorithm","floor":14.0},{"not_picked":["Reboot","Hyperbeam"],"picked":"Creative AI","floor":16.0},{"not_picked":["Ball Lightning","Turbo"],"picked":"Coolheaded","floor":18.0},{"not_picked":["Ball Lightning","Stack+1"],"picked":"Glacier","floor":20.0},{"not_picked":["Cold Snap","Steam+1"],"picked":"Genetic Algorithm","floor":22.0},{"not_picked":["Chill","Doom and Gloom"],"picked":"Sunder","floor":23.0},{"not_picked":["Barrage+1","Hello World"],"picked":"Hologram+1","floor":24.0},{"not_picked":["Leap","Streamline"],"picked":"Echo Form","floor":27.0},{"not_picked":["Turbo","Glacier"],"picked":"Sweeping Beam","floor":28.0},{"not_picked":["Steam","Tempest","Rebound"],"picked":"SKIP","floor":31.0},{"not_picked":["Meteor Strike","Core Surge"],"picked":"Electrodynamics","floor":33.0},{"not_picked":["Leap","Go for the Eyes+1"],"picked":"Fusion","floor":35.0},{"not_picked":["Melter","Chaos","Cold Snap"],"picked":"SKIP","floor":37.0},{"not_picked":["Reinforced Body+1","Beam Cell+1"],"picked":"Coolheaded","floor":39.0},{"not_picked":["Melter+1","Auto Shields+1","Sunder"],"picked":"SKIP","floor":40.0},{"not_picked":["Rebound","Reinforced Body","Static Discharge"],"picked":"SKIP","floor":42.0},{"not_picked":["Blizzard+1","Streamline"],"picked":"Steam Power+1","floor":44.0},{"not_picked":["Ball Lightning","Stack+1"],"picked":"Turbo+1","floor":46.0},{"not_picked":["Leap+1","Compile Driver","Redo+1"],"picked":"SKIP","floor":47.0},{"not_picked":["Reprogram+1","Heatsinks"],"picked":"Skim+1","floor":48.0},{"not_picked":["Beam Cell","Steam+1"],"picked":"Capacitor","floor":55.0}],"player_experience":1000473,"relics_obtained":[{"floor":6.0,"key":"Dead Branch"},{"floor":8.0,"key":"CeramicFish"},{"floor":9.0,"key":"Bag of Preparation"},{"floor":14.0,"key":"Blood Vial"},{"floor":23.0,"key":"Gremlin Horn"},{"floor":26.0,"key":"Vajra"},{"floor":27.0,"key":"Strawberry"},{"floor":40.0,"key":"Mango"},{"floor":40.0,"key":"Oddly Smooth Stone"},{"floor":43.0,"key":"HornCleat"},{"floor":44.0,"key":"Darkstone Periapt"},{"floor":44.0,"key":"Toxic Egg 2"},{"floor":48.0,"key":"MealTicket"},{"floor":48.0,"key":"Blue Candle"},{"floor":55.0,"key":"StrikeDummy"},{"floor":55.0,"key":"Nunchaku"}],"event_choices":[{"damage_healed":0.0,"max_hp_gain":0.0,"max_hp_loss":0.0,"gold_gain":0.0,"cards_transformed":["Strike_B"],"event_name":"Living Wall","player_choice":"Change","floor":2.0,"gold_loss":0.0,"damage_taken":0.0,"cards_obtained":["FTL"]},{"damage_healed":0.0,"max_hp_gain":0.0,"max_hp_loss":0.0,"gold_gain":0.0,"event_name":"Scrap Ooze","player_choice":"Success","floor":5.0,"gold_loss":0.0,"damage_taken":5.0,"relics_obtained":["DataDisk"]},{"cards_removed":["Strike_B"],"damage_healed":0.0,"max_hp_gain":0.0,"max_hp_loss":0.0,"gold_gain":0.0,"event_name":"The Cleric","player_choice":"Card Removal","floor":10.0,"gold_loss":75.0,"damage_taken":0.0},{"damage_healed":0.0,"max_hp_gain":0.0,"max_hp_loss":0.0,"gold_gain":0.0,"event_name":"Dead Adventurer","player_choice":"Searched \u00271\u0027 times","floor":12.0,"gold_loss":0.0,"damage_taken":0.0},{"damage_healed":0.0,"max_hp_gain":0.0,"max_hp_loss":0.0,"gold_gain":0.0,"event_name":"Addict","player_choice":"Obtained Relic","floor":19.0,"gold_loss":85.0,"damage_taken":0.0,"relics_obtained":["Toy Ornithopter"]},{"damage_healed":0.0,"max_hp_gain":0.0,"max_hp_loss":0.0,"gold_gain":0.0,"event_name":"Tomb of Lord Red Mask","player_choice":"Ignored","floor":36.0,"gold_loss":0.0,"damage_taken":0.0},{"damage_healed":0.0,"max_hp_gain":0.0,"max_hp_loss":5.0,"gold_gain":0.0,"event_name":"Winding Halls","player_choice":"Max HP","floor":45.0,"gold_loss":0.0,"damage_taken":0.0}],"is_beta":false,"boss_relics":[{"not_picked":["Empty Cage","Calling Bell"],"picked":"Snecko Eye"},{"not_picked":["Cursed Key","Pandora\u0027s Box"],"picked":"Black Star"}],"items_purged_floors":[30,38,54],"is_endless":false,"potions_floor_spawned":[1,8,14,18,22,28,37,40,42,55],"killed_by":"The Heart","ascension_level":20}}