{"host":"8is2j71l4wmybkoi","time":1612088293,"event":{"mods":["AchievementEnabler","BaseMod","Colored Map","Minty Spire (QoL Compilation)","Rare Cards Sparkle","StSLib","SuperFastMode"],"gold_per_floor":[112,112,262,262,5,5,31,31,31,41,61,61,90,103,103,174,224,237,237,237,252,252,252],"floor_reached":22,"language":"KOR","playtime":608,"items_purged":["Doubt"],"score":380,"play_id":"0943111b-421f-4ded-907d-478a1f7f7b9d","local_time":"20210131191813","is_ascension_mode":true,"campfire_choices":[{"data":"Riddle With Holes","floor":6.0,"key":"SMITH"},{"data":"Neutralize","floor":8.0,"key":"SMITH"},{"data":"Prepared","floor":12.0,"key":"SMITH"},{"data":"Finisher","floor":15.0,"key":"SMITH"}],"circlet_count":0,"master_deck":["AscendersBane","Strike_G+1","Strike_G","Strike_G+1","Strike_G","Strike_G","Defend_G","Defend_G","Defend_G","Defend_G","Defend_G+1","Survivor","Neutralize+1","Riddle With Holes+1","Flash of Steel","Finisher+1","Acrobatics","Prepared+1","Die Die Die","Doppelganger","Calculated Gamble","Blade Dance"],"relics":["Ring of the Snake","NeowsBlessing","Bronze Scales","Eternal Feather","Tiny House"],"acts_visited":["Exordium","TheCity"],"potions_floor_usage":[21],"damage_taken":[{"damage":0.0,"enemies":"2 Louse","floor":1.0,"turns":1.0},{"damage":0.0,"enemies":"Gremlin Nob","floor":7.0,"turns":1.0},{"damage":0.0,"enemies":"Small Slimes","floor":10.0,"turns":1.0},{"damage":4.0,"enemies":"Cultist","floor":11.0,"turns":3.0},{"damage":17.0,"enemies":"Lagavulin","floor":13.0,"turns":5.0},{"damage":1.0,"enemies":"Red Slaver","floor":14.0,"turns":2.0},{"damage":17.0,"enemies":"Slime Boss","floor":16.0,"turns":7.0},{"damage":23.0,"enemies":"Spheric Guardian","floor":18.0,"turns":3.0},{"damage":11,"enemies":"2 Thieves","floor":21,"turns":3},{"damage":0,"enemies":"Snake Plant","floor":22,"turns":1}],"seed_played":"392472751695447083","potions_obtained":[{"floor":1.0,"key":"Strength Potion"},{"floor":10.0,"key":"Fire Potion"},{"floor":17.0,"key":"Poison Potion"}],"is_trial":false,"path_per_floor":["M","?","?","?","$","R","E","R","T","M","M","R","E","M","R","B",null,"M","?","?","M","M"],"character_chosen":"THE_SILENT","items_purchased":["Flash of Steel","Finisher","SteroidPotion"],"campfire_rested":0,"item_purchase_floors":[5,5,5],"current_hp_per_floor":[59,39,39,44,44,44,44,44,44,44,40,40,23,22,31,14,62,39,17,17,6,6,6],"gold":252,"neow_bonus":"THREE_ENEMY_KILL","is_daily":false,"chose_seed":false,"campfire_upgraded":4,"win_rate":0.0,"timestamp":1612088293,"path_taken":["M","?","?","?","?","R","E","R","T","M","M","R","E","M","R","BOSS","M","?","?","M","M"],"items_purchased_type":["Card","Card","Potion"],"build_version":"2020-12-22","purchased_purges":1,"victory":false,"max_hp_per_floor":[66,66,66,71,71,71,71,71,71,71,71,71,71,71,71,71,76,76,81,81,81,81,81],"card_choices":[{"not_picked":["Calculated Gamble","Slice"],"picked":"Riddle With Holes","floor":1.0},{"not_picked":["Outmaneuver","Quick Slash"],"picked":"Acrobatics","floor":7.0},{"not_picked":["Poisoned Stab","PiercingWail"],"picked":"Prepared","floor":10.0},{"not_picked":["Finisher","Deadly Poison","Catalyst"],"picked":"SKIP","floor":11.0},{"not_picked":["Cloak And Dagger","Underhanded Strike"],"picked":"Die Die Die","floor":13.0},{"not_picked":["Choke","Predator","Cloak And Dagger"],"picked":"SKIP","floor":14.0},{"not_picked":["Malaise","Wraith Form v2"],"picked":"Doppelganger","floor":16.0},{"not_picked":["Backflip","Dagger Spray"],"picked":"Calculated Gamble","floor":17.0},{"not_picked":["Infinite Blades","Backflip"],"picked":"Blade Dance","floor":18.0},{"not_picked":["Dodge and Roll","Dagger Spray","Calculated Gamble"],"picked":"SKIP","floor":21}],"player_experience":879151,"relics_obtained":[{"floor":7.0,"key":"Bronze Scales"},{"floor":13.0,"key":"Eternal Feather"}],"event_choices":[{"damage_healed":0.0,"max_hp_gain":0.0,"max_hp_loss":0.0,"gold_gain":0.0,"event_name":"Shining Light","player_choice":"Entered Light","floor":2.0,"gold_loss":0.0,"damage_taken":20.0,"cards_upgraded":["Defend_G","Strike_G"]},{"damage_healed":0.0,"max_hp_gain":0.0,"max_hp_loss":0.0,"gold_gain":150.0,"event_name":"Liars Game","player_choice":"AGREE","floor":3.0,"gold_loss":0.0,"damage_taken":0.0,"cards_obtained":["Doubt"]},{"damage_healed":0.0,"max_hp_gain":5.0,"max_hp_loss":0.0,"gold_gain":0.0,"event_name":"Big Fish","player_choice":"Donut","floor":4.0,"gold_loss":0.0,"damage_taken":0.0},{"damage_healed":0.0,"max_hp_gain":5.0,"max_hp_loss":0.0,"gold_gain":0.0,"event_name":"Forgotten Altar","player_choice":"Shed Blood","floor":19.0,"gold_loss":0.0,"damage_taken":27.0},{"damage_healed":0.0,"max_hp_gain":0.0,"max_hp_loss":0.0,"gold_gain":0.0,"event_name":"Cursed Tome","player_choice":"Ignored","floor":20.0,"gold_loss":0.0,"damage_taken":0.0}],"is_beta":false,"boss_relics":[{"not_picked":["Busted Crown","Snecko Eye"],"picked":"Tiny House"}],"items_purged_floors":[5],"is_endless":false,"potions_floor_spawned":[1,10,11],"killed_by":"Snake Plant","ascension_level":15}}