{"host":"avq773cl9g5msfol","time":1612122289,"event":{"mods":["100% Spire Juice","AchievementEnabler","Act Like it!","Ascension Unlocker","Aspiration","Astrologer","Bard","Bartender","BaseMod","Better Altar","Better Third Choice","BetterRewards","CapriCore","ChefMod","Colored Map","Colored Powertips","Conspire","Dio Mod","Downfall","Elementarium","Energized Spire","Gensokyo","GifTheSpireLib","Hallownest","Hermit","Highlight Path","Hubris","Humility","Infinite Spire","Jorbs\u0027s Wanderer Trilogy","Koishi","Magitek Elite","Marisa????????","Marked Mod","Menagerie","Minty Spire (QoL Compilation)","Pale of the Ancients","Potionbrewer","Quarter Circle Forward PUNCH!","Rare Cards Sparkle","Reimu??????","Relic Stats","Reliquary","Remilia??????","Replay The Spire","SacredBarkPlus","Shade Mod","Somnambulant","Spicy Shops","Spire Arcade","StSLib","The Administrix","The Blue Laboratory","The Bug Knight","The Construct","The Cursed","The Disciple","The Dragon Tamer","The Exalted","The Hayseed","The Hierophant","The Immortal","The Marked","The Mystic","The Problem Sleuth","The Runesmith","The Senshi","The Vixen","The Wild Card","TheFirefly","Wandering Minibosses","Wide Potions","Yakumo Yukari mod","vexMod"],"gold_per_floor":[32537,116,225,225,225,305,332,347,357,385,385,420,420,445,458,535,535,535,535,535,545,561,561,588,588,607,882,907,907,937,937,950,1026,1026,1026,1000,1016,1031,1031,1058,1070,1082,1113,825,857,903,915,927,958,970,982,1025,225,225,225,225],"floor_reached":57,"language":"ENG","playtime":3453,"items_purged":["downfall:Icky"],"score":3442,"play_id":"22b38635-3164-41b0-8d99-aba0e5720773","local_time":"20210201024449","is_ascension_mode":true,"campfire_choices":[{"data":"Slimebound:Tackle","floor":1,"key":"SMITH"},{"data":"Slimebound:RollThrough","floor":11,"key":"SMITH"},{"data":"Gensokyo:SlitMouthedWoman","floor":13,"key":"SMITH"},{"data":"Slimebound:Split","floor":18,"key":"SMITH"},{"floor":35,"key":"RECALL"},{"floor":44,"key":"REST"},{"floor":54,"key":"REST"}],"circlet_count":0,"master_deck":["AscendersBane","Slimebound:Tackle+1","Slimebound:Split+1","Slimebound:CorrosiveSpit+1","Slimebound:Prepare+1","Slimebound:FinishingTackle+1","Slimebound:DivideAndConquer+1","Slimebound:PressTheAttack+1","Slimebound:GrowthPunch+1","Slimebound:RallyTheTroops+1","Slimebound:BestDefense+1","Slimebound:GoopSpray+1","expansioncontent:GuardianWhirl+1","Replay:SS_hec_1+1","expansioncontent:DashGenerateEvil+1","Slimebound:Recollect+1","Slimebound:GoopTackle+1","Slimebound:SplitMire+1","Slimebound:HungryTackle+1","Slimebound:LivingWall+1","Slimebound:Schlurp+1","Slimebound:SamplingLick+1","Slimebound:LevelUp+1","Slimebound:FirmFortitude+1","Sadistic Nature+1","Gensokyo:SlitMouthedWoman+1","Slimebound:RollThrough+1","Slimebound:Recycling+1","Slimebound:Prepare+1","Slimebound:CheckThePlaybook+1","Slimebound:RainOfGoop+1","Slimebound:MassRepurpose+1","Dramatic Entrance+1","Magnetism+1","Slimebound:MinionMaster+1","Slimebound:SplitSpecialist+1","Slimebound:OneTwoCombo+1","Slimebound:LevelUp+1","Slimebound:LivingWall+1","Slimebound:RainOfGoop+1"],"relics":["Slimebound:AbsorbEndCombat","Golden Egg","Quantum Egg","Pondfish Scales","infinitespire:Beetle Shell","ClockworkSouvenir","aspiration:Lifesprig","Slimebound:MaxSlimesRelic","RuthlessExorcism:ReiMu","Toy Ornithopter","Slimebound:SelfDamagePreventRelic","Bromod:ArcanePistoleer","Mummified Hand","infinitespire:WardingShard","Membership Card","hubris:CuriousFeather","Juzu Bracelet","Lee\u0027s Waffle","Ribbon","Slimebound:SlimedSkullRelic","ReplayFunnel","Black Star","Protect_Vest","qcfpunch:Chain_With_Nametags","aspiration:HiddenCompartment","champ:DuelingGlove","reliquary:Buckler","wanderingMiniBosses:OtherGremlinHorn","vexMod:EndlessSickness","theSenshi:SuperSailorFukuRelic","bronze:DonusWashers","MawBank","vexMod:MemoryStick","TheSimpletonMod:WoodChipper","downfall:HeartBlessingGreen","downfall:HeartBlessingBlue","downfall:HeartBlessingRed","Calipers","reliquary:PurpleTingedLeaf","TheVixenMod:UmbreonRelic","potionbrewer:Keyblade","aspiration:FrozenJewel","Bottled Tornado","Replay:Baseball","Replay:Bottled Flurry","Guardian:BottledAnomaly"],"acts_visited":["Gensokyo:Gensokyo","TheCity","Hallownest:KingdomsEdge","TheEnding"],"potions_floor_usage":[13,16,22,22,32,55,55,56],"damage_taken":[{"damage":0,"enemies":"Gensokyo:2_Kodama","floor":2,"turns":1},{"damage":0,"enemies":"Gensokyo:Python","floor":8,"turns":2},{"damage":0,"enemies":"Gensokyo:3_Fairies","floor":9,"turns":3},{"damage":0,"enemies":"Gensokyo:Mamizou","floor":10,"turns":3},{"damage":0,"enemies":"Gensokyo:Aya","floor":12,"turns":3},{"damage":0,"enemies":"Gensokyo:Cirno","floor":14,"turns":4},{"damage":0,"enemies":"Gensokyo:Gryphon_and_Rabbit","floor":15,"turns":2},{"damage":0,"enemies":"SI_SHIV_ARCHETYPE","floor":16,"turns":4},{"damage":0,"enemies":"Chosen","floor":21,"turns":2},{"damage":0,"enemies":"conspire:FuzzyDice","floor":22,"turns":2},{"damage":0,"enemies":"Chosen and Byrds","floor":26,"turns":3},{"damage":1,"enemies":"Gremlin Leader","floor":28,"turns":3},{"damage":0,"enemies":"Replay:Snechameleon","floor":30,"turns":4},{"damage":0,"enemies":"Snecko","floor":32,"turns":4},{"damage":0,"enemies":"DF_ARCHETYPE_CLAW","floor":33,"turns":4},{"damage":0,"enemies":"downfall:FleeingMerchant","floor":36,"turns":2},{"damage":0,"enemies":"Hallownest:2_Littles","floor":37,"turns":3},{"damage":0,"enemies":"Hallownest:Shield_Heavy","floor":38,"turns":2},{"damage":0,"enemies":"Hallownest:eliteHiveKnight","floor":40,"turns":3},{"damage":0,"enemies":"Hallownest:2_Wandering_and_1_Horned","floor":43,"turns":3},{"damage":0,"enemies":"Hallownest:2_Great","floor":45,"turns":2},{"damage":0,"enemies":"Hallownest:StalkingDevout","floor":46,"turns":2},{"damage":0,"enemies":"Hallownest:StalkingDevout","floor":47,"turns":2},{"damage":0,"enemies":"Hallownest:2_Soldiers_and_1_Guardian","floor":49,"turns":3},{"damage":0,"enemies":"IC_BLOCK_ARCHETYPE","floor":50,"turns":3},{"damage":0,"enemies":"downfall:CharBossMerchant","floor":52,"turns":5},{"damage":0,"enemies":"downfall:NeowBoss","floor":55,"turns":6},{"damage":0,"enemies":"downfall:NeowBossFinal","floor":56,"turns":6}],"seed_played":"-7510356285369515887","potions_obtained":[{"floor":9,"key":"blueLaboratory:HorrorPotion"},{"floor":15,"key":"Adrenaline Potion"},{"floor":16,"key":"blueLaboratory:FrostheartPotion"},{"floor":22,"key":"Energy Potion"},{"floor":30,"key":"potionbrewer:BarricadePotion"},{"floor":46,"key":"Energy Potion"},{"floor":48,"key":"Dexterity Potion"}],"is_trial":false,"path_per_floor":["R","M","COS","?","?","?","T","M","M","E","R","E","R","E","M","B",null,"R","?","?","M","M","?","T","?","M","?","E","?","E","?","M","B",null,"R_BF","$","M","M","?","E","T","AVR","M","R","M","E","?","?","M","B",null,"E","$","R","B","B",null],"character_chosen":"SLIMEBOUND","items_purchased":["Slimebound:GoopSpray","Pondfish Scales","infinitespire:Beetle Shell","expansioncontent:GuardianWhirl","Replay:SS_hec_1","expansioncontent:DashGenerateEvil","ClockworkSouvenir","aspiration:Lifesprig","Slimebound:Recollect","Slimebound:GoopTackle","Slimebound:MaxSlimesRelic","RuthlessExorcism:ReiMu","Slimebound:SplitMire","Slimebound:HungryTackle","Toy Ornithopter","Slimebound:LivingWall","Slimebound:Schlurp","Slimebound:SelfDamagePreventRelic","Bromod:ArcanePistoleer","Slimebound:SamplingLick","Mummified Hand","infinitespire:WardingShard","Slimebound:LevelUp","Membership Card","Slimebound:FirmFortitude","hubris:CuriousFeather","qcfpunch:Challenger_Coin","Juzu Bracelet","Lee\u0027s Waffle","Ribbon","Slimebound:SlimedSkullRelic","Sadistic Nature","theSenshi:SuperSailorFukuRelic","bronze:DonusWashers","Dramatic Entrance","Magnetism","potionbrewer:Keyblade","aspiration:FrozenJewel","Bottled Tornado","Replay:Baseball","Slimebound:LevelUp","Slimebound:LivingWall+1","Slimebound:RainOfGoop","Replay:Bottled Flurry","Guardian:BottledAnomaly"],"campfire_rested":2,"item_purchase_floors":[0,0,0,0,0,0,0,0,0,0,0,0,0,0,0,0,0,0,0,0,0,0,0,0,0,0,0,0,0,0,0,0,36,36,36,36,53,53,53,53,53,53,53,53,53],"current_hp_per_floor":[66,66,66,66,66,66,66,66,66,66,66,66,66,66,66,66,66,66,66,66,66,66,66,66,66,66,66,65,65,66,66,66,66,66,66,66,66,66,66,66,66,66,66,76,76,76,76,76,76,76,76,76,76,76,76,76],"gold":225,"neow_bonus":"","is_daily":false,"chose_seed":false,"campfire_upgraded":4,"win_rate":0.0,"timestamp":1612122289,"path_taken":["R","M","COS","?","?","?","T","M","M","E","R","E","R","E","M","BOSS","R","?","?","M","M","?","T","?","M","?","E","?","E","?","M","BOSS","R_BF","?","M","M","?","E","T","AVR","M","R","M","E","?","?","M","BOSS","E","$","R","BOSS","BOSS"],"items_purchased_type":["Card","Relic","Relic","Card","Card","Card","Relic","Relic","Card","Card","Relic","Relic","Card","Card","Relic","Card","Card","Relic","Relic","Card","Relic","Relic","Card","Relic","Card","Relic","Potion","Relic","Relic","Relic","Relic","Card","Relic","Relic","Card","Card","Relic","Relic","Relic","Relic","Card","Card","Card","Relic","Relic"],"build_version":"2020-12-22","purchased_purges":1,"victory":true,"max_hp_per_floor":[66,66,66,66,66,66,66,66,66,66,66,66,66,66,66,66,66,66,66,66,66,66,66,66,66,66,66,66,66,66,66,66,66,66,66,66,66,66,66,66,66,66,66,76,76,76,76,76,76,76,76,76,76,76,76,76],"relic_stats":{"Lee\u0027s Waffle":13,"counters":[60,180],"Mummified Hand":[135],"Juzu Bracelet":4,"Black Star":5,"MawBank":156,"obtain_stats":[{"Golden Egg":3,"champ:DuelingGlove":30,"vexMod:MemoryStick":40,"hubris:CrystalStatue":34,"Calipers":46,"Bromod:ArcaneNullifier":44,"downfall:HeartBlessingGreen":43,"TheSimpletonMod:WoodChipper":41,"DemoMod:GlassGuonStoneRelic":5,"wanderingMiniBosses:OtherGremlinHorn":37,"Bottled Tornado":53,"aspiration:MobileForge":30,"Ribbon":0,"vexMod:EndlessSickness":34,"Replay:Bottled Flurry":53,"DemoMod:ClearGuonStone":31,"qcfpunch:Chain_With_Nametags":28,"construct:RocketBooster":18,"vexMod:ScavengeHelm":14,"Replay:Grab Bag":34,"Oddly Smooth Stone":3,"hubris:SphereOfDissonance":6,"conspire:SlowCooker":34,"infinitespire:Beetle Shell":0,"War Paint":30,"aspiration:HiddenCompartment":28,"aspiration:FrozenJewel":53,"hubris:Zylophone":45,"OrangePellets":27,"Replay:Baseball":53,"energizedSpire:NeverEndingSparkler":34,"Tintinnabulum":11,"Pandora\u0027s Box":3,"ReplayTheSpireMod:TigerMarble":41,"Black Star":17,"Slimebound:SlimedSkullRelic":9,"ReplayFunnel":10,"Lantern":34,"aspiration:Lifesprig":0,"theSenshi:SuperSailorFukuRelic":36,"Singing Bowl":13,"Bromod:ArcanePistoleer":0,"Juzu Bracelet":0,"ClockworkSouvenir":3,"hubris:Backtick":34,"Slimebound:MaxSlimesRelic":0,"downfall:HeartBlessingBlue":43,"Mummified Hand":0,"qcfpunch:Necklace_of_Skulls":46,"reliquary:Buckler":30,"hubris:CuriousFeather":0,"Guardian:BottledAnomaly":53,"TheVixenMod:UmbreonRelic":47,"Runesmith:Nanobots":52,"Lee\u0027s Waffle":0,"bronze:DonusWashers":36,"Slimebound:SelfDamagePreventRelic":0,"downfall:HeartBlessingRed":43,"Quantum Egg":3,"aspiration:RandomNobGenerator":17,"Protect_Vest":24,"hubris:Towel":3,"qcfpunch:White_Boots":40,"MawBank":40,"sneckomod:BabySnecko":20,"Pondfish Scales":0,"infinitespire:WardingShard":0,"vexMod:HeadHunter":5,"Slimebound:AbsorbEndCombat":0,"qcfpunch:Red_Headband":26,"Membership Card":0,"potionbrewer:Keyblade":53,"hubris:Potato":7,"Toy Ornithopter":0,"reliquary:PurpleTingedLeaf":46,"RuthlessExorcism:ReiMu":0},{"Golden Egg":2,"champ:DuelingGlove":45,"vexMod:MemoryStick":51,"hubris:CrystalStatue":20,"Calipers":54,"Bromod:ArcaneNullifier":24,"downfall:HeartBlessingGreen":24,"TheSimpletonMod:WoodChipper":51,"DemoMod:GlassGuonStoneRelic":4,"wanderingMiniBosses:OtherGremlinHorn":22,"Bottled Tornado":58,"aspiration:MobileForge":17,"Ribbon":32,"vexMod:EndlessSickness":47,"Replay:Bottled Flurry":58,"DemoMod:ClearGuonStone":18,"qcfpunch:Chain_With_Nametags":44,"construct:RocketBooster":12,"vexMod:ScavengeHelm":10,"Replay:Grab Bag":20,"Oddly Smooth Stone":2,"hubris:SphereOfDissonance":5,"conspire:SlowCooker":20,"infinitespire:Beetle Shell":32,"War Paint":17,"aspiration:HiddenCompartment":44,"aspiration:FrozenJewel":58,"hubris:Zylophone":25,"OrangePellets":17,"Replay:Baseball":58,"energizedSpire:NeverEndingSparkler":20,"Tintinnabulum":8,"Pandora\u0027s Box":2,"ReplayTheSpireMod:TigerMarble":23,"Black Star":40,"Slimebound:SlimedSkullRelic":6,"ReplayFunnel":36,"Lantern":20,"aspiration:Lifesprig":32,"theSenshi:SuperSailorFukuRelic":48,"Singing Bowl":9,"Bromod:ArcanePistoleer":32,"Juzu Bracelet":32,"ClockworkSouvenir":2,"hubris:Backtick":20,"Slimebound:MaxSlimesRelic":32,"downfall:HeartBlessingBlue":24,"Mummified Hand":32,"qcfpunch:Necklace_of_Skulls":26,"reliquary:Buckler":45,"hubris:CuriousFeather":32,"Guardian:BottledAnomaly":58,"TheVixenMod:UmbreonRelic":54,"Runesmith:Nanobots":30,"Lee\u0027s Waffle":32,"bronze:DonusWashers":48,"Slimebound:SelfDamagePreventRelic":32,"downfall:HeartBlessingRed":24,"Quantum Egg":2,"aspiration:RandomNobGenerator":12,"Protect_Vest":42,"hubris:Towel":2,"qcfpunch:White_Boots":23,"MawBank":51,"sneckomod:BabySnecko":13,"Pondfish Scales":32,"infinitespire:WardingShard":32,"vexMod:HeadHunter":4,"Slimebound:AbsorbEndCombat":0,"qcfpunch:Red_Headband":17,"Membership Card":32,"potionbrewer:Keyblade":58,"hubris:Potato":5,"Toy Ornithopter":32,"reliquary:PurpleTingedLeaf":54,"RuthlessExorcism:ReiMu":32},{"Golden Egg":2,"champ:DuelingGlove":131,"vexMod:MemoryStick":149,"hubris:CrystalStatue":51,"Calipers":156,"Bromod:ArcaneNullifier":65,"downfall:HeartBlessingGreen":65,"TheSimpletonMod:WoodChipper":149,"DemoMod:GlassGuonStoneRelic":7,"wanderingMiniBosses:OtherGremlinHorn":59,"Bottled Tornado":169,"aspiration:MobileForge":43,"Ribbon":95,"vexMod:EndlessSickness":139,"Replay:Bottled Flurry":169,"DemoMod:ClearGuonStone":44,"qcfpunch:Chain_With_Nametags":127,"construct:RocketBooster":33,"vexMod:ScavengeHelm":25,"Replay:Grab Bag":51,"Oddly Smooth Stone":2,"hubris:SphereOfDissonance":10,"conspire:SlowCooker":51,"infinitespire:Beetle Shell":95,"War Paint":43,"aspiration:HiddenCompartment":127,"aspiration:FrozenJewel":169,"hubris:Zylophone":68,"OrangePellets":43,"Replay:Baseball":169,"energizedSpire:NeverEndingSparkler":51,"Tintinnabulum":19,"Pandora\u0027s Box":2,"ReplayTheSpireMod:TigerMarble":62,"Black Star":117,"Slimebound:SlimedSkullRelic":13,"ReplayFunnel":104,"Lantern":51,"aspiration:Lifesprig":95,"theSenshi:SuperSailorFukuRelic":141,"Singing Bowl":21,"Bromod:ArcanePistoleer":95,"Juzu Bracelet":95,"ClockworkSouvenir":2,"hubris:Backtick":51,"Slimebound:MaxSlimesRelic":95,"downfall:HeartBlessingBlue":65,"Mummified Hand":95,"qcfpunch:Necklace_of_Skulls":72,"reliquary:Buckler":131,"hubris:CuriousFeather":95,"Guardian:BottledAnomaly":169,"TheVixenMod:UmbreonRelic":156,"Runesmith:Nanobots":84,"Lee\u0027s Waffle":95,"bronze:DonusWashers":141,"Slimebound:SelfDamagePreventRelic":95,"downfall:HeartBlessingRed":65,"Quantum Egg":2,"aspiration:RandomNobGenerator":33,"Protect_Vest":121,"hubris:Towel":2,"qcfpunch:White_Boots":62,"MawBank":149,"sneckomod:BabySnecko":36,"Pondfish Scales":95,"infinitespire:WardingShard":95,"vexMod:HeadHunter":7,"Slimebound:AbsorbEndCombat":0,"qcfpunch:Red_Headband":43,"Membership Card":95,"potionbrewer:Keyblade":169,"hubris:Potato":10,"Toy Ornithopter":95,"reliquary:PurpleTingedLeaf":156,"RuthlessExorcism:ReiMu":95}],"Toy Ornithopter":0},"card_choices":[{"not_picked":["Slimebound:SpikyOuterGoop","Slimebound:AcidTongue","Slimebound:SplitBruiser"],"picked":"SKIP","floor":2},{"not_picked":["Slimebound:DisruptingSlam","Slimebound:GoopTackle","Slimebound:Prepare"],"picked":"SKIP","floor":8},{"not_picked":["Slimebound:SplitMire","Slimebound:PressTheAttack","Slimebound:SplitAcid"],"picked":"SKIP","floor":9},{"not_picked":["Slimebound:LeadByExample","Slimebound:SplitLeeching"],"picked":"Slimebound:RollThrough","floor":10},{"not_picked":["Slimebound:SplitMire","Slimebound:GrowthPunch","Slimebound:FirmFortitude"],"picked":"SKIP","floor":12},{"not_picked":["Slimebound:HauntingLick","Slimebound:SplitBruiser","Slimebound:Repurpose"],"picked":"SKIP","floor":14},{"not_picked":["Slimebound:SlimeSpikes","Slimebound:LeechEnergy","Slimebound:SplitSpecialist"],"picked":"SKIP","floor":15},{"not_picked":["Slimebound:FirmFortitude","Slimebound:RallyTheTroops"],"picked":"Slimebound:Recycling","floor":16},{"not_picked":["Slimebound:SlimeSpikes","Slimebound:ProtectTheBoss","Slimebound:AcidTongue"],"picked":"SKIP","floor":21},{"not_picked":["Slimebound:HauntingLick","Slimebound:LeechEnergy"],"picked":"Slimebound:Prepare","floor":22},{"not_picked":["Slimebound:Schlurp","Slimebound:Prepare","Slimebound:LivingWall"],"picked":"SKIP","floor":26},{"not_picked":["Slimebound:HungryTackle","Slimebound:SplitAcid","Slimebound:HauntingLick"],"picked":"SKIP","floor":28},{"not_picked":["Slimebound:LevelUp","Slimebound:RollThrough"],"picked":"Slimebound:RainOfGoop","floor":30},{"not_picked":["Slimebound:Repurpose","Slimebound:ItLooksTasty+1","Slimebound:GoopTackle+1"],"picked":"SKIP","floor":32},{"not_picked":["Slimebound:DuplicatedForm","Slimebound:FirmFortitude"],"picked":"Slimebound:MassRepurpose","floor":33},{"not_picked":["Slimebound:MegaLick","Slimebound:SplitLeeching+1","Slimebound:SplitMire"],"picked":"SKIP","floor":36},{"not_picked":["Slimebound:SplitMire+1","Slimebound:LeechingTouch","Slimebound:ServeAndProtect+1"],"picked":"SKIP","floor":37},{"not_picked":["Slimebound:SplitAcid+1","Slimebound:Grow","Slimebound:ComboTackle"],"picked":"SKIP","floor":38},{"not_picked":["Slimebound:Dissolve","Slimebound:Schlurp+1"],"picked":"Slimebound:MinionMaster","floor":40},{"not_picked":["Slimebound:SplitSpecialist+1","Slimebound:SlimeBrawl+1","Slimebound:GoopSpray"],"picked":"SKIP","floor":43},{"not_picked":["Slimebound:Chomp","Slimebound:PressTheAttack","Slimebound:GoopSpray"],"picked":"SKIP","floor":45},{"not_picked":["Slimebound:GoopTackle","Slimebound:RollThrough"],"picked":"Slimebound:SplitSpecialist","floor":46},{"not_picked":["Slimebound:RollThrough+1","Slimebound:Schlurp"],"picked":"Slimebound:OneTwoCombo","floor":49},{"not_picked":["Slimebound:HungryTackle","Slimebound:SplitLeeching","Slimebound:MassFeed"],"picked":"SKIP","floor":52}],"player_experience":1397328,"relics_obtained":[{"floor":10,"key":"ReplayFunnel"},{"floor":24,"key":"Protect_Vest"},{"floor":28,"key":"qcfpunch:Chain_With_Nametags"},{"floor":28,"key":"aspiration:HiddenCompartment"},{"floor":30,"key":"champ:DuelingGlove"},{"floor":30,"key":"reliquary:Buckler"},{"floor":32,"key":"wanderingMiniBosses:OtherGremlinHorn"},{"floor":40,"key":"MawBank"},{"floor":40,"key":"vexMod:MemoryStick"},{"floor":41,"key":"TheSimpletonMod:WoodChipper"},{"floor":46,"key":"Calipers"},{"floor":46,"key":"reliquary:PurpleTingedLeaf"}],"event_choices":[{"damage_healed":0,"gold_gain":0,"player_choice":"Fight the Beast\u0027s assailants","damage_taken":0,"relics_obtained":["TheVixenMod:UmbreonRelic"],"max_hp_gain":0,"max_hp_loss":0,"event_name":"Creature of the Night","floor":47,"gold_loss":0}],"is_beta":false,"boss_relics":[{"not_picked":["vexMod:NewClearReactor","SacredBark"],"picked":"Black Star"},{"not_picked":["energizedSpire:OgreHead","Calling Bell"],"picked":"vexMod:EndlessSickness"}],"items_purged_floors":[42],"is_endless":false,"potions_floor_spawned":[9,15,16,22,26,28,30,37,46,47,49,52],"ascension_level":19,"is_humility":true}}