{"host":"wuernuywc9gl215o","time":1612101767,"event":{"mods":["AchievementEnabler","BaseMod","Block Reminder","Key Reminder","Minty Spire (QoL Compilation)","Permanent Neow","Potion Indicator Mod","Quick Restart","Relic Stats"],"gold_per_floor":[110,128,146,161,171,205,205,234,287,287,315,315,333,362,362,435,435,446,10,10,22,22,22,54,54,54,64,64,64],"floor_reached":28,"language":"ENG","playtime":1410,"items_purged":["Strike_R"],"score":516,"play_id":"015fc7eb-dcb0-4f88-b5cd-9bd87f87ca40","local_time":"20210131140247","is_ascension_mode":true,"campfire_choices":[{"floor":7.0,"key":"REST"},{"floor":10.0,"key":"REST"},{"data":"Disarm","floor":12.0,"key":"SMITH"},{"floor":15.0,"key":"REST"},{"data":"True Grit","floor":23.0,"key":"SMITH"},{"floor":25,"key":"REST"}],"circlet_count":0,"master_deck":["AscendersBane","Strike_R","Strike_R","Strike_R","Strike_R","Defend_R","Defend_R","Defend_R","Defend_R","Bash","Armaments","Feel No Pain","Anger","Sword Boomerang","Inflame","Offering","Disarm+1","Disarm","Spot Weakness","Corruption","Battle Trance","Evolve","True Grit+1","Shrug It Off","Writhe","Second Wind+1","Shrug It Off"],"relics":["Mark of Pain","Gremlin Horn","Happy Flower","Ancient Tea Set","Matryoshka","Odd Mushroom","SlaversCollar","Membership Card","Pen Nib","Tiny Chest","Anchor","Vajra","Bottled Tornado","Ornamental Fan"],"acts_visited":["TheCity"],"potions_floor_usage":[24,28],"damage_taken":[{"damage":9.0,"enemies":"Jaw Worm","floor":1.0,"turns":4.0},{"damage":3.0,"enemies":"2 Louse","floor":2.0,"turns":4.0},{"damage":0.0,"enemies":"Small Slimes","floor":3.0,"turns":5.0},{"damage":11.0,"enemies":"Blue Slaver","floor":4.0,"turns":4.0},{"damage":1.0,"enemies":"2 Fungi Beasts","floor":5.0,"turns":3.0},{"damage":16.0,"enemies":"Gremlin Nob","floor":6.0,"turns":4.0},{"damage":17.0,"enemies":"3 Sentries","floor":8.0,"turns":7.0},{"damage":26.0,"enemies":"Lagavulin","floor":11.0,"turns":5.0},{"damage":7.0,"enemies":"Looter","floor":13.0,"turns":3.0},{"damage":18.0,"enemies":"The Mushroom Lair","floor":14.0,"turns":4.0},{"damage":14.0,"enemies":"Hexaghost","floor":16.0,"turns":11.0},{"damage":8.0,"enemies":"3 Byrds","floor":18.0,"turns":5.0},{"damage":6.0,"enemies":"Spheric Guardian","floor":21.0,"turns":5.0},{"damage":28,"enemies":"Book of Stabbing","floor":24,"turns":6},{"damage":17,"enemies":"Shelled Parasite and Fungi","floor":27,"turns":7},{"damage":25,"enemies":"Slavers","floor":28,"turns":4}],"seed_played":"-3532791222516109352","potions_obtained":[{"floor":1.0,"key":"Swift Potion"},{"floor":4.0,"key":"Block Potion"},{"floor":11.0,"key":"DuplicationPotion"},{"floor":16.0,"key":"SpeedPotion"},{"floor":27,"key":"CultistPotion"}],"is_trial":false,"path_per_floor":["M","M","M","M","M","E","R","E","T","R","E","R","M","?","R","B",null,"M","$","?","M","?","R","E","R","T","M","E"],"character_chosen":"IRONCLAD","items_purchased":["Membership Card","Pen Nib","Evolve","True Grit","Tiny Chest"],"campfire_rested":4,"item_purchase_floors":[19,19,19,19,19],"current_hp_per_floor":[59,56,56,45,44,28,50,33,33,55,29,29,22,4,26,12,59,51,51,51,45,45,45,17,39,39,22,0,0],"gold":64,"neow_bonus":"BOSS_RELIC","is_daily":false,"chose_seed":false,"campfire_upgraded":2,"win_rate":0.0,"timestamp":1612101767,"path_taken":["M","M","M","M","M","E","R","E","T","R","E","R","M","?","R","BOSS","M","$","?","M","?","R","E","R","T","M","E"],"items_purchased_type":["Relic","Relic","Card","Card","Relic"],"build_version":"2020-12-22","purchased_purges":1,"victory":false,"max_hp_per_floor":[75,75,75,75,75,75,75,75,75,75,75,75,75,75,75,75,75,75,75,75,75,75,75,75,75,75,75,75,75],"relic_stats":{"Gremlin Horn":[7,7],"Happy Flower":[16],"counters":[16,81],"Ornamental Fan":[4],"Tiny Chest":0,"Pen Nib":[3],"obtain_stats":[{"Gremlin Horn":6,"Happy Flower":8,"Vajra":24,"Pen Nib":19,"Odd Mushroom":14,"Bottled Tornado":26,"Ancient Tea Set":9,"Burning Blood":0,"SlaversCollar":17,"Anchor":22,"Matryoshka":11,"Ornamental Fan":26,"Tiny Chest":19,"Mark of Pain":0,"Membership Card":19},{"Gremlin Horn":6,"Happy Flower":7,"Vajra":14,"Pen Nib":12,"Odd Mushroom":10,"Bottled Tornado":14,"Ancient Tea Set":7,"Burning Blood":0,"SlaversCollar":11,"Anchor":13,"Matryoshka":8,"Ornamental Fan":14,"Tiny Chest":12,"Mark of Pain":0,"Membership Card":12},{"Gremlin Horn":24,"Happy Flower":31,"Vajra":70,"Pen Nib":59,"Odd Mushroom":43,"Bottled Tornado":70,"Ancient Tea Set":31,"Burning Blood":0,"SlaversCollar":54,"Anchor":64,"Matryoshka":36,"Ornamental Fan":70,"Tiny Chest":59,"Mark of Pain":0,"Membership Card":59}]},"card_choices":[{"not_picked":["Combust","Sword Boomerang"],"picked":"Armaments","floor":1.0},{"not_picked":["Warcry","Second Wind"],"picked":"Feel No Pain","floor":2.0},{"not_picked":["Spot Weakness","Heavy Blade"],"picked":"Anger","floor":3.0},{"not_picked":["Bloodletting","Wild Strike"],"picked":"Sword Boomerang","floor":4.0},{"not_picked":["Thunderclap","Clash"],"picked":"Inflame","floor":5.0},{"not_picked":["Armaments","Pommel Strike"],"picked":"Offering","floor":6.0},{"not_picked":["Warcry","Body Slam","Dark Embrace"],"picked":"SKIP","floor":8.0},{"not_picked":["Bloodletting","Anger"],"picked":"Disarm","floor":11.0},{"not_picked":["Heavy Blade","Spot Weakness"],"picked":"Disarm","floor":13.0},{"not_picked":["Flex","Warcry"],"picked":"Spot Weakness","floor":14.0},{"not_picked":["Exhume","Offering"],"picked":"Corruption","floor":16.0},{"not_picked":["Seeing Red","Havoc"],"picked":"Battle Trance","floor":18.0},{"not_picked":["Carnage","Metallicize"],"picked":"Shrug It Off","floor":21.0},{"not_picked":["Berserk","Reckless Charge+1"],"picked":"Second Wind+1","floor":24},{"not_picked":["Intimidate","Iron Wave"],"picked":"Shrug It Off","floor":27}],"player_experience":725329,"relics_obtained":[{"floor":6.0,"key":"Gremlin Horn"},{"floor":8.0,"key":"Happy Flower"},{"floor":9.0,"key":"Ancient Tea Set"},{"floor":11.0,"key":"Matryoshka"},{"floor":14.0,"key":"Odd Mushroom"},{"floor":24,"key":"Vajra"},{"floor":26,"key":"Bottled Tornado"},{"floor":26,"key":"Ornamental Fan"}],"event_choices":[{"damage_healed":0.0,"max_hp_gain":0.0,"max_hp_loss":0.0,"gold_gain":0.0,"event_name":"Mushrooms","player_choice":"Fought Mushrooms","floor":14.0,"gold_loss":0.0,"damage_taken":0.0},{"damage_healed":0.0,"max_hp_gain":0.0,"max_hp_loss":0.0,"gold_gain":0.0,"event_name":"Ghosts","player_choice":"Ignored","floor":20.0,"gold_loss":0.0,"damage_taken":0.0},{"damage_healed":0.0,"max_hp_gain":0.0,"max_hp_loss":0.0,"gold_gain":0.0,"event_name":"The Mausoleum","player_choice":"Opened","floor":22.0,"gold_loss":0.0,"damage_taken":0.0,"relics_obtained":["Anchor"],"cards_obtained":["Writhe"]}],"is_beta":false,"boss_relics":[{"not_picked":["Tiny House","Runic Dome"],"picked":"SlaversCollar"}],"items_purged_floors":[19],"is_endless":false,"potions_floor_spawned":[1,4,5,11,16,27],"killed_by":"Slavers","ascension_level":20}}