{"host":"czyddnh1ekzxzhp2","time":1612132209,"event":{"mods":["BaseMod","Better Third Choice","BetterRewards","Hermit","Minty Spire (QoL Compilation)","StSLib"],"gold_per_floor":[119,119,136,149,149,175,175,175,175],"floor_reached":8,"language":"ENG","playtime":404,"items_purged":[],"score":62,"play_id":"4aee050a-cfca-4e59-bcec-d5e678d2c099","local_time":"20210131173009","is_ascension_mode":true,"campfire_choices":[{"floor":7,"key":"REST"}],"circlet_count":0,"master_deck":["hermit:Strike_Hermit","hermit:Strike_Hermit","hermit:Strike_Hermit","hermit:Defend_Hermit","hermit:Defend_Hermit","hermit:Defend_Hermit+1","hermit:Defend_Hermit","hermit:Snapshot","hermit:Covet+1","hermit:RoundhouseKick","hermit:CursedWeapon","hermit:FlashPowder","hermit:CursedWeapon"],"relics":["hermit:Momento","Happy Flower"],"acts_visited":["Exordium"],"potions_floor_usage":[6],"damage_taken":[{"damage":0,"enemies":"2 Louse","floor":1,"turns":2},{"damage":2,"enemies":"Jaw Worm","floor":3,"turns":4},{"damage":2,"enemies":"Small Slimes","floor":4,"turns":3},{"damage":11,"enemies":"Lagavulin","floor":6,"turns":8},{"damage":47,"enemies":"Gremlin Nob","floor":8,"turns":4}],"seed_played":"939739562843327691","potions_obtained":[{"floor":4,"key":"hermit:Tonic"}],"is_trial":false,"path_per_floor":["M","?","M","M","?","E","R","E"],"character_chosen":"HERMIT","items_purchased":[],"campfire_rested":1,"item_purchase_floors":[],"current_hp_per_floor":[54,39,37,35,28,17,39,0,0],"gold":175,"neow_bonus":"THREE_RARE_CARDS","is_daily":false,"chose_seed":false,"campfire_upgraded":0,"win_rate":0.0,"timestamp":1612132209,"path_taken":["M","?","M","M","?","E","R","E"],"items_purchased_type":[],"build_version":"2020-12-22","purchased_purges":0,"victory":false,"max_hp_per_floor":[75,75,75,75,75,75,75,75,75],"card_choices":[{"not_picked":["hermit:Reprieve","hermit:Gambit"],"picked":"hermit:RoundhouseKick","floor":0},{"not_picked":["hermit:CalledShot","hermit:DeadMansHand","hermit:Snipe"],"picked":"SKIP","floor":1},{"not_picked":["hermit:TakeAim","hermit:Misfire"],"picked":"hermit:CursedWeapon","floor":3},{"not_picked":["hermit:ItchyTrigger","hermit:Glare"],"picked":"hermit:FlashPowder","floor":4},{"not_picked":["hermit:Dissolve","hermit:Snipe"],"picked":"hermit:CursedWeapon","floor":6}],"player_experience":871604,"relics_obtained":[{"floor":6,"key":"Happy Flower"}],"event_choices":[{"damage_healed":54,"gold_gain":0,"player_choice":"Upgrade","damage_taken":15,"max_hp_gain":0,"max_hp_loss":75,"event_name":"betterThird:BetterShining","floor":2,"gold_loss":0,"cards_upgraded":["hermit:Defend_Hermit","hermit:Covet"]},{"cards_removed":["hermit:Strike_Hermit"],"damage_healed":0,"gold_gain":0,"player_choice":"Card Removal","damage_taken":7,"max_hp_gain":0,"max_hp_loss":0,"event_name":"Golden Wing","floor":5,"gold_loss":0}],"is_beta":false,"boss_relics":[],"items_purged_floors":[],"is_endless":false,"potions_floor_spawned":[4],"killed_by":"Gremlin Nob","ascension_level":2}}