{"host":"skr63qsdfgeey3it","time":1612129348,"event":{"mods":["BaseMod","Colored Map","Hubris","Minty Spire (QoL Compilation)","Replay The Spire","Spicy Shops","StSLib"],"gold_per_floor":[112,125,138,138,29,60,60,87,87,87,100,100,100],"floor_reached":12,"language":"ENG","playtime":307,"items_purged":[],"score":136,"play_id":"109f87f3-040d-40e4-a014-73d03e1b44ae","local_time":"20210131154228","is_ascension_mode":true,"campfire_choices":[{"floor":7,"key":"REST"},{"floor":10,"key":"REST"}],"circlet_count":0,"master_deck":["AscendersBane","Strike_B","Strike_B","Strike_B","Strike_B","Defend_B","Defend_B","Defend_B","Zap","Dualcast","Redo","Streamline","Cold Snap","FTL+1","Ball Lightning","Lockon","FIFO Queue","Multi-Cast"],"relics":["Cracked Core","NeowsBlessing","ReplayFunnel","Gremlin Horn","Kunai"],"acts_visited":["Exordium"],"potions_floor_usage":[6],"damage_taken":[{"damage":0,"enemies":"Cultist","floor":1,"turns":1},{"damage":0,"enemies":"2 Louse","floor":2,"turns":1},{"damage":0,"enemies":"Jaw Worm","floor":3,"turns":1},{"damage":43,"enemies":"3 Sentries","floor":6,"turns":5},{"damage":36,"enemies":"Gremlin Nob","floor":8,"turns":4},{"damage":5,"enemies":"Gremlin Gang","floor":11,"turns":4},{"damage":36,"enemies":"Lagavulin","floor":12,"turns":3}],"seed_played":"5334294758114686681","potions_obtained":[{"floor":2,"key":"LiquidBronze"}],"is_trial":false,"path_per_floor":["M","M","M","?","$","E","R","E","T","R","M","E"],"character_chosen":"DEFECT","items_purchased":["Ball Lightning","Lockon"],"campfire_rested":2,"item_purchase_floors":[5,5],"current_hp_per_floor":[68,68,68,68,68,25,47,11,11,33,28,0,0],"gold":100,"neow_bonus":"THREE_ENEMY_KILL","is_daily":false,"chose_seed":false,"campfire_upgraded":0,"win_rate":0.0,"timestamp":1612129348,"path_taken":["M","M","?","?","$","E","R","E","T","R","M","E"],"items_purchased_type":["Card","Card"],"build_version":"2020-12-22","purchased_purges":0,"victory":false,"max_hp_per_floor":[75,75,75,75,75,75,75,75,75,75,75,75,75],"card_choices":[{"not_picked":["Go for the Eyes","BasicCrystalCard"],"picked":"Redo","floor":1},{"not_picked":["Blizzard","Cold Snap"],"picked":"Streamline","floor":2},{"not_picked":["Gash","FTL"],"picked":"Cold Snap","floor":3},{"not_picked":["hubris:Ukulele","Compile Driver"],"picked":"FIFO Queue","floor":6},{"not_picked":["Blizzard","Streamline"],"picked":"Multi-Cast","floor":8},{"not_picked":["Stack","Blizzard","Rebound"],"picked":"SKIP","floor":11}],"player_experience":844140,"relics_obtained":[{"floor":6,"key":"ReplayFunnel"},{"floor":8,"key":"Gremlin Horn"},{"floor":9,"key":"Kunai"}],"event_choices":[],"is_beta":false,"boss_relics":[],"items_purged_floors":[],"is_endless":false,"potions_floor_spawned":[2],"killed_by":"Lagavulin","ascension_level":11}}