{"host":"m4qpn8a4h7jhbw2f","time":1612116175,"event":{"mods":["BaseMod","Colored Map","Colored Powertips","Highlight Path","Minty Spire (QoL Compilation)","Rare Cards Sparkle","Relic Stats"],"gold_per_floor":[118,118,118,132,151,181,181,201,225,243,243,243,318,330,330,435,485,498,498,513,528,548,548,558,558,558,558,473,473,308,342,342,342,342],"floor_reached":33,"language":"ENG","playtime":1890,"items_purged":["Strike_R"],"score":344,"play_id":"24566d25-4aee-4caa-a119-038c01da282c","local_time":"20210131130255","is_ascension_mode":true,"campfire_choices":[{"data":"Feed","floor":7,"key":"SMITH"},{"data":"Whirlwind","floor":11,"key":"SMITH"},{"data":"Wild Strike","floor":15,"key":"SMITH"},{"data":"Carnage","floor":23,"key":"SMITH"},{"data":"Infernal Blade","floor":25,"key":"SMITH"},{"data":"Anger","floor":27,"key":"SMITH"},{"data":"Blood for Blood","floor":29,"key":"SMITH"},{"data":"Enlightenment","floor":32,"key":"SMITH"}],"circlet_count":0,"master_deck":["Strike_R","Strike_R","Strike_R+1","Defend_R","Defend_R","Defend_R","Defend_R","Bash","Shrug It Off","Whirlwind+1","Flex","Feed+1","Wild Strike+1","Flex","Feed","Spot Weakness","RitualDagger","Infernal Blade+1","Blood for Blood+1","Carnage+1","Anger+1","Enlightenment+1","Warcry"],"relics":["Burning Blood","NeowsBlessing","NlothsMask","MealTicket","Centennial Puzzle","Tiny House","Blue Candle","Gremlin Horn","Matryoshka"],"acts_visited":["TheCity"],"potions_floor_usage":[6,6,6,16,16,22,22,24,33],"damage_taken":[{"damage":0,"enemies":"Small Slimes","floor":1,"turns":1},{"damage":0,"enemies":"2 Louse","floor":4,"turns":1},{"damage":0,"enemies":"Cultist","floor":5,"turns":1},{"damage":10,"enemies":"Gremlin Nob","floor":6,"turns":4},{"damage":0,"enemies":"2 Fungi Beasts","floor":8,"turns":2},{"damage":12,"enemies":"Looter","floor":10,"turns":5},{"damage":0,"enemies":"Exordium Wildlife","floor":14,"turns":2},{"damage":56,"enemies":"The Guardian","floor":16,"turns":14},{"damage":25,"enemies":"Chosen","floor":18,"turns":5},{"damage":13,"enemies":"3 Byrds","floor":20,"turns":6},{"damage":17,"enemies":"Snecko","floor":21,"turns":4},{"damage":14,"enemies":"Snake Plant","floor":22,"turns":2},{"damage":31,"enemies":"Centurion and Healer","floor":24,"turns":3},{"damage":10,"enemies":"Gremlin Leader","floor":31,"turns":3},{"damage":68,"enemies":"Champ","floor":33,"turns":9}],"seed_played":"3295106385864516419","potions_obtained":[{"floor":4,"key":"EntropicBrew"},{"floor":6,"key":"Strength Potion"},{"floor":17,"key":"EssenceOfSteel"},{"floor":20,"key":"Explosive Potion"},{"floor":21,"key":"SneckoOil"},{"floor":22,"key":"DuplicationPotion"}],"is_trial":false,"path_per_floor":["M","?","?","M","M","E","R","M","T","M","R","?","?","M","R","B",null,"M","?","M","M","M","R","M","R","T","R","?","R","$","E","R","B"],"character_chosen":"IRONCLAD","items_purchased":["Enlightenment"],"campfire_rested":0,"item_purchase_floors":[30],"current_hp_per_floor":[80,80,80,80,80,76,76,84,84,82,82,70,59,69,69,19,97,81,75,75,64,60,60,39,39,39,39,39,39,54,54,54,0,0],"gold":342,"neow_bonus":"THREE_ENEMY_KILL","is_daily":false,"chose_seed":false,"campfire_upgraded":8,"win_rate":0.0,"timestamp":1612116175,"path_taken":["M","?","?","?","M","E","R","M","T","M","R","?","?","M","R","BOSS","M","?","M","M","M","R","M","R","T","R","?","R","$","E","R","BOSS"],"items_purchased_type":["Card"],"build_version":"2020-12-22","purchased_purges":1,"victory":false,"max_hp_per_floor":[80,80,80,80,80,80,80,84,84,88,88,88,88,92,92,92,97,100,100,107,107,111,111,115,115,115,115,115,115,115,119,119,119,119],"relic_stats":{"Centennial Puzzle":[24],"Gremlin Horn":[3,3],"counters":[15,62],"Blue Candle":[0],"MealTicket":15,"obtain_stats":[{"Centennial Puzzle":12,"Tiny House":17,"Matryoshka":31,"NeowsBlessing":0,"Gremlin Horn":28,"Blue Candle":26,"MealTicket":6,"Burning Blood":0,"NlothsMask":3},{"Centennial Puzzle":6,"Tiny House":8,"Matryoshka":14,"NeowsBlessing":0,"Gremlin Horn":13,"Blue Candle":13,"MealTicket":4,"Burning Blood":0,"NlothsMask":1},{"Centennial Puzzle":14,"Tiny House":30,"Matryoshka":53,"NeowsBlessing":0,"Gremlin Horn":50,"Blue Candle":50,"MealTicket":7,"Burning Blood":0,"NlothsMask":1}],"Burning Blood":64},"card_choices":[{"not_picked":["Clothesline","Clash"],"picked":"Shrug It Off","floor":1},{"not_picked":["Sentinel","Armaments"],"picked":"Flex","floor":4},{"not_picked":["Headbutt","Rage"],"picked":"Feed","floor":5},{"not_picked":["Thunderclap","Armaments"],"picked":"Wild Strike","floor":6},{"not_picked":["Blood for Blood","Shockwave","Clothesline"],"picked":"SKIP","floor":8},{"not_picked":["Inflame","Sword Boomerang","Thunderclap"],"picked":"SKIP","floor":10},{"not_picked":["Inflame","Sword Boomerang","Thunderclap"],"picked":"SKIP","floor":10},{"not_picked":["Feel No Pain","Heavy Blade"],"picked":"Flex","floor":14},{"not_picked":["Berserk","Brutality"],"picked":"Feed","floor":16},{"not_picked":["Cleave","Dark Embrace"],"picked":"Spot Weakness","floor":17},{"not_picked":["Body Slam+1","Cleave","Clothesline"],"picked":"SKIP","floor":18},{"not_picked":["Wild Strike+1","True Grit"],"picked":"Infernal Blade","floor":20},{"not_picked":["Perfected Strike","Combust"],"picked":"Blood for Blood","floor":21},{"not_picked":["Bloodletting","Sentinel"],"picked":"Carnage","floor":22},{"not_picked":["Sword Boomerang+1","Intimidate"],"picked":"Anger","floor":24},{"not_picked":["Havoc","Corruption"],"picked":"Warcry","floor":31}],"player_experience":194983,"relics_obtained":[{"floor":6,"key":"MealTicket"},{"floor":26,"key":"Blue Candle"},{"floor":31,"key":"Matryoshka"}],"event_choices":[{"damage_healed":0,"gold_gain":0,"cards_transformed":["Strike_R"],"player_choice":"Change","damage_taken":0,"max_hp_gain":0,"max_hp_loss":0,"event_name":"Living Wall","floor":2,"gold_loss":0,"cards_obtained":["Whirlwind"]},{"damage_healed":0,"gold_gain":0,"player_choice":"Trade","damage_taken":0,"relics_obtained":["NlothsMask"],"max_hp_gain":0,"max_hp_loss":0,"event_name":"FaceTrader","floor":3,"gold_loss":0},{"damage_healed":0,"gold_gain":0,"player_choice":"Success","damage_taken":12,"relics_obtained":["Centennial Puzzle"],"max_hp_gain":0,"max_hp_loss":0,"event_name":"Scrap Ooze","floor":12,"gold_loss":0},{"damage_healed":0,"gold_gain":75,"player_choice":"Gather Gold","damage_taken":11,"max_hp_gain":0,"max_hp_loss":0,"event_name":"World of Goop","floor":13,"gold_loss":0},{"damage_healed":0,"gold_gain":0,"player_choice":"Joined the Cult","damage_taken":6,"max_hp_gain":0,"max_hp_loss":0,"event_name":"Nest","floor":19,"gold_loss":0,"cards_obtained":["RitualDagger"]},{"damage_healed":0,"gold_gain":0,"player_choice":"Obtained Relic","damage_taken":0,"relics_obtained":["Gremlin Horn"],"max_hp_gain":0,"max_hp_loss":0,"event_name":"Addict","floor":28,"gold_loss":85}],"is_beta":false,"boss_relics":[{"not_picked":["Fusion Hammer","Sozu"],"picked":"Tiny House"}],"items_purged_floors":[30],"is_endless":false,"potions_floor_spawned":[4,6,20,21,22],"killed_by":"Champ","ascension_level":2}}