{"host":"bxdue9bkfm2khp2x","time":1612076724,"event":{"mods":["ATMod(阿瑾Mod)","Arknights","Aspiration","BaseMod","Better Vampires","Challenge The Spire","Colored Map","Colored Powertips","Conspire","Decade(王小明)","Dota2Spire","Highlight Path","Minty Spire (QoL Compilation)","MostiFishMod","Remilia（蕾米莉亚）","Replay The Spire","RumiaBox-露米娅的神秘盒子","Ryuuou龙王","Spicy Shops","StSLib","Td1madao Mod","The Alterego","The Bug Knight","The Cursed","The Servant 0.9.4","WarShipGirlsR/战舰少女R mod","noobMod","【功能Mod】混沌之环修复补丁","【遗物卡牌】REMEMod","篝火指南"],"gold_per_floor":[117,117,117,136,156,156,81,81,81,81,93,107,107,124,124,199,199,215,40,40,73,84,84,113,113,113,132,132,169,169,237,237,313,313,324,324,324,337,337,337,78,78,78,91,91,106,106,124,124,124,124],"floor_reached":52,"language":"ZHS","playtime":2738,"items_purged":["Defend_R","Strike_R","Strike_R"],"score":1841,"play_id":"ed552b57-1708-4beb-b229-c57a77a8065c","local_time":"20210131150524","is_ascension_mode":true,"campfire_choices":[{"data":"AT_LightSaberMaster","floor":6,"key":"SMITH"},{"data":"REME_Cut","floor":8,"key":"SMITH"},{"data":"Iron Wave","floor":10,"key":"SMITH"},{"data":"Shrug It Off","floor":15,"key":"SMITH"},{"data":"Inflame","floor":23,"key":"SMITH"},{"data":"Spot Weakness","floor":25,"key":"SMITH"},{"data":"REME_ACTH","floor":28,"key":"SMITH"},{"data":"Bash","floor":32,"key":"SMITH"},{"data":"Defend_R","floor":40,"key":"SMITH"},{"data":"REME_Cut","floor":42,"key":"SMITH"},{"data":"MostiFishMod:CullingBlade","floor":45,"key":"SMITH"},{"data":"Defend_R","floor":49,"key":"SMITH"}],"circlet_count":0,"master_deck":["AscendersBane","Strike_R","Defend_R+1","Defend_R+1","Bash+1","ReplayUltimateDefense+1","AT_LightSaberMaster+1","Shrug It Off+1","Iron Wave+1","REME_Cut+1","Heavy Blade+1","REME_ACTH+1","Inflame+1","Spot Weakness+1","REME_Cut+1","MostiFishMod:CullingBlade+1","AT_IchimonjiDouble+1"],"relics":["Burning Blood","DaveBox","REME_ComplimentaryCards","ice","AT_ATBox","DianPoetry","NeowsBlessing","SynthV:TestCard","Question Card","Red Mask","aspiration:Lifesprig","Tiny Chest","Unceasing Top","RhineSuit","AT_ImmortalShieldbow","Mirror","ReplayTheSpireMod:Ninjato"],"acts_visited":["Exordium","TheCity","TheBeyond"],"potions_floor_usage":[16,44,50,50],"damage_taken":[{"damage":0,"enemies":"Small Slimes","floor":1,"turns":2},{"damage":0,"enemies":"Jaw Worm","floor":4,"turns":1},{"damage":0,"enemies":"2 Louse","floor":5,"turns":1},{"damage":7,"enemies":"Large Slime","floor":11,"turns":4},{"damage":3,"enemies":"2 Fungi Beasts","floor":12,"turns":3},{"damage":0,"enemies":"3 Louse","floor":14,"turns":4},{"damage":16,"enemies":"Hexaghost","floor":16,"turns":7},{"damage":1,"enemies":"3 Byrds","floor":18,"turns":5},{"damage":0,"enemies":"Masked Bandits","floor":21,"turns":4},{"damage":0,"enemies":"Spheric Guardian","floor":22,"turns":3},{"damage":0,"enemies":"Gremlin Leader","floor":24,"turns":5},{"damage":17,"enemies":"Shelled Parasite and Fungi","floor":27,"turns":3},{"damage":0,"enemies":"conspire:MimicChest","floor":29,"turns":4},{"damage":15,"enemies":"Automaton","floor":33,"turns":7},{"damage":0,"enemies":"Orb Walker","floor":35,"turns":2},{"damage":0,"enemies":"3 Darklings","floor":38,"turns":4},{"damage":0,"enemies":"4 Shapes","floor":44,"turns":4},{"damage":0,"enemies":"Maw","floor":46,"turns":3},{"damage":0,"enemies":"3 Darklings","floor":48,"turns":3},{"damage":24,"enemies":"Donu and Deca","floor":50,"turns":2},{"damage":0,"enemies":"conspire:OrnateMirror","floor":51,"turns":4}],"seed_played":"3642122178114377297","potions_obtained":[{"floor":1,"key":"Milkshake"},{"floor":12,"key":"GamblersBrew"},{"floor":14,"key":"Dexterity Potion"},{"floor":18,"key":"Strength Potion"},{"floor":24,"key":"Fire Potion"},{"floor":48,"key":"SteroidPotion"}],"is_trial":false,"path_per_floor":["M","?","?","M","M","R","$","R","T","R","M","M","?","M","R","B",null,"M","$","?","?","M","R","E","R","T","M","R","?","?","T","R","B",null,"M","T","?","M","?","R","$","R","T","M","R","M","T","M","R","B","B",null],"character_chosen":"IRONCLAD","items_purchased":["Inflame","REME_Cut"],"campfire_rested":0,"item_purchase_floors":[19,41],"current_hp_per_floor":[74,67,44,50,56,56,56,56,56,56,55,58,58,64,64,54,70,75,75,75,75,75,75,75,75,75,64,64,70,70,70,70,61,72,75,75,75,75,75,75,75,75,75,75,75,75,75,75,75,57,63],"gold":124,"neow_bonus":"THREE_ENEMY_KILL","is_daily":false,"chose_seed":false,"campfire_upgraded":12,"win_rate":0.0,"timestamp":1612076724,"path_taken":["M","?","?","M","M","R","$","R","T","R","M","M","?","M","R","BOSS","M","$","?","?","M","R","E","R","T","M","R","?","?","?","R","BOSS","M","?","?","M","?","R","$","R","T","?","R","M","?","M","R","BOSS","BOSS"],"items_purchased_type":["Card","Card"],"build_version":"2020-12-22","purchased_purges":3,"victory":true,"max_hp_per_floor":[75,75,75,75,75,75,75,75,75,75,75,75,75,75,75,75,75,75,75,75,75,75,75,75,75,75,75,75,75,75,75,75,75,75,75,75,75,75,75,75,75,75,75,75,75,75,75,75,75,75,75],"card_choices":[{"not_picked":["Armaments","Body Slam"],"picked":"Shrug It Off","floor":1},{"not_picked":["Cleave","Spot Weakness","Defy Death","Twin Strike"],"picked":"Iron Wave","floor":4},{"not_picked":["Carnage","Battle Trance","Clash","Replay:Undeath\u0027s Touch"],"picked":"REME_Cut","floor":5},{"not_picked":["Searing Blow","Whirlwind","MostiFishMod:OrdinaryWorld","Pommel Strike","Pummel","Metallicize"],"picked":"SKIP","floor":11},{"not_picked":["Seeing Red","Body Slam","Ghostly Armor","Twin Strike","Headbutt","conspire:Charge"],"picked":"SKIP","floor":12},{"not_picked":["Clash","Anger","Burning Pact","Flex","Metallicize","Sword Boomerang"],"picked":"SKIP","floor":14},{"not_picked":["Bludgeon","Replay:Many Hands","REME_Fury","Barricade","Berserk"],"picked":"REME_ACTH","floor":16},{"not_picked":["Wild Strike","Twin Strike","True Grit","ReplayTheSpireMod:Stacked","Abandon","Metallicize"],"picked":"SKIP","floor":18},{"not_picked":["AT_BodySlamDance","Burning Pact","Twin Strike+1","Seeing Red","Perfected Strike"],"picked":"Spot Weakness","floor":22},{"not_picked":["Havoc","conspire:Charge","REME_Scribble","Heavy Blade","AT_CaressingTears","Armaments"],"picked":"SKIP","floor":24},{"not_picked":["Dual Wield","Flex+1","Havoc","Perfected Strike","Twin Strike","Clothesline"],"picked":"SKIP","floor":27},{"not_picked":["Intimidate","Massacre","ReplayTheSpireMod:Stacked","Twin Strike","Replay:Undeath\u0027s Touch","Clothesline+1"],"picked":"SKIP","floor":35},{"not_picked":["Sentinel+1","AT_DrawKnifeCut","Warcry","Heavy Blade+1","Flex","Armaments"],"picked":"SKIP","floor":38},{"not_picked":["Twin Strike","AT_DiedThrough+1","Shrug It Off","Evolve","ReplayTheSpireMod:Corrosion Curse"],"picked":"MostiFishMod:CullingBlade","floor":44},{"not_picked":["conspire:Charge","Whirlwind","Shrug It Off","Clash+1","Entrench"],"picked":"AT_IchimonjiDouble+1","floor":46},{"not_picked":["Thunderclap","Clothesline+1","Iron Wave","Heavy Blade","Run Through","Perfected Strike"],"picked":"SKIP","floor":48}],"player_experience":1374263,"relics_obtained":[{"floor":1,"key":"SynthV:TestCard"},{"floor":9,"key":"Question Card"},{"floor":21,"key":"Red Mask"},{"floor":24,"key":"aspiration:Lifesprig"},{"floor":26,"key":"Tiny Chest"},{"floor":29,"key":"Unceasing Top"},{"floor":36,"key":"AT_ImmortalShieldbow"},{"floor":43,"key":"Mirror"},{"floor":47,"key":"ReplayTheSpireMod:Ninjato"}],"event_choices":[{"cards_removed":["Strike_R"],"damage_healed":0,"gold_gain":0,"player_choice":"Card Removal","damage_taken":7,"max_hp_gain":0,"max_hp_loss":0,"event_name":"Golden Wing","floor":2,"gold_loss":0},{"damage_healed":0,"gold_gain":0,"player_choice":"Entered Light","damage_taken":23,"max_hp_gain":0,"max_hp_loss":0,"event_name":"Shining Light","floor":3,"gold_loss":0,"cards_upgraded":["Strike_R","ReplayUltimateDefense"]},{"damage_healed":0,"gold_gain":0,"player_choice":"Fought Bandits","damage_taken":0,"max_hp_gain":0,"max_hp_loss":0,"event_name":"Masked Bandits","floor":21,"gold_loss":0},{"damage_healed":0,"gold_gain":0,"player_choice":"Ignored","damage_taken":0,"max_hp_gain":0,"max_hp_loss":0,"event_name":"Mysterious Sphere","floor":37,"gold_loss":0},{"cards_removed":["Defend_R"],"damage_healed":0,"gold_gain":0,"player_choice":"Removed Skill","damage_taken":0,"max_hp_gain":0,"max_hp_loss":0,"event_name":"Falling","floor":39,"gold_loss":0}],"is_beta":false,"boss_relics":[{"not_picked":["conspire:SeveredTorchhead","Kintsugi","HereWithMe"]},{"not_picked":["JellyFishMachine","EasyGame_NEW"],"picked":"RhineSuit"}],"items_purged_floors":[7,19,41],"is_endless":false,"potions_floor_spawned":[1,12,14,18,24,29,33,35,48],"ascension_level":20}}