{"host":"0lnbgkridwifzojt","time":1612083837,"event":{"mods":["BaseMod","Minty Spire (QoL Compilation)","StSLib","The Bug Knight"],"gold_per_floor":[114,114,114,129,129,159,159,189,264,294,294,324,339,39,39,139,139,154,5,20,35,50,50,80,80,80,80,95,95,95],"floor_reached":29,"language":"ENG","playtime":3667,"items_purged":["Defend_G"],"score":296,"play_id":"701f3024-9c78-4eda-ae10-71203435ba2a","local_time":"20210131010357","daily_mods":["Allstar","Diverse","Elite Swarm"],"is_ascension_mode":false,"campfire_choices":[{"floor":7.0,"key":"REST"},{"floor":11,"key":"REST"},{"data":"HollowMod:SlysStrikes","floor":15,"key":"SMITH"},{"floor":23,"key":"REST"},{"floor":25,"key":"REST"},{"data":"Study","floor":27,"key":"SMITH"}],"circlet_count":0,"master_deck":["Strike_G","Strike_G","Strike_G","Strike_G","Strike_G+1","Defend_G","Defend_G","Defend_G","Defend_G","Survivor","Neutralize+1","Discovery","Blind","Transmutation","Impatience","Panacea","HollowMod:LifebloodCocoon","Study+1","Pain","Tools of the Trade","Venomology","Immolate","HollowMod:SlysStrikes+1","FlyingSleeves","DevaForm","Cloak And Dagger","Deflect","Anger","Reprogram+1","Heel Hook+1","HollowMod:PerfectDash","Devotion","Perseverance"],"relics":["Ring of the Snake","Du-Vu Doll","WarpedTongs","Pear","Nunchaku","Sundial","Boot","InkBottle","Lee\u0027s Waffle","PreservedInsect","HoveringKite","Dead Branch","Ancient Tea Set"],"acts_visited":["Exordium","TheCity"],"potions_floor_usage":[10,10,16,16,18,20,20,22,22,28,29],"damage_taken":[{"damage":0.0,"enemies":"Small Slimes","floor":1.0,"turns":5.0},{"damage":3.0,"enemies":"Jaw Worm","floor":4.0,"turns":4.0},{"damage":9.0,"enemies":"Lagavulin","floor":6.0,"turns":12.0},{"damage":13,"enemies":"3 Sentries","floor":8,"turns":12},{"damage":20,"enemies":"Gremlin Nob","floor":10,"turns":4},{"damage":11,"enemies":"Lagavulin","floor":12,"turns":8},{"damage":23,"enemies":"Cultist","floor":13,"turns":5},{"damage":16,"enemies":"Slime Boss","floor":16,"turns":6},{"damage":9,"enemies":"Chosen","floor":18,"turns":5},{"damage":17,"enemies":"Shell Parasite","floor":20,"turns":5},{"damage":27,"enemies":"Shelled Parasite and Fungi","floor":21,"turns":6},{"damage":19,"enemies":"Snecko","floor":22,"turns":5},{"damage":11,"enemies":"Gremlin Leader","floor":24,"turns":6},{"damage":27,"enemies":"Centurion and Healer","floor":28,"turns":5},{"damage":7,"enemies":"Shelled Parasite and Fungi","floor":29,"turns":3}],"seed_played":"7510361231737359051","potions_obtained":[{"floor":4.0,"key":"Poison Potion"},{"floor":8,"key":"Dexterity Potion"},{"floor":12,"key":"Weak Potion"},{"floor":18,"key":"SteroidPotion"},{"floor":22,"key":"Dexterity Potion"},{"floor":28,"key":"SkillPotion"}],"is_trial":false,"path_per_floor":["M","?","?","M","?","E","R","E","T","E","R","E","M","$","R","B",null,"M","$","M","M","M","R","E","R","T","R","M","M"],"character_chosen":"THE_SILENT","items_purchased":["Lee\u0027s Waffle","PreservedInsect","Deflect","Anger"],"campfire_rested":4,"item_purchase_floors":[14,14,19,19],"current_hp_per_floor":[70,52,38,35,35,36,60,47,47,27,51,40,17,87,87,71,87,78,78,61,34,15,41,30,56,56,56,29,22,22],"gold":95,"neow_bonus":"","is_daily":true,"chose_seed":false,"campfire_upgraded":2,"win_rate":0.0,"timestamp":1612083837,"path_taken":["M","?","?","M","?","E","R","E","T","E","R","E","M","$","R","BOSS","M","$","?","M","?","R","E","R","T","R","M","M"],"items_purchased_type":["Relic","Relic","Card","Card"],"build_version":"2020-12-22","purchased_purges":1,"victory":false,"max_hp_per_floor":[70,70,70,70,70,80,80,80,80,80,80,80,80,87,87,87,87,87,87,87,87,87,87,87,87,87,87,87,87,87],"card_choices":[{"not_picked":["Backflip","Evaluate"],"picked":"HollowMod:LifebloodCocoon","floor":1.0},{"not_picked":["BootSequence","HollowMod:NewJinnsSoul"],"picked":"Study","floor":4.0},{"not_picked":["Scrawl","LessonLearned"],"picked":"Tools of the Trade","floor":6.0},{"not_picked":["Barricade","Doppelganger"],"picked":"Venomology","floor":8},{"not_picked":["Wraith Form v2","HollowMod:ElderbugsWisdom"],"picked":"Immolate","floor":10},{"not_picked":["Establishment","Impervious"],"picked":"HollowMod:SlysStrikes","floor":12},{"not_picked":["Double Energy","Expertise"],"picked":"FlyingSleeves","floor":13},{"not_picked":["Biased Cognition","Rainbow"],"picked":"DevaForm","floor":16},{"not_picked":["PathToVictory","Prepared"],"picked":"Cloak And Dagger","floor":18},{"not_picked":["Halt","Catalyst"],"picked":"Reprogram+1","floor":20},{"not_picked":["Backflip","HollowMod:DescendingDark"],"picked":"Heel Hook+1","floor":21},{"not_picked":["Prepared","Poisoned Stab"],"picked":"HollowMod:PerfectDash","floor":22},{"not_picked":["Fiend Fire","Feed"],"picked":"Devotion","floor":24},{"not_picked":["HollowMod:InfectedAttack+1","Whirlwind"],"picked":"Perseverance","floor":28}],"player_experience":328418,"relics_obtained":[{"floor":6.0,"key":"Pear"},{"floor":8,"key":"Nunchaku"},{"floor":9,"key":"Sundial"},{"floor":10,"key":"Boot"},{"floor":12,"key":"InkBottle"},{"floor":24,"key":"Dead Branch"},{"floor":26,"key":"Ancient Tea Set"}],"event_choices":[{"damage_healed":0.0,"max_hp_gain":0.0,"max_hp_loss":0.0,"gold_gain":0.0,"event_name":"Scrap Ooze","player_choice":"Success","floor":2.0,"gold_loss":0.0,"damage_taken":18.0,"relics_obtained":["Du-Vu Doll"]},{"damage_healed":0.0,"max_hp_gain":0.0,"max_hp_loss":0.0,"gold_gain":0.0,"event_name":"Shining Light","player_choice":"Entered Light","floor":3.0,"gold_loss":0.0,"damage_taken":14.0,"cards_upgraded":["Neutralize","Strike_G"]},{"damage_healed":0.0,"max_hp_gain":0.0,"max_hp_loss":0.0,"gold_gain":0.0,"event_name":"Accursed Blacksmith","player_choice":"Rummage","floor":5.0,"gold_loss":0.0,"damage_taken":0.0,"relics_obtained":["WarpedTongs"],"cards_obtained":["Pain"]}],"is_beta":false,"boss_relics":[{"not_picked":["SlaversCollar","Sozu"],"picked":"HoveringKite"}],"items_purged_floors":[19],"is_endless":false,"potions_floor_spawned":[4,8,12,18,22,28],"killed_by":"Shelled Parasite and Fungi","ascension_level":0}}