{"host":"h3ybbam5olp21xet","time":1612107255,"event":{"mods":["BaseMod","BetterRewards","Downfall","Hermit","Hubris","Infinite Spire","Minty Spire (QoL Compilation)","Replay The Spire","StSLib","The Bug Knight","The Cursed"],"gold_per_floor":[112,112,136,136,150,150,19,31,57,34,34,34,54,68,68,163,163,173,53,53,71,82,112,112,129,129,147,147,147,147,163,163,274,274,291,344,344,48,100,100,118,118,200,217,230,230,230],"floor_reached":46,"language":"ENG","playtime":3035,"items_purged":[],"score":555,"play_id":"38bba117-ea5a-45ac-9b49-6b0b085af482","local_time":"20210131093415","is_ascension_mode":false,"campfire_choices":[{"data":"hermit:Covet","floor":6,"key":"SMITH"},{"data":"hermit:ItchyTrigger","floor":11,"key":"SMITH"},{"floor":24,"key":"REST"},{"floor":30,"key":"REST"},{"floor":32,"key":"DIG"},{"floor":40,"key":"REST"},{"floor":42,"key":"REST"}],"circlet_count":0,"master_deck":["hermit:Strike_Hermit","hermit:Strike_Hermit","hermit:Strike_Hermit","hermit:Strike_Hermit","hermit:Defend_Hermit","hermit:Snapshot","hermit:Covet+1","hubris:Compulsion","Injury","hermit:SprayPray","hermit:Roulette","Flash of Steel","hermit:ItchyTrigger+1","Sickly","hermit:Ricochet","hermit:Showdown","hermit:TrackingShot","hermit:Reprieve","CurseOfTheBell","hermit:ShadowCloak","Panache","Replay:Dark Deal","Chrysalis","downfall:Bewildered","hermit:Headshot","hermit:PistolWhip","hermit:EternalForm","hermit:Enervate","hermit:Maintenance","hubris:InfiniteBlow+2","Sickly","hermit:Snapshot","hermit:Reprieve","Deep Breath","hubris:Fate","hermit:Quickdraw","hermit:Gambit","hermit:Reprieve+1","hermit:Combo+1","hermit:Adapt+1","hermit:Grudge","hermit:Manifest+1","ReplayTheSpireMod:Splinters","hermit:DeadOrAlive","hermit:Headshot","hermit:Ricochet+1","hermit:CalledShot+1"],"relics":["HollowMod:VesselMask","hermit:RedScarf","infinitespire:Cubic Diamond","ReplayFunnel","hubris:DisguiseKit","infinitespire:Beetle Shell","Ring of Peace","Ring of Fury","Calling Bell","Toy Ornithopter","Letter Opener","Ice Cream","ReplayTheSpireMod:ShopPack","sneckomod:BabySnecko","Akabeko","Ornamental Fan","Replay:Lucky Slots","ReplayTheSpireMod:SealedPack","Mirror","Astrolabe","hubris:AstralHammer","hubris:Towel","FossilizedHelix","Bottled Flame"],"acts_visited":["Exordium","TheCity","TheBeyond"],"potions_floor_usage":[33],"damage_taken":[{"damage":0,"enemies":"Small Slimes","floor":1,"turns":3},{"damage":6,"enemies":"Cultist","floor":5,"turns":3},{"damage":0,"enemies":"2 Louse","floor":8,"turns":1},{"damage":1,"enemies":"Exordium Wildlife","floor":13,"turns":3},{"damage":0,"enemies":"Large Slime","floor":14,"turns":4},{"damage":39,"enemies":"Fading Forest","floor":16,"turns":11},{"damage":24,"enemies":"3 Byrds","floor":18,"turns":5},{"damage":0,"enemies":"Chosen","floor":21,"turns":1},{"damage":24,"enemies":"Centurion and Healer","floor":22,"turns":7},{"damage":13,"enemies":"Nightmare","floor":23,"turns":7},{"damage":50,"enemies":"3 Cultists","floor":25,"turns":5},{"damage":0,"enemies":"Snecko","floor":27,"turns":4},{"damage":0,"enemies":"Sentry and Sphere","floor":31,"turns":3},{"damage":31,"enemies":"Collector","floor":33,"turns":9},{"damage":3,"enemies":"3 Darklings","floor":35,"turns":4},{"damage":71,"enemies":"2 Orb Walkers","floor":36,"turns":7},{"damage":9,"enemies":"3 Shapes","floor":41,"turns":2},{"damage":22,"enemies":"Spire Growth","floor":44,"turns":4},{"damage":36,"enemies":"4 Shapes","floor":45,"turns":4}],"seed_played":"2317391563098919023","potions_obtained":[{"floor":5,"key":"sneckomod:MuddlingPotion"},{"floor":13,"key":"Elixir"},{"floor":16,"key":"BlessingOfTheForge"},{"floor":23,"key":"Strength Potion"},{"floor":25,"key":"Block Potion"},{"floor":39,"key":"Block Potion"},{"floor":39,"key":"LifebloodPotion"},{"floor":39,"key":"hermit:Tonic"}],"is_trial":false,"path_per_floor":["M","?","T","?","M","R","$","M","T","$","R","?","M","M","R","B",null,"M","$","?","M","M","NM","R","M","T","M","AVR","?","R","M","R","B",null,"M","?","?","$","?","R","M","R","T","M","M","M"],"character_chosen":"HERMIT","items_purchased":["hermit:Roulette","Flash of Steel","hermit:ItchyTrigger","ReplayTheSpireMod:ShopPack","FossilizedHelix"],"campfire_rested":4,"item_purchase_floors":[7,7,10,19,38],"current_hp_per_floor":[75,75,75,75,69,69,69,69,69,69,69,69,68,68,68,39,75,51,51,51,51,43,42,64,30,30,30,30,30,52,72,72,53,75,72,25,25,25,25,47,38,60,60,66,57,52,52],"gold":230,"neow_bonus":"ONE_RARE_RELIC","is_daily":false,"chose_seed":false,"campfire_upgraded":2,"win_rate":0.0,"timestamp":1612107255,"path_taken":["M","?","?","?","M","R","$","?","T","$","R","?","M","M","R","BOSS","M","$","?","M","M","NM","R","M","T","M","AVR","?","R","M","R","BOSS","M","?","?","?","?","R","M","R","T","M","M","?"],"items_purchased_type":["Card","Card","Card","Relic","Relic"],"build_version":"2020-12-22","purchased_purges":0,"victory":false,"max_hp_per_floor":[75,75,75,75,75,75,75,75,75,75,75,75,75,75,75,75,75,75,75,75,75,75,75,75,75,75,75,75,75,75,75,75,75,75,75,75,75,75,75,75,75,75,75,75,75,75,75],"card_choices":[{"not_picked":["hermit:Scavenge","hermit:Manifest","hermit:HoleUp"],"picked":"SKIP","floor":1},{"not_picked":["hermit:Glare","hermit:Snipe","HollowMod:DoubleDash"],"picked":"hermit:SprayPray","floor":5},{"not_picked":["hermit:GhostlyPresence","hermit:LowProfile","hermit:Manifest","HollowMod:BrokenVessel"],"picked":"SKIP","floor":8},{"not_picked":["hermit:CalledShot","hermit:WideOpen","HollowMod:HornetsHelp"],"picked":"hermit:Ricochet","floor":13},{"not_picked":["hermit:TakeAim","hermit:Snipe","HollowMod:InfectedAttack"],"picked":"hermit:Showdown","floor":14},{"not_picked":["hermit:EternalForm","hermit:RoundhouseKick","HollowMod:ElderbugsWisdom"],"picked":"hermit:Reprieve","floor":16},{"not_picked":["hermit:Shortfuse","hermit:LoneWolf","HollowMod:LifebloodCocoon"],"picked":"hermit:ShadowCloak","floor":18},{"not_picked":["Secret Technique","Poisoned Strike","Secret Weapon"],"picked":"Panache","floor":19},{"not_picked":["Bandage Up","hubris:Insight","Forethought"],"picked":"Replay:Dark Deal","floor":19},{"not_picked":["Apotheosis","Forethought","ReplayTheSpireMod:Necrogeddon"],"picked":"Chrysalis","floor":19},{"not_picked":["hermit:Ricochet","hermit:DeadMansHand","HollowMod:CoiledNail"],"picked":"hermit:Headshot","floor":21},{"not_picked":["hermit:SprayPray","hermit:Scavenge+1","HollowMod:ShadowDash"],"picked":"hermit:PistolWhip","floor":22},{"not_picked":["hermit:Virtue+1","hermit:Vantage","HollowMod:GoodIntentions"],"picked":"hermit:EternalForm","floor":23},{"not_picked":["hermit:WideOpen","hermit:HighCaliber","HollowMod:FallenFury"],"picked":"hermit:Enervate","floor":25},{"not_picked":["hermit:LowProfile+1","hermit:CalledShot","HollowMod:SiblingsSouls"],"picked":"hermit:Maintenance","floor":27},{"not_picked":["hubris:MerchantsHand","Slimebound:CorrosiveSpit","TheCursedMod:CleanUpWorkshop"],"picked":"hermit:Snapshot","floor":28},{"not_picked":["hermit:Adapt","hermit:OverwhelmingPower","hermit:HighNoon"],"picked":"hermit:Reprieve","floor":28},{"not_picked":["Panacea","Forethought","Replay:Parry"],"picked":"Deep Breath","floor":28},{"not_picked":["ReplayTheSpireMod:??????????????????????","ReplayTheSpireMod:Echoes of Time","infinitespire:Punishment"],"picked":"hubris:Fate","floor":28},{"not_picked":["hermit:Snipe+1","hermit:Misfire","HollowMod:NewJinnsSoul"],"picked":"hermit:Quickdraw","floor":31},{"not_picked":["hermit:Reprieve","hermit:RoundhouseKick","HollowMod:NewInfectedGuardian"],"picked":"hermit:Gambit","floor":33},{"not_picked":["hermit:Desperado","hermit:HoleUp","HollowMod:MantisMark"],"picked":"hermit:Grudge","floor":35},{"not_picked":["hermit:TakeAim+1","hermit:Feint+1","HollowMod:SoulStrike"],"picked":"hermit:Manifest+1","floor":36},{"not_picked":["hermit:Feint","hermit:Maintenance+1","HollowMod:SiblingsSouls"],"picked":"hermit:DeadOrAlive","floor":39},{"not_picked":["hermit:ItchyTrigger","hermit:Brawl+1","HollowMod:ShadowDash"],"picked":"hermit:Headshot","floor":41},{"not_picked":["hermit:HoleUp","hermit:Feint","HollowMod:MothsMistake"],"picked":"hermit:Ricochet+1","floor":44},{"not_picked":["hermit:Deadeye+1","hermit:Vantage+1","HollowMod:GoodIntentions"],"picked":"hermit:CalledShot+1","floor":45}],"player_experience":622370,"relics_obtained":[{"floor":3,"key":"ReplayFunnel"},{"floor":9,"key":"infinitespire:Beetle Shell"},{"floor":12,"key":"Ring of Peace"},{"floor":12,"key":"Ring of Fury"},{"floor":17,"key":"Toy Ornithopter"},{"floor":17,"key":"Letter Opener"},{"floor":17,"key":"Ice Cream"},{"floor":23,"key":"Akabeko"},{"floor":26,"key":"Ornamental Fan"},{"floor":32,"key":"Mirror"},{"floor":36,"key":"hubris:AstralHammer"},{"floor":43,"key":"Bottled Flame"}],"event_choices":[{"damage_healed":0,"gold_gain":0,"player_choice":"Ignored","damage_taken":0,"max_hp_gain":0,"max_hp_loss":0,"event_name":"Ghosts","floor":29,"gold_loss":0},{"damage_healed":0,"gold_gain":0,"player_choice":"Fight","damage_taken":0,"max_hp_gain":0,"max_hp_loss":0,"event_name":"Mysterious Sphere","floor":36,"gold_loss":0}],"is_beta":false,"boss_relics":[{"not_picked":["Painkiller Herb","SlaversCollar"],"picked":"Calling Bell"},{"not_picked":["hubris:TerracottaHorce","infinitespire:Cupcake"],"picked":"Astrolabe"}],"items_purged_floors":[],"is_endless":true,"potions_floor_spawned":[5,13,16,23,25,27,31,45],"killed_by":"3 Darklings","ascension_level":0}}