{"host":"xjs3b8lu14idcd3l","time":1612067488,"event":{"mods":["Act Like it!","BaseMod","CapriCore","Friendly Minions","Gensokyo","Kiyohime£®«Âºß£©","Koishi","Marisa£®ÏF”Í°°ƒß¿Ì…≥£©","Minty Spire (QoL Compilation)","Prisma Mod","Reimu£®≤©¿ˆ¡È√Œ£©","Remilia£®¿Ÿ√◊¿Ú—«£©","Replay The Spire","StSLib","The Administrix","The Immortal","The Servant 0.9.4","Youmu£®ªÍ∆«—˝√Œ£©","Yuyuko"],"gold_per_floor":[111,128,4,4,22,57,57,76,76,106,121,134,66,79,79,79,79],"floor_reached":16,"language":"ZHS","playtime":674,"items_purged":[],"score":114,"play_id":"4afb1cf8-27f6-4720-ac87-2940ee3aead8","local_time":"20210131123128","is_ascension_mode":false,"campfire_choices":[{"data":"Koishi:Provoke","floor":7,"key":"SMITH"},{"data":"Koishi:UnseenTerror","floor":15,"key":"SMITH"}],"circlet_count":0,"master_deck":["Koishi:BasicStrike","Koishi:BasicStrike","Koishi:BasicStrike","Koishi:BasicDefend","Koishi:BasicDefend","Koishi:BasicDefend","Koishi:BasicDefend","Koishi:Provoke+1","Koishi:HauntingSlash","Koishi:StrangeCloudFist","Koishi:PhantomBarrier","Koishi:FidgetySnatcher","Koishi:FidgetySnatcher","Koishi:UnseenTerror+1","Koishi:BloodcurdlingScream","Koishi:GeneticsOfTheUnconscious","Koishi:DreadfulBlow","Koishi:PredatoryInstincts","Koishi:StingingMind"],"relics":["Koishi:ImaginaryFriend","Iron Hammer","Durian","Unceasing Top"],"acts_visited":["Exordium"],"potions_floor_usage":[6,6,6,10],"damage_taken":[{"damage":2,"enemies":"Cultist","floor":1,"turns":5},{"damage":5,"enemies":"Jaw Worm","floor":2,"turns":5},{"damage":11,"enemies":"2 Louse","floor":5,"turns":4},{"damage":37,"enemies":"3 Sentries","floor":6,"turns":7},{"damage":2,"enemies":"Blue Slaver","floor":8,"turns":4},{"damage":20,"enemies":"Lagavulin","floor":10,"turns":6},{"damage":3,"enemies":"Red Slaver","floor":11,"turns":6},{"damage":4,"enemies":"Exordium Wildlife","floor":12,"turns":6},{"damage":7,"enemies":"Blue Slaver","floor":14,"turns":5},{"damage":35,"enemies":"Slime Boss","floor":16,"turns":8}],"seed_played":"9108264667571202080","potions_obtained":[{"floor":2,"key":"ColorlessPotion"},{"floor":5,"key":"SkillPotion"},{"floor":6,"key":"Explosive Potion"},{"floor":10,"key":"MagicPotion:ReiMu"},{"floor":12,"key":"Elixir"}],"is_trial":false,"path_per_floor":["M","M","$","?","M","E","R","M","T","E","M","M","$","M","R","B"],"character_chosen":"KOISHI","items_purchased":["Koishi:FidgetySnatcher","Weak Potion","Koishi:PredatoryInstincts"],"campfire_rested":0,"item_purchase_floors":[3,3,13],"current_hp_per_floor":[60,58,58,63,53,23,23,26,31,24,26,30,30,33,33,0,0],"gold":79,"neow_bonus":"RANDOM_EVENT","is_daily":false,"chose_seed":false,"campfire_upgraded":2,"win_rate":0.0,"timestamp":1612067488,"path_taken":["M","M","?","?","M","E","R","M","T","E","M","?","$","M","R","BOSS"],"items_purchased_type":["Card","Potion","Card"],"build_version":"2020-12-22","purchased_purges":0,"victory":false,"max_hp_per_floor":[60,60,60,65,65,65,65,65,70,70,70,70,70,70,70,70,70],"card_choices":[{"not_picked":["Koishi:GhostParty","Koishi:SubconsciousSweep"],"picked":"Koishi:PhantomBarrier","floor":1},{"not_picked":["Koishi:Jaunt","Koishi:UnconsciousUprising"],"picked":"Koishi:FidgetySnatcher","floor":2},{"not_picked":["Koishi:DNAsFlaw","Koishi:JumpScare"],"picked":"Koishi:UnseenTerror","floor":5},{"not_picked":["Koishi:RorschachInDanmaku","Koishi:ParalyzingFear"],"picked":"Koishi:BloodcurdlingScream","floor":6},{"not_picked":["Koishi:EmbryosDream","Koishi:FleetingPhantom"],"picked":"Koishi:GeneticsOfTheUnconscious","floor":8},{"not_picked":["Koishi:HeartAttack","Koishi:ReflexRadar","Koishi:FidgetySnatcher"],"picked":"SKIP","floor":10},{"not_picked":["Koishi:PhantomStrike","Koishi:FleetingPhantom"],"picked":"Koishi:DreadfulBlow","floor":11},{"not_picked":["Koishi:RorschachInDanmaku","Koishi:UnansweredLove","Koishi:FidgetySnatcher"],"picked":"SKIP","floor":12},{"not_picked":["Koishi:SubterraneanRose","Koishi:ReflexRadar"],"picked":"Koishi:StingingMind","floor":14}],"player_experience":198214,"relics_obtained":[{"floor":6,"key":"Iron Hammer"},{"floor":9,"key":"Durian"},{"floor":10,"key":"Unceasing Top"}],"event_choices":[{"damage_healed":0,"gold_gain":0,"cards_transformed":["Koishi:BasicStrike"],"player_choice":"Change","damage_taken":0,"max_hp_gain":0,"max_hp_loss":0,"event_name":"Living Wall","floor":0,"gold_loss":0,"cards_obtained":["Koishi:StrangeCloudFist"]},{"damage_healed":0,"gold_gain":0,"player_choice":"Donut","damage_taken":0,"max_hp_gain":5,"max_hp_loss":0,"event_name":"Big Fish","floor":4,"gold_loss":0}],"is_beta":false,"boss_relics":[],"items_purged_floors":[],"is_endless":false,"potions_floor_spawned":[2,5,6,10,12],"killed_by":"Slime Boss","ascension_level":0}}