{"host":"n7gg140mhoutldtp","time":1612099434,"event":{"mods":["BaseMod","Card Filter","Colored Map","Downfall","Duelist Mod","Marisa????????","Minty Spire (QoL Compilation)","READ ME - Guardian Mod","StSLib","The Jungle","The Senshi"],"gold_per_floor":[113,130,165,265,265,293,327,327,327,35,35,67,82,131,131,246,246,277,251,251,56,71,117,149,176,223,272,272,301,330,348,348,462,462,490,490,507,507,507,538,588,588,614,660,680,680,526,496,496,496,496,496,91,126,126],"floor_reached":56,"language":"ENG","playtime":3374,"items_purged":["Strike_MRS","Wraith","Strike_MRS"],"score":1510,"play_id":"03087e7f-d3cd-437f-bd1a-1da04ece7b01","local_time":"20210131142354","is_ascension_mode":false,"campfire_choices":[{"data":"DeepEcoloBomb","floor":8,"key":"SMITH"},{"data":"SprinkleStarSeal","floor":11,"key":"SMITH"},{"data":"BlazeAway","floor":15,"key":"SMITH"},{"floor":28,"key":"REST"},{"data":"FinalSpark","floor":32,"key":"SMITH"},{"floor":42,"key":"RECALL"},{"data":"MillisecondPulsars","floor":49,"key":"SMITH"},{"data":"RefractionSpark","floor":52,"key":"SMITH"}],"circlet_count":0,"master_deck":["Strike_MRS","Defend_MRS","Defend_MRS","Defend_MRS","Defend_MRS","MasterSpark","UpSweep","BlazeAway+1","WitchOfGreed","SprinkleStarSeal+1","downfall:Haunted","downfall:Haunted","Injury","StarDustReverie+1","downfall:Icky","theDuelist:SummoningCurse","DeepEcoloBomb+1","RefractionSpark+1","CasketOfStar","MillisecondPulsars+1","FinalSpark+1","DoubleSpark","MilkyWay","6A+1","UnstableBomb+1","BlazeAway","DoubleSpark+1","DoubleSpark","6A+1","Orbital+1","Secret Weapon","MilkyWay","MagicAbsorber"],"relics":["MiniHakkero","Du-Vu Doll","Boot","Darkstone Periapt","Art of War","Ice Cream","TungstenRod","SacredBark","Membership Card","Tiny Chest","Ancient Tea Set","Bottled Flame","Anchor","Busted Crown","Blood Vial","Nunchaku","Kunai","Toolbox","Torii","Ornamental Fan","Lizard Tail"],"acts_visited":["Exordium","Exordium","TheBeyond","TheEnding"],"potions_floor_usage":[7,12,12,22,23,24,25,26,27,29,30,33,33,35,41,44,50,50,54,55,55],"damage_taken":[{"damage":1.0,"enemies":"Jaw Worm","floor":1.0,"turns":3.0},{"damage":0.0,"enemies":"Small Slimes","floor":2.0,"turns":2.0},{"damage":2.0,"enemies":"2 Louse","floor":3.0,"turns":3.0},{"damage":2,"enemies":"Gremlin Nob","floor":6,"turns":2},{"damage":0,"enemies":"Large Slime","floor":7,"turns":7},{"damage":0,"enemies":"3 Sentries","floor":12,"turns":3},{"damage":2,"enemies":"Red Slaver","floor":13,"turns":4},{"damage":0,"enemies":"Lagavulin","floor":14,"turns":3},{"damage":24,"enemies":"Hexaghost","floor":16,"turns":5},{"damage":12,"enemies":"theJungle:MUSHROOMGANG","floor":18,"turns":4},{"damage":11,"enemies":"theJungle:Flameango_and_Byrd","floor":22,"turns":4},{"damage":0,"enemies":"theJungle:MamaSnecko","floor":23,"turns":3},{"damage":24,"enemies":"theJungle:2_Snecko_Cultists","floor":24,"turns":4},{"damage":5,"enemies":"theJungle:JungleHuntersEncounter","floor":25,"turns":5},{"damage":23,"enemies":"theJungle:2_Phrogs","floor":27,"turns":5},{"damage":14,"enemies":"Snake Plant","floor":29,"turns":5},{"damage":2,"enemies":"theJungle:Cassacara","floor":30,"turns":3},{"damage":16,"enemies":"theJungle:2_Snecko_Cultists","floor":31,"turns":4},{"damage":13,"enemies":"theJungle:QueenSpyder","floor":33,"turns":5},{"damage":17,"enemies":"3 Darklings","floor":35,"turns":4},{"damage":0,"enemies":"3 Shapes","floor":37,"turns":1},{"damage":0,"enemies":"3 Darklings","floor":40,"turns":3},{"damage":0,"enemies":"Nemesis","floor":41,"turns":3},{"damage":8,"enemies":"Giant Head","floor":44,"turns":5},{"damage":0,"enemies":"Spire Growth","floor":45,"turns":3},{"damage":64,"enemies":"Time Eater","floor":50,"turns":11},{"damage":17,"enemies":"Shield and Spear","floor":54,"turns":4},{"damage":37,"enemies":"The Heart","floor":55,"turns":7}],"seed_played":"-2888492208876577230","potions_obtained":[{"floor":1.0,"key":"Block Potion"},{"floor":3.0,"key":"Weak Potion"},{"floor":6,"key":"Explosive Potion"},{"floor":7,"key":"Block Potion"},{"floor":14,"key":"Fire Potion"},{"floor":14,"key":"FearPotion"},{"floor":16,"key":"EntropicBrew"},{"floor":18,"key":"Dexterity Potion"},{"floor":22,"key":"CultistPotion"},{"floor":23,"key":"LiquidBronze"},{"floor":24,"key":"SpeedPotion"},{"floor":25,"key":"Fruit Juice"},{"floor":27,"key":"Regen Potion"},{"floor":27,"key":"Dexterity Potion"},{"floor":29,"key":"ShroomBrew"},{"floor":30,"key":"Ancient Potion"},{"floor":31,"key":"champ:CounterPotion"},{"floor":33,"key":"Weak Potion"},{"floor":35,"key":"BottledSpark"},{"floor":35,"key":"Slimebound:ThreeZeroPotion"},{"floor":39,"key":"CultistPotion"},{"floor":41,"key":"Regen Potion"},{"floor":44,"key":"hexamod:SoulburnPotion"},{"floor":48,"key":"SpeedPotion"}],"is_trial":false,"path_per_floor":["M","M","M","?","?","E","M","R","T","$","R","E","M","E","R","B",null,"M","$","?","$","M","E","M","M","T","E","R","M","E","M","R","B",null,"M","?","M","?","?","M","E","R","T","E","M","T","$","?","R","B",null,"R","$","E","B",null],"character_chosen":"MARISA","items_purchased":["CasketOfStar","Art of War","DoubleSpark","Membership Card","Toolbox","MilkyWay","Torii","Ornamental Fan","SkillPotion","Dexterity Potion","MagicAbsorber"],"campfire_rested":1,"item_purchase_floors":[10,10,19,21,47,47,53,53,53,53,53],"current_hp_per_floor":[74,74,72,77,77,75,75,75,75,75,75,75,73,73,73,49,80,68,68,68,68,57,57,33,28,38,15,42,62,60,44,44,31,90,73,79,79,70,70,70,70,70,70,83,85,85,85,85,85,35,96,96,96,79,44],"gold":126,"neow_bonus":"REMOVE_CARD","is_daily":false,"chose_seed":false,"campfire_upgraded":6,"win_rate":0.0,"timestamp":1612099434,"path_taken":["M","M","M","?","?","E","M","R","T","?","R","E","M","E","R","BOSS","M","$","?","$","M","E","M","M","T","E","R","M","E","M","R","BOSS","M","?","M","?","?","M","E","R","T","E","M","?","$","?","R","BOSS","R","$","E","BOSS"],"items_purchased_type":["Card","Relic","Card","Relic","Relic","Card","Relic","Relic","Potion","Potion","Card"],"build_version":"2020-12-22","purchased_purges":3,"victory":true,"max_hp_per_floor":[75,75,75,80,80,80,80,80,80,80,80,80,80,80,80,80,80,80,80,80,80,80,80,80,80,90,90,90,90,90,90,90,90,90,90,96,96,96,96,96,96,96,96,96,96,96,96,96,96,96,96,96,96,96,96],"card_choices":[{"not_picked":["EnergyRecoil","MysteriousBeam"],"picked":"BlazeAway","floor":1.0},{"not_picked":["DarkMatter","PowerUp"],"picked":"WitchOfGreed","floor":2.0},{"not_picked":["UnstableBomb","GalacticHalo"],"picked":"SprinkleStarSeal","floor":3.0},{"not_picked":["WitchOfGreed","DarkSpark"],"picked":"DeepEcoloBomb","floor":6},{"not_picked":["MilkyWay","EnergyFlow"],"picked":"RefractionSpark","floor":7},{"not_picked":["WitchOfGreed","EnergyRecoil","AsteroidBelt"],"picked":"SKIP","floor":12},{"not_picked":["GrandCross","IllusionStar"],"picked":"MillisecondPulsars","floor":13},{"not_picked":["MagicChant","FairyDestructionRay","NonDirectionalLaser"],"picked":"SKIP","floor":14},{"not_picked":["AbsoluteMagnitude","BlazingStar"],"picked":"FinalSpark","floor":16},{"not_picked":["EnergyRecoil","ShootingEcho","UnstableBomb"],"picked":"SKIP","floor":18},{"not_picked":["GravityBeat","SuperPerseids"],"picked":"MilkyWay","floor":22},{"not_picked":["UnstableBomb","ShootingEcho"],"picked":"6A+1","floor":23},{"not_picked":["AlicesGift","GasGiant+1"],"picked":"UnstableBomb+1","floor":24},{"not_picked":["ChargingUp","GalacticHalo"],"picked":"BlazeAway","floor":25},{"not_picked":["CollectingQuirk","IllusionStar"],"picked":"DoubleSpark+1","floor":27},{"not_picked":["LuminesStrike+1","MysteriousBeam","GrandCross"],"picked":"SKIP","floor":29},{"not_picked":["MysteriousBeam","IllusionStar","EnergyRecoil"],"picked":"SKIP","floor":30},{"not_picked":["Singularity","EnergyRecoil"],"picked":"DoubleSpark","floor":31},{"not_picked":[],"picked":"6A+1","floor":35},{"not_picked":[],"picked":"Orbital+1","floor":37},{"not_picked":[],"picked":"Secret Weapon","floor":38},{"not_picked":["SprinkleStarSeal+1"],"picked":"SKIP","floor":40},{"not_picked":["AbsoluteMagnitude"],"picked":"SKIP","floor":41},{"not_picked":["WitchLeyline"],"picked":"SKIP","floor":44},{"not_picked":["ShootingEcho+1"],"picked":"SKIP","floor":45},{"not_picked":["IllusionStar+1"],"picked":"SKIP","floor":54}],"player_experience":1023453,"relics_obtained":[{"floor":6,"key":"Boot"},{"floor":9,"key":"Darkstone Periapt"},{"floor":12,"key":"Ice Cream"},{"floor":14,"key":"TungstenRod"},{"floor":23,"key":"Tiny Chest"},{"floor":26,"key":"Ancient Tea Set"},{"floor":27,"key":"Bottled Flame"},{"floor":30,"key":"Anchor"},{"floor":41,"key":"Blood Vial"},{"floor":44,"key":"Nunchaku"},{"floor":46,"key":"Kunai"},{"floor":54,"key":"Lizard Tail"}],"event_choices":[{"damage_healed":0,"gold_gain":0,"player_choice":"Grow","damage_taken":0,"max_hp_gain":0,"max_hp_loss":0,"event_name":"Living Wall","floor":5,"gold_loss":0,"cards_upgraded":["StarDustReverie"]},{"damage_healed":0,"gold_gain":0,"player_choice":"Ignored","damage_taken":0,"max_hp_gain":0,"max_hp_loss":0,"event_name":"OrinTheCat","floor":36,"gold_loss":0},{"damage_healed":0,"gold_gain":0,"player_choice":"Memory 3","damage_taken":10,"max_hp_gain":0,"max_hp_loss":0,"event_name":"SensoryStone","floor":38,"gold_loss":0},{"damage_healed":0,"gold_gain":0,"player_choice":"Got Potions","damage_taken":0,"max_hp_gain":0,"max_hp_loss":0,"event_name":"Lab","floor":39,"gold_loss":0},{"damage_healed":0,"gold_gain":0,"player_choice":"Bought 2 Potions","damage_taken":0,"max_hp_gain":0,"max_hp_loss":0,"event_name":"The Woman in Blue","floor":48,"gold_loss":0}],"is_beta":false,"boss_relics":[{"not_picked":["Sozu","Ectoplasm"],"picked":"SacredBark"},{"not_picked":["Snecko Eye","Velvet Choker"],"picked":"Busted Crown"}],"items_purged_floors":[21,47,53],"is_endless":false,"potions_floor_spawned":[1,6,7,14,22,27,30,31,35,37,45],"ascension_level":0}}