{"host":"820xk69ekh5gtclf","time":1612129243,"event":{"mods":["BaseMod","Curses Come First","Custom Start","Downfall","Gremlin Mod","Hermit","Minty Spire (QoL Compilation)","StSLib"],"gold_per_floor":[361,376,390,146,161,189,189,216,268,296,43,43,8,18,18,114,114,131,131,185,219,239,239,268,288,288,163,191,191,220,220,220,325,325,340,340,340,290,340,340,366,366,366,381,381,399,413,439,439,439,439,439,16,49,49],"floor_reached":56,"language":"ENG","playtime":4981,"items_purged":["bronze:Strike","bronze:Strike","bronze:Strike","bronze:Strike","Decay"],"score":1720,"play_id":"f2270430-9d50-4528-b698-5eb2ce73ae35","local_time":"20210131164043","is_ascension_mode":true,"campfire_choices":[{"data":"bronze:FineTuning","floor":7.0,"key":"SMITH"},{"data":"bronze:Defend","floor":15.0,"key":"SMITH"},{"data":"bronze:Defend","floor":23.0,"key":"SMITH"},{"data":"bronze:Defend","floor":29.0,"key":"SMITH"},{"data":"bronze:Defend","floor":32.0,"key":"SMITH"},{"data":"bronze:Shield","floor":40.0,"key":"SMITH"},{"floor":42.0,"key":"RECALL"},{"data":"bronze:OilSpill","floor":49.0,"key":"SMITH"},{"data":"bronze:Goto","floor":52,"key":"SMITH"}],"circlet_count":0,"master_deck":["bronze:Defend+1","bronze:Defend+1","bronze:Defend+1","bronze:Defend+1","bronze:Replicate","bronze:Goto+1","bronze:ChosenStrike","bronze:OilSpill+1","bronze:OilSpill+1","bronze:FineTuning+1","bronze:OilSpill","bronze:OilSpill","bronze:Virus+1","bronze:Shield+1","bronze:Verify","bronze:Shield+1","Blind+1","Bandage Up+1","bronze:Refactor+1","bronze:Refactor+1","bronze:ChosenStrike","bronze:Format+1","bronze:Repulsor"],"relics":["bronze:BronzeCore","Bag of Marbles","bronze:CableSpool","Ornamental Fan","Happy Flower","Pen Nib","Philosopher\u0027s Stone","Dream Catcher","Red Mask","Sundial","FossilizedHelix","Toxic Egg 2","Smiling Mask","Singing Bowl","SacredBark","TungstenRod","Gremlin Horn","White Beast Statue","Whetstone","DollysMirror","Mango"],"acts_visited":["Exordium","TheCity","TheBeyond","TheEnding"],"potions_floor_usage":[50,55,55,55,55,55,55],"damage_taken":[{"damage":1.0,"enemies":"Cultist","floor":1.0,"turns":4.0},{"damage":8.0,"enemies":"2 Louse","floor":2.0,"turns":2.0},{"damage":2.0,"enemies":"Jaw Worm","floor":3.0,"turns":2.0},{"damage":0.0,"enemies":"Exordium Thugs","floor":5.0,"turns":4.0},{"damage":15.0,"enemies":"3 Sentries","floor":6.0,"turns":6.0},{"damage":17.0,"enemies":"Gremlin Nob","floor":8.0,"turns":3.0},{"damage":15.0,"enemies":"Lagavulin","floor":10.0,"turns":3.0},{"damage":3.0,"enemies":"Blue Slaver","floor":14.0,"turns":2.0},{"damage":25.0,"enemies":"The Guardian","floor":16.0,"turns":5.0},{"damage":0.0,"enemies":"Chosen","floor":18.0,"turns":3.0},{"damage":13.0,"enemies":"Masked Bandits","floor":21.0,"turns":4.0},{"damage":2.0,"enemies":"2 Thieves","floor":22.0,"turns":4.0},{"damage":0.0,"enemies":"Slavers","floor":24.0,"turns":3.0},{"damage":0.0,"enemies":"3 Cultists","floor":25.0,"turns":3.0},{"damage":0.0,"enemies":"Book of Stabbing","floor":28.0,"turns":3.0},{"damage":0.0,"enemies":"Gremlin Leader","floor":30.0,"turns":1.0},{"damage":14.0,"enemies":"Collector","floor":33.0,"turns":7.0},{"damage":0.0,"enemies":"Orb Walker","floor":35.0,"turns":2.0},{"damage":0.0,"enemies":"Mind Bloom Boss Battle","floor":39.0,"turns":5.0},{"damage":18.0,"enemies":"Nemesis","floor":41.0,"turns":5.0},{"damage":0.0,"enemies":"3 Shapes","floor":44.0,"turns":2.0},{"damage":11.0,"enemies":"Jaw Worm Horde","floor":46.0,"turns":6.0},{"damage":0.0,"enemies":"Spire Growth","floor":47.0,"turns":3.0},{"damage":62.0,"enemies":"Reptomancer","floor":48.0,"turns":7.0},{"damage":12,"enemies":"Awakened One","floor":50,"turns":10},{"damage":20,"enemies":"Shield and Spear","floor":54,"turns":4},{"damage":32,"enemies":"The Heart","floor":55,"turns":7}],"seed_played":"3461439458974737714","potions_obtained":[{"floor":1.0,"key":"Regen Potion"},{"floor":8.0,"key":"Fruit Juice"},{"floor":10.0,"key":"Dexterity Potion"},{"floor":16.0,"key":"DistilledChaos"},{"floor":22.0,"key":"Regen Potion"},{"floor":41.0,"key":"PowerPotion"},{"floor":44.0,"key":"SkillPotion"},{"floor":48.0,"key":"Weak Potion"},{"floor":54,"key":"EntropicBrew"}],"is_trial":false,"path_per_floor":["M","M","M","$","M","E","R","E","T","E","$","?","?","M","R","B",null,"M","?","T","?","M","R","E","M","T","$","E","R","E","?","R","B",null,"M","T","?","$","?","R","E","R","T","M","?","M","M","E","R","B",null,"R","$","E","B",null],"character_chosen":"THE_AUTOMATON","items_purchased":["Bag of Marbles","bronze:FineTuning","Pen Nib","DollysMirror","bronze:Format+1","bronze:FreeFunctionsPotion","bronze:Repulsor"],"campfire_rested":0,"item_purchase_floors":[4,4,11,53,53,53,53],"current_hp_per_floor":[62,54,52,52,52,37,37,20,20,5,5,10,27,24,24,4,56,56,56,56,43,41,41,41,41,41,41,41,41,41,41,41,29,64,64,64,56,56,64,64,54,54,54,62,62,57,65,54,54,48,76,76,76,72,46],"gold":49,"neow_bonus":"TWO_FIFTY_GOLD","is_daily":false,"chose_seed":true,"campfire_upgraded":8,"win_rate":0.0,"timestamp":1612129243,"path_taken":["M","M","M","$","?","E","R","E","T","E","$","?","?","M","R","BOSS","M","?","?","?","M","R","E","M","T","$","E","R","E","?","R","BOSS","M","?","?","$","?","R","E","R","T","M","?","M","?","E","R","BOSS","R","$","E","BOSS"],"items_purchased_type":["Relic","Card","Relic","Relic","Card","Potion","Card"],"build_version":"2020-12-22","purchased_purges":5,"victory":true,"max_hp_per_floor":[63,63,63,63,63,63,63,63,63,63,63,68,68,68,68,73,73,73,73,73,73,73,73,73,73,73,73,73,73,73,73,73,75,75,75,75,77,77,79,79,81,81,81,83,83,83,85,85,85,85,85,85,85,101,101],"card_choices":[{"not_picked":["bronze:Return","bronze:WildBeam"],"picked":"bronze:ChosenStrike","floor":1.0},{"not_picked":["bronze:CutThrough","bronze:CloningBeam"],"picked":"bronze:OilSpill","floor":2.0},{"not_picked":["bronze:Branch","bronze:WhirlingStrike"],"picked":"bronze:OilSpill","floor":3.0},{"not_picked":["bronze:BitShift","bronze:Iterate","bronze:CutThrough"],"picked":"SKIP","floor":5.0},{"not_picked":["bronze:InfiniteLoop","bronze:BuggyMess","bronze:Fortify"],"picked":"SKIP","floor":6.0},{"not_picked":["bronze:Repulsor","bronze:ForceShield"],"picked":"bronze:OilSpill","floor":8.0},{"not_picked":["bronze:ForceShield","bronze:SpaghettiCode","bronze:Mutator"],"picked":"SKIP","floor":10.0},{"not_picked":["bronze:Boost","bronze:WildBeam"],"picked":"bronze:OilSpill","floor":14.0},{"not_picked":["bronze:Library","bronze:Break"],"picked":"bronze:Virus","floor":16.0},{"not_picked":["bronze:CutThrough","bronze:Allocate"],"picked":"bronze:Shield","floor":18.0},{"not_picked":["bronze:WildBeam+1","bronze:Frontload","bronze:DelayedSlice"],"picked":"SKIP","floor":22.0},{"not_picked":["bronze:DelayedSlice","bronze:HyperBeam","bronze:BitShift"],"picked":"SKIP","floor":24.0},{"not_picked":["bronze:DarkDash+1","bronze:Separator","bronze:Overload+1"],"picked":"SKIP","floor":25.0},{"not_picked":["bronze:WildBeam","bronze:ShipIt","bronze:Turbo+1"],"picked":"SKIP","floor":28.0},{"not_picked":["bronze:DigitalCarnage","bronze:Constructor+1"],"picked":"bronze:Verify","floor":30.0},{"not_picked":["bronze:Library","bronze:SpaghettiCode+1","bronze:ShipIt"],"picked":"Singing Bowl","floor":33.0},{"not_picked":["bronze:DigitalCarnage+1","bronze:BronzeArmor+1"],"picked":"bronze:Shield+1","floor":35.0},{"not_picked":["Forethought+1","Metamorphosis+1","Deep Breath+1"],"picked":"Singing Bowl","floor":37.0},{"not_picked":["Deep Breath+1","Bandage Up+1"],"picked":"Blind+1","floor":37.0},{"not_picked":["Trip+1","Impatience+1"],"picked":"Bandage Up+1","floor":37.0},{"not_picked":["bronze:Turbo+1","bronze:Branch","bronze:Terminator+1"],"picked":"Singing Bowl","floor":39.0},{"not_picked":["bronze:GetLatest+1","bronze:Boost+1","bronze:BugBarrage+1"],"picked":"Singing Bowl","floor":41.0},{"not_picked":["bronze:Optimize","bronze:Allocate+1","bronze:Flail+1"],"picked":"Singing Bowl","floor":44.0},{"not_picked":["bronze:DelayedGuard+1","bronze:DigitalCarnage"],"picked":"bronze:Refactor+1","floor":46.0},{"not_picked":["bronze:Shell+1","bronze:WildBeam","bronze:DelayedGuard+1"],"picked":"Singing Bowl","floor":47.0},{"not_picked":["bronze:Shell+1","bronze:WildBeam+1"],"picked":"bronze:Refactor+1","floor":48.0},{"not_picked":["bronze:GetLatest+1","bronze:Separator","bronze:Turbo+1"],"picked":"Singing Bowl","floor":54}],"player_experience":2455872,"relics_obtained":[{"floor":6.0,"key":"bronze:CableSpool"},{"floor":8.0,"key":"Ornamental Fan"},{"floor":9.0,"key":"Happy Flower"},{"floor":20.0,"key":"Dream Catcher"},{"floor":21.0,"key":"Red Mask"},{"floor":24.0,"key":"Sundial"},{"floor":26.0,"key":"FossilizedHelix"},{"floor":28.0,"key":"Toxic Egg 2"},{"floor":30.0,"key":"Smiling Mask"},{"floor":39.0,"key":"TungstenRod"},{"floor":41.0,"key":"Gremlin Horn"},{"floor":43.0,"key":"White Beast Statue"},{"floor":48.0,"key":"Whetstone"},{"floor":54,"key":"Mango"}],"event_choices":[{"damage_healed":0.0,"max_hp_gain":5.0,"max_hp_loss":0.0,"gold_gain":0.0,"event_name":"Big Fish","player_choice":"Donut","floor":12.0,"gold_loss":0.0,"damage_taken":0.0},{"damage_healed":17.0,"max_hp_gain":0.0,"max_hp_loss":0.0,"gold_gain":0.0,"event_name":"The Cleric","player_choice":"Healed","floor":13.0,"gold_loss":35.0,"damage_taken":0.0},{"damage_healed":0.0,"max_hp_gain":0.0,"max_hp_loss":0.0,"gold_gain":0.0,"event_name":"Vampires","player_choice":"Ignored","floor":19.0,"gold_loss":0.0,"damage_taken":0.0},{"damage_healed":0.0,"max_hp_gain":0.0,"max_hp_loss":0.0,"gold_gain":0.0,"event_name":"Masked Bandits","player_choice":"Fought Bandits","floor":21.0,"gold_loss":0.0,"damage_taken":0.0},{"damage_healed":0.0,"max_hp_gain":0.0,"max_hp_loss":0.0,"gold_gain":0.0,"event_name":"WeMeetAgain","player_choice":"Gave Potion","floor":31.0,"gold_loss":0.0,"damage_taken":0.0,"relics_obtained":["Singing Bowl"]},{"damage_healed":0.0,"max_hp_gain":0.0,"max_hp_loss":0.0,"gold_gain":0.0,"event_name":"SensoryStone","player_choice":"Memory 3","floor":37.0,"gold_loss":0.0,"damage_taken":10.0},{"damage_healed":0.0,"max_hp_gain":0.0,"max_hp_loss":0.0,"gold_gain":0.0,"event_name":"MindBloom","player_choice":"Fight","floor":39.0,"gold_loss":0.0,"damage_taken":0.0},{"damage_healed":0.0,"max_hp_gain":0.0,"max_hp_loss":0.0,"gold_gain":0.0,"event_name":"Wheel of Change","player_choice":"Cursed","floor":45.0,"gold_loss":0.0,"damage_taken":0.0,"cards_obtained":["Decay"]}],"is_beta":false,"boss_relics":[{"not_picked":["Astrolabe","Tiny House"],"picked":"Philosopher\u0027s Stone"},{"not_picked":["Runic Pyramid","Fusion Hammer"],"picked":"SacredBark"}],"items_purged_floors":[4,11,27,38,53],"is_endless":false,"potions_floor_spawned":[1,8,10,16,18,22,25,41,44,46,47,48,54],"ascension_level":6}}