{"host":"v4pe0ixo3k7iwzp0","time":1612084904,"event":{"mods":["Ascension Reborn","BaseMod","Bestiary","Highlight Path","Minty Spire (QoL Compilation)","StSLib","The Marked","The Servant 0.9.4"],"gold_per_floor":[118,118,118,118,138,172,172,191,191,207,226,151,151,84,84,187,187,202,117,131,131,148,148,183,203,203,203,203],"floor_reached":27,"language":"ENG","playtime":2076,"items_purged":["Strike_S"],"score":258,"play_id":"5e396cd6-1362-439b-8fb8-fb945835f4ca","local_time":"20210131012144","is_ascension_mode":true,"campfire_choices":[{"data":"Exchange","floor":7,"key":"SMITH"},{"data":"Gouge","floor":13,"key":"SMITH"},{"data":"Solidify","floor":15,"key":"SMITH"},{"floor":23,"key":"REST"}],"circlet_count":0,"master_deck":["Strike_S","Strike_S","Strike_S","Defend_S","Defend_S","Defend_S","Defend_S","KidneyShot+1","Exchange+1","Misdirection","Gouge+1","FanOfKnives","Snipe","Solidify+1","Deny","Rearm","Good Instincts","ReturningBlade+1","FastForward","Defy"],"relics":["Uniform","NeowsBlessing","Ornamental Fan","InkBottle","Sozu","StrikeDummy","Eternal Feather"],"acts_visited":["Exordium","TheCity"],"potions_floor_usage":[16,22],"damage_taken":[{"damage":0,"enemies":"Jaw Worm","floor":1,"turns":1},{"damage":0,"enemies":"Small Slimes","floor":5,"turns":1},{"damage":0,"enemies":"Gremlin Nob","floor":6,"turns":1},{"damage":0,"enemies":"Cultist","floor":8,"turns":3},{"damage":0,"enemies":"2 Fungi Beasts","floor":10,"turns":3},{"damage":6,"enemies":"Looter","floor":11,"turns":3},{"damage":40,"enemies":"Hexaghost","floor":16,"turns":8},{"damage":5,"enemies":"Chosen","floor":18,"turns":3},{"damage":10,"enemies":"Spheric Guardian","floor":20,"turns":3},{"damage":18,"enemies":"Centurion and Healer","floor":22,"turns":12},{"damage":43,"enemies":"Slavers","floor":24,"turns":6},{"damage":19,"enemies":"Snake Plant","floor":25,"turns":4},{"damage":8,"enemies":"Chosen and Byrds","floor":27,"turns":3}],"seed_played":"-5509334997455309816","potions_obtained":[{"floor":1,"key":"ColorlessPotion"},{"floor":10,"key":"Regen Potion"},{"floor":11,"key":"Strength Potion"}],"is_trial":false,"path_per_floor":["M","?","?","?","M","E","R","M","T","M","M","$","R","$","R","B",null,"M","$","M","$","M","R","E","M","T","M"],"character_chosen":"THE_SERVANT","items_purchased":["Solidify","Good Instincts"],"campfire_rested":1,"item_purchase_floors":[14,19],"current_hp_per_floor":[65,65,65,70,70,70,70,70,70,70,64,64,64,64,64,24,70,65,65,55,55,52,70,27,8,8,0,0],"gold":203,"neow_bonus":"THREE_ENEMY_KILL","is_daily":false,"chose_seed":false,"campfire_upgraded":3,"win_rate":0.0,"timestamp":1612084904,"path_taken":["M","?","?","?","M","E","R","M","T","?","M","$","R","$","R","BOSS","M","$","M","$","M","R","E","M","T","M"],"items_purchased_type":["Card","Card"],"build_version":"2020-12-22","purchased_purges":1,"victory":false,"max_hp_per_floor":[65,65,65,70,70,70,70,70,70,70,70,70,70,70,70,70,70,70,70,70,70,70,70,70,70,70,70,70],"card_choices":[{"not_picked":["Ricochet","FastForward"],"picked":"Misdirection","floor":1},{"not_picked":["Revamp","Replace","Unruled"],"picked":"SKIP","floor":5},{"not_picked":["Starlight","Revamp"],"picked":"Gouge","floor":6},{"not_picked":["DualDimension","BottledTime"],"picked":"FanOfKnives","floor":8},{"not_picked":["MoonPhase","Ricochet"],"picked":"Snipe","floor":10},{"not_picked":["TimeWarp","Unruled","Potential"],"picked":"SKIP","floor":11},{"not_picked":["Dilation","Duplication"],"picked":"Deny","floor":16},{"not_picked":["Potential+1","ShatteredReality"],"picked":"Rearm","floor":18},{"not_picked":["Hightail","Unruled"],"picked":"ReturningBlade+1","floor":20},{"not_picked":["Foresight","ReturningBlade"],"picked":"FastForward","floor":22},{"not_picked":["Comet","TimeWarp","Spin"],"picked":"SKIP","floor":24},{"not_picked":["FastForward+1","Spin"],"picked":"Defy","floor":25}],"player_experience":158352,"relics_obtained":[{"floor":6,"key":"Ornamental Fan"},{"floor":9,"key":"InkBottle"},{"floor":24,"key":"StrikeDummy"},{"floor":26,"key":"Eternal Feather"}],"event_choices":[{"damage_healed":0,"gold_gain":0,"player_choice":"Grow","damage_taken":0,"max_hp_gain":0,"max_hp_loss":0,"event_name":"Living Wall","floor":2,"gold_loss":0,"cards_upgraded":["KidneyShot"]},{"damage_healed":0,"gold_gain":0,"player_choice":"Ignored","damage_taken":0,"max_hp_gain":0,"max_hp_loss":0,"event_name":"Shining Light","floor":3,"gold_loss":0},{"damage_healed":0,"gold_gain":0,"player_choice":"Donut","damage_taken":0,"max_hp_gain":5,"max_hp_loss":0,"event_name":"Big Fish","floor":4,"gold_loss":0}],"is_beta":false,"boss_relics":[{"not_picked":["Philosopher\u0027s Stone","Tiny House"],"picked":"Sozu"}],"items_purged_floors":[12],"is_endless":false,"potions_floor_spawned":[1,10,11,18,20,22],"killed_by":"Chosen and Byrds","ascension_level":0}}