{"host":"yx5rao87132cy5xq","time":1612082757,"event":{"mods":["2.2 Compatiblity","AchievementEnabler","BaseMod","Bestiary","Colored Map","Colored Powertips","Minty Spire (QoL Compilation)","Quick Restart","Relic Stats","Slay-I","SuperFastMode"],"gold_per_floor":[115,127,127,127,43,75,88,100,100,100,133,143,143,158,158,233,233,252,352,368,418,432,432,470,544,571,571,581,604,638,697,697,697,697],"floor_reached":33,"language":"ENG","playtime":2286,"items_purged":[],"score":538,"play_id":"1f48e3d7-a4e7-4a9c-8d71-1544a86a77c5","local_time":"20210131094557","is_ascension_mode":true,"campfire_choices":[{"data":"Iron Wave","floor":10.0,"key":"SMITH"},{"floor":15.0,"key":"REST"},{"data":"Havoc","floor":23.0,"key":"SMITH"},{"floor":27.0,"key":"REST"},{"floor":32.0,"key":"REST"}],"circlet_count":0,"master_deck":["AscendersBane","Strike_R","Strike_R","Strike_R","Strike_R+1","Defend_R","Defend_R","Defend_R","Defend_R","Bash","Barricade+1","Iron Wave+1","Carnage+1","Second Wind","Twin Strike","Feel No Pain","Immolate","Havoc+1","Demon Form","Iron Wave+1","Anger","Shrug It Off+1","Disarm","Spot Weakness","Wild Strike","Disarm","Decay"],"relics":["Burning Blood","Toy Ornithopter","Paper Frog","Orichalcum","Blood Vial","SsserpentHead","Mark of Pain","CeramicFish","Smiling Mask","Bag of Preparation"],"acts_visited":["Exordium","TheCity"],"potions_floor_usage":[],"damage_taken":[{"damage":8.0,"enemies":"2 Louse","floor":1.0,"turns":4.0},{"damage":11.0,"enemies":"Jaw Worm","floor":2.0,"turns":4.0},{"damage":8.0,"enemies":"Gremlin Nob","floor":6.0,"turns":3.0},{"damage":0.0,"enemies":"Cultist","floor":7.0,"turns":2.0},{"damage":6.0,"enemies":"Looter","floor":8.0,"turns":2.0},{"damage":16.0,"enemies":"3 Sentries","floor":11.0,"turns":11.0},{"damage":8.0,"enemies":"Red Slaver","floor":12.0,"turns":3.0},{"damage":10.0,"enemies":"Gremlin Gang","floor":14.0,"turns":2.0},{"damage":34.0,"enemies":"The Guardian","floor":16.0,"turns":13.0},{"damage":8.0,"enemies":"Chosen","floor":18.0,"turns":6.0},{"damage":21.0,"enemies":"Spheric Guardian","floor":20.0,"turns":5.0},{"damage":6.0,"enemies":"Snake Plant","floor":22.0,"turns":3.0},{"damage":67.0,"enemies":"Gremlin Leader","floor":24.0,"turns":11.0},{"damage":6.0,"enemies":"Snecko","floor":25.0,"turns":5.0},{"damage":6.0,"enemies":"Cultist and Chosen","floor":28.0,"turns":8.0},{"damage":16.0,"enemies":"Sentry and Sphere","floor":29.0,"turns":4.0},{"damage":57.0,"enemies":"Book of Stabbing","floor":30.0,"turns":8.0},{"damage":25,"enemies":"Collector","floor":33,"turns":6}],"seed_played":"7605415071410283755","potions_obtained":[{"floor":2.0,"key":"PowerPotion"},{"floor":7.0,"key":"LiquidMemories"},{"floor":14.0,"key":"DistilledChaos"},{"floor":16.0,"key":"Ancient Potion"},{"floor":18.0,"key":"LiquidMemories"},{"floor":20.0,"key":"FairyPotion"},{"floor":25.0,"key":"Energy Potion"},{"floor":28.0,"key":"Block Potion"}],"is_trial":false,"path_per_floor":["M","M","?","?","?","E","M","M","T","R","E","M","?","M","R","B",null,"M","?","M","?","M","R","E","M","T","R","M","M","E","?","R","B"],"character_chosen":"IRONCLAD","items_purchased":[],"campfire_rested":3,"item_purchase_floors":[],"current_hp_per_floor":[66,61,61,38,38,36,42,42,42,42,32,32,32,35,57,41,67,67,67,54,54,61,61,28,30,30,52,54,51,7,7,29,6,6],"gold":697,"neow_bonus":"ONE_RANDOM_RARE_CARD","is_daily":false,"chose_seed":false,"campfire_upgraded":2,"win_rate":0.0,"timestamp":1612082757,"path_taken":["M","M","?","?","?","E","?","M","T","R","E","M","?","M","R","BOSS","M","?","M","?","M","R","E","?","T","R","M","M","E","?","R","BOSS"],"items_purchased_type":[],"build_version":"2020-12-22","purchased_purges":0,"victory":false,"max_hp_per_floor":[75,75,75,75,75,75,75,75,75,75,75,75,75,75,75,75,75,75,75,75,75,75,75,75,75,75,75,75,75,75,75,75,75,75],"relic_stats":{"Blood Vial":24,"SsserpentHead":200,"counters":[18,100],"CeramicFish":45,"Bag of Preparation":[2],"Orichalcum":[90],"Smiling Mask":0,"obtain_stats":[{"Blood Vial":11,"SsserpentHead":13,"CeramicFish":24,"Mark of Pain":17,"Bag of Preparation":30,"Orichalcum":9,"Smiling Mask":26,"Burning Blood":0,"Toy Ornithopter":5,"Paper Frog":6},{"Blood Vial":6,"SsserpentHead":7,"CeramicFish":13,"Mark of Pain":9,"Bag of Preparation":17,"Orichalcum":5,"Smiling Mask":14,"Burning Blood":0,"Toy Ornithopter":2,"Paper Frog":3},{"Blood Vial":26,"SsserpentHead":29,"CeramicFish":69,"Mark of Pain":44,"Bag of Preparation":94,"Orichalcum":15,"Smiling Mask":74,"Burning Blood":0,"Toy Ornithopter":8,"Paper Frog":11}],"Burning Blood":102,"Toy Ornithopter":30},"card_choices":[{"not_picked":["Evolve","Body Slam"],"picked":"Iron Wave","floor":1.0},{"not_picked":["Shrug It Off","Rampage"],"picked":"Carnage","floor":2.0},{"not_picked":["Clothesline","Thunderclap"],"picked":"Second Wind","floor":6.0},{"not_picked":["Dual Wield","Heavy Blade"],"picked":"Twin Strike","floor":7.0},{"not_picked":["Pummel","Hemokinesis"],"picked":"Feel No Pain","floor":8.0},{"not_picked":["Warcry","Anger"],"picked":"Immolate","floor":11.0},{"not_picked":["Second Wind","Headbutt","Dark Embrace"],"picked":"SKIP","floor":12.0},{"not_picked":["Warcry","Carnage"],"picked":"Havoc","floor":14.0},{"not_picked":["Juggernaut","Barricade"],"picked":"Demon Form","floor":16.0},{"not_picked":["Thunderclap","Reckless Charge"],"picked":"Iron Wave+1","floor":18.0},{"not_picked":["Anger","Cleave+1","Heavy Blade"],"picked":"SKIP","floor":20.0},{"not_picked":["Body Slam+1","Perfected Strike"],"picked":"Shrug It Off+1","floor":22.0},{"not_picked":["Perfected Strike","Twin Strike"],"picked":"Disarm","floor":24.0},{"not_picked":["Perfected Strike","Clothesline"],"picked":"Spot Weakness","floor":25.0},{"not_picked":["Twin Strike","Clothesline","Warcry"],"picked":"SKIP","floor":28.0},{"not_picked":["Warcry","Spot Weakness"],"picked":"Wild Strike","floor":29.0},{"not_picked":["Warcry","Clothesline"],"picked":"Disarm","floor":30.0}],"player_experience":926956,"relics_obtained":[{"floor":6.0,"key":"Paper Frog"},{"floor":9.0,"key":"Orichalcum"},{"floor":11.0,"key":"Blood Vial"},{"floor":24.0,"key":"CeramicFish"},{"floor":26.0,"key":"Smiling Mask"},{"floor":30.0,"key":"Bag of Preparation"}],"event_choices":[{"damage_healed":0.0,"max_hp_gain":0.0,"max_hp_loss":0.0,"gold_gain":0.0,"event_name":"Living Wall","player_choice":"Grow","floor":3.0,"gold_loss":0.0,"damage_taken":0.0,"cards_upgraded":["Barricade"]},{"damage_healed":0.0,"max_hp_gain":0.0,"max_hp_loss":0.0,"gold_gain":0.0,"event_name":"Shining Light","player_choice":"Entered Light","floor":4.0,"gold_loss":0.0,"damage_taken":23.0,"cards_upgraded":["Strike_R","Carnage"]},{"damage_healed":0.0,"max_hp_gain":0.0,"max_hp_loss":0.0,"gold_gain":0.0,"event_name":"WeMeetAgain","player_choice":"Paid Gold","floor":5.0,"gold_loss":84.0,"damage_taken":0.0,"relics_obtained":["Toy Ornithopter"]},{"damage_healed":0.0,"max_hp_gain":0.0,"max_hp_loss":0.0,"gold_gain":0.0,"event_name":"FaceTrader","player_choice":"Trade","floor":13.0,"gold_loss":0.0,"damage_taken":0.0,"relics_obtained":["SsserpentHead"]},{"damage_healed":0.0,"max_hp_gain":0.0,"max_hp_loss":0.0,"gold_gain":50.0,"event_name":"Nest","player_choice":"Stole From Cult","floor":19.0,"gold_loss":0.0,"damage_taken":0.0},{"damage_healed":0.0,"max_hp_gain":0.0,"max_hp_loss":0.0,"gold_gain":0.0,"cards_transformed":["Strike_R"],"event_name":"Transmorgrifier","player_choice":"Transformed","floor":21.0,"gold_loss":0.0,"damage_taken":0.0,"cards_obtained":["Anger"]},{"damage_healed":0.0,"max_hp_gain":0.0,"max_hp_loss":0.0,"gold_gain":0.0,"event_name":"Forgotten Altar","player_choice":"Smashed Altar","floor":31.0,"gold_loss":0.0,"damage_taken":0.0,"cards_obtained":["Decay"]}],"is_beta":false,"boss_relics":[{"not_picked":["Coffee Dripper","Sozu"],"picked":"Mark of Pain"}],"items_purged_floors":[],"is_endless":false,"potions_floor_spawned":[2,7,11,14,16,18,20,25,28],"killed_by":"Collector","ascension_level":16}}