{"host":"ojezjkpqju62j8xy","time":1612083677,"event":{"mods":["ATMod(°¢èªMod)","Act Like it!","Aspiration","BaseMod","Conspire","Gensokyo","Minty Spire (QoL Compilation)","Pale of the Ancients","Reliquary","Replay The Spire","Spicy Shops","StSLib","¡¾ÒÅÎï¿¨ÅÆ¡¿REMEMod","²ÐÁôÖ®Îï"],"gold_per_floor":[109,109,109,109,27,27,61,61,84,98,98,98],"floor_reached":11,"language":"ZHS","playtime":323,"items_purged":[],"score":110,"play_id":"dc97a639-8907-4907-b03b-143b9dc14630","local_time":"20210131170117","is_ascension_mode":true,"campfire_choices":[{"floor":6,"key":"REST"},{"floor":8,"key":"REST"}],"circlet_count":0,"master_deck":["AscendersBane","Strike_B+1","Strike_B","Strike_B+1","Defend_B","Defend_B","Defend_B","Defend_B","Zap","Dualcast","AT_DiedThrough","Sunder","AT_StudyProgram","Creative AI","Aggregate"],"relics":["Cracked Core","AT_ATBox","REME_ComplimentaryCards","DataDisk","Gensokyo:OccultBall","reliquary:LoveEmittingDiode","Replay:Baseball","Simple Rune"],"acts_visited":["Gensokyo:Gensokyo"],"potions_floor_usage":[11],"damage_taken":[{"damage":12,"enemies":"Gensokyo:Python","floor":1,"turns":4},{"damage":31,"enemies":"Gensokyo:Aya","floor":7,"turns":6},{"damage":14,"enemies":"Gensokyo:3_Fairies","floor":10,"turns":6},{"damage":36,"enemies":"Gensokyo:Cirno","floor":11,"turns":6}],"seed_played":"-7050299286040097040","potions_obtained":[{"floor":7,"key":"SkillPotion"},{"floor":10,"key":"Dexterity Potion"}],"is_trial":false,"path_per_floor":["M","?","?","?","COS","R","E","R","T","M","E"],"character_chosen":"DEFECT","items_purchased":[],"campfire_rested":2,"item_purchase_floors":[],"current_hp_per_floor":[52,52,52,38,38,59,28,49,49,35,0,0],"gold":98,"neow_bonus":"RANDOM_COMMON_RELIC","is_daily":false,"chose_seed":false,"campfire_upgraded":0,"win_rate":0.0,"timestamp":1612083677,"path_taken":["M","?","?","?","COS","R","E","R","T","M","E"],"items_purchased_type":[],"build_version":"2020-12-22","purchased_purges":0,"victory":false,"max_hp_per_floor":[71,71,71,71,71,71,71,71,71,71,71,71],"card_choices":[{"not_picked":["Cold Snap","Panic Button"],"picked":"Sunder","floor":1},{"not_picked":["AT_WarpDrive","Panic Button"],"picked":"AT_StudyProgram","floor":7},{"not_picked":["Machine Learning","Seek"],"picked":"Creative AI","floor":10},{"not_picked":["Double Energy","REME_SelfUpgrade"],"picked":"Aggregate","floor":10}],"player_experience":1501978,"relics_obtained":[{"floor":7,"key":"Replay:Baseball"}],"event_choices":[],"is_beta":false,"boss_relics":[],"items_purged_floors":[],"is_endless":false,"potions_floor_spawned":[7,10],"killed_by":"Gensokyo:Cirno","ascension_level":14}}