{"host":"0ulgfg5uyx5zlmwg","time":1612084802,"event":{"mods":["Act Like it!","BaseMod","BetterRewards","Challenge The Spire","Grow up Mod","Marked Mod","Minty Spire (QoL Compilation)","RumiaBox-露米娅的神秘盒子","Shop Mod","Spicy Shops","StSLib","TestMod","Transform Curses","【功能Mod】混沌之环修复补丁","【遗物卡牌】REMEMod","篝火指南"],"gold_per_floor":[110,126,126,126,126,82,111,111,187,207,241,266,304,326,23,131,131,156,201,52,52,61,100,100,122,147,147,160,180,205,234,192,301,301,329,329,355,355,379,86,119,179,179,217,264,304,47,56,56,56,56,56,26,68,68],"floor_reached":56,"language":"ZHS","playtime":3935,"items_purged":["Strike_P"],"score":1721,"play_id":"f975ae33-baee-4f37-8cef-98c32ee5914e","local_time":"20210131172002","is_ascension_mode":true,"campfire_choices":[{"data":"FlurryOfBlows","floor":8.0,"key":"SMITH"},{"data":"RitualDagger","floor":24.0,"key":"SMITH"},{"data":"Devotion","floor":27.0,"key":"SMITH"},{"floor":49,"key":"RECALL"},{"data":"FlurryOfBlows","floor":52,"key":"SMITH"}],"circlet_count":0,"master_deck":["Strike_P","Defend_P","Defend_P+1","Defend_P","Defend_P","Eruption+1","Vigilance","Sadistic Nature","FlurryOfBlows+1","PathToVictory","FollowUp","BowlingBash","FlyingSleeves","Prostrate","FlurryOfBlows","Devotion+1","JustLucky","CrushJoints","FlyingSleeves","Brilliance","TalkToTheHand+1","Ghostly","Ghostly","Ghostly","Ghostly","Ghostly","FlurryOfBlows","FlyingSleeves+1","RitualDagger+1","Halt","JustLucky+1","SandsOfTime","FollowUp+1","CutThroughFate+1","Wish+1","ForeignInfluence","DevaForm","EmptyFist","SashWhip","FlurryOfBlows+1","ReachHeaven","CarveReality+1","FlurryOfBlows","BowlingBash","testmod-SubstituteBySubterfuge","MarkedMod:PinPointDefense","Worship","SandsOfTime","Prostrate"],"relics":["PureWater","testmod-TestBox","REME_ComplimentaryCards","testmod-TurbochargingSystem","Omamori","SecretRecord","SecretRecord","AddBug","CeramicFish","testmod-TurbochargingSystem","MagicDraw2","Ccalipers","HandDrill","Coffee Dripper","testmod-TestBox","testmod-FatalChain","Anchor","Orichalcum","HandDrill","Centennial Puzzle","Calling Bell","testmod-LifeArmor","testmod-ArcanaOfDestiny","Prayer Wheel","Happy Flower","Membership Card","The Courier","Whetstone","Oddly Smooth Stone","testmod-RealStoneCalender","White Beast Statue","GodSword1","Bottled Tornado","testmod-AssaultLearning"],"acts_visited":["Exordium","TheCity","TheBeyond","TheEnding"],"potions_floor_usage":[50,55],"damage_taken":[{"damage":2.0,"enemies":"Jaw Worm","floor":1.0,"turns":4.0},{"damage":0.0,"enemies":"Small Slimes","floor":2.0,"turns":2.0},{"damage":0.0,"enemies":"Cultist","floor":7.0,"turns":2.0},{"damage":0.0,"enemies":"Large Slime","floor":10.0,"turns":1.0},{"damage":10.0,"enemies":"3 Sentries","floor":11.0,"turns":3.0},{"damage":0.0,"enemies":"Looter","floor":12.0,"turns":1.0},{"damage":19.0,"enemies":"Gremlin Nob","floor":13.0,"turns":4.0},{"damage":0.0,"enemies":"3 Louse","floor":14.0,"turns":2.0},{"damage":0.0,"enemies":"Slime Boss","floor":16.0,"turns":4.0},{"damage":0.0,"enemies":"Chosen","floor":18.0,"turns":3.0},{"damage":4.0,"enemies":"Slavers","floor":23.0,"turns":2.0},{"damage":0.0,"enemies":"3 Byrds","floor":25.0,"turns":3.0},{"damage":0.0,"enemies":"Snake Plant","floor":28.0,"turns":2.0},{"damage":0.0,"enemies":"Cultist and Chosen","floor":29.0,"turns":3.0},{"damage":0.0,"enemies":"REME_1_Revenger","floor":30.0,"turns":3.0},{"damage":0.0,"enemies":"Shelled Parasite and Fungi","floor":31.0,"turns":3.0},{"damage":0.0,"enemies":"Collector","floor":33.0,"turns":6.0},{"damage":0.0,"enemies":"3 Darklings","floor":35.0,"turns":2.0},{"damage":0.0,"enemies":"Orb Walker","floor":37.0,"turns":2.0},{"damage":0.0,"enemies":"Nemesis","floor":41.0,"turns":4.0},{"damage":0.0,"enemies":"Transient","floor":42.0,"turns":5.0},{"damage":0,"enemies":"Giant Head","floor":44,"turns":5},{"damage":11,"enemies":"Writhing Mass","floor":45,"turns":2},{"damage":0,"enemies":"Nemesis","floor":46,"turns":3},{"damage":2,"enemies":"Donu and Deca","floor":50,"turns":3},{"damage":0,"enemies":"Shield and Spear","floor":54,"turns":2},{"damage":51,"enemies":"The Heart","floor":55,"turns":4}],"seed_played":"-9006989379218029033","potions_obtained":[{"floor":1.0,"key":"Fire Potion"},{"floor":2.0,"key":"BlessingOfTheForge"},{"floor":7.0,"key":"BottledMiracle"},{"floor":28.0,"key":"FearPotion"},{"floor":29.0,"key":"Ancient Potion"},{"floor":33.0,"key":"LiquidBronze"},{"floor":54,"key":"BottledMiracle"}],"is_trial":false,"path_per_floor":["M","M","?","?","?","R","M","R","T","M","E","M","E","M","R","B",null,"M","?","$","?","?","E","R","M","T","R","M","M","E","M","R","B",null,"M","?","M","?","T","R","E","M","T","E","M","E","$","?","R","B",null,"R","$","E","B",null],"character_chosen":"WATCHER","items_purchased":["FollowUp","HandDrill","CrushJoints","FlyingSleeves","FlurryOfBlows","testmod-SpacePotion","FlyingSleeves","CutThroughFate","Membership Card","The Courier","EmptyFist","SashWhip","BowlingBash","GodSword1","Bottled Tornado","testmod-SubstituteBySubterfuge","Worship","SandsOfTime"],"campfire_rested":0,"item_purchase_floors":[6,15,15,15,20,20,20,32,40,40,40,40,47,47,47,47,53,53],"current_hp_per_floor":[90,100,110,98,108,118,128,138,148,158,158,168,159,169,179,189,252,262,141,151,161,165,171,181,191,201,211,221,231,241,251,261,271,291,301,311,321,331,341,351,361,371,381,391,390,400,410,420,430,438,461,471,481,491,460],"gold":68,"neow_bonus":"RANDOM_COMMON_RELIC","is_daily":false,"chose_seed":false,"campfire_upgraded":4,"win_rate":0.0,"timestamp":1612084802,"path_taken":["M","M","?","?","?","R","M","R","T","?","E","M","E","M","R","BOSS","M","?","$","?","?","E","R","M","T","R","M","M","E","M","R","BOSS","M","?","?","?","?","R","E","M","T","E","M","E","$","?","R","BOSS","R","$","E","BOSS"],"items_purchased_type":["Card","Relic","Card","Card","Card","Potion","Card","Card","Relic","Relic","Card","Card","Card","Relic","Relic","Card","Card","Card"],"build_version":"2020-12-22","purchased_purges":1,"victory":true,"max_hp_per_floor":[92,102,112,122,132,142,152,162,172,182,192,202,212,222,232,242,252,262,141,151,161,171,181,191,201,211,221,231,241,251,261,271,281,291,301,311,321,331,341,351,361,371,381,391,401,411,421,431,441,451,461,471,481,491,511],"card_choices":[{"not_picked":["MarkedMod:FirstStrike","LikeWater"],"picked":"FlurryOfBlows","floor":1.0},{"not_picked":["EmptyFist","Worship"],"picked":"PathToVictory","floor":2.0},{"not_picked":["EmptyFist","REME_Repentance"],"picked":"BowlingBash","floor":7.0},{"not_picked":["MarkedMod:FirstStrike","Evaluate"],"picked":"FlyingSleeves","floor":10.0},{"not_picked":["Collect","Protect"],"picked":"Prostrate","floor":11.0},{"not_picked":["Protect","FlyingSleeves"],"picked":"FlurryOfBlows","floor":12.0},{"not_picked":["ClearTheMind","FollowUp"],"picked":"Devotion","floor":13.0},{"not_picked":["BowlingBash","Adaptation"],"picked":"JustLucky","floor":14.0},{"not_picked":["Scrawl","Blasphemy"],"picked":"Brilliance","floor":16.0},{"not_picked":["FlyingSleeves","Sanctity"],"picked":"TalkToTheHand+1","floor":18.0},{"not_picked":["WindmillStrike","BattleHymn"],"picked":"Halt","floor":23.0},{"not_picked":["LikeWater","Weave+1"],"picked":"JustLucky+1","floor":25.0},{"not_picked":["Crescendo","Conclude+1","BowlingBash"],"picked":"SKIP","floor":28.0},{"not_picked":["FollowUp","CrushJoints"],"picked":"SandsOfTime","floor":29.0},{"not_picked":["Indignation","WindmillStrike","MentalFortress"],"picked":"SKIP","floor":30.0},{"not_picked":["SashWhip","CrushJoints"],"picked":"FollowUp+1","floor":31.0},{"not_picked":["DeusExMachina","Devotion"],"picked":"Wish","floor":33.0},{"not_picked":["MarkedMod:GentlePulse","Crescendo"],"picked":"ForeignInfluence","floor":35.0},{"not_picked":["ClearTheMind+1","SashWhip","MentalFortress+1"],"picked":"SKIP","floor":35.0},{"not_picked":["ThirdEye+1","Crescendo"],"picked":"DevaForm","floor":37.0},{"not_picked":["ClearTheMind","MarkedMod:FirstStrike","Halt"],"picked":"SKIP","floor":37.0},{"not_picked":["Fasting2+1","ClearTheMind","SashWhip+1"],"picked":"SKIP","floor":41.0},{"not_picked":["EmptyMind","Fasting2+1"],"picked":"FlurryOfBlows","floor":42.0},{"not_picked":["MarkedMod:PinPointDefense","WreathOfFlame+1"],"picked":"ReachHeaven","floor":42.0},{"not_picked":["Indignation","WreathOfFlame+1"],"picked":"CarveReality+1","floor":44},{"not_picked":["SashWhip+1","EmptyFist","Wallop+1"],"picked":"SKIP","floor":45},{"not_picked":["MarkedMod:Acupuncture","JustLucky","ConjureBlade"],"picked":"SKIP","floor":45},{"not_picked":["ClearTheMind","ThirdEye"],"picked":"FlurryOfBlows","floor":46},{"not_picked":["Pray+1","MarkedMod:NorthStar"],"picked":"Prostrate","floor":54}],"player_experience":524290,"relics_obtained":[{"floor":1.0,"key":"AddBug"},{"floor":2.0,"key":"SecretRecord"},{"floor":7.0,"key":"testmod-TurbochargingSystem"},{"floor":11.0,"key":"MagicDraw2"},{"floor":13.0,"key":"Ccalipers"},{"floor":18.0,"key":"testmod-TestBox"},{"floor":23.0,"key":"Anchor"},{"floor":26.0,"key":"Orichalcum"},{"floor":29.0,"key":"HandDrill"},{"floor":30.0,"key":"Centennial Puzzle"},{"floor":34.0,"key":"testmod-LifeArmor"},{"floor":34.0,"key":"testmod-ArcanaOfDestiny"},{"floor":34.0,"key":"Prayer Wheel"},{"floor":39.0,"key":"Happy Flower"},{"floor":41.0,"key":"Whetstone"},{"floor":43,"key":"Oddly Smooth Stone"},{"floor":44,"key":"testmod-RealStoneCalender"},{"floor":46,"key":"White Beast Statue"},{"floor":54,"key":"testmod-AssaultLearning"}],"event_choices":[{"damage_healed":0.0,"max_hp_gain":0.0,"max_hp_loss":0.0,"gold_gain":0.0,"event_name":"给自己的盒子","player_choice":"Swap Relic","floor":3.0,"relics_lost":["AddBug"],"gold_loss":0.0,"damage_taken":0.0,"relics_obtained":["AddBug"]},{"damage_healed":0.0,"max_hp_gain":0.0,"max_hp_loss":0.0,"gold_gain":0.0,"event_name":"Shining Light","player_choice":"Entered Light","floor":4.0,"gold_loss":0.0,"damage_taken":22.0,"cards_upgraded":["Defend_P","Eruption"]},{"damage_healed":0.0,"max_hp_gain":0.0,"max_hp_loss":0.0,"gold_gain":0.0,"event_name":"WeMeetAgain","player_choice":"Gave Potion","floor":5.0,"gold_loss":0.0,"damage_taken":0.0,"relics_obtained":["CeramicFish"]},{"damage_healed":0.0,"max_hp_gain":0.0,"max_hp_loss":131.0,"gold_gain":0.0,"event_name":"Ghosts","player_choice":"Became a Ghost","floor":19.0,"gold_loss":0.0,"damage_taken":0.0,"cards_obtained":["Ghostly","Ghostly","Ghostly","Ghostly","Ghostly"]},{"damage_healed":0.0,"max_hp_gain":0.0,"max_hp_loss":0.0,"gold_gain":0.0,"event_name":"Addict","player_choice":"Stole Relic","floor":21.0,"gold_loss":0.0,"damage_taken":0.0,"relics_obtained":["testmod-FatalChain"],"cards_obtained":["Shame"]},{"damage_healed":0.0,"max_hp_gain":0.0,"max_hp_loss":0.0,"gold_gain":0.0,"event_name":"Nest","player_choice":"Joined the Cult","floor":22.0,"gold_loss":0.0,"damage_taken":6.0,"cards_obtained":["RitualDagger"]},{"damage_healed":0.0,"max_hp_gain":0.0,"max_hp_loss":0.0,"gold_gain":0.0,"event_name":"Accursed Blacksmith","player_choice":"Forge","floor":36.0,"gold_loss":0.0,"damage_taken":0.0,"cards_upgraded":["Wish"]},{"cards_removed":["Strike_P"],"damage_healed":0.0,"max_hp_gain":0.0,"max_hp_loss":0.0,"gold_gain":0.0,"event_name":"Falling","player_choice":"Removed Attack","floor":38.0,"gold_loss":0.0,"damage_taken":0.0},{"damage_healed":0,"gold_gain":0,"cards_transformed":["Strike_P"],"player_choice":"Transformed","damage_taken":0,"max_hp_gain":0,"max_hp_loss":0,"event_name":"Transmorgrifier","floor":48,"gold_loss":0,"cards_obtained":["MarkedMod:PinPointDefense"]}],"is_beta":false,"boss_relics":[{"not_picked":["Tiny House","VioletLotus"],"picked":"Coffee Dripper"},{"not_picked":["REME_DemonsWealth","testmod-IncinerationGenerator"],"picked":"Calling Bell"}],"items_purged_floors":[15],"is_endless":false,"potions_floor_spawned":[1,2,7,28,29,33,35,41,42,54],"ascension_level":1}}