{"host":"rolltorest","time":1612063003,"event":{"mods":["BaseMod","Gremlin Mod","Jorbs\u0027s Wanderer Trilogy","Koishi","Minty Spire (QoL Compilation)","Relic Stats","Robot Space Explorer","Slay the Relics Exporter","StSLib","The Servant 0.9.4"],"gold_per_floor":[115,115,132,148,166,199,199,230,279,290,290,317,329,341,341,418,418,437,437,75,89,105,139,139,172,172,172,172,72,72,86,86,168,168,182,198,246,246,190,217,217,252,252,252,272,272,287,110,110,110,110],"floor_reached":52,"language":"ENG","playtime":1999,"items_purged":["stsjorbsmod:Strike_Wanderer","stsjorbsmod:Strike_Wanderer+1","Regret"],"score":2115,"play_id":"89cc24a6-2691-45a8-adb5-9c5efb7db6fe","local_time":"20210130191643","is_ascension_mode":true,"campfire_choices":[{"data":"stsjorbsmod:Prestidigitation","floor":11,"key":"SMITH"},{"data":"stsjorbsmod:Rediscovery","floor":15,"key":"SMITH"},{"floor":24,"key":"REST"},{"floor":27,"key":"REST"},{"data":"stsjorbsmod:ThirstingSword","floor":30,"key":"SMITH"},{"data":"stsjorbsmod:IvoryTower","floor":32,"key":"SMITH"},{"data":"stsjorbsmod:ChatteringStrike","floor":41,"key":"SMITH"},{"data":"stsjorbsmod:ScorchingRay","floor":46,"key":"SMITH"},{"data":"stsjorbsmod:MagicMissiles","floor":49,"key":"SMITH"}],"circlet_count":0,"master_deck":["AscendersBane","stsjorbsmod:ForbiddenGrimoire+1","stsjorbsmod:Strike_Wanderer+1","stsjorbsmod:Strike_Wanderer+1","stsjorbsmod:Defend_Wanderer+1","stsjorbsmod:Defend_Wanderer+1","stsjorbsmod:Defend_Wanderer+1","stsjorbsmod:FreshAdventure","stsjorbsmod:EyeOfTheStorm+1","stsjorbsmod:Withering","stsjorbsmod:IvoryTower+1","stsjorbsmod:BurningFlask+1","stsjorbsmod:TollTheDead+1","stsjorbsmod:ChainLightning+1","stsjorbsmod:Prestidigitation+1","stsjorbsmod:FlameWard","stsjorbsmod:MagicMissiles+1","stsjorbsmod:FranticSearch","stsjorbsmod:Rediscovery+1","stsjorbsmod:BurningFlask","stsjorbsmod:Firebolt+1","stsjorbsmod:DeathThroes+1","stsjorbsmod:ParryingBlow","Necronomicurse","stsjorbsmod:FracturedMind+1","stsjorbsmod:RayOfFrost+1","stsjorbsmod:ThirstingSword+1","stsjorbsmod:ArcaneForm","stsjorbsmod:Mending+1","stsjorbsmod:ChatteringStrike+1","stsjorbsmod:WanderingMind","stsjorbsmod:ChatteringStrike+1","stsjorbsmod:ScorchingRay+1","Sadistic Nature","stsjorbsmod:MagicMirror+1","stsjorbsmod:WanderingMind"],"relics":["stsjorbsmod:GrimoireRelic","Bag of Preparation","Happy Flower","FaceOfCleric","Incense Burner","MealTicket","Whetstone","Philosopher\u0027s Stone","Necronomicon","InkBottle","Mercury Hourglass","Vajra","stsjorbsmod:MindPalaceRelic","Cursed Key","Bird Faced Urn","Toy Ornithopter","PreservedInsect"],"acts_visited":["Exordium","TheCity","TheBeyond"],"potions_floor_usage":[8,18,22,23,25],"damage_taken":[{"damage":1,"enemies":"Cultist","floor":1,"turns":4},{"damage":2,"enemies":"Jaw Worm","floor":3,"turns":4},{"damage":0,"enemies":"2 Louse","floor":4,"turns":3},{"damage":21,"enemies":"Exordium Wildlife","floor":5,"turns":4},{"damage":9,"enemies":"Lagavulin","floor":6,"turns":7},{"damage":20,"enemies":"Gremlin Nob","floor":8,"turns":4},{"damage":0,"enemies":"Large Slime","floor":10,"turns":6},{"damage":0,"enemies":"3 Sentries","floor":12,"turns":5},{"damage":0,"enemies":"Blue Slaver","floor":13,"turns":3},{"damage":0,"enemies":"2 Fungi Beasts","floor":14,"turns":2},{"damage":22,"enemies":"The Guardian","floor":16,"turns":9},{"damage":8,"enemies":"2 Thieves","floor":18,"turns":2},{"damage":31,"enemies":"3 Byrds","floor":21,"turns":3},{"damage":12,"enemies":"Shelled Parasite and Fungi","floor":22,"turns":3},{"damage":0,"enemies":"Gremlin Leader","floor":23,"turns":5},{"damage":22,"enemies":"Slavers","floor":25,"turns":4},{"damage":0,"enemies":"Snake Plant","floor":31,"turns":4},{"damage":12,"enemies":"Collector","floor":33,"turns":6},{"damage":9,"enemies":"3 Darklings","floor":35,"turns":3},{"damage":0,"enemies":"3 Shapes","floor":36,"turns":2},{"damage":5,"enemies":"2 Orb Walkers","floor":37,"turns":5},{"damage":0,"enemies":"Giant Head","floor":40,"turns":5},{"damage":1,"enemies":"Reptomancer","floor":42,"turns":3},{"damage":24,"enemies":"Spire Growth","floor":45,"turns":4},{"damage":0,"enemies":"Sphere and 2 Shapes","floor":47,"turns":3},{"damage":14,"enemies":"Donu and Deca","floor":50,"turns":6},{"damage":84,"enemies":"Awakened One","floor":51,"turns":7}],"seed_played":"-3874228909769289006","potions_obtained":[{"floor":1,"key":"ColorlessPotion"},{"floor":5,"key":"SmokeBomb"},{"floor":8,"key":"DistilledChaos"},{"floor":12,"key":"Fire Potion"},{"floor":16,"key":"stsjorbsmod:LiquidVirtue"},{"floor":21,"key":"Energy Potion"},{"floor":22,"key":"DistilledChaos"},{"floor":23,"key":"DuplicationPotion"},{"floor":33,"key":"FearPotion"},{"floor":36,"key":"stsjorbsmod:LiquidVirtue"}],"is_trial":false,"path_per_floor":["M","T","M","M","M","E","?","E","T","M","R","E","M","M","R","B",null,"M","?","$","M","M","E","R","E","T","R","?","$","R","M","R","B",null,"M","M","?","?","$","E","R","E","T","?","M","R","M","$","R","B","B",null],"character_chosen":"WANDERER","items_purchased":["InkBottle","stsjorbsmod:WanderingMind","stsjorbsmod:WanderingMind"],"campfire_rested":2,"item_purchase_floors":[20,39,48],"current_hp_per_floor":[58,58,60,62,43,34,34,16,16,19,19,21,24,26,26,5,55,51,30,45,15,6,9,31,12,12,35,35,50,50,54,54,69,75,72,78,78,78,80,81,81,82,82,82,81,81,82,82,82,81,12],"gold":110,"neow_bonus":"THREE_RARE_CARDS","is_daily":false,"chose_seed":false,"campfire_upgraded":7,"win_rate":0.0,"timestamp":1612063003,"path_taken":["M","?","M","M","?","E","?","E","T","M","R","E","M","?","R","BOSS","M","?","$","M","M","E","R","E","T","R","?","?","R","M","R","BOSS","M","M","?","?","$","E","R","E","T","?","M","R","?","?","R","BOSS","BOSS"],"items_purchased_type":["Relic","Card","Card"],"build_version":"2020-12-18","purchased_purges":3,"victory":true,"max_hp_per_floor":[64,64,66,66,66,66,66,67,67,68,68,69,70,71,71,72,72,73,73,73,74,75,76,76,77,77,77,77,77,77,78,78,77,77,78,79,80,80,80,81,81,82,82,82,81,81,82,82,82,81,82],"relic_stats":{"Happy Flower":[31],"counters":[27,116],"PreservedInsect":0,"Bag of Preparation":[52],"Whetstone":["stsjorbsmod:Strike_Wanderer","stsjorbsmod:Strike_Wanderer"],"Cursed Key":1,"Mercury Hourglass":[241],"FaceOfCleric":22,"Bird Faced Urn":[8],"MealTicket":32,"Necronomicon":[21],"obtain_stats":[{"Happy Flower":6,"Vajra":25,"stsjorbsmod:GrimoireRelic":0,"PreservedInsect":42,"Bag of Preparation":2,"Incense Burner":8,"Whetstone":12,"stsjorbsmod:MindPalaceRelic":26,"Cursed Key":34,"Mercury Hourglass":23,"FaceOfCleric":7,"Bird Faced Urn":37,"MealTicket":9,"Philosopher\u0027s Stone":17,"Necronomicon":19,"InkBottle":20,"Toy Ornithopter":40},{"Happy Flower":5,"Vajra":16,"stsjorbsmod:GrimoireRelic":0,"PreservedInsect":23,"Bag of Preparation":1,"Incense Burner":6,"Whetstone":8,"stsjorbsmod:MindPalaceRelic":16,"Cursed Key":18,"Mercury Hourglass":15,"FaceOfCleric":5,"Bird Faced Urn":21,"MealTicket":6,"Philosopher\u0027s Stone":11,"Necronomicon":12,"InkBottle":12,"Toy Ornithopter":22},{"Happy Flower":22,"Vajra":68,"stsjorbsmod:GrimoireRelic":0,"PreservedInsect":96,"Bag of Preparation":4,"Incense Burner":26,"Whetstone":37,"stsjorbsmod:MindPalaceRelic":68,"Cursed Key":78,"Mercury Hourglass":64,"FaceOfCleric":22,"Bird Faced Urn":88,"MealTicket":26,"Philosopher\u0027s Stone":51,"Necronomicon":53,"InkBottle":53,"Toy Ornithopter":93}],"InkBottle":[35],"Toy Ornithopter":0},"card_choices":[{"not_picked":["stsjorbsmod:Banish","stsjorbsmod:MirrorImage"],"picked":"stsjorbsmod:IvoryTower","floor":0},{"not_picked":["stsjorbsmod:SchoolsOfMagic","stsjorbsmod:MagicMissiles"],"picked":"stsjorbsmod:BurningFlask","floor":1},{"not_picked":["stsjorbsmod:FlameWard","stsjorbsmod:Hibernate"],"picked":"stsjorbsmod:TollTheDead","floor":3},{"not_picked":["stsjorbsmod:SchoolsOfMagic","stsjorbsmod:BlackTentacles"],"picked":"stsjorbsmod:ChainLightning","floor":4},{"not_picked":["stsjorbsmod:WanderingMind","stsjorbsmod:FracturedMind"],"picked":"stsjorbsmod:Prestidigitation","floor":5},{"not_picked":["stsjorbsmod:Message","stsjorbsmod:MistyStep"],"picked":"stsjorbsmod:FlameWard","floor":6},{"not_picked":["stsjorbsmod:Counterspell","stsjorbsmod:ParryingBlow"],"picked":"stsjorbsmod:MagicMissiles","floor":8},{"not_picked":["stsjorbsmod:Hurt","stsjorbsmod:Rest"],"picked":"stsjorbsmod:FranticSearch","floor":10},{"not_picked":["stsjorbsmod:WanderingMind","stsjorbsmod:Prestidigitation"],"picked":"stsjorbsmod:Rediscovery","floor":12},{"not_picked":["stsjorbsmod:BlackTentacles","stsjorbsmod:Materialize"],"picked":"stsjorbsmod:BurningFlask","floor":13},{"not_picked":["stsjorbsmod:Prepare","stsjorbsmod:UnseenServant"],"picked":"stsjorbsmod:Firebolt","floor":14},{"not_picked":["stsjorbsmod:Entangle","stsjorbsmod:SiphonEnergy"],"picked":"stsjorbsmod:DeathThroes","floor":16},{"not_picked":["stsjorbsmod:ArcaneWeapon+1","stsjorbsmod:UnseenServant+1"],"picked":"stsjorbsmod:ParryingBlow","floor":18},{"not_picked":["stsjorbsmod:UnseenServant","stsjorbsmod:FindFamiliar"],"picked":"stsjorbsmod:FracturedMind+1","floor":21},{"not_picked":["stsjorbsmod:WanderingMind","stsjorbsmod:BurningFlask"],"picked":"stsjorbsmod:RayOfFrost+1","floor":22},{"not_picked":["stsjorbsmod:ParryingBlow+1","stsjorbsmod:Patron"],"picked":"stsjorbsmod:ThirstingSword","floor":23},{"not_picked":["stsjorbsmod:RefuseToForget","stsjorbsmod:SmithingStrike","stsjorbsmod:Mindworm"],"picked":"SKIP","floor":25},{"not_picked":["stsjorbsmod:ChainLightning","stsjorbsmod:Index","stsjorbsmod:Hurt"],"picked":"SKIP","floor":31},{"not_picked":["stsjorbsmod:GatherPower","stsjorbsmod:Fear"],"picked":"stsjorbsmod:ArcaneForm","floor":33},{"not_picked":["stsjorbsmod:ParryingBlow","stsjorbsmod:Materialize+1"],"picked":"stsjorbsmod:Mending+1","floor":35},{"not_picked":["stsjorbsmod:ArcaneWeapon","stsjorbsmod:RayOfFrost","stsjorbsmod:ChainLightning"],"picked":"SKIP","floor":36},{"not_picked":["stsjorbsmod:ArcaneWeapon+1","stsjorbsmod:TrueStrike"],"picked":"stsjorbsmod:ChatteringStrike","floor":37},{"not_picked":["stsjorbsmod:FranticSearch+1","stsjorbsmod:Aid"],"picked":"stsjorbsmod:ChatteringStrike+1","floor":40},{"not_picked":["stsjorbsmod:BookOfTongues","stsjorbsmod:MageArmor"],"picked":"stsjorbsmod:ScorchingRay","floor":42},{"not_picked":["Dark Shackles","Impatience"],"picked":"Sadistic Nature","floor":44},{"not_picked":["stsjorbsmod:BlackTentacles","stsjorbsmod:FindFamiliar+1","stsjorbsmod:Will"],"picked":"SKIP","floor":45},{"not_picked":["stsjorbsmod:HedgeWizard","stsjorbsmod:ChainLightning"],"picked":"stsjorbsmod:MagicMirror+1","floor":47}],"player_experience":2356829,"relics_obtained":[{"floor":2,"key":"Bag of Preparation"},{"floor":6,"key":"Happy Flower"},{"floor":8,"key":"Incense Burner"},{"floor":9,"key":"MealTicket"},{"floor":12,"key":"Whetstone"},{"floor":19,"key":"Necronomicon"},{"floor":23,"key":"Mercury Hourglass"},{"floor":25,"key":"Vajra"},{"floor":26,"key":"stsjorbsmod:MindPalaceRelic"},{"floor":37,"key":"Bird Faced Urn"},{"floor":40,"key":"Toy Ornithopter"},{"floor":42,"key":"PreservedInsect"}],"event_choices":[{"damage_healed":0,"gold_gain":0,"player_choice":"Trade","damage_taken":0,"relics_obtained":["FaceOfCleric"],"max_hp_gain":0,"max_hp_loss":0,"event_name":"FaceTrader","floor":7,"gold_loss":0},{"damage_healed":0,"gold_gain":0,"player_choice":"Obtained Book","damage_taken":21,"max_hp_gain":0,"max_hp_loss":0,"event_name":"Cursed Tome","floor":19,"gold_loss":0},{"damage_healed":0,"gold_gain":0,"player_choice":"Simplicity","damage_taken":0,"max_hp_gain":0,"max_hp_loss":0,"event_name":"Back to Basics","floor":28,"gold_loss":0,"cards_upgraded":["stsjorbsmod:Strike_Wanderer","stsjorbsmod:Defend_Wanderer","stsjorbsmod:Defend_Wanderer","stsjorbsmod:Defend_Wanderer","stsjorbsmod:Defend_Wanderer"]},{"damage_healed":0,"gold_gain":0,"player_choice":"Fight","damage_taken":0,"max_hp_gain":0,"max_hp_loss":0,"event_name":"Mysterious Sphere","floor":37,"gold_loss":0},{"cards_removed":["stsjorbsmod:Defend_Wanderer"],"damage_healed":0,"gold_gain":0,"player_choice":"Removed Skill","damage_taken":0,"max_hp_gain":0,"max_hp_loss":0,"event_name":"Falling","floor":38,"gold_loss":0},{"damage_healed":0,"gold_gain":0,"player_choice":"Memory 1","damage_taken":0,"max_hp_gain":0,"max_hp_loss":0,"event_name":"SensoryStone","floor":44,"gold_loss":0}],"is_beta":true,"boss_relics":[{"not_picked":["Runic Dome","Calling Bell"],"picked":"Philosopher\u0027s Stone"},{"not_picked":["Tiny House","Coffee Dripper"],"picked":"Cursed Key"}],"items_purged_floors":[20,29,48],"is_endless":false,"potions_floor_spawned":[1,5,8,12,16,21,22,23,33,36,37,45],"ascension_level":20}}