{"host":"d5i1qeb9dejicw1z","time":1612127684,"event":{"mods":["AchievementEnabler","BaseMod","Better Note","BetterRewards","Evolution","Gold Saver","Minty Spire (QoL Compilation)","Permanent Neow","Relic Filter Mod","Reliquary","StSLib"],"gold_per_floor":[690,690,707,411,424,424,499,512,512,512,527,263,138,148,148,226,276,291,307,257,207,207,207,233,233,257,49,78,78,78,78,78],"floor_reached":31,"language":"ENG","playtime":1140,"items_purged":["Capacitor","Defend_B","Strike_B"],"score":509,"play_id":"fe925cb2-92a6-45af-a0a4-24b13f02298f","local_time":"20210131131444","is_ascension_mode":true,"campfire_choices":[{"data":"Zap","floor":6,"key":"SMITH"},{"floor":10,"key":"REST"},{"floor":15,"key":"REST"},{"floor":23,"key":"REST"},{"floor":25,"key":"REST"},{"floor":29,"key":"REST"}],"circlet_count":0,"master_deck":["AscendersBane","Ball Lightning","Ball Lightning+1","Ball Lightning+1","Defend_B","Defend_B","Defend_B","Zap+1","Dualcast+1","Cold Snap+1","Leap","Leap","Static Discharge+1","Electrodynamics","Melter+1","Echo Form","Leap","Lockon+1"],"relics":["Cracked Core","EVO:Axolotl","Runic Capacitor","White Beast Statue","Whetstone","Tiny House","reliquary:PurpleTingedLeaf","MawBank","Happy Flower","Molten Egg 2"],"acts_visited":["Exordium","TheCity"],"potions_floor_usage":[16,16,16,16,18,24,24,28,28,31],"damage_taken":[{"damage":8,"enemies":"2 Louse","floor":1,"turns":2},{"damage":2,"enemies":"Jaw Worm","floor":3,"turns":2},{"damage":0,"enemies":"Cultist","floor":5,"turns":2},{"damage":35,"enemies":"Gremlin Gang","floor":8,"turns":3},{"damage":0,"enemies":"Looter","floor":11,"turns":2},{"damage":1,"enemies":"Large Slime","floor":14,"turns":3},{"damage":10,"enemies":"Hexaghost","floor":16,"turns":6},{"damage":32,"enemies":"Shell Parasite","floor":18,"turns":4},{"damage":20,"enemies":"Spheric Guardian","floor":19,"turns":3},{"damage":32,"enemies":"Slavers","floor":24,"turns":3},{"damage":24,"enemies":"Book of Stabbing","floor":28,"turns":4},{"damage":52,"enemies":"Gremlin Leader","floor":31,"turns":4}],"seed_played":"-730450295390085768","potions_obtained":[{"floor":8,"key":"Fire Potion"},{"floor":11,"key":"EntropicBrew"},{"floor":16,"key":"FearPotion"},{"floor":17,"key":"Regen Potion"},{"floor":18,"key":"SmokeBomb"},{"floor":19,"key":"Energy Potion"},{"floor":24,"key":"Swift Potion"},{"floor":28,"key":"CultistPotion"}],"is_trial":false,"path_per_floor":["M","?","M","$","M","R","?","M","T","R","M","$","$","M","R","B",null,"M","M","?","?","?","R","E","R","T","$","E","R","?","E"],"character_chosen":"DEFECT","items_purchased":["Runic Capacitor","Leap","Whetstone","Happy Flower","PowerPotion"],"campfire_rested":5,"item_purchase_floors":[4,4,12,27,27],"current_hp_per_floor":[56,61,59,59,59,59,48,13,13,35,35,35,35,34,56,46,74,54,34,34,34,34,58,26,50,50,50,27,51,51,0,0],"gold":78,"neow_bonus":"THREE_CARDS","is_daily":false,"chose_seed":false,"campfire_upgraded":1,"win_rate":0.0,"timestamp":1612127684,"path_taken":["M","?","M","$","M","R","?","?","T","R","M","?","$","M","R","BOSS","M","?","?","?","?","R","E","R","T","$","E","R","?","E"],"items_purchased_type":["Relic","Card","Relic","Relic","Potion"],"build_version":"2020-12-22","purchased_purges":3,"victory":false,"max_hp_per_floor":[71,76,76,76,76,76,76,76,76,76,76,76,76,76,76,76,81,81,81,81,81,81,81,81,81,81,81,81,81,81,81,81],"card_choices":[{"not_picked":["Hologram","Turbo"],"picked":"Cold Snap","floor":0},{"not_picked":["Streamline","Beam Cell","Hologram"],"picked":"SKIP","floor":1},{"not_picked":["Rebound","Cold Snap"],"picked":"Capacitor","floor":3},{"not_picked":["Turbo","Compile Driver"],"picked":"Leap","floor":5},{"not_picked":["Beam Cell","Rebound"],"picked":"Static Discharge","floor":8},{"not_picked":["Conserve Battery","Turbo"],"picked":"Electrodynamics","floor":11},{"not_picked":["Redo","Steam","Go for the Eyes"],"picked":"SKIP","floor":14},{"not_picked":["White Noise","Steam","Beam Cell"],"picked":"SKIP","floor":18},{"not_picked":["Cold Snap","Gash"],"picked":"Melter+1","floor":19},{"not_picked":["Ball Lightning","Consume+1"],"picked":"Echo Form","floor":24},{"not_picked":["Compile Driver+1","FTL+1"],"picked":"Leap","floor":28}],"player_experience":1203105,"relics_obtained":[{"floor":9,"key":"White Beast Statue"},{"floor":24,"key":"reliquary:PurpleTingedLeaf"},{"floor":26,"key":"MawBank"},{"floor":28,"key":"Molten Egg 2"}],"event_choices":[{"damage_healed":0,"gold_gain":0,"player_choice":"Donut","damage_taken":0,"max_hp_gain":5,"max_hp_loss":0,"event_name":"Big Fish","floor":2,"gold_loss":0},{"damage_healed":0,"gold_gain":75,"player_choice":"Gather Gold","damage_taken":11,"max_hp_gain":0,"max_hp_loss":0,"event_name":"World of Goop","floor":7,"gold_loss":0},{"damage_healed":0,"gold_gain":0,"player_choice":"Bet on Owner","damage_taken":0,"max_hp_gain":0,"max_hp_loss":0,"event_name":"The Joust","floor":20,"gold_loss":50},{"damage_healed":0,"gold_gain":0,"player_choice":"Upgraded Two","damage_taken":0,"max_hp_gain":0,"max_hp_loss":0,"event_name":"Designer","floor":21,"gold_loss":50,"cards_upgraded":["Ball Lightning","Dualcast"]},{"cards_removed":["Electrodynamics"],"damage_healed":0,"gold_gain":0,"player_choice":"Give","damage_taken":0,"max_hp_gain":0,"max_hp_loss":0,"event_name":"betterNote:BetterNote","floor":22,"gold_loss":0,"cards_obtained":["Fission"]},{"damage_healed":0,"gold_gain":0,"player_choice":"Read","damage_taken":0,"max_hp_gain":0,"max_hp_loss":0,"event_name":"The Library","floor":30,"gold_loss":0,"cards_obtained":["Lockon"]}],"is_beta":false,"boss_relics":[{"not_picked":["Sozu","reliquary:RedPaperclip"],"picked":"Tiny House"}],"items_purged_floors":[4,12,13],"is_endless":false,"potions_floor_spawned":[8,11,14,16,18,19,24,28],"killed_by":"Gremlin Leader","ascension_level":19}}