{"host":"1x0iiauhsd6tfigj","time":1612069631,"event":{"mods":["AchievementEnabler","BaseMod","Block Reminder","Colored Map","Colored Powertips","DeckTracker","Googly Eyes","Highlight Path","Minty Spire (QoL Compilation)","Permanent Neow","Quick Restart","Relic Sorter","Relic Stats","Slay-I","StSLib"],"gold_per_floor":[110,124,144,161,139,139,174,174,174,37,48,48,67,87,87,189,189,206,206,63,63,0,0,0,0,0,18,31,31,31],"floor_reached":29,"language":"ENG","playtime":1717,"items_purged":[],"score":259,"play_id":"d844a95e-79f2-4316-a5e0-127020759e05","local_time":"20210130220711","is_ascension_mode":true,"campfire_choices":[{"data":"Vigilance","floor":6,"key":"SMITH"},{"floor":12,"key":"REST"},{"floor":15,"key":"REST"},{"floor":23,"key":"REST"},{"data":"MasterReality","floor":25,"key":"SMITH"}],"circlet_count":0,"master_deck":["Strike_P","Strike_P","Strike_P","Defend_P","Defend_P","Defend_P","Defend_P","Eruption+1","Vigilance+1","PathToVictory+1","Wallop","CutThroughFate","BowlingBash","FlyingSleeves","Ragnarok","CarveReality","ThirdEye","LessonLearned","CarveReality","Prostrate","MasterReality+1","Shame","JustLucky","FollowUp"],"relics":["PureWater","Orichalcum","Eternal Feather","Cursed Key","Sundial"],"acts_visited":["Exordium","TheCity"],"potions_floor_usage":[3,7,14,16,18,20,29],"damage_taken":[{"damage":0,"enemies":"Cultist","floor":1,"turns":2},{"damage":14,"enemies":"Jaw Worm","floor":2,"turns":2},{"damage":2,"enemies":"2 Louse","floor":3,"turns":2},{"damage":3,"enemies":"Looter","floor":4,"turns":2},{"damage":23,"enemies":"Gremlin Nob","floor":7,"turns":4},{"damage":0,"enemies":"2 Fungi Beasts","floor":11,"turns":3},{"damage":1,"enemies":"3 Louse","floor":13,"turns":2},{"damage":14,"enemies":"Gremlin Gang","floor":14,"turns":5},{"damage":48,"enemies":"Slime Boss","floor":16,"turns":10},{"damage":30,"enemies":"2 Thieves","floor":18,"turns":3},{"damage":2,"enemies":"Spheric Guardian","floor":27,"turns":3},{"damage":26,"enemies":"Chosen and Byrds","floor":28,"turns":5},{"damage":70,"enemies":"Book of Stabbing","floor":29,"turns":6}],"seed_played":"604618049139149285","potions_obtained":[{"floor":1,"key":"LiquidBronze"},{"floor":4,"key":"SneckoOil"},{"floor":13,"key":"BlessingOfTheForge"},{"floor":14,"key":"SpeedPotion"},{"floor":16,"key":"Dexterity Potion"},{"floor":18,"key":"Regen Potion"}],"is_trial":false,"path_per_floor":["M","M","M","M","?","R","E","?","T","$","M","R","M","M","R","B",null,"M","?","$","?","?","R","?","R","T","M","M","E"],"character_chosen":"WATCHER","items_purchased":["Ragnarok","Fruit Juice","Prostrate"],"campfire_rested":3,"item_purchase_floors":[10,20,20],"current_hp_per_floor":[72,58,56,53,53,53,30,30,30,30,30,60,59,45,72,24,72,42,42,47,47,47,77,77,77,77,75,49,0,0],"gold":31,"neow_bonus":"UPGRADE_CARD","is_daily":false,"chose_seed":false,"campfire_upgraded":2,"win_rate":0.0,"timestamp":1612069631,"path_taken":["M","?","M","M","?","R","E","?","T","$","M","R","M","M","R","BOSS","M","?","$","?","?","R","?","R","T","M","?","E"],"items_purchased_type":["Card","Potion","Card"],"build_version":"2020-12-22","purchased_purges":0,"victory":false,"max_hp_per_floor":[72,72,72,72,72,72,72,72,72,72,72,72,72,72,72,72,72,72,72,77,77,77,77,77,77,77,77,77,77,77],"relic_stats":{"counters":[13,49],"Sundial":[0],"Eternal Feather":30,"Orichalcum":[72],"Cursed Key":1,"obtain_stats":[{"Sundial":26,"Eternal Feather":9,"PureWater":0,"Orichalcum":7,"Cursed Key":17},{"Sundial":10,"Eternal Feather":5,"PureWater":0,"Orichalcum":5,"Cursed Key":9},{"Sundial":35,"Eternal Feather":12,"PureWater":0,"Orichalcum":12,"Cursed Key":32}]},"card_choices":[{"not_picked":["Perseverance","Meditate"],"picked":"PathToVictory","floor":1},{"not_picked":["Evaluate","SashWhip"],"picked":"Wallop","floor":2},{"not_picked":["WaveOfTheHand","FearNoEvil"],"picked":"CutThroughFate","floor":3},{"not_picked":["TalkToTheHand","JustLucky"],"picked":"BowlingBash","floor":4},{"not_picked":["Crescendo","WaveOfTheHand"],"picked":"FlyingSleeves","floor":7},{"not_picked":["FlurryOfBlows","FlyingSleeves"],"picked":"CarveReality","floor":11},{"not_picked":["Crescendo","JustLucky"],"picked":"ThirdEye","floor":13},{"not_picked":["Pray","Collect","InnerPeace"],"picked":"SKIP","floor":14},{"not_picked":["Scrawl","Blasphemy"],"picked":"LessonLearned","floor":16},{"not_picked":["EmptyFist","SashWhip"],"picked":"CarveReality","floor":18},{"not_picked":["FlyingSleeves","Tantrum+1"],"picked":"JustLucky","floor":27},{"not_picked":["SashWhip","SandsOfTime"],"picked":"FollowUp","floor":28}],"player_experience":1588841,"relics_obtained":[{"floor":7,"key":"Orichalcum"},{"floor":9,"key":"Eternal Feather"},{"floor":26,"key":"Sundial"}],"event_choices":[{"damage_healed":0,"gold_gain":0,"player_choice":"Left Gold","damage_taken":0,"max_hp_gain":0,"max_hp_loss":0,"event_name":"World of Goop","floor":5,"gold_loss":22},{"damage_healed":0,"gold_gain":0,"player_choice":"Searched \u00270\u0027 times","damage_taken":0,"max_hp_gain":0,"max_hp_loss":0,"event_name":"Dead Adventurer","floor":8,"gold_loss":0},{"damage_healed":0,"gold_gain":0,"player_choice":"Ignored","damage_taken":0,"max_hp_gain":0,"max_hp_loss":0,"event_name":"Vampires","floor":19,"gold_loss":0},{"damage_healed":0,"gold_gain":0,"player_choice":"Ignored","damage_taken":0,"max_hp_gain":0,"max_hp_loss":0,"event_name":"Ghosts","floor":21,"gold_loss":0},{"damage_healed":0,"gold_gain":0,"player_choice":"Paid Fearfully","damage_taken":0,"max_hp_gain":0,"max_hp_loss":0,"event_name":"Masked Bandits","floor":22,"gold_loss":63},{"damage_healed":0,"gold_gain":0,"cards_transformed":["Strike_P"],"player_choice":"Transformed","damage_taken":0,"max_hp_gain":0,"max_hp_loss":0,"event_name":"Transmorgrifier","floor":24,"gold_loss":0,"cards_obtained":["MasterReality"]}],"is_beta":false,"boss_relics":[{"not_picked":["VioletLotus","Coffee Dripper"],"picked":"Cursed Key"}],"items_purged_floors":[],"is_endless":false,"potions_floor_spawned":[1,4,13,14,16,18],"killed_by":"Book of Stabbing","ascension_level":3}}