{"host":"fl6c84p0pqwjbhud","time":1612096385,"event":{"mods":["AchievementEnabler","BaseMod","Better Third Choice","Better-Laid Plans","Colored Map","Defuse TimeMaze Blight","Energized Spire","Highlight Path","Minty Spire (QoL Compilation)","Permanent Neow","Quick Restart","StSLib","Synergy Search","Transform Curses"],"gold_per_floor":[118,133,133,146,146,146,2,77,101,124,145,166,24,333,333,443,443,453,498,498,515,515,515,430,430,430,529,529,542,592,592,592,698,698,709,736,736,736,750,750,804,804,804,804,804,863,863,19,19,19,19],"floor_reached":50,"language":"ENG","playtime":2775,"items_purged":[],"score":593,"play_id":"c262789d-52ec-4a45-910d-246a6afef734","local_time":"20210131133305","daily_mods":["Draft","Chimera","Specialized","Vintage","Allstar","Diverse","Colorless Cards","Heirloom","Time Dilation","Flight"],"is_ascension_mode":false,"campfire_choices":[{"floor":6,"key":"REST"},{"data":"Infinite Blades","floor":15,"key":"SMITH"},{"floor":23,"key":"REST"},{"floor":32,"key":"REST"},{"floor":40,"key":"REST"},{"floor":42,"key":"REST"},{"floor":44,"key":"REST"},{"floor":47,"key":"REST"},{"floor":49,"key":"REST"}],"circlet_count":0,"master_deck":["Bash","Survivor","Zap+1","Eruption","Defend_R+1","Defend_G+1","Defend_P+1","SpiritShield","SpiritShield","SpiritShield","SpiritShield","Consecrate","Endless Agony","Prostrate","Loop","Coolheaded+1","Infinite Blades","FlyingSleeves+1","Bane","Cleave","Poisoned Stab","Anger","Chaos","Finesse","Slice","Anger+1","Burn","Well Laid Plans","Infinite Blades+1","After Image+1","Bite","Bite","Bite","Bite","Bite","Rainbow","Dramatic Entrance","Deep Breath","Flash of Steel","Consecrate+1"],"relics":["Snecko Eye","Unceasing Top","Bird Faced Urn","MealTicket","Matryoshka","CeramicFish","CultistMask","Membership Card","MawBank","Vajra","Orichalcum","The Courier","Singing Bowl","DollysMirror","Old Coin","Fusion Hammer","InkBottle","PreservedInsect","War Paint","Pear","Sundial","FossilizedHelix","Whetstone","Enchiridion","SlaversCollar","Red Skull","Darkstone Periapt","Molten Egg 2","Dead Branch","Art of War","Lizard Tail","Happy Flower","Kunai","Self Forming Clay","Nunchaku","Strawberry","Boot","Turnip","ClockworkSouvenir","Bag of Preparation","Paper Frog","Omamori"],"acts_visited":["Exordium","TheCity","TheBeyond"],"potions_floor_usage":[16,18,33,33,33,35,35,41,50,50,50],"damage_taken":[{"damage":0,"enemies":"Small Slimes","floor":1,"turns":1},{"damage":0,"enemies":"Cultist","floor":2,"turns":2},{"damage":11,"enemies":"Jaw Worm","floor":4,"turns":2},{"damage":13,"enemies":"Exordium Thugs","floor":10,"turns":4},{"damage":56,"enemies":"Hexaghost","floor":16,"turns":5},{"damage":10,"enemies":"Shell Parasite","floor":18,"turns":4},{"damage":42,"enemies":"Spheric Guardian","floor":21,"turns":4},{"damage":26,"enemies":"Snake Plant","floor":29,"turns":4},{"damage":61,"enemies":"Champ","floor":33,"turns":6},{"damage":28,"enemies":"3 Darklings","floor":35,"turns":6},{"damage":0,"enemies":"Orb Walker","floor":39,"turns":4},{"damage":45,"enemies":"2 Orb Walkers","floor":41,"turns":3},{"damage":60,"enemies":"Mind Bloom Boss Battle","floor":46,"turns":4},{"damage":163,"enemies":"Time Eater","floor":50,"turns":12}],"seed_played":"8673352763472100334","potions_obtained":[{"floor":1,"key":"PowerPotion"},{"floor":2,"key":"Dexterity Potion"},{"floor":16,"key":"Dexterity Potion"},{"floor":18,"key":"Fruit Juice"},{"floor":21,"key":"Swift Potion"},{"floor":29,"key":"Regen Potion"},{"floor":35,"key":"EntropicBrew"},{"floor":41,"key":"Block Potion"},{"floor":46,"key":"Regen Potion"}],"is_trial":true,"path_per_floor":["M","M","?","M","?","R","$","?","T","M","?","?","$","?","R","B",null,"M","?","?","M","?","R","?","?","T","?","?","M","T","?","R","B",null,"M","?","?","?","M","R","?","R","T","R","?","?","R","$","R","B"],"character_chosen":"IRONCLAD","items_purchased":["Membership Card","Singing Bowl","DollysMirror","Happy Flower","Kunai","Self Forming Clay","Nunchaku","Strawberry","Boot","Turnip","ClockworkSouvenir","Bag of Preparation","Paper Frog","Omamori"],"campfire_rested":8,"item_purchase_floors":[7,13,13,48,48,48,48,48,48,48,48,48,48,48],"current_hp_per_floor":[80,80,72,61,61,80,80,69,69,60,60,43,58,58,58,10,80,77,59,59,17,17,34,34,34,44,44,44,32,32,16,36,8,69,54,44,44,44,62,70,33,54,54,70,70,14,35,57,77,0,0],"gold":19,"neow_bonus":"","is_daily":false,"chose_seed":false,"campfire_upgraded":1,"win_rate":0.0,"timestamp":1612096385,"path_taken":["M","M","?","?","?","R","?","?","T","?","?","?","?","?","R","BOSS","M","?","?","?","?","R","?","?","T","?","?","?","?","?","R","BOSS","M","?","?","?","?","R","?","R","T","R","?","?","R","?","R","BOSS"],"items_purchased_type":["Relic","Relic","Relic","Relic","Relic","Relic","Relic","Relic","Relic","Relic","Relic","Relic","Relic","Relic"],"build_version":"2020-12-22","purchased_purges":0,"victory":false,"max_hp_per_floor":[80,80,80,80,80,80,80,80,80,80,80,80,80,80,80,80,80,85,59,59,59,59,59,59,59,69,69,69,69,69,69,69,69,69,74,74,70,70,70,70,70,70,70,70,70,70,70,77,77,77,77],"card_choices":[{"not_picked":["Evaluate","Compile Driver"],"picked":"Consecrate","floor":0},{"not_picked":["Crippling Poison","Combust"],"picked":"Endless Agony","floor":0},{"not_picked":["Enlightenment","Underhanded Strike"],"picked":"Prostrate","floor":0},{"not_picked":["Thunderclap","Barrage"],"picked":"Loop","floor":0},{"not_picked":["Blur","Iron Wave"],"picked":"Coolheaded","floor":0},{"not_picked":["Consecrate","Havoc"],"picked":"Infinite Blades","floor":0},{"not_picked":["Dodge and Roll","Force Field"],"picked":"FlyingSleeves","floor":0},{"not_picked":["Stack","Dash"],"picked":"Bane","floor":0},{"not_picked":["SashWhip","BowlingBash"],"picked":"Cleave","floor":0},{"not_picked":["Blur","Leg Sweep"],"picked":"Poisoned Stab","floor":0},{"not_picked":["Crippling Poison","Burning Pact"],"picked":"Anger","floor":0},{"not_picked":["FlyingSleeves","Carnage"],"picked":"Chaos","floor":0},{"not_picked":["Shrug It Off","Stack"],"picked":"Finesse","floor":0},{"not_picked":["Beam Cell","Compile Driver"],"picked":"Slice","floor":0},{"not_picked":["Dodge and Roll","Finisher"],"picked":"Anger","floor":0},{"not_picked":["Offering","DeusExMachina"],"picked":"After Image","floor":16},{"not_picked":["Transmutation","Grand Finale"],"picked":"Rainbow","floor":33},{"not_picked":["Blind","Mayhem"],"picked":"Dramatic Entrance","floor":36},{"not_picked":["Chrysalis","Impatience"],"picked":"Deep Breath","floor":36},{"not_picked":["Dark Shackles","Good Instincts"],"picked":"Flash of Steel","floor":36},{"not_picked":["Streamline+1","Cold Snap+1"],"picked":"JustLucky+1","floor":41},{"not_picked":["Sucker Punch+1","Carnage+1"],"picked":"Consecrate+1","floor":46}],"player_experience":473457,"relics_obtained":[{"floor":1,"key":"MealTicket"},{"floor":2,"key":"Matryoshka"},{"floor":4,"key":"CeramicFish"},{"floor":9,"key":"MawBank"},{"floor":9,"key":"Vajra"},{"floor":10,"key":"Orichalcum"},{"floor":18,"key":"InkBottle"},{"floor":21,"key":"PreservedInsect"},{"floor":26,"key":"Pear"},{"floor":26,"key":"Sundial"},{"floor":29,"key":"FossilizedHelix"},{"floor":30,"key":"Whetstone"},{"floor":31,"key":"Enchiridion"},{"floor":35,"key":"Red Skull"},{"floor":39,"key":"Molten Egg 2"},{"floor":41,"key":"Dead Branch"},{"floor":43,"key":"Art of War"},{"floor":46,"key":"Lizard Tail"}],"event_choices":[{"damage_healed":0,"gold_gain":0,"player_choice":"Damaged","damage_taken":8,"max_hp_gain":0,"max_hp_loss":0,"event_name":"Wheel of Change","floor":3,"gold_loss":0},{"damage_healed":0,"gold_gain":0,"player_choice":"Trade","damage_taken":0,"relics_obtained":["CultistMask"],"max_hp_gain":0,"max_hp_loss":0,"event_name":"FaceTrader","floor":5,"gold_loss":0},{"damage_healed":0,"gold_gain":75,"player_choice":"Gold","damage_taken":11,"max_hp_gain":0,"max_hp_loss":0,"event_name":"betterThird:BetterGoop","floor":8,"gold_loss":0},{"damage_healed":60,"gold_gain":0,"player_choice":"Embrace Burn","damage_taken":0,"max_hp_gain":0,"max_hp_loss":80,"event_name":"betterThird:BetterShining","floor":11,"gold_loss":0},{"damage_healed":0,"gold_gain":0,"player_choice":"Box","damage_taken":0,"relics_obtained":["Old Coin"],"max_hp_gain":0,"max_hp_loss":0,"event_name":"Big Fish","floor":14,"gold_loss":0,"cards_obtained":["Regret"]},{"damage_healed":0,"gold_gain":0,"player_choice":"Became a vampire","damage_taken":0,"max_hp_gain":0,"max_hp_loss":26,"event_name":"Vampires","floor":19,"gold_loss":0,"cards_obtained":["Bite","Bite","Bite","Bite","Bite"]},{"cards_removed":["Regret"],"damage_healed":0,"gold_gain":0,"player_choice":"Purged","damage_taken":0,"max_hp_gain":0,"max_hp_loss":0,"event_name":"Purifier","floor":20,"gold_loss":0},{"damage_healed":0,"gold_gain":0,"player_choice":"Simplicity","damage_taken":0,"max_hp_gain":0,"max_hp_loss":3,"event_name":"betterThird:BetterWriting","floor":22,"gold_loss":0},{"damage_healed":0,"gold_gain":0,"player_choice":"Obtained Relic","damage_taken":0,"relics_obtained":["War Paint"],"max_hp_gain":0,"max_hp_loss":0,"event_name":"Addict","floor":24,"gold_loss":85},{"damage_healed":0,"gold_gain":0,"player_choice":"Ignored","damage_taken":0,"max_hp_gain":0,"max_hp_loss":0,"event_name":"Ghosts","floor":25,"gold_loss":0},{"damage_healed":0,"gold_gain":99,"player_choice":"Steal","damage_taken":0,"max_hp_gain":0,"max_hp_loss":0,"event_name":"betterThird:BetterNest","floor":27,"gold_loss":0},{"damage_healed":0,"gold_gain":0,"player_choice":"Upgraded","damage_taken":0,"max_hp_gain":0,"max_hp_loss":0,"event_name":"Upgrade Shrine","floor":28,"gold_loss":0,"cards_upgraded":["After Image"]},{"damage_healed":0,"gold_gain":0,"player_choice":"Obtained Book","damage_taken":16,"max_hp_gain":0,"max_hp_loss":0,"event_name":"Cursed Tome","floor":31,"gold_loss":0},{"damage_healed":0,"gold_gain":0,"player_choice":"Memory 3","damage_taken":10,"max_hp_gain":0,"max_hp_loss":0,"event_name":"SensoryStone","floor":36,"gold_loss":0},{"damage_healed":0,"gold_gain":0,"player_choice":"Max HP","damage_taken":0,"max_hp_gain":0,"max_hp_loss":4,"event_name":"Winding Halls","floor":37,"gold_loss":0},{"cards_removed":["SpiritShield"],"damage_healed":0,"gold_gain":0,"player_choice":"Gave Card","damage_taken":0,"relics_obtained":["Darkstone Periapt"],"max_hp_gain":0,"max_hp_loss":0,"event_name":"WeMeetAgain","floor":38,"gold_loss":0},{"damage_healed":0,"gold_gain":0,"player_choice":"Fight","damage_taken":0,"max_hp_gain":0,"max_hp_loss":0,"event_name":"Mysterious Sphere","floor":41,"gold_loss":0},{"cards_removed":["JustLucky"],"damage_healed":0,"gold_gain":0,"player_choice":"Removed Attack","damage_taken":0,"max_hp_gain":0,"max_hp_loss":0,"event_name":"Falling","floor":45,"gold_loss":0},{"damage_healed":0,"gold_gain":0,"player_choice":"Fight","damage_taken":0,"max_hp_gain":0,"max_hp_loss":0,"event_name":"MindBloom","floor":46,"gold_loss":0}],"is_beta":false,"boss_relics":[{"not_picked":["energizedSpire:HugeHouse","energizedSpire:EnergizedDie"],"picked":"Fusion Hammer"},{"not_picked":["energizedSpire:MagnifyingGlass","Runic Pyramid"],"picked":"SlaversCollar"}],"items_purged_floors":[],"is_endless":false,"potions_floor_spawned":[1,2,16,18,21,29,35,41,46],"killed_by":"Time Eater","ascension_level":0}}