{"host":"yrnalve8h0i0utgz","time":1612117141,"event":{"mods":["BaseMod","Bestiary","Minty Spire (QoL Compilation)","StSLib","SuperFastMode"],"gold_per_floor":[13,33,48,223,223,223,233,233,233,216,316,316,316,316],"floor_reached":13,"language":"ENG","playtime":295,"items_purged":[],"score":75,"play_id":"28f52c3f-9f0b-4e01-9a7e-b0b0d45ab5d0","local_time":"20210131191901","is_ascension_mode":false,"campfire_choices":[{"data":"Eruption","floor":6,"key":"SMITH"},{"data":"Vigilance","floor":8,"key":"SMITH"},{"floor":12,"key":"REST"}],"circlet_count":0,"master_deck":["Strike_P","Strike_P","Strike_P","Strike_P","Defend_P","Defend_P","Defend_P","Defend_P","Eruption+1","Vigilance+1","DeusExMachina","Consecrate","Worship","JustLucky","DevaForm"],"relics":["PureWater","Question Card"],"acts_visited":["Exordium"],"potions_floor_usage":[10],"damage_taken":[{"damage":1,"enemies":"Jaw Worm","floor":1,"turns":3},{"damage":5,"enemies":"Small Slimes","floor":2,"turns":4},{"damage":14,"enemies":"Cultist","floor":3,"turns":4},{"damage":4,"enemies":"Red Slaver","floor":7,"turns":3},{"damage":10,"enemies":"Exordium Thugs","floor":10,"turns":6},{"damage":61,"enemies":"Gremlin Nob","floor":13,"turns":4}],"seed_played":"-9027433093648845237","potions_obtained":[{"floor":2,"key":"BottledMiracle"}],"is_trial":false,"path_per_floor":["M","M","M","?","?","R","M","R","T","M","?","R","E"],"character_chosen":"WATCHER","items_purchased":[],"campfire_rested":1,"item_purchase_floors":[],"current_hp_per_floor":[71,66,52,52,45,45,41,41,41,31,31,52,0,0],"gold":316,"neow_bonus":"THREE_RARE_CARDS","is_daily":false,"chose_seed":false,"campfire_upgraded":2,"win_rate":0.0,"timestamp":1612117141,"path_taken":["M","M","M","?","?","R","?","R","T","M","?","R","E"],"items_purchased_type":[],"build_version":"2020-12-22","purchased_purges":0,"victory":false,"max_hp_per_floor":[72,72,72,72,72,72,72,72,72,72,72,72,72,72],"card_choices":[{"not_picked":["Brilliance","ConjureBlade"],"picked":"DeusExMachina","floor":0},{"not_picked":["Adaptation","CutThroughFate"],"picked":"Consecrate","floor":1},{"not_picked":["FlurryOfBlows","EmptyFist"],"picked":"Worship","floor":2},{"not_picked":["Halt","Evaluate"],"picked":"JustLucky","floor":3},{"not_picked":["EmptyMind","Halt","Weave"],"picked":"SKIP","floor":7},{"not_picked":["CutThroughFate","Protect","EmptyFist"],"picked":"DevaForm","floor":10}],"player_experience":262850,"relics_obtained":[{"floor":9,"key":"Question Card"}],"event_choices":[{"damage_healed":0,"gold_gain":175,"player_choice":"AGREE","damage_taken":0,"max_hp_gain":0,"max_hp_loss":0,"event_name":"Liars Game","floor":4,"gold_loss":0,"cards_obtained":["Doubt"]},{"cards_removed":["Doubt"],"damage_healed":0,"gold_gain":0,"player_choice":"Card Removal","damage_taken":7,"max_hp_gain":0,"max_hp_loss":0,"event_name":"Golden Wing","floor":5,"gold_loss":0},{"damage_healed":0,"gold_gain":100,"player_choice":"Pray","damage_taken":0,"max_hp_gain":0,"max_hp_loss":0,"event_name":"Golden Shrine","floor":11,"gold_loss":0}],"is_beta":false,"boss_relics":[],"items_purged_floors":[],"is_endless":false,"potions_floor_spawned":[2],"killed_by":"Gremlin Nob","ascension_level":0}}