{"host":"9j472d1lqxyi8fmj","time":1612076247,"event":{"mods":["AchievementEnabler","Aspiration","BaseMod","Better Note","BetterRewards","Block Reminder","Colored Powertips","Downfall","Hermit","Hubris","Infinite Spire","Minty Spire (QoL Compilation)","Potion Indicator Mod","Rare Cards Sparkle","Relic Filter","Reliquary","Spicy Shops","StSLib","The Runesmith","Virulent Crown"],"gold_per_floor":[99,113,128,128,403,1,1,1,14,28,48,48,70,70,90,203,203,203,203,216,23,35,50,50,152,165,165,184,184,184,198,212,318,318,318,329,343,357,94,94,121,121,139,139,189,189,189,204,217,231],"floor_reached":51,"language":"ENG","playtime":2271,"items_purged":["Regret"],"score":720,"play_id":"aa059311-f86c-4a6f-b2d4-ec3c1e7d4d3e","local_time":"20210131015727","is_ascension_mode":false,"campfire_choices":[{"data":"bronze:Replicate","floor":1,"key":"SMITH"},{"data":"bronze:ChosenStrike","floor":8,"key":"SMITH"},{"data":"bronze:RecursiveStrike","floor":18,"key":"SMITH"},{"data":"Apotheosis","floor":27,"key":"SMITH"},{"data":"bronze:Terminator","floor":30,"key":"SMITH"},{"data":"Judgement","floor":35,"key":"SMITH"},{"data":"infinitespire:Menacing","floor":40,"key":"SMITH"},{"floor":44,"key":"REST"},{"data":"Fasting2","floor":47,"key":"SMITH"}],"circlet_count":0,"master_deck":["bronze:Strike","bronze:Strike","bronze:Defend","bronze:Defend","bronze:Defend","bronze:Defend","bronze:Replicate+1","bronze:Goto","bronze:Constructor","bronze:Frontload","bronze:Separator","bronze:CutThrough","bronze:ChosenStrike+1","bronze:Shield","bronze:Terminator+1","bronze:CloningBeam","bronze:Backtrace","DeusExMachina","bronze:Overheat","bronze:RecursiveStrike+1","infinitespire:Menacing+1","bronze:BronzeOrb","Apotheosis+1","bronze:FollowUp+1","bronze:Iterate","bronze:Iterate","bronze:DelayedSlice","bronze:Optimize","Judgement+1","bronze:Iterate+1","bronze:DelayedGuard","bronze:DelayedSlice+1","Fasting2+1","bronze:Separator+1","bronze:Constructor+1"],"relics":["aspiration:AnachronicSnailShell","bronze:DonusWashers","aspiration:WatcherSkillbook","infinitespire:Chaos","infinitespire:Midas Blood","champ:DuelingGlove","Sozu","aspiration:FrozenJewel","Busted Crown","infinitespire:WardingShard","Potion Belt","aspiration:SecretTechniqueScroll","reliquary:PartyBalloon","Anchor","TheAbacus","aspiration:HiddenCompartment","Runesmith:AutoHammer","bronze:Mallet"],"acts_visited":["Exordium","TheCity","TheBeyond"],"potions_floor_usage":[],"damage_taken":[{"damage":0,"enemies":"Small Slimes","floor":2,"turns":3},{"damage":0,"enemies":"Cultist","floor":3,"turns":3},{"damage":4,"enemies":"downfall:FleeingMerchant","floor":6,"turns":4},{"damage":0,"enemies":"Jaw Worm","floor":9,"turns":3},{"damage":5,"enemies":"Exordium Wildlife","floor":10,"turns":6},{"damage":0,"enemies":"Blue Slaver","floor":11,"turns":3},{"damage":6,"enemies":"3 Louse","floor":13,"turns":3},{"damage":7,"enemies":"Exordium Thugs","floor":15,"turns":4},{"damage":16,"enemies":"IC_STATUS_ARCHETYPE","floor":16,"turns":5},{"damage":0,"enemies":"Chosen","floor":20,"turns":3},{"damage":1,"enemies":"downfall:FleeingMerchant","floor":21,"turns":5},{"damage":0,"enemies":"Centurion and Healer","floor":22,"turns":2},{"damage":0,"enemies":"Cultist and Chosen","floor":23,"turns":4},{"damage":9,"enemies":"downfall:LadyInBlue","floor":25,"turns":7},{"damage":0,"enemies":"Chosen and Byrds","floor":26,"turns":3},{"damage":0,"enemies":"Snake Plant","floor":28,"turns":3},{"damage":0,"enemies":"Centurion and Healer","floor":31,"turns":3},{"damage":0,"enemies":"Shelled Parasite and Fungi","floor":32,"turns":3},{"damage":23,"enemies":"SI_MIRROR_ARCHETYPE","floor":33,"turns":6},{"damage":0,"enemies":"Orb Walker","floor":36,"turns":2},{"damage":0,"enemies":"3 Shapes","floor":37,"turns":2},{"damage":0,"enemies":"Jaw Worm Horde","floor":38,"turns":2},{"damage":0,"enemies":"downfall:FleeingMerchant","floor":39,"turns":3},{"damage":21,"enemies":"Sphere and 2 Shapes","floor":43,"turns":3},{"damage":0,"enemies":"2 Orb Walkers","floor":45,"turns":3},{"damage":0,"enemies":"Spire Growth","floor":48,"turns":2},{"damage":0,"enemies":"Maw","floor":49,"turns":3},{"damage":48,"enemies":"DF_ARCHETYPE_ORBS","floor":50,"turns":4}],"seed_played":"-982873847273050077","potions_obtained":[{"floor":9,"key":"DistilledChaos"},{"floor":10,"key":"Block Potion"},{"floor":15,"key":"SteroidPotion"},{"floor":16,"key":"EntropicBrew"}],"is_trial":false,"path_per_floor":["R","M","M","?","?","$","T","R","M","M","M","?","M","T","M","B",null,"R","AVR","M","$","M","M","T","?","M","R","M","?","R","M","M","B",null,"R","M","M","M","$","R","T","?","M","R","?","?","R","M","M","B",null],"character_chosen":"THE_AUTOMATON","items_purchased":["Guardian:PocketSentry","infinitespire:Chaos","bronze:ChosenStrike","bronze:Shield","Apotheosis","reliquary:PartyBalloon","Anchor","TheAbacus","aspiration:HiddenCompartment"],"campfire_rested":1,"item_purchase_floors":[6,6,6,6,21,39,39,39,39],"current_hp_per_floor":[70,70,70,70,70,66,66,66,66,61,61,61,55,55,48,32,70,70,70,70,69,69,69,69,60,60,60,60,60,60,60,60,37,70,70,70,70,70,70,70,70,70,49,70,70,70,70,70,70,22],"gold":231,"neow_bonus":"RANDOM_COMMON_RELIC","is_daily":false,"chose_seed":false,"campfire_upgraded":8,"win_rate":0.0,"timestamp":1612076247,"path_taken":["R","M","M","?","?","$","T","R","?","M","M","?","M","?","M","BOSS","R","AVR","M","$","M","M","T","?","M","R","M","?","R","?","M","BOSS","R","M","M","M","$","R","T","?","M","R","?","?","R","M","M","BOSS"],"items_purchased_type":["Relic","Relic","Card","Card","Card","Relic","Relic","Relic","Relic"],"build_version":"2020-12-22","purchased_purges":1,"victory":true,"max_hp_per_floor":[70,70,70,70,70,70,70,70,70,70,70,70,70,70,70,70,70,70,70,70,70,70,70,70,70,70,70,70,70,70,70,70,70,70,70,70,70,70,70,70,70,70,70,70,70,70,70,70,70,70],"card_choices":[{"not_picked":["bronze:BronzeArmor","bronze:Overheat"],"picked":"bronze:Constructor","floor":2},{"not_picked":["bronze:OilSpill","bronze:Shell"],"picked":"bronze:Frontload","floor":3},{"not_picked":["bronze:Shield","bronze:FineTuning"],"picked":"bronze:CutThrough","floor":6},{"not_picked":["bronze:Iterate","bronze:CutThrough","PathToVictory"],"picked":"bronze:Terminator","floor":9},{"not_picked":["ThirdEye","bronze:MaxOutput","bronze:Separator"],"picked":"bronze:CloningBeam","floor":10},{"not_picked":["Wallop","bronze:BugBarrage","bronze:Deprecate"],"picked":"bronze:Backtrace","floor":11},{"not_picked":["EmptyBody","bronze:Philosophize","BattleHymn"],"picked":"DeusExMachina","floor":13},{"not_picked":["bronze:CutThrough","LikeWater","ClearTheMind"],"picked":"bronze:Overheat","floor":15},{"not_picked":["bronze:BurnOut","bronze:HardenedForm","bronze:FindAndReplace"],"picked":"bronze:RecursiveStrike","floor":16},{"not_picked":["MentalFortress"],"picked":"bronze:BronzeOrb","floor":20},{"not_picked":["MentalFortress","EmptyBody"],"picked":"SKIP","floor":21},{"not_picked":["FlurryOfBlows"],"picked":"bronze:FollowUp+1","floor":22},{"not_picked":["Halt"],"picked":"bronze:Iterate","floor":23},{"not_picked":["Wallop+1"],"picked":"bronze:Iterate","floor":26},{"not_picked":["Study","bronze:BitShift"],"picked":"SKIP","floor":28},{"not_picked":["EmptyBody"],"picked":"bronze:DelayedSlice","floor":31},{"not_picked":["Perseverance+1"],"picked":"bronze:Optimize","floor":32},{"not_picked":["Establishment"],"picked":"Judgement","floor":33},{"not_picked":["EmptyFist+1","Halt+1"],"picked":"SKIP","floor":36},{"not_picked":["bronze:OilSpill"],"picked":"bronze:Iterate+1","floor":37},{"not_picked":["bronze:WildBeam"],"picked":"bronze:DelayedGuard","floor":38},{"not_picked":["bronze:BitShift"],"picked":"bronze:DelayedSlice+1","floor":39},{"not_picked":["bronze:WildBeam+1"],"picked":"Fasting2","floor":43},{"not_picked":["Prostrate"],"picked":"bronze:Separator+1","floor":48},{"not_picked":["bronze:Overheat"],"picked":"bronze:Constructor+1","floor":49}],"player_experience":376495,"relics_obtained":[{"floor":7,"key":"infinitespire:Midas Blood"},{"floor":14,"key":"champ:DuelingGlove"},{"floor":24,"key":"infinitespire:WardingShard"},{"floor":25,"key":"Potion Belt"},{"floor":41,"key":"Runesmith:AutoHammer"},{"floor":45,"key":"bronze:Mallet"}],"event_choices":[{"damage_healed":0,"gold_gain":0,"player_choice":"Fight","damage_taken":0,"max_hp_gain":0,"max_hp_loss":0,"event_name":"Mysterious Sphere","floor":45,"gold_loss":0}],"is_beta":false,"boss_relics":[{"not_picked":["Tiny House","reliquary:RedCape"],"picked":"Sozu"},{"not_picked":["bronze:MakeshiftBattery","Empty Cage"],"picked":"aspiration:SecretTechniqueScroll"}],"items_purged_floors":[6],"is_endless":false,"potions_floor_spawned":[9,10,15,16,25,26,28,32,33,36,38,45,48],"ascension_level":0}}