{"host":"skr63qsdfgeey3it","time":1612078300,"event":{"mods":["BaseMod","Colored Map","Hubris","Minty Spire (QoL Compilation)","Replay The Spire","Spicy Shops","StSLib"],"gold_per_floor":[118,118,130,130,130,159,159,179,202,215,279,279,293,42,42,140,140,152,152,152,185,185,219,239,250,322,89,89,124,124,150,150,150,150],"floor_reached":33,"language":"ENG","playtime":1303,"items_purged":[],"score":594,"play_id":"f1c0cbaa-141f-41bd-88c8-f45ad4e7a675","local_time":"20210131013140","is_ascension_mode":true,"campfire_choices":[{"data":"Biased Cognition","floor":7,"key":"SMITH"},{"data":"Lockon","floor":15,"key":"SMITH"},{"floor":28,"key":"REST"},{"floor":30,"key":"REST"},{"data":"Defragment","floor":32,"key":"SMITH"}],"circlet_count":0,"master_deck":["AscendersBane","Strike_B+2","Strike_B","Strike_B+1","Strike_B","Defend_B","Defend_B+1","Defend_B","Defend_B","Zap","Dualcast","Seek+1","Zap+1","Reboot","Loop+1","Biased Cognition+1","Ball Lightning","Conserve Battery","Ball Lightning","Panic Button","Capacitor","Lockon+1","Crystallizer","ReplayRNGCard","Lockon","Conserve Battery","Ghostly","Ghostly","Ghostly","Ghostly","Ghostly","Streamline+1","Multi-Cast","Defragment+1","Conserve Battery","Self Repair","Loop","Stack","Ball Lightning"],"relics":["FrozenCore","NeowsBlessing","hubris:SlimyHat","War Paint","Prayer Wheel","Replay:Rubber Ducky","Lee\u0027s Waffle","hubris:Icosahedron","Red Mask","Sundial","Matryoshka","Replay:Wax Seal","Runic Capacitor","Turnip","Simple Rune"],"acts_visited":["Exordium","TheCity"],"potions_floor_usage":[11,16,16,21,21,23,31,31],"damage_taken":[{"damage":0,"enemies":"Jaw Worm","floor":1,"turns":1},{"damage":0,"enemies":"Cultist","floor":3,"turns":1},{"damage":0,"enemies":"Gremlin Nob","floor":6,"turns":1},{"damage":0,"enemies":"Small Slimes","floor":8,"turns":2},{"damage":11,"enemies":"Looter","floor":10,"turns":2},{"damage":8,"enemies":"Gremlin Nob","floor":11,"turns":3},{"damage":0,"enemies":"2 Fungi Beasts","floor":13,"turns":2},{"damage":20,"enemies":"Fading Forest","floor":16,"turns":11},{"damage":0,"enemies":"Spheric Guardian","floor":18,"turns":3},{"damage":12,"enemies":"Masked Bandits","floor":21,"turns":5},{"damage":15,"enemies":"Slavers","floor":23,"turns":7},{"damage":0,"enemies":"Chosen","floor":24,"turns":6},{"damage":12,"enemies":"Centurion and Healer","floor":25,"turns":7},{"damage":0,"enemies":"Book of Stabbing","floor":29,"turns":6},{"damage":9,"enemies":"Slavers","floor":31,"turns":11},{"damage":88,"enemies":"Automaton","floor":33,"turns":12}],"seed_played":"2857300950950665215","potions_obtained":[{"floor":10,"key":"SkillPotion"},{"floor":11,"key":"Explosive Potion"},{"floor":13,"key":"Weak Potion"},{"floor":16,"key":"ColorlessPotion"},{"floor":24,"key":"Fire Potion"},{"floor":25,"key":"Weak Potion"},{"floor":31,"key":"Energy Potion"}],"is_trial":false,"path_per_floor":["M","?","M","?","?","E","R","M","T","M","?","?","M","$","R_BF","B",null,"M","?","?","?","?","E","M","M","T","$","R","E","R","E","R","B"],"character_chosen":"DEFECT","items_purchased":["Lockon","Lee\u0027s Waffle","Crystallizer","Replay:Wax Seal","Loop","Runic Capacitor"],"campfire_rested":2,"item_purchase_floors":[14,14,14,27,27,27],"current_hp_per_floor":[68,68,68,53,53,53,53,53,53,42,34,34,34,82,82,70,79,79,79,41,29,29,14,14,2,2,2,14,14,26,24,24,0,0],"gold":150,"neow_bonus":"THREE_ENEMY_KILL","is_daily":false,"chose_seed":false,"campfire_upgraded":3,"win_rate":0.0,"timestamp":1612078300,"path_taken":["M","?","?","?","?","E","R","M","T","M","?","?","?","$","R_BF","BOSS","M","?","?","?","?","E","M","?","T","$","R","E","R","E","R","BOSS"],"items_purchased_type":["Card","Relic","Card","Relic","Card","Relic"],"build_version":"2020-12-22","purchased_purges":0,"victory":false,"max_hp_per_floor":[75,75,75,75,75,75,75,75,75,75,75,75,75,82,82,82,82,82,82,41,41,41,41,41,41,41,41,41,41,41,41,41,41,41],"card_choices":[{"not_picked":["Beam Cell","Go for the Eyes","Leap"],"picked":"SKIP","floor":1},{"not_picked":["Go for the Eyes","Panic Button"],"picked":"Reboot","floor":3},{"not_picked":["Reprogram","Streamline"],"picked":"Biased Cognition","floor":6},{"not_picked":["Heatsinks","Coolheaded"],"picked":"Ball Lightning","floor":8},{"not_picked":["Go for the Eyes","Panic Button"],"picked":"Conserve Battery","floor":10},{"not_picked":["Coolheaded","Rebound"],"picked":"Ball Lightning","floor":11},{"not_picked":["Static Discharge","BasicCrystalCard"],"picked":"Panic Button","floor":13},{"not_picked":["Undo","All For One"],"picked":"Capacitor","floor":13},{"not_picked":["Seek","Machine Learning"],"picked":"ReplayRNGCard","floor":16},{"not_picked":["Cold Snap+1","Redo+1"],"picked":"Lockon","floor":18},{"not_picked":["Beam Cell","Steam"],"picked":"Conserve Battery","floor":18},{"not_picked":["Coolheaded","FTL"],"picked":"Streamline+1","floor":21},{"not_picked":["Turbo+1","Core Surge"],"picked":"Defragment","floor":23},{"not_picked":["Barrage+1","Ball Lightning"],"picked":"Conserve Battery","floor":24},{"not_picked":["Hologram","ReplayTheSpireMod:System Scan","ReplayTheSpireMod:Omega Cannon"],"picked":"SKIP","floor":24},{"not_picked":["Leap","Heatsinks"],"picked":"Self Repair","floor":25},{"not_picked":["Rip and Tear","BasicCrystalCard","Compile Driver"],"picked":"SKIP","floor":25},{"not_picked":["Lockon","Static Discharge+1"],"picked":"Stack","floor":29},{"not_picked":["Hologram+1","Rip and Tear"],"picked":"Ball Lightning","floor":31}],"player_experience":839911,"relics_obtained":[{"floor":6,"key":"hubris:SlimyHat"},{"floor":9,"key":"War Paint"},{"floor":11,"key":"Replay:Rubber Ducky"},{"floor":21,"key":"Red Mask"},{"floor":23,"key":"Sundial"},{"floor":26,"key":"Matryoshka"},{"floor":29,"key":"Turnip"},{"floor":31,"key":"Simple Rune"}],"event_choices":[{"damage_healed":0,"gold_gain":0,"player_choice":"2 cards matched","damage_taken":0,"max_hp_gain":0,"max_hp_loss":0,"event_name":"Match and Keep!","floor":2,"gold_loss":0,"cards_obtained":["Seek","Zap"]},{"damage_healed":0,"gold_gain":0,"player_choice":"Entered Light","damage_taken":15,"max_hp_gain":0,"max_hp_loss":0,"event_name":"Shining Light","floor":4,"gold_loss":0,"cards_upgraded":["Seek","Strike_B"]},{"damage_healed":0,"gold_gain":0,"player_choice":"Searched \u00272\u0027 times","damage_taken":0,"max_hp_gain":0,"max_hp_loss":0,"event_name":"Dead Adventurer","floor":11,"gold_loss":0},{"damage_healed":0,"gold_gain":0,"player_choice":"Upgraded","damage_taken":0,"max_hp_gain":0,"max_hp_loss":0,"event_name":"Upgrade Shrine","floor":12,"gold_loss":0,"cards_upgraded":["Loop"]},{"damage_healed":0,"gold_gain":0,"player_choice":"Became a Ghost","damage_taken":0,"max_hp_gain":0,"max_hp_loss":41,"event_name":"Ghosts","floor":20,"gold_loss":0,"cards_obtained":["Ghostly","Ghostly","Ghostly","Ghostly","Ghostly"]},{"damage_healed":0,"gold_gain":0,"player_choice":"Fought Bandits","damage_taken":0,"max_hp_gain":0,"max_hp_loss":0,"event_name":"Masked Bandits","floor":21,"gold_loss":0},{"damage_healed":0,"gold_gain":0,"player_choice":"Read","damage_taken":0,"max_hp_gain":0,"max_hp_loss":0,"event_name":"The Library","floor":22,"gold_loss":0,"cards_obtained":["Multi-Cast"]}],"is_beta":false,"boss_relics":[{"not_picked":["hubris:GrandSneckoEye","Ectoplasm"],"picked":"FrozenCore"}],"items_purged_floors":[],"is_endless":false,"potions_floor_spawned":[10,11,13,16,24,25,31],"killed_by":"Automaton","ascension_level":11}}