{"host":"s6mlqkqtr3ey2mm2","time":1612113713,"event":{"mods":["100% Spire Juice","2.2 Compatiblity","AchievementEnabler","Aspiration","BaseMod","Beaked The Cultist","Better Altar","Better Note","Better Vampires","BetterRewards","Booster Modes","Challenge The Spire","Colored Map","Colored Powertips","Conspire","Curses Come First","Downfall","Emptier Cage","Energized Spire","GifTheSpireLib","GungeonMod","Halation","Hermit","Hubris","Infinite Spire","Ironclad Rager","Magitek Elite","Marked Mod","Minty Spire (QoL Compilation)","Poor People Problems","Quick Restart","Rare Cards Sparkle","RatMod","Replay The Spire","Retaliation","Robot Space Explorer","Shade Mod","Somnambulant","Spicy Shops","StS++","StSLib","Stuff the Spire","The Blue Laboratory","The Construct","The Druid","The Forsaken","The Hierophant","The IronCluck","The Necromancer","The Poker Player","The Runesmith","The Servant 0.9.4","The Valiant","everything is the same but u backflip on backflip","??????REMEMod"],"gold_per_floor":[116,131,149,149,167,167,167],"floor_reached":6,"language":"ENG","playtime":587,"items_purged":[],"score":38,"play_id":"90afdea4-7830-4406-a404-0f8772617852","local_time":"20210131122153","is_ascension_mode":false,"campfire_choices":[],"circlet_count":0,"master_deck":["theDruid:Strike_O","theDruid:Strike_O","theDruid:Strike_O","theDruid:Strike_O","theDruid:Defend_O","theDruid:Defend_O","theDruid:Defend_O","theDruid:Defend_O","theDruid:BriarArmor","theDruid:WildSlash","theDruid:Scavenge","theDruid:ThornStrike","theDruid:Recoil","theDruid:FuriousSlash"],"relics":["theDruid:CrownOfTheWilds","REME_ComplimentaryCards"],"acts_visited":["Exordium"],"potions_floor_usage":[],"damage_taken":[{"damage":2,"enemies":"conspire:RoseBush","floor":1,"turns":2},{"damage":7,"enemies":"Small Slimes","floor":2,"turns":4},{"damage":10,"enemies":"Jaw Worm","floor":3,"turns":3},{"damage":23,"enemies":"Lots of Slimes","floor":5,"turns":3},{"damage":42,"enemies":"Lagavulin","floor":6,"turns":5}],"seed_played":"-9043636850158489467","potions_obtained":[{"floor":5,"key":"blueLaboratory:PolymorphPotion"}],"is_trial":false,"path_per_floor":["M","M","M","?","M","E"],"character_chosen":"DRUID","items_purchased":[],"campfire_rested":0,"item_purchase_floors":[],"current_hp_per_floor":[80,73,63,63,40,0,0],"gold":167,"neow_bonus":"TEN_PERCENT_HP_BONUS","is_daily":false,"chose_seed":false,"campfire_upgraded":0,"win_rate":0.0,"timestamp":1612113713,"path_taken":["M","M","?","?","M","E"],"items_purchased_type":[],"build_version":"2020-12-22","purchased_purges":0,"victory":false,"max_hp_per_floor":[82,82,82,82,82,82,82],"card_choices":[{"not_picked":["theDruid:FullMoon","theDruid:Gore"],"picked":"theDruid:Scavenge","floor":1},{"not_picked":["theDruid:ForestsSoul","theDruid:ThickHide"],"picked":"theDruid:ThornStrike","floor":2},{"not_picked":["theDruid:BagofTricks","theDruid:ForestsSoul"],"picked":"theDruid:Recoil","floor":3},{"not_picked":["theDruid:LunarScythe","theDruid:TakeShelter"],"picked":"theDruid:FuriousSlash","floor":5}],"player_experience":117945,"relics_obtained":[],"event_choices":[{"damage_healed":0,"gold_gain":0,"player_choice":"Ignored","damage_taken":0,"max_hp_gain":0,"max_hp_loss":0,"event_name":"Golden Wing","floor":4,"gold_loss":0}],"is_beta":false,"boss_relics":[],"items_purged_floors":[],"is_endless":false,"potions_floor_spawned":[5],"killed_by":"Lagavulin","ascension_level":0}}