{"host":"62ml2u9p5u2np5kb","time":1612087939,"event":{"mods":["BaseMod","Colored Map","Friendly Minions","Koishi","Marisa（F雨　魔理沙）","Minty Spire (QoL Compilation)","MostiFishMod","Quick Restart","Reimu（博丽灵梦）","StSLib","Waifu the Spire","WarShipGirlsR/战舰少女R mod","Yakumo Yukari mod","Youmu（魂魄妖梦）","[功能]功能增强和修复MOD"],"gold_per_floor":[110,110,110,11,64,64,81,81,130,130,148,165,165,225,225,330,330,346,396,406,456,467,467,500,500,527,19,19,145,163,213,213,309,309,329,347,397,465,515,542,542,592,592,609,629,679,698,731,731,731,731,731,563,591,586],"floor_reached":56,"language":"ZHS","playtime":3627,"items_purged":["Regret","Koishi:BasicStrike","Koishi:BasicStrike","Koishi:BasicStrike","Koishi:BasicStrike","Pain","Parasite","Wraith"],"score":1263,"play_id":"e76fc01d-6db1-4ea9-8a90-f11b7a5469d9","local_time":"20210131181219","is_ascension_mode":false,"campfire_choices":[{"floor":6,"key":"RECALL"},{"data":"Koishi:UnconsciousUrges","floor":10,"key":"SMITH"},{"data":"Koishi:MassHysteria","floor":15,"key":"SMITH"},{"data":"ZunPunch:ReiMu","floor":23,"key":"SMITH"},{"data":"Koishi:CatchAndRose","floor":25,"key":"SMITH"},{"data":"Koishi:Whimsy","floor":28,"key":"SMITH"},{"data":"MostiFishMod:Kaleido","floor":32,"key":"SMITH"},{"data":"Koishi:PerfectMindControl","floor":41,"key":"SMITH"},{"data":"Koishi:PredatoryInstincts","floor":49,"key":"SMITH"},{"data":"Koishi:RorschachInDanmaku","floor":52,"key":"SMITH"}],"circlet_count":0,"master_deck":["Koishi:BasicDefend","Koishi:BasicDefend","Koishi:BasicDefend","Koishi:BasicDefend","Koishi:Provoke","Koishi:HauntingSlash+1","Koishi:Possession","Koishi:CatchAndRose+1","Koishi:UnconsciousUrges+1","Koishi:ParalyzingFear","Koishi:MassHysteria+1","Koishi:RorschachInDanmaku+1","Koishi:EmbryosDream","Koishi:PerfectMindControl+1","Koishi:PredatoryInstincts+1","ZunPunch:ReiMu+1","Koishi:DNAsFlaw","Koishi:SubconsciousSweep","MostiFishMod:Kaleido+1","Koishi:LastRemote","Koishi:Untouchable","Koishi:TraumaticStroke","Koishi:RoseHell+1","Koishi:BloodcurdlingScream+1","Koishi:SubterraneanRose+1","Koishi:MentalBreakdown+1","Koishi:BloodcurdlingScream","Koishi:DanmakuParanoia+1","Koishi:PredatoryInstincts+1","Koishi:MassHysteria","Koishi:FourthEye+1","Koishi:RoseHell","Koishi:FleetingPhantom+1","Koishi:GeneticsOfTheUnconscious+1","Koishi:BramblyRoseGarden","Koishi:BramblyRoseGarden","Koishi:MindNumbingTerror","Koishi:RollingInRichesHeart"],"relics":["Koishi:ImaginaryFriend","DaveBox","Happy Flower","RhineCircuit","SynthV:TestCard","Tiny Chest","Boot","SsserpentHead","SacredBark","Dream Catcher","Ornamental Fan","Lantern","Ancient Tea Set","Matryoshka","Question Card","The Courier","Astrolabe","WarpedTongs","Koishi:BloodstainedWhiteRose","Lizard Tail","MealTicket","Koishi:TeethAndClaws","HollowDreamFlower"],"acts_visited":["Exordium","TheCity","TheBeyond","TheEnding"],"potions_floor_usage":[11,12,14,16,16,16,16,24,24,30,33,36,36,38,40,45,45,47,47,48,48,55,55],"damage_taken":[{"damage":0,"enemies":"Cultist","floor":1,"turns":4},{"damage":1,"enemies":"Jaw Worm","floor":7,"turns":5},{"damage":4,"enemies":"Small Slimes","floor":11,"turns":4},{"damage":8,"enemies":"Blue Slaver","floor":12,"turns":4},{"damage":1,"enemies":"2 Fungi Beasts","floor":14,"turns":3},{"damage":42,"enemies":"Slime Boss","floor":16,"turns":15},{"damage":20,"enemies":"3 Byrds","floor":18,"turns":5},{"damage":1,"enemies":"Spheric Guardian","floor":22,"turns":3},{"damage":8,"enemies":"Book of Stabbing","floor":24,"turns":5},{"damage":0,"enemies":"Centurion and Healer","floor":30,"turns":8},{"damage":0,"enemies":"Champ","floor":33,"turns":10},{"damage":9,"enemies":"3 Shapes","floor":35,"turns":1},{"damage":1,"enemies":"Orb Walker","floor":36,"turns":3},{"damage":4,"enemies":"4 Shapes","floor":38,"turns":2},{"damage":18,"enemies":"Nemesis","floor":40,"turns":9},{"damage":0,"enemies":"Jaw Worm Horde","floor":44,"turns":3},{"damage":7,"enemies":"Sphere and 2 Shapes","floor":45,"turns":3},{"damage":4,"enemies":"Writhing Mass","floor":47,"turns":5},{"damage":50,"enemies":"Reptomancer","floor":48,"turns":5},{"damage":12,"enemies":"Time Eater","floor":50,"turns":9},{"damage":20,"enemies":"Shield and Spear","floor":54,"turns":5},{"damage":119,"enemies":"The Heart","floor":55,"turns":8}],"seed_played":"-5001395600294034160","potions_obtained":[{"floor":1,"key":"Dexterity Potion"},{"floor":1,"key":"Energy Potion"},{"floor":11,"key":"GrandPatriotsElixir:ReiMu"},{"floor":14,"key":"EntropicBrew"},{"floor":14,"key":"LiquidBronze"},{"floor":16,"key":"FearPotion"},{"floor":16,"key":"Weak Potion"},{"floor":16,"key":"Fire Potion"},{"floor":24,"key":"Explosive Potion"},{"floor":30,"key":"Ancient Potion"},{"floor":30,"key":"ColorlessPotion"},{"floor":33,"key":"ColorlessPotion"},{"floor":33,"key":"GrandPatriotsElixir:ReiMu"},{"floor":36,"key":"ColorlessPotion"},{"floor":38,"key":"Weak Potion"},{"floor":40,"key":"SkillPotion"},{"floor":40,"key":"SkillPotion"},{"floor":45,"key":"Fire Potion"},{"floor":45,"key":"CultistPotion"},{"floor":47,"key":"Explosive Potion"},{"floor":47,"key":"Strength Potion"},{"floor":54,"key":"SkillPotion"},{"floor":54,"key":"ZuzhouPotion:ReiMu"}],"is_trial":false,"path_per_floor":["M","?","?","$","T","R","M","?","T","R","M","M","?","M","R","B",null,"M","T","?","?","M","R","E","R","T","$","R","T","M","T","R","B",null,"M","M","?","M","?","E","R","T","T","M","M","?","M","E","R","B",null,"R","$","E","B",null],"character_chosen":"KOISHI","items_purchased":["Koishi:CatchAndRose","Koishi:UnconsciousUrges","MostiFishMod:Kaleido","Koishi:LastRemote","Koishi:Whimsy","Koishi:Untouchable","Koishi:TraumaticStroke","Koishi:UnconsciousUprising","Koishi:BramblyRoseGarden","Koishi:BramblyRoseGarden","Koishi:MindNumbingTerror"],"campfire_rested":0,"item_purchase_floors":[4,4,27,27,27,27,27,27,53,53,53],"current_hp_per_floor":[60,60,60,60,60,60,60,60,60,60,56,50,50,51,51,11,60,40,40,40,40,39,39,37,37,37,37,37,37,47,47,47,48,60,51,53,53,49,49,47,47,47,47,60,60,60,60,29,29,60,60,60,57,51,40],"gold":586,"neow_bonus":"RANDOM_COMMON_RELIC","is_daily":false,"chose_seed":false,"campfire_upgraded":9,"win_rate":0.0,"timestamp":1612087939,"path_taken":["M","?","?","$","?","R","M","?","T","R","M","?","?","?","R","BOSS","M","?","?","?","M","R","E","R","T","$","R","?","M","?","R","BOSS","M","M","?","?","?","E","R","?","T","M","M","?","M","E","R","BOSS","R","$","E","BOSS"],"items_purchased_type":["Card","Card","Card","Card","Card","Card","Card","Card","Card","Card","Card"],"build_version":"2020-12-22","purchased_purges":8,"victory":true,"max_hp_per_floor":[60,60,60,60,60,60,60,60,60,60,60,60,60,60,60,60,60,60,60,60,60,60,60,60,60,60,60,60,60,60,60,60,60,60,60,60,60,60,60,60,60,60,60,60,60,60,60,60,60,60,60,60,57,57,57],"card_choices":[{"not_picked":["Koishi:Whimsy","Koishi:PhantomBarrier"],"picked":"Koishi:Possession","floor":1},{"not_picked":["Koishi:SubconsciousSweep","Koishi:Whimsy","Koishi:DreadfulBlow","Koishi:UnconsciousUprising"],"picked":"Koishi:ParalyzingFear","floor":7},{"not_picked":["Koishi:JumpScare","Koishi:VengefulSpirit","Koishi:FourthEye","Koishi:YoukaiPolygraph"],"picked":"Koishi:MassHysteria","floor":11},{"not_picked":["Koishi:UnconsciousUprising","Koishi:CatchAndRose","Koishi:FourthEye","Koishi:Jaunt"],"picked":"Koishi:RorschachInDanmaku","floor":12},{"not_picked":["Koishi:ReflexRadar","Koishi:Bloodlust","Koishi:Jaunt","Koishi:FadingMemory"],"picked":"Koishi:EmbryosDream","floor":14},{"not_picked":["Koishi:MentalBreakdown","Koishi:RoseHell","Koishi:Heartbroken","Koishi:MindStellarRelief"],"picked":"Koishi:PerfectMindControl","floor":16},{"not_picked":["Koishi:UnansweredLove","Koishi:SubterraneanRose","Koishi:VengefulSpirit","Koishi:PhilosophyOfTheDespised"],"picked":"Koishi:PredatoryInstincts","floor":18},{"not_picked":["Koishi:DreadfulBlow+1","Koishi:SpiritedAway","Koishi:UnconsciousUprising+1","Koishi:PhantomStrike"],"picked":"Koishi:DNAsFlaw","floor":22},{"not_picked":["Koishi:DreadfulBlow+1","Koishi:PerfectMindControl","Koishi:Jaunt","Koishi:UnconsciousUprising"],"picked":"Koishi:SubconsciousSweep","floor":24},{"not_picked":["Koishi:PhantomBarrier","Koishi:Prune","Koishi:FleetingPhantom","Koishi:TraumaticStroke"],"picked":"Koishi:JumpScare","floor":30},{"not_picked":["Koishi:ConfinedInnocent","Koishi:ConditionedTeleport","Koishi:MentalBreakdown","Koishi:FadingMemory","Koishi:FormlessExistence"],"picked":"Koishi:RoseHell","floor":33},{"not_picked":["Koishi:CatchAndRose+1","Koishi:HeartfeltFancy","Koishi:Whimsy+1","Koishi:ReflexRadar","Koishi:DNAsFlaw+1"],"picked":"Koishi:BloodcurdlingScream","floor":35},{"not_picked":["Koishi:DreadfulBlow+1","Koishi:SubterraneanRose","Koishi:PredatoryInstincts","Koishi:CatchAndRose","Koishi:PhantomBarrier"],"picked":"Koishi:DanmakuParanoia+1","floor":36},{"not_picked":["Koishi:MindStellarRelief","Koishi:PhantomStrike","Koishi:HeartfeltFancy+1","Koishi:CatchAndRose+1","Koishi:RacingHeart+1"],"picked":"Koishi:PredatoryInstincts+1","floor":38},{"not_picked":["Koishi:LastRemote","Koishi:ReflexRadar","Koishi:PhantomBarrier","Koishi:Catatonia+1","Koishi:DreadfulBlow+1"],"picked":"Koishi:MassHysteria","floor":40},{"not_picked":["Koishi:FleetingPhantom+1","Koishi:FreudianInstinct","Koishi:JumpScare","Koishi:Heartbroken","Koishi:SpiritedAway+1"],"picked":"Koishi:FourthEye+1","floor":44},{"not_picked":["Koishi:HeartAttack","Koishi:ParalyzingFear","Koishi:RorschachInDanmaku","Koishi:CatchAndRose","Koishi:LastRemote"],"picked":"Koishi:RoseHell","floor":45},{"not_picked":["Koishi:UnconsciousUrges+1","Koishi:UnansweredLove","Koishi:JumpScare","Koishi:EmbryosDream+1","Koishi:ParalyzingFear+1"],"picked":"Koishi:FleetingPhantom+1","floor":47},{"not_picked":["Koishi:Prune","Koishi:FourthEye+1","Koishi:ParalyzingFear","Koishi:UnconsciousUprising","Koishi:UnansweredLove"],"picked":"Koishi:GeneticsOfTheUnconscious+1","floor":48},{"not_picked":["Koishi:Jaunt","Koishi:BramblyRoseGarden+1","Koishi:Prune","Koishi:FleetingPhantom","Koishi:RacingHeart+1"],"picked":"Koishi:RollingInRichesHeart","floor":54}],"player_experience":55619,"relics_obtained":[{"floor":1,"key":"SynthV:TestCard"},{"floor":9,"key":"Boot"},{"floor":19,"key":"Dream Catcher"},{"floor":24,"key":"Lantern"},{"floor":26,"key":"Ancient Tea Set"},{"floor":29,"key":"Matryoshka"},{"floor":31,"key":"Question Card"},{"floor":31,"key":"The Courier"},{"floor":40,"key":"Koishi:BloodstainedWhiteRose"},{"floor":42,"key":"Lizard Tail"},{"floor":42,"key":"MealTicket"},{"floor":43,"key":"Koishi:TeethAndClaws"},{"floor":48,"key":"HollowDreamFlower"}],"event_choices":[{"damage_healed":0,"gold_gain":0,"player_choice":"Leave","damage_taken":0,"max_hp_gain":0,"max_hp_loss":0,"event_name":"The Cleric","floor":2,"gold_loss":0},{"damage_healed":0,"gold_gain":0,"player_choice":"Grow","damage_taken":0,"max_hp_gain":0,"max_hp_loss":0,"event_name":"Living Wall","floor":3,"gold_loss":0,"cards_upgraded":["Koishi:HauntingSlash"]},{"damage_healed":0,"gold_gain":0,"player_choice":"Box","damage_taken":0,"relics_obtained":["Tiny Chest"],"max_hp_gain":0,"max_hp_loss":0,"event_name":"Big Fish","floor":8,"gold_loss":0,"cards_obtained":["Regret"]},{"damage_healed":0,"gold_gain":0,"player_choice":"Trade","damage_taken":0,"relics_obtained":["SsserpentHead"],"max_hp_gain":0,"max_hp_loss":0,"event_name":"FaceTrader","floor":13,"gold_loss":0},{"damage_healed":0,"gold_gain":0,"player_choice":"交出神酒","damage_taken":0,"max_hp_gain":0,"max_hp_loss":0,"event_name":"ZunEvent","floor":20,"relics_lost":["ZunR:ReiMu"],"gold_loss":0,"cards_obtained":["ZunPunch:ReiMu"]},{"damage_healed":0,"gold_gain":0,"player_choice":"Opened","damage_taken":0,"relics_obtained":["Ornamental Fan"],"max_hp_gain":0,"max_hp_loss":0,"event_name":"The Mausoleum","floor":21,"gold_loss":0},{"damage_healed":0,"gold_gain":0,"player_choice":"Rummage","damage_taken":0,"relics_obtained":["WarpedTongs"],"max_hp_gain":0,"max_hp_loss":0,"event_name":"Accursed Blacksmith","floor":37,"gold_loss":0,"cards_obtained":["Pain"]},{"damage_healed":0,"gold_gain":0,"player_choice":"Upgraded","damage_taken":0,"max_hp_gain":0,"max_hp_loss":0,"event_name":"Upgrade Shrine","floor":39,"gold_loss":0,"cards_upgraded":["Koishi:RoseHell"]},{"damage_healed":0,"gold_gain":0,"player_choice":"Ignored","damage_taken":0,"max_hp_gain":0,"max_hp_loss":0,"event_name":"OrinTheCat","floor":46,"gold_loss":0}],"is_beta":false,"boss_relics":[{"not_picked":["Snecko Eye","Cursed Key"],"picked":"SacredBark"},{"not_picked":["EE1DDrone","JellyFishMachine"],"picked":"Astrolabe"}],"items_purged_floors":[27,27,27,27,27,53,53,53],"is_endless":false,"potions_floor_spawned":[1,1,11,14,14,16,16,16,18,22,24,30,30,33,33,33,35,36,38,40,40,45,45,47,47,54,54],"ascension_level":0}}