{"host":"yqw1zpryoutrnocq","time":1612099677,"event":{"mods":["2.2 Compatiblity","AchievementEnabler","BaseMod","Colored Map","Custom Start","DeckTracker","Minty Spire (QoL Compilation)","StSLib","SuperFastMode"],"gold_per_floor":[119,119,137,156,168,201,201,234,287,309,309,340,395,406,406,507,507,517,543,558,26,26,56,56,90,90,115,115,215,215,13,13,112,112,125,125,142,159,159,185,203,203,203,55,90,90,109,135,135,135,135],"floor_reached":50,"language":"KOR","playtime":1764,"items_purged":["Strike_B"],"score":907,"play_id":"52e269fe-0828-4ef6-ad53-690623401dd1","local_time":"20210131072757","is_ascension_mode":true,"campfire_choices":[{"data":"Consume","floor":7,"key":"SMITH"},{"floor":15,"key":"REST"},{"floor":24,"key":"REST"},{"floor":30,"key":"REST"},{"data":"Secret Technique","floor":32,"key":"SMITH"},{"data":"Electrodynamics","floor":42,"key":"SMITH"},{"floor":49,"key":"RECALL"}],"circlet_count":0,"master_deck":["Zap","Dualcast","Secret Technique+1","White Noise","Meteor Strike+1","Coolheaded","Leap","Consume+1","Ball Lightning","Creative AI","Coolheaded","Echo Form","Coolheaded+1","Electrodynamics+1","Doom and Gloom+1","Redo","Ball Lightning+1","Storm+1","Cold Snap+1","Stack","Meteor Strike+1","Core Surge+1","Cold Snap+1","White Noise","Undo","Glacier","Sweeping Beam+1","Chaos","Multi-Cast","Conserve Battery+1","Doom and Gloom+1","Coolheaded","White Noise+1","Heatsinks+1","Coolheaded+1","Capacitor+1","Streamline+1"],"relics":["Cracked Core","White Beast Statue","Gremlin Horn","PreservedInsect","Odd Mushroom","Dream Catcher","Whetstone","Snecko Eye","Red Mask","Mummified Hand","Enchiridion","Molten Egg 2","Centennial Puzzle","Sundial","Letter Opener","Pocketwatch","Bottled Lightning","DollysMirror","Pandora\u0027s Box","Omamori","OrangePellets","Bottled Tornado","Frozen Egg 2"],"acts_visited":["Exordium","TheCity","TheBeyond"],"potions_floor_usage":[6,8,10,16,19,19,20,27,27,29],"damage_taken":[{"damage":1,"enemies":"2 Louse","floor":1,"turns":2},{"damage":1,"enemies":"Cultist","floor":3,"turns":3},{"damage":5,"enemies":"Jaw Worm","floor":4,"turns":3},{"damage":4,"enemies":"Exordium Thugs","floor":5,"turns":4},{"damage":26,"enemies":"Lagavulin","floor":6,"turns":10},{"damage":15,"enemies":"3 Sentries","floor":8,"turns":8},{"damage":0,"enemies":"The Mushroom Lair","floor":10,"turns":3},{"damage":7,"enemies":"Lagavulin","floor":12,"turns":6},{"damage":25,"enemies":"Large Slime","floor":14,"turns":5},{"damage":18,"enemies":"Hexaghost","floor":16,"turns":14},{"damage":1,"enemies":"Spheric Guardian","floor":18,"turns":4},{"damage":42,"enemies":"Masked Bandits","floor":19,"turns":5},{"damage":9,"enemies":"2 Thieves","floor":20,"turns":5},{"damage":0,"enemies":"Gremlin Leader","floor":23,"turns":2},{"damage":0,"enemies":"Book of Stabbing","floor":25,"turns":3},{"damage":0,"enemies":"Slavers","floor":27,"turns":2},{"damage":0,"enemies":"Colosseum Slavers","floor":29,"turns":1},{"damage":0,"enemies":"Colosseum Nobs","floor":29,"turns":1},{"damage":0,"enemies":"Collector","floor":33,"turns":5},{"damage":0,"enemies":"3 Shapes","floor":35,"turns":1},{"damage":7,"enemies":"Orb Walker","floor":37,"turns":2},{"damage":1,"enemies":"Maw","floor":38,"turns":3},{"damage":3,"enemies":"Nemesis","floor":40,"turns":3},{"damage":3,"enemies":"Transient","floor":41,"turns":5},{"damage":38,"enemies":"Reptomancer","floor":45,"turns":6},{"damage":8,"enemies":"Writhing Mass","floor":47,"turns":5},{"damage":0,"enemies":"Giant Head","floor":48,"turns":3},{"damage":19,"enemies":"Awakened One","floor":50,"turns":3}],"seed_played":"3383130011726560637","potions_obtained":[{"floor":5,"key":"Fire Potion"},{"floor":6,"key":"EssenceOfSteel"},{"floor":8,"key":"Explosive Potion"},{"floor":10,"key":"BlessingOfTheForge"},{"floor":12,"key":"FairyPotion"},{"floor":14,"key":"Dexterity Potion"},{"floor":16,"key":"Block Potion"},{"floor":18,"key":"EssenceOfSteel"},{"floor":19,"key":"Dexterity Potion"},{"floor":20,"key":"ColorlessPotion"},{"floor":27,"key":"Strength Potion"},{"floor":29,"key":"Dexterity Potion"},{"floor":33,"key":"SteroidPotion"},{"floor":35,"key":"Ancient Potion"}],"is_trial":false,"path_per_floor":["M","?","M","M","M","E","R","E","T","?","?","E","T","M","R","B",null,"M","?","M","$","?","E","R","E","T","E","?","?","R","$","R","B",null,"M","?","M","M","?","E","M","R","T","$","E","?","M","E","R","B"],"character_chosen":"DEFECT","items_purchased":["Mummified Hand","Electrodynamics","Block Potion","Stack","DollysMirror","OrangePellets"],"campfire_rested":3,"item_purchase_floors":[21,21,21,31,31,44],"current_hp_per_floor":[67,67,66,61,57,31,31,16,16,16,21,14,14,21,42,24,73,72,30,21,21,5,5,26,26,26,26,26,26,47,47,47,47,73,73,73,66,65,65,62,59,59,59,59,21,21,13,13,13,0,0],"gold":135,"neow_bonus":"RANDOM_COLORLESS_2","is_daily":false,"chose_seed":false,"campfire_upgraded":3,"win_rate":0.0,"timestamp":1612099677,"path_taken":["M","?","M","?","M","E","R","E","T","?","?","E","?","M","R","BOSS","M","?","M","$","?","E","R","E","T","E","?","?","R","?","R","BOSS","M","?","M","M","?","E","M","R","T","$","E","?","?","E","R","BOSS"],"items_purchased_type":["Relic","Card","Potion","Card","Relic","Relic"],"build_version":"2020-12-22","purchased_purges":1,"victory":false,"max_hp_per_floor":[68,68,68,68,68,68,68,68,68,68,73,73,73,73,73,73,73,73,73,73,73,73,73,73,73,73,73,73,73,73,73,73,73,73,73,73,73,73,69,69,69,69,69,69,69,69,69,69,69,69,69],"card_choices":[{"not_picked":["Magnetism","Violence"],"picked":"Secret Technique","floor":0},{"not_picked":["Rebound","Force Field","Reprogram"],"picked":"SKIP","floor":1},{"not_picked":["Leap","Go for the Eyes"],"picked":"Coolheaded","floor":3},{"not_picked":["Conserve Battery","Compile Driver"],"picked":"Cold Snap","floor":4},{"not_picked":["Gash","Undo"],"picked":"Leap","floor":5},{"not_picked":["Force Field","Gash"],"picked":"Consume","floor":6},{"not_picked":["Undo","Beam Cell"],"picked":"Ball Lightning","floor":8},{"not_picked":["Steam","Biased Cognition"],"picked":"Creative AI","floor":12},{"not_picked":["Beam Cell","Rebound","Steam Power"],"picked":"SKIP","floor":14},{"not_picked":["Barrage","Conserve Battery"],"picked":"Coolheaded","floor":15},{"not_picked":["Hyperbeam","Creative AI"],"picked":"Echo Form","floor":16},{"not_picked":["Scrape+1","Barrage","Consume"],"picked":"SKIP","floor":18},{"not_picked":["Cold Snap","Recycle"],"picked":"Coolheaded+1","floor":19},{"not_picked":["Hello World+1","Redo","Streamline"],"picked":"SKIP","floor":20},{"not_picked":["Amplify","Barrage+1"],"picked":"Doom and Gloom+1","floor":23},{"not_picked":["Gash+1","Ball Lightning+1"],"picked":"Redo","floor":24},{"not_picked":["Steam","Creative AI"],"picked":"Ball Lightning+1","floor":25},{"not_picked":["Ball Lightning+1","Gash+1"],"picked":"Storm+1","floor":27},{"not_picked":["Reprogram","Go for the Eyes+1"],"picked":"Cold Snap+1","floor":30},{"not_picked":["Creative AI","Echo Form"],"picked":"Core Surge+1","floor":33},{"not_picked":["Gash+1","Leap"],"picked":"Conserve Battery+1","floor":35},{"not_picked":["Hologram","Steam+1"],"picked":"Doom and Gloom+1","floor":37},{"not_picked":["Gash+1","Ball Lightning+1"],"picked":"Coolheaded","floor":38},{"not_picked":["Streamline+1","Storm"],"picked":"White Noise+1","floor":40},{"not_picked":["Echo Form","Sweeping Beam+1"],"picked":"Heatsinks+1","floor":41},{"not_picked":["Machine Learning","Leap"],"picked":"Coolheaded+1","floor":45},{"not_picked":["Turbo+1","Stack+1"],"picked":"Capacitor+1","floor":47},{"not_picked":["Sweeping Beam+1","Steam+1"],"picked":"Streamline+1","floor":48}],"player_experience":250989,"relics_obtained":[{"floor":6,"key":"White Beast Statue"},{"floor":8,"key":"Gremlin Horn"},{"floor":9,"key":"PreservedInsect"},{"floor":10,"key":"Odd Mushroom"},{"floor":12,"key":"Dream Catcher"},{"floor":13,"key":"Whetstone"},{"floor":19,"key":"Red Mask"},{"floor":22,"key":"Enchiridion"},{"floor":23,"key":"Molten Egg 2"},{"floor":25,"key":"Centennial Puzzle"},{"floor":26,"key":"Sundial"},{"floor":27,"key":"Letter Opener"},{"floor":29,"key":"Pocketwatch"},{"floor":29,"key":"Bottled Lightning"},{"floor":40,"key":"Omamori"},{"floor":45,"key":"Bottled Tornado"},{"floor":48,"key":"Frozen Egg 2"}],"event_choices":[{"damage_healed":0,"gold_gain":0,"player_choice":"2 cards matched","damage_taken":0,"max_hp_gain":0,"max_hp_loss":0,"event_name":"Match and Keep!","floor":2,"gold_loss":0,"cards_obtained":["White Noise","Meteor Strike"]},{"damage_healed":0,"gold_gain":0,"player_choice":"Fought Mushrooms","damage_taken":0,"max_hp_gain":0,"max_hp_loss":0,"event_name":"Mushrooms","floor":10,"gold_loss":0},{"damage_healed":0,"gold_gain":0,"player_choice":"Donut","damage_taken":0,"max_hp_gain":5,"max_hp_loss":0,"event_name":"Big Fish","floor":11,"gold_loss":0},{"damage_healed":0,"gold_gain":0,"player_choice":"Fought Bandits","damage_taken":0,"max_hp_gain":0,"max_hp_loss":0,"event_name":"Masked Bandits","floor":19,"gold_loss":0},{"damage_healed":0,"gold_gain":0,"player_choice":"Obtained Book","damage_taken":16,"max_hp_gain":0,"max_hp_loss":0,"event_name":"Cursed Tome","floor":22,"gold_loss":0},{"damage_healed":0,"gold_gain":0,"player_choice":"Ignored","damage_taken":0,"max_hp_gain":0,"max_hp_loss":0,"event_name":"Ghosts","floor":28,"gold_loss":0},{"damage_healed":0,"gold_gain":0,"player_choice":"Fight","damage_taken":0,"max_hp_gain":0,"max_hp_loss":0,"event_name":"Colosseum","floor":29,"gold_loss":0},{"damage_healed":0,"gold_gain":0,"player_choice":"Fought Nobs","damage_taken":0,"max_hp_gain":0,"max_hp_loss":0,"event_name":"Colosseum","floor":29,"gold_loss":0},{"cards_removed":["Cold Snap"],"damage_healed":0,"gold_gain":0,"player_choice":"Removed Attack","damage_taken":0,"max_hp_gain":0,"max_hp_loss":0,"event_name":"Falling","floor":36,"gold_loss":0},{"damage_healed":0,"gold_gain":0,"player_choice":"Max HP","damage_taken":0,"max_hp_gain":0,"max_hp_loss":4,"event_name":"Winding Halls","floor":39,"gold_loss":0},{"damage_healed":0,"gold_gain":0,"player_choice":"Cursed","damage_taken":0,"max_hp_gain":0,"max_hp_loss":0,"event_name":"Wheel of Change","floor":46,"gold_loss":0,"cards_obtained":["Decay"]}],"is_beta":false,"boss_relics":[{"not_picked":["Astrolabe","Velvet Choker"],"picked":"Snecko Eye"},{"not_picked":["Sozu","Cursed Key"],"picked":"Pandora\u0027s Box"}],"items_purged_floors":[21],"is_endless":false,"potions_floor_spawned":[5,6,8,10,12,14,16,18,19,20,23,25,27,29,29,33,35,37,38,40,41,45,47,48],"killed_by":"Awakened One","ascension_level":2}}