{"host":"6kyqgln1ip325a4v","time":1612061903,"event":{"mods":["BaseMod","Minty Spire (QoL Compilation)"],"gold_per_floor":[116,128,140,140,151,76,89,119,165,89,103,103,122,152,152,261,261,297,307,334,351,251,251,278,278,301,410,509,536,557,557,557,668,668,694,713,732,732,756,756,787,632,632,647,686,706,706,725,725,725],"floor_reached":51,"language":"ENG","playtime":1494,"items_purged":["Defend_G","Defend_R"],"score":884,"play_id":"78e611ad-52d1-4900-bd46-a9155d6c6f84","local_time":"20210130215823","daily_mods":["Insanity","Chimera","Diverse","Colorless Cards","Heirloom","Binary","Uncertain Future"],"is_ascension_mode":false,"campfire_choices":[{"data":"Mind Blast","floor":12,"key":"SMITH"},{"data":"Tempest","floor":15,"key":"SMITH"},{"data":"DevaForm","floor":23,"key":"SMITH"},{"data":"A Thousand Cuts","floor":25,"key":"SMITH"},{"data":"Caltrops","floor":32,"key":"SMITH"},{"data":"Strike_R","floor":40,"key":"PURGE"},{"data":"Survivor","floor":47,"key":"PURGE"},{"data":"Strike_G","floor":49,"key":"PURGE"}],"circlet_count":0,"master_deck":["Bash","Zap","Eruption","Strike_B","Defend_P","Consecrate","Tempest+1","LikeWater","Good Instincts","Footwork","Reinforced Body","Twin Strike","FearNoEvil","Clothesline","Heavy Blade","Prepared","Catalyst","Caltrops+1","Caltrops","Deadly Poison","Headbutt","Sucker Punch","Finisher","Uppercut","Clash","Blur","Infinite Blades","ClearTheMind","Discovery","Consecrate","Poisoned Stab","Perfected Strike","Mind Blast+1","Bane","Deadly Poison","Dagger Throw","Wild Strike","Conserve Battery","Rampage","Prostrate","Cold Snap","Cloak And Dagger","Evaluate","Sanctity","Flying Knee","Deflect","Cold Snap","Conserve Battery","FTL","All Out Attack","Searing Blow","Undo","Dark Embrace","Infinite Blades","Dodge and Roll","Whirlwind","PathToVictory","Go for the Eyes","Prepared","DevaForm+1","Deep Breath","Writhe","BattleHymn","Terror","Quick Slash","Mind Blast","Outmaneuver","PiercingWail","Adrenaline","A Thousand Cuts+1","Outmaneuver","Cleave","Panache","Reinforced Body","Swivel+1","Outmaneuver","Core Surge","All Out Attack+1","BowlingBash+1","Steam+1","Buffer","Skim+1","Aggregate","Force Field","Defragment"],"relics":["Snecko Eye","Prayer Wheel","Orichalcum","CeramicFish","Black Star","Sundial","Anchor","Bronze Scales","Mango","Eternal Feather","Fusion Hammer","Peace Pipe","Bag of Marbles","Bottled Lightning","Question Card","Bottled Flame"],"acts_visited":["Exordium","TheCity","TheBeyond"],"potions_floor_usage":[16,16,33,35,35,45,50,50,50],"damage_taken":[{"damage":0,"enemies":"2 Louse","floor":1,"turns":2},{"damage":0,"enemies":"Cultist","floor":2,"turns":1},{"damage":0,"enemies":"Jaw Worm","floor":3,"turns":1},{"damage":0,"enemies":"Large Slime","floor":5,"turns":1},{"damage":0,"enemies":"2 Fungi Beasts","floor":7,"turns":2},{"damage":0,"enemies":"Gremlin Nob","floor":8,"turns":2},{"damage":0,"enemies":"Lots of Slimes","floor":11,"turns":1},{"damage":0,"enemies":"Exordium Thugs","floor":13,"turns":1},{"damage":0,"enemies":"Exordium Wildlife","floor":14,"turns":1},{"damage":18,"enemies":"The Guardian","floor":16,"turns":7},{"damage":0,"enemies":"Spheric Guardian","floor":18,"turns":1},{"damage":0,"enemies":"2 Thieves","floor":19,"turns":1},{"damage":0,"enemies":"Cultist and Chosen","floor":20,"turns":1},{"damage":0,"enemies":"Snake Plant","floor":21,"turns":1},{"damage":0,"enemies":"Gremlin Leader","floor":24,"turns":1},{"damage":0,"enemies":"Colosseum Slavers","floor":27,"turns":1},{"damage":0,"enemies":"Colosseum Nobs","floor":27,"turns":1},{"damage":0,"enemies":"Centurion and Healer","floor":29,"turns":2},{"damage":0,"enemies":"Sentry and Sphere","floor":30,"turns":1},{"damage":35,"enemies":"Champ","floor":33,"turns":9},{"damage":10,"enemies":"3 Darklings","floor":35,"turns":4},{"damage":0,"enemies":"3 Shapes","floor":36,"turns":2},{"damage":0,"enemies":"3 Darklings","floor":37,"turns":2},{"damage":0,"enemies":"Sphere and 2 Shapes","floor":39,"turns":2},{"damage":0,"enemies":"Writhing Mass","floor":41,"turns":2},{"damage":35,"enemies":"4 Shapes","floor":44,"turns":1},{"damage":0,"enemies":"Reptomancer","floor":45,"turns":1},{"damage":14,"enemies":"Sphere and 2 Shapes","floor":46,"turns":1},{"damage":8,"enemies":"Transient","floor":48,"turns":5},{"damage":42,"enemies":"Awakened One","floor":50,"turns":7}],"seed_played":"1023801756984777334","potions_obtained":[{"floor":2,"key":"Block Potion"},{"floor":3,"key":"SpeedPotion"},{"floor":7,"key":"CultistPotion"},{"floor":11,"key":"Weak Potion"},{"floor":18,"key":"Fire Potion"},{"floor":21,"key":"Fire Potion"},{"floor":27,"key":"ColorlessPotion"},{"floor":35,"key":"Swift Potion"},{"floor":37,"key":"SpeedPotion"},{"floor":45,"key":"SneckoOil"},{"floor":46,"key":"EssenceOfSteel"}],"is_trial":true,"path_per_floor":["M","M","M","?","M","$","M","E","T","$","M","R","M","M","R","B",null,"M","M","M","M","$","R","E","R","T","?","?","M","M","?","R","B",null,"M","M","M","T","M","R","M","$","T","M","E","M","R","M","R","B",null],"character_chosen":"IRONCLAD","items_purchased":["Mind Blast","Bag of Marbles"],"campfire_rested":0,"item_purchase_floors":[10,42],"current_hp_per_floor":[80,80,80,80,80,80,80,80,80,80,80,80,80,80,80,62,80,80,80,80,80,80,80,80,80,80,94,94,94,94,91,94,59,94,84,84,84,84,84,94,94,94,94,59,59,45,94,86,94,52],"gold":725,"neow_bonus":"","is_daily":false,"chose_seed":false,"campfire_upgraded":5,"win_rate":0.0,"timestamp":1612061903,"path_taken":["M","M","M","?","M","?","?","E","T","$","M","R","M","M","R","BOSS","M","M","M","M","$","R","E","R","T","?","?","M","M","?","R","BOSS","M","M","?","?","M","R","M","$","T","M","E","M","R","?","R","BOSS"],"items_purchased_type":["Card","Relic"],"build_version":"2020-12-22","purchased_purges":2,"victory":true,"max_hp_per_floor":[80,80,80,80,80,80,80,80,80,80,80,80,80,80,80,80,80,80,80,80,80,80,80,80,80,80,94,94,94,94,94,94,94,94,94,94,94,94,94,94,94,94,94,94,94,94,94,94,94,94],"card_choices":[{"not_picked":["Finesse"],"picked":"Whirlwind","floor":1},{"not_picked":["SashWhip","FlurryOfBlows"],"picked":"SKIP","floor":1},{"not_picked":["Acrobatics"],"picked":"PathToVictory","floor":2},{"not_picked":["Endless Agony"],"picked":"Go for the Eyes","floor":2},{"not_picked":["Choke"],"picked":"Prepared","floor":3},{"not_picked":["Sword Boomerang"],"picked":"DevaForm","floor":3},{"not_picked":["ClearTheMind","Carnage"],"picked":"SKIP","floor":5},{"not_picked":["Body Slam","Dodge and Roll"],"picked":"SKIP","floor":5},{"not_picked":["Indignation"],"picked":"Terror","floor":7},{"not_picked":["Blur"],"picked":"Quick Slash","floor":7},{"not_picked":["Second Wind","EmptyBody"],"picked":"SKIP","floor":8},{"not_picked":["Dagger Throw","FlurryOfBlows"],"picked":"SKIP","floor":11},{"not_picked":["True Grit","Wallop"],"picked":"SKIP","floor":11},{"not_picked":["Clash"],"picked":"Outmaneuver","floor":13},{"not_picked":["Body Slam","FlurryOfBlows"],"picked":"SKIP","floor":13},{"not_picked":["Consume"],"picked":"PiercingWail","floor":14},{"not_picked":["Steam"],"picked":"Adrenaline","floor":14},{"not_picked":["SpiritShield"],"picked":"A Thousand Cuts","floor":16},{"not_picked":["Slice"],"picked":"Outmaneuver","floor":18},{"not_picked":["Underhanded Strike"],"picked":"Cleave","floor":18},{"not_picked":["Leap","Hologram+1"],"picked":"SKIP","floor":19},{"not_picked":["Melter","Good Instincts"],"picked":"SKIP","floor":19},{"not_picked":["Flex"],"picked":"Panache","floor":20},{"not_picked":["SashWhip","True Grit"],"picked":"SKIP","floor":20},{"not_picked":["Fission","Cloak And Dagger"],"picked":"SKIP","floor":21},{"not_picked":["Rage+1","Doom and Gloom"],"picked":"SKIP","floor":21},{"not_picked":["Deep Breath","Cloak And Dagger"],"picked":"SKIP","floor":24},{"not_picked":["BattleHymn"],"picked":"Reinforced Body","floor":27},{"not_picked":["Deadly Poison+1"],"picked":"Swivel+1","floor":29},{"not_picked":["Dagger Spray","Steam Power"],"picked":"SKIP","floor":29},{"not_picked":["Crescendo"],"picked":"Outmaneuver","floor":30},{"not_picked":["Evaluate+1","Intimidate"],"picked":"SKIP","floor":30},{"not_picked":["Glass Knife"],"picked":"Core Surge","floor":33},{"not_picked":["Dagger Throw+1"],"picked":"All Out Attack+1","floor":35},{"not_picked":["Anger","Ball Lightning+1"],"picked":"SKIP","floor":35},{"not_picked":["Thunderclap+1"],"picked":"BowlingBash+1","floor":36},{"not_picked":["Crescendo","Meditate"],"picked":"SKIP","floor":36},{"not_picked":["Deadly Poison+1"],"picked":"Steam+1","floor":37},{"not_picked":["Ball Lightning+1","Setup+1"],"picked":"SKIP","floor":37},{"not_picked":["Recycle"],"picked":"Buffer","floor":39},{"not_picked":["Streamline+1","Dagger Throw+1"],"picked":"SKIP","floor":39},{"not_picked":["Armaments"],"picked":"Skim+1","floor":41},{"not_picked":["Consume"],"picked":"Aggregate","floor":41},{"not_picked":["JustLucky+1","Swift Strike"],"picked":"SKIP","floor":44},{"not_picked":["Storm","Sucker Punch+1"],"picked":"SKIP","floor":44},{"not_picked":["EmptyFist"],"picked":"Force Field","floor":45},{"not_picked":["Power Through+1","CarveReality","Expertise"],"picked":"SKIP","floor":46},{"not_picked":["FollowUp+1","Consecrate","Power Through"],"picked":"SKIP","floor":46},{"not_picked":["Conclude","Forethought+1"],"picked":"Defragment","floor":48},{"not_picked":["Dual Wield","Dagger Spray+1","Good Instincts"],"picked":"SKIP","floor":48}],"player_experience":160833,"relics_obtained":[{"floor":8,"key":"Orichalcum"},{"floor":9,"key":"CeramicFish"},{"floor":24,"key":"Sundial"},{"floor":24,"key":"Anchor"},{"floor":26,"key":"Bronze Scales"},{"floor":27,"key":"Mango"},{"floor":27,"key":"Eternal Feather"},{"floor":38,"key":"Peace Pipe"},{"floor":43,"key":"Bottled Lightning"},{"floor":45,"key":"Question Card"},{"floor":45,"key":"Bottled Flame"}],"event_choices":[{"damage_healed":0,"gold_gain":0,"player_choice":"3 cards matched","damage_taken":0,"max_hp_gain":0,"max_hp_loss":0,"event_name":"Match and Keep!","floor":4,"gold_loss":0,"cards_obtained":["Deep Breath","Writhe","BattleHymn"]},{"damage_healed":0,"gold_gain":0,"player_choice":"Fight","damage_taken":0,"max_hp_gain":0,"max_hp_loss":0,"event_name":"Colosseum","floor":27,"gold_loss":0},{"damage_healed":0,"gold_gain":0,"player_choice":"Fought Nobs","damage_taken":0,"max_hp_gain":0,"max_hp_loss":0,"event_name":"Colosseum","floor":27,"gold_loss":0},{"damage_healed":0,"gold_gain":99,"player_choice":"Stole From Cult","damage_taken":0,"max_hp_gain":0,"max_hp_loss":0,"event_name":"Nest","floor":28,"gold_loss":0},{"damage_healed":0,"gold_gain":0,"player_choice":"Punched","damage_taken":3,"max_hp_gain":0,"max_hp_loss":0,"event_name":"Designer","floor":31,"gold_loss":0}],"is_beta":false,"boss_relics":[{"not_picked":["Runic Cube","Astrolabe"],"picked":"Black Star"},{"not_picked":["SlaversCollar","Coffee Dripper"],"picked":"Fusion Hammer"}],"items_purged_floors":[6,22],"is_endless":false,"potions_floor_spawned":[2,3,7,11,18,21,27,27,30,35,37,39,45,46],"ascension_level":0}}