{"host":"ertcy5wga10zev2p","time":1612101310,"event":{"mods":["BaseMod","BetterRewards","Colored Map","Colored Powertips","Infinite Spire","Minty Spire (QoL Compilation)","Replay The Spire","Shop Mod","StSLib","The Jungle"],"gold_per_floor":[210,210,112,112,130,130,159,170,193,207,207,207,167,186,186,186,186],"floor_reached":16,"language":"ENG","playtime":646,"items_purged":[],"score":105,"play_id":"c46b0087-36a8-4887-a9a9-ec4bdbebba95","local_time":"20210131135510","is_ascension_mode":true,"campfire_choices":[{"data":"Metallicize","floor":6,"key":"SMITH"},{"data":"Limit Break","floor":12,"key":"SMITH"},{"data":"Flex","floor":15,"key":"SMITH"}],"circlet_count":0,"master_deck":["Strike_R","Strike_R","Strike_R","Strike_R","Strike_R","Defend_R","Defend_R","Defend_R","Defend_R+1","Bash+1","infinitespire:OneForAll+1","Metallicize+1","True Grit","Flex","Limit Break+1","Body Slam","Flex+1"],"relics":["Burning Blood","infinitespire:Lucky Rock","Oddly Smooth Stone"],"acts_visited":["Exordium"],"potions_floor_usage":[14,16,16],"damage_taken":[{"damage":12,"enemies":"Small Slimes","floor":1,"turns":4},{"damage":5,"enemies":"2 Louse","floor":5,"turns":2},{"damage":19,"enemies":"Replay:BlueRogue","floor":7,"turns":6},{"damage":13,"enemies":"infinitespire:Voidling","floor":8,"turns":4},{"damage":14,"enemies":"Large Slime","floor":10,"turns":7},{"damage":4,"enemies":"Red Slaver","floor":14,"turns":2},{"damage":36,"enemies":"Slime Boss","floor":16,"turns":9}],"seed_played":"239227349442682143","potions_obtained":[{"floor":7,"key":"EssenceOfSteel"},{"floor":8,"key":"Adrenaline Potion"},{"floor":10,"key":"Regen Potion"},{"floor":13,"key":"FairyPotion"},{"floor":13,"key":"LiquidMemories"},{"floor":14,"key":"Elixir"}],"is_trial":false,"path_per_floor":["M","?","$","?","M","R","E","M","T","M","?","R","?","M","R","B"],"character_chosen":"IRONCLAD","items_purchased":["Metallicize","True Grit"],"campfire_rested":0,"item_purchase_floors":[3,3],"current_hp_per_floor":[74,58,58,63,64,64,51,48,48,40,40,40,40,42,42,6,6],"gold":186,"neow_bonus":"HUNDRED_GOLD","is_daily":false,"chose_seed":false,"campfire_upgraded":3,"win_rate":0.0,"timestamp":1612101310,"path_taken":["M","?","$","?","M","R","E","M","T","M","?","R","?","M","R","BOSS"],"items_purchased_type":["Card","Card"],"build_version":"2020-12-22","purchased_purges":0,"victory":false,"max_hp_per_floor":[80,80,80,85,85,85,85,85,85,85,85,85,85,85,85,85,85],"card_choices":[{"not_picked":["Sentinel","Dropkick"],"picked":"infinitespire:OneForAll","floor":1},{"not_picked":["Abandon","Wild Strike"],"picked":"Flex","floor":5},{"not_picked":["Wild Strike","Spot Weakness"],"picked":"Limit Break","floor":7},{"not_picked":["Carnage","Fire Breathing"],"picked":"Body Slam","floor":8},{"not_picked":["True Grit","Wild Strike"],"picked":"Flex","floor":10},{"not_picked":["True Grit","Flame Barrier","Thunderclap"],"picked":"SKIP","floor":14}],"player_experience":145341,"relics_obtained":[{"floor":7,"key":"infinitespire:Lucky Rock"},{"floor":9,"key":"Oddly Smooth Stone"}],"event_choices":[{"damage_healed":0,"gold_gain":0,"player_choice":"Entered Light","damage_taken":16,"max_hp_gain":0,"max_hp_loss":0,"event_name":"Shining Light","floor":2,"gold_loss":0,"cards_upgraded":["Defend_R","Bash"]},{"damage_healed":0,"gold_gain":0,"player_choice":"Donut","damage_taken":0,"max_hp_gain":5,"max_hp_loss":0,"event_name":"Big Fish","floor":4,"gold_loss":0},{"damage_healed":0,"gold_gain":0,"player_choice":"Bought 3 Potions","damage_taken":0,"max_hp_gain":0,"max_hp_loss":0,"event_name":"The Woman in Blue","floor":13,"gold_loss":0}],"is_beta":false,"boss_relics":[],"items_purged_floors":[],"is_endless":false,"potions_floor_spawned":[7,8,10,14],"killed_by":"Slime Boss","ascension_level":1}}