{"host":"qm4rv4rkpk76sbxu","time":1612110380,"event":{"mods":["BaseMod","Bestiary","Block Reminder","DeckTracker","Filter the Spire","Keyboard Shortcuts","Minty Spire (QoL Compilation)","MonsterHotkey","Quick Restart","Random Character Button","Relic Stats","Slay-I","StSLib","Unceasing Turn Reminder","ojb\u0027s Better Paths Mod","ojb\u0027s Info Mod"],"gold_per_floor":[119,194,194,194,214,247,298,298,298],"floor_reached":8,"language":"ENG","playtime":160,"items_purged":[],"score":158,"play_id":"c08b41c9-15c1-433d-b53e-73a4c305714c","local_time":"20210131172620","is_ascension_mode":true,"campfire_choices":[],"circlet_count":0,"master_deck":["AscendersBane","Strike_G","Strike_G","Strike_G","Strike_G","Strike_G","Defend_G","Defend_G","Defend_G","Defend_G","Defend_G","Survivor","Neutralize","Bouncing Flask","Regret","Poisoned Stab","Leg Sweep"],"relics":["Ring of the Snake","NeowsBlessing","Vajra","Golden Idol","MealTicket","Art of War"],"acts_visited":["Exordium"],"potions_floor_usage":[8,8],"damage_taken":[{"damage":0.0,"enemies":"2 Louse","floor":1.0,"turns":1.0},{"damage":0.0,"enemies":"Small Slimes","floor":5.0,"turns":1.0},{"damage":0.0,"enemies":"3 Sentries","floor":6.0,"turns":1.0},{"damage":68,"enemies":"Gremlin Nob","floor":8,"turns":4}],"seed_played":"1125224924605891078","potions_obtained":[{"floor":1.0,"key":"CunningPotion"},{"floor":6.0,"key":"SkillPotion"}],"is_trial":false,"path_per_floor":["M","?","?","?","M","E","T","E"],"character_chosen":"THE_SILENT","items_purchased":[],"campfire_rested":0,"item_purchase_floors":[],"current_hp_per_floor":[59,48,48,48,48,48,48,0,0],"gold":298,"neow_bonus":"THREE_ENEMY_KILL","is_daily":false,"chose_seed":false,"campfire_upgraded":0,"win_rate":0.0,"timestamp":1612110380,"path_taken":["M","?","?","?","?","E","?","E"],"items_purchased_type":[],"build_version":"2020-12-22","purchased_purges":0,"victory":false,"max_hp_per_floor":[66,66,66,60,60,60,60,60,60],"relic_stats":{"counters":[4,7],"Golden Idol":11,"MealTicket":0,"Art of War":[0],"obtain_stats":[{"NeowsBlessing":0,"Golden Idol":4,"Vajra":3,"MealTicket":6,"Art of War":7,"Ring of the Snake":0},{"NeowsBlessing":0,"Golden Idol":1,"Vajra":1,"MealTicket":3,"Art of War":3,"Ring of the Snake":0},{"NeowsBlessing":0,"Golden Idol":1,"Vajra":1,"MealTicket":3,"Art of War":3,"Ring of the Snake":0}],"Ring of the Snake":[8]},"card_choices":[{"not_picked":["Caltrops","Dodge and Roll"],"picked":"Bouncing Flask","floor":1.0},{"not_picked":["Backflip","Blur"],"picked":"Poisoned Stab","floor":5.0},{"not_picked":["Dagger Throw","Terror"],"picked":"Leg Sweep","floor":6.0}],"player_experience":1454899,"relics_obtained":[{"floor":6.0,"key":"MealTicket"},{"floor":7.0,"key":"Art of War"}],"event_choices":[{"damage_healed":0.0,"max_hp_gain":0.0,"max_hp_loss":0.0,"gold_gain":75.0,"event_name":"World of Goop","player_choice":"Gather Gold","floor":2.0,"gold_loss":0.0,"damage_taken":11.0},{"damage_healed":0.0,"max_hp_gain":0.0,"max_hp_loss":0.0,"gold_gain":0.0,"event_name":"Big Fish","player_choice":"Box","floor":3.0,"gold_loss":0.0,"damage_taken":0.0,"relics_obtained":["Vajra"],"cards_obtained":["Regret"]},{"damage_healed":0.0,"max_hp_gain":0.0,"max_hp_loss":6.0,"gold_gain":0.0,"event_name":"Golden Idol","player_choice":"Lose Max HP","floor":4.0,"gold_loss":0.0,"damage_taken":0.0,"relics_obtained":["Golden Idol"]}],"is_beta":false,"boss_relics":[],"items_purged_floors":[],"is_endless":false,"potions_floor_spawned":[1,6],"killed_by":"Gremlin Nob","ascension_level":20}}