{"host":"49pjgf1q9ev52n8z","time":1612073743,"event":{"mods":["BaseMod","Bestiary","Colored Map","Minty Spire (QoL Compilation)","Relic Stats","StSLib"],"gold_per_floor":[110,110,130,147,159,186,198,198,278,288,302,318,98,133,133,207,207,227,227,29,43,43,43,43,43],"floor_reached":24,"language":"ENG","playtime":1940,"items_purged":["Pain"],"score":410,"play_id":"4481f816-7709-406d-bb2f-8967f4ffeff7","local_time":"20210130221543","is_ascension_mode":true,"campfire_choices":[{"floor":8,"key":"REST"},{"floor":15,"key":"REST"},{"floor":23,"key":"REST"}],"circlet_count":0,"master_deck":["AscendersBane","Strike_G","Strike_G","Strike_G","Strike_G","Strike_G","Defend_G","Defend_G","Defend_G","Defend_G","Defend_G","Survivor","Neutralize","Deadly Poison","Dagger Spray","Catalyst","Bouncing Flask","Skewer","Poisoned Stab","Noxious Fumes","Burst","Malaise","Phantasmal Killer","Bouncing Flask","Footwork"],"relics":["Ring of the Snake","Prayer Wheel","The Courier","Orichalcum","WingedGreaves","Philosopher\u0027s Stone","WarpedTongs","Bronze Scales"],"acts_visited":["Exordium","TheCity"],"potions_floor_usage":[6,12,14,14,18,24,24],"damage_taken":[{"damage":0,"enemies":"Jaw Worm","floor":1,"turns":8},{"damage":2,"enemies":"2 Louse","floor":3,"turns":3},{"damage":0,"enemies":"Cultist","floor":4,"turns":3},{"damage":4,"enemies":"3 Louse","floor":5,"turns":3},{"damage":24,"enemies":"3 Sentries","floor":6,"turns":8},{"damage":9,"enemies":"Exordium Thugs","floor":7,"turns":5},{"damage":11,"enemies":"Looter","floor":10,"turns":2},{"damage":6,"enemies":"3 Louse","floor":11,"turns":3},{"damage":9,"enemies":"Blue Slaver","floor":12,"turns":3},{"damage":7,"enemies":"Lagavulin","floor":14,"turns":5},{"damage":8,"enemies":"Hexaghost","floor":16,"turns":8},{"damage":14,"enemies":"2 Thieves","floor":18,"turns":4},{"damage":6,"enemies":"3 Byrds","floor":21,"turns":3},{"damage":76,"enemies":"Gremlin Leader","floor":24,"turns":5}],"seed_played":"-2445162079601626784","potions_obtained":[{"floor":1,"key":"Fire Potion"},{"floor":7,"key":"Poison Potion"},{"floor":11,"key":"Weak Potion"},{"floor":18,"key":"Regen Potion"}],"is_trial":false,"path_per_floor":["M","?","M","M","M","E","M","R","T","M","M","M","$","E","R","B",null,"M","?","$","M","?","R","E"],"character_chosen":"THE_SILENT","items_purchased":["Orichalcum","EntropicBrew","Bronze Scales"],"campfire_rested":3,"item_purchase_floors":[13,13,20],"current_hp_per_floor":[65,65,63,63,59,35,26,47,47,36,30,21,21,14,35,27,61,47,47,47,41,35,56,0,0],"gold":43,"neow_bonus":"TEN_PERCENT_HP_BONUS","is_daily":false,"chose_seed":false,"campfire_upgraded":0,"win_rate":0.0,"timestamp":1612073743,"path_taken":["M","?","M","M","M","E","M","R","T","M","M","M","$","E","R","BOSS","M","?","$","?","?","R","E"],"items_purchased_type":["Relic","Potion","Relic"],"build_version":"2020-12-22","purchased_purges":1,"victory":false,"max_hp_per_floor":[72,72,72,72,72,72,72,72,72,72,72,72,72,72,72,72,72,72,72,72,72,72,72,72,72],"relic_stats":{"counters":[14,63],"Bronze Scales":[69],"Prayer Wheel":6,"Orichalcum":[96],"obtain_stats":[{"Bronze Scales":20,"Prayer Wheel":6,"Philosopher\u0027s Stone":17,"The Courier":9,"WingedGreaves":14,"Orichalcum":13,"Ring of the Snake":0,"WarpedTongs":19},{"Bronze Scales":12,"Prayer Wheel":5,"Philosopher\u0027s Stone":11,"The Courier":6,"WingedGreaves":10,"Orichalcum":9,"Ring of the Snake":0,"WarpedTongs":12},{"Bronze Scales":55,"Prayer Wheel":25,"Philosopher\u0027s Stone":51,"The Courier":30,"WingedGreaves":43,"Orichalcum":38,"Ring of the Snake":0,"WarpedTongs":55}],"Ring of the Snake":[28],"WarpedTongs":[8]},"card_choices":[{"not_picked":["Eviscerate","Underhanded Strike"],"picked":"Deadly Poison","floor":1},{"not_picked":["Eviscerate","Expertise"],"picked":"Dagger Spray","floor":3},{"not_picked":["Underhanded Strike","Dagger Spray"],"picked":"Catalyst","floor":4},{"not_picked":["Catalyst","Dodge and Roll"],"picked":"Bouncing Flask","floor":5},{"not_picked":["Terror","Underhanded Strike","Flying Knee"],"picked":"SKIP","floor":6},{"not_picked":["Deadly Poison","Sucker Punch"],"picked":"Skewer","floor":7},{"not_picked":["Deflect","All Out Attack"],"picked":"Poisoned Stab","floor":7},{"not_picked":["Deflect","Quick Slash"],"picked":"Noxious Fumes","floor":10},{"not_picked":["All Out Attack","PiercingWail","Backflip"],"picked":"SKIP","floor":10},{"not_picked":["Quick Slash","Blade Dance"],"picked":"Burst","floor":11},{"not_picked":["Backflip","Prepared","Terror"],"picked":"SKIP","floor":11},{"not_picked":["Distraction","Bane","Underhanded Strike"],"picked":"SKIP","floor":12},{"not_picked":["Prepared","Acrobatics","Underhanded Strike"],"picked":"SKIP","floor":12},{"not_picked":["Bane","Dagger Throw"],"picked":"Malaise","floor":14},{"not_picked":["Malaise","A Thousand Cuts"],"picked":"Phantasmal Killer","floor":16},{"not_picked":["Acrobatics","Slice","Underhanded Strike"],"picked":"SKIP","floor":18},{"not_picked":["Distraction","Outmaneuver","Poisoned Stab+1"],"picked":"SKIP","floor":18},{"not_picked":["Backflip","Eviscerate"],"picked":"Bouncing Flask","floor":21},{"not_picked":["Blade Dance","Sucker Punch"],"picked":"Footwork","floor":21}],"player_experience":663270,"relics_obtained":[{"floor":6,"key":"Prayer Wheel"},{"floor":9,"key":"The Courier"},{"floor":14,"key":"WingedGreaves"}],"event_choices":[{"damage_healed":0,"gold_gain":0,"player_choice":"Leave","damage_taken":0,"max_hp_gain":0,"max_hp_loss":0,"event_name":"The Cleric","floor":2,"gold_loss":0},{"damage_healed":0,"gold_gain":0,"player_choice":"Rummage","damage_taken":0,"relics_obtained":["WarpedTongs"],"max_hp_gain":0,"max_hp_loss":0,"event_name":"Accursed Blacksmith","floor":19,"gold_loss":0,"cards_obtained":["Pain"]},{"damage_healed":0,"gold_gain":0,"player_choice":"","damage_taken":6,"max_hp_gain":0,"max_hp_loss":0,"event_name":"Knowing Skull","floor":22,"potions_obtained":[],"gold_loss":0,"cards_obtained":[]}],"is_beta":false,"boss_relics":[{"not_picked":["Fusion Hammer","Sozu"],"picked":"Philosopher\u0027s Stone"}],"items_purged_floors":[20],"is_endless":false,"potions_floor_spawned":[1,7,11,14,18],"killed_by":"Gremlin Leader","ascension_level":19}}