{"host":"x5w9zppki4gdwvc7","time":1612121912,"event":{"mods":["AchievementEnabler","BaseMod","Colored Powertips","DeckTracker","Minty Spire (QoL Compilation)","Relic Sorter","SuperFastMode"],"gold_per_floor":[110,185,204,221,232,232,262,262,262,293,368,368,368,392,392,521,521,536,451,361,379,397,397,416,416,416],"floor_reached":25,"language":"ENG","playtime":1576,"items_purged":[],"score":302,"play_id":"a70372e2-24a9-4819-9345-c4d536a0e4f2","local_time":"20210131203832","is_ascension_mode":true,"campfire_choices":[{"data":"Shrug It Off","floor":6,"key":"SMITH"},{"data":"Body Slam","floor":8,"key":"SMITH"},{"data":"Shrug It Off","floor":12,"key":"SMITH"},{"data":"True Grit","floor":15,"key":"SMITH"},{"data":"Demon Form","floor":23,"key":"SMITH"}],"circlet_count":0,"master_deck":["Bash","Shrug It Off+1","Iron Wave+1","Shrug It Off+1","Warcry","Body Slam+1","True Grit+1","Demon Form+1","Uppercut","Burning Pact","Dark Embrace","Fire Breathing","True Grit","Infernal Blade","Rupture","Whirlwind","Rage","Flex","Anger+1","Sentinel"],"relics":["Burning Blood","Eternal Feather","FossilizedHelix","Pocketwatch","Golden Idol","Pandora\u0027s Box","Matryoshka"],"acts_visited":["Exordium","TheCity"],"potions_floor_usage":[7,16,16],"damage_taken":[{"damage":7,"enemies":"Jaw Worm","floor":1,"turns":3},{"damage":0,"enemies":"Cultist","floor":3,"turns":3},{"damage":2,"enemies":"Small Slimes","floor":4,"turns":3},{"damage":8,"enemies":"Blue Slaver","floor":5,"turns":4},{"damage":28,"enemies":"3 Sentries","floor":7,"turns":12},{"damage":23,"enemies":"Lagavulin","floor":10,"turns":8},{"damage":16,"enemies":"Exordium Thugs","floor":14,"turns":5},{"damage":0,"enemies":"Hexaghost","floor":16,"turns":12},{"damage":18,"enemies":"Spheric Guardian","floor":18,"turns":6},{"damage":22,"enemies":"2 Thieves","floor":21,"turns":4},{"damage":0,"enemies":"Snecko","floor":22,"turns":4},{"damage":32,"enemies":"Sentry and Sphere","floor":24,"turns":7},{"damage":49,"enemies":"Gremlin Leader","floor":25,"turns":6}],"seed_played":"-7916809683843723789","potions_obtained":[{"floor":3,"key":"EssenceOfSteel"},{"floor":4,"key":"Explosive Potion"},{"floor":7,"key":"Dexterity Potion"},{"floor":16,"key":"DuplicationPotion"},{"floor":21,"key":"LiquidBronze"}],"is_trial":false,"path_per_floor":["M","?","M","M","M","R","E","R","T","E","?","R","?","M","R","B",null,"M","?","?","M","M","R","M","E"],"character_chosen":"IRONCLAD","items_purchased":[],"campfire_rested":0,"item_purchase_floors":[],"current_hp_per_floor":[87,79,85,88,86,86,64,73,73,56,45,54,54,44,53,59,88,76,76,76,60,66,75,49,0,0],"gold":416,"neow_bonus":"TEN_PERCENT_HP_BONUS","is_daily":false,"chose_seed":false,"campfire_upgraded":5,"win_rate":0.0,"timestamp":1612121912,"path_taken":["M","?","M","?","M","R","E","R","T","E","?","R","?","M","R","BOSS","M","?","?","?","M","R","M","E"],"items_purchased_type":[],"build_version":"2020-12-22","purchased_purges":0,"victory":false,"max_hp_per_floor":[88,88,88,88,88,88,88,88,88,88,88,88,88,88,88,88,88,88,88,88,88,88,88,88,88,88],"card_choices":[{"not_picked":["Sword Boomerang","Armaments"],"picked":"Shrug It Off","floor":1},{"not_picked":["Cleave","Thunderclap"],"picked":"Iron Wave","floor":3},{"not_picked":["Sword Boomerang","True Grit"],"picked":"Shrug It Off","floor":4},{"not_picked":["Pommel Strike","Bludgeon"],"picked":"Warcry","floor":5},{"not_picked":["Pummel","True Grit"],"picked":"Body Slam","floor":7},{"not_picked":["Feel No Pain","Headbutt","Anger"],"picked":"SKIP","floor":10},{"not_picked":["Intimidate","Shrug It Off"],"picked":"True Grit","floor":14},{"not_picked":["Feed","Immolate"],"picked":"Demon Form","floor":16},{"not_picked":["Disarm","Rupture"],"picked":"Flex","floor":18},{"not_picked":["Second Wind","Clothesline"],"picked":"Anger+1","floor":21},{"not_picked":["Hemokinesis+1","Bloodletting","Uppercut"],"picked":"SKIP","floor":22},{"not_picked":["Dual Wield","True Grit"],"picked":"Sentinel","floor":24}],"player_experience":336565,"relics_obtained":[{"floor":7,"key":"Eternal Feather"},{"floor":9,"key":"FossilizedHelix"},{"floor":10,"key":"Pocketwatch"}],"event_choices":[{"damage_healed":0,"gold_gain":75,"player_choice":"Touch","damage_taken":8,"max_hp_gain":0,"max_hp_loss":0,"event_name":"FaceTrader","floor":2,"gold_loss":0},{"damage_healed":0,"gold_gain":75,"player_choice":"Gather Gold","damage_taken":11,"max_hp_gain":0,"max_hp_loss":0,"event_name":"World of Goop","floor":11,"gold_loss":0},{"damage_healed":0,"gold_gain":0,"player_choice":"Take Wound","damage_taken":0,"relics_obtained":["Golden Idol"],"max_hp_gain":0,"max_hp_loss":0,"event_name":"Golden Idol","floor":13,"gold_loss":0,"cards_obtained":["Injury"]},{"damage_healed":0,"gold_gain":0,"player_choice":"Obtained Relic","damage_taken":0,"relics_obtained":["Matryoshka"],"max_hp_gain":0,"max_hp_loss":0,"event_name":"Addict","floor":19,"gold_loss":85},{"cards_removed":["Injury"],"damage_healed":0,"gold_gain":0,"player_choice":"Upgrade and Remove","damage_taken":0,"max_hp_gain":0,"max_hp_loss":0,"event_name":"Designer","floor":20,"gold_loss":90,"cards_upgraded":["Iron Wave"]}],"is_beta":false,"boss_relics":[{"not_picked":["SacredBark","Black Blood"],"picked":"Pandora\u0027s Box"}],"items_purged_floors":[],"is_endless":false,"potions_floor_spawned":[3,4,7,16,21],"killed_by":"Gremlin Leader","ascension_level":3}}