{"host":"er8s5flrc5z1a07t","time":1612095187,"event":{"mods":["2.2 Compatiblity","Act Like it!","Aspiration","Bard","BaseMod","Better Note","Better Third Choice","Downfall","Duelist Mod","Elementarium","Energized Spire","GifTheSpireLib","Googly Eyes","Hermit","Hubris","Infinite Spire","Minty Spire (QoL Compilation)","Relic Stats","Shop Mod","StSLib","Stuff the Spire","Synergy Search","The Cursed"],"gold_per_floor":[118,137,62,62,74,103,103,121,121,121,121,121,121,18,18,93,93,105,105,105,305,255,255],"floor_reached":22,"language":"ENG","playtime":756,"items_purged":[],"score":360,"play_id":"2197fbda-d806-438d-be31-76a8cf00b41e","local_time":"20210131071307","is_ascension_mode":true,"campfire_choices":[{"data":"TheCursedMod:Stigma","floor":7,"key":"SMITH"},{"floor":11,"key":"REST"},{"data":"TheCursedMod:FleshFromBone","floor":15,"key":"SMITH"}],"circlet_count":0,"master_deck":["AscendersBane","TheCursedMod:Strike_TheCursed","TheCursedMod:Strike_TheCursed","TheCursedMod:Strike_TheCursed","TheCursedMod:Defend_TheCursed","TheCursedMod:Defend_TheCursed","TheCursedMod:Defend_TheCursed","TheCursedMod:Defend_TheCursed","TheCursedMod:CursedWand","TheCursedMod:CleanUpWorkshop","TheCursedMod:Dregs","TheCursedMod:Stigma+1","TheCursedMod:Stigma","TheCursedMod:SpitefulPray","TheCursedMod:CursedBlade","TheCursedMod:Mangle","TheCursedMod:SmokeScreen","Burn+1","Regret","TheCursedMod:VitalStrike","TheCursedMod:FleshFromBone+1","TheCursedMod:AntiAging","bard:Blink","TheCursedMod:AntiAging"],"relics":["TheCursedMod:BlackMagic101","NeowsBlessing","Letter Opener","Happy Flower","hubris:Icosahedron","StuffTheSpire:RedRose","aspiration:BardSkillbook"],"acts_visited":["Exordium","TheCity"],"potions_floor_usage":[22],"damage_taken":[{"damage":0,"enemies":"Cultist","floor":1,"turns":1},{"damage":0,"enemies":"2 Louse","floor":2,"turns":1},{"damage":0,"enemies":"Jaw Worm","floor":5,"turns":1},{"damage":28,"enemies":"Gremlin Nob","floor":6,"turns":4},{"damage":17,"enemies":"Gremlin Gang","floor":8,"turns":4},{"damage":33,"enemies":"Hexaghost","floor":16,"turns":9},{"damage":34,"enemies":"Spheric Guardian","floor":18,"turns":5},{"damage":31,"enemies":"Chosen","floor":22,"turns":6}],"seed_played":"-5346411812997938832","potions_obtained":[{"floor":1,"key":"Ancient Potion"},{"floor":16,"key":"Regen Potion"}],"is_trial":false,"path_per_floor":["M","M","$","?","M","E","R","M","T","?","R","?","?","$","R","B",null,"M","?","$","?","M"],"character_chosen":"THE_CURSED","items_purchased":["TheCursedMod:SpitefulPray","TheCursedMod:VitalStrike","TheCursedMod:FleshFromBone"],"campfire_rested":1,"item_purchase_floors":[3,14,14],"current_hp_per_floor":[64,64,64,64,64,36,36,19,19,19,40,40,40,40,40,7,55,23,23,23,23,9,9],"gold":255,"neow_bonus":"THREE_ENEMY_KILL","is_daily":false,"chose_seed":false,"campfire_upgraded":2,"win_rate":0.0,"timestamp":1612095187,"path_taken":["M","M","?","?","?","E","R","M","T","?","R","?","?","?","R","BOSS","M","?","?","?","M"],"items_purchased_type":["Card","Card","Card"],"build_version":"2020-12-22","purchased_purges":0,"victory":false,"max_hp_per_floor":[71,71,71,71,71,71,71,71,71,71,71,71,71,71,71,71,71,73,73,73,73,75,75],"relic_stats":{"Happy Flower":[6],"counters":[8,31],"Letter Opener":[15],"obtain_stats":[{"TheCursedMod:BlackMagic101":0,"hubris:Icosahedron":10,"NeowsBlessing":0,"Happy Flower":9,"Letter Opener":6,"StuffTheSpire:RedRose":13,"aspiration:BardSkillbook":17},{"TheCursedMod:BlackMagic101":0,"hubris:Icosahedron":5,"NeowsBlessing":0,"Happy Flower":5,"Letter Opener":4,"StuffTheSpire:RedRose":5,"aspiration:BardSkillbook":6},{"TheCursedMod:BlackMagic101":0,"hubris:Icosahedron":11,"NeowsBlessing":0,"Happy Flower":11,"Letter Opener":7,"StuffTheSpire:RedRose":11,"aspiration:BardSkillbook":20}]},"card_choices":[{"not_picked":["TheCursedMod:CursedAmulet","TheCursedMod:Stretching"],"picked":"TheCursedMod:Stigma","floor":1},{"not_picked":["TheCursedMod:CircleOfWindfury","TheCursedMod:FuryStrike"],"picked":"TheCursedMod:Stigma","floor":2},{"not_picked":["TheCursedMod:WearCloak","TheCursedMod:HellfireBreathing"],"picked":"TheCursedMod:CursedBlade","floor":5},{"not_picked":["TheCursedMod:RapidMovement","TheCursedMod:Obscuration"],"picked":"TheCursedMod:Mangle","floor":6},{"not_picked":["TheCursedMod:RapidMovement","TheCursedMod:BloodBarrier"],"picked":"TheCursedMod:SmokeScreen","floor":8},{"not_picked":["TheCursedMod:StunningStrike","TheCursedMod:ManaCirculation"],"picked":"TheCursedMod:AntiAging","floor":16},{"not_picked":["TheCursedMod:SurpriseAttack","bard:StudiedStrike+1","TheCursedMod:Obscuration"],"picked":"bard:Blink","floor":18}],"player_experience":1167212,"relics_obtained":[{"floor":6,"key":"Letter Opener"},{"floor":9,"key":"Happy Flower"}],"event_choices":[{"cards_removed":["TheCursedMod:Strike_TheCursed"],"damage_healed":0,"gold_gain":0,"player_choice":"Purged","damage_taken":0,"max_hp_gain":0,"max_hp_loss":0,"event_name":"Purifier","floor":4,"gold_loss":0},{"damage_healed":40,"gold_gain":0,"player_choice":"Embrace Burn","damage_taken":0,"max_hp_gain":0,"max_hp_loss":71,"event_name":"betterThird:BetterShining","floor":12,"gold_loss":0},{"damage_healed":0,"gold_gain":0,"player_choice":"Copied","damage_taken":0,"max_hp_gain":0,"max_hp_loss":0,"event_name":"Duplicator","floor":19,"gold_loss":0,"cards_obtained":["TheCursedMod:AntiAging"]},{"damage_healed":0,"gold_gain":250,"player_choice":"Bet on Owner","damage_taken":0,"max_hp_gain":0,"max_hp_loss":0,"event_name":"The Joust","floor":21,"gold_loss":50}],"is_beta":false,"boss_relics":[{"not_picked":["StuffTheSpire:RunicConfusion","hubris:Backtick"],"picked":"aspiration:BardSkillbook"}],"items_purged_floors":[],"is_endless":false,"potions_floor_spawned":[1,16],"killed_by":"Chosen","ascension_level":20}}