{"host":"1pkwkj8mkn7raipg","time":1612085262,"event":{"mods":["BaseMod","LagranYue(拉格朗・月)","Minty Spire (QoL Compilation)","Replay The Spire","StSLib","TestMod"],"gold_per_floor":[113,513,513,533,115,115,150,150,150,161,178,178,197,1,1,1,1],"floor_reached":16,"language":"ZHS","playtime":517,"items_purged":["Hallucinations"],"score":195,"play_id":"fa2967eb-c3ce-4004-9e8c-b4896085d082","local_time":"20210131172742","is_ascension_mode":true,"campfire_choices":[{"data":"Reaper","floor":6,"key":"SMITH"},{"data":"Thunderclap","floor":8,"key":"SMITH"},{"data":"ReplayTheSpireMod:Strike From Hell","floor":12,"key":"SMITH"},{"data":"Sentinel","floor":15,"key":"SMITH"}],"circlet_count":0,"master_deck":["AscendersBane","Strike_R","Strike_R","Strike_R","Strike_R","Strike_R","Defend_R","Defend_R","Defend_R","Defend_R","Bash","Reaper+1","Thunderclap+1","ReplayTheSpireMod:Strike From Hell+1","Sentinel+1","Hemokinesis+1"],"relics":["Burning Blood","LagranYue:RandomDrawCardRelic","testmod-TimeTraveler","Ring of Hypnosis","Ring of Peace","Prayer Wheel","Replay:Ringing Soul","Pet Ghost","Membership Card"],"acts_visited":["Exordium"],"potions_floor_usage":[16],"damage_taken":[{"damage":13,"enemies":"Small Slimes","floor":1,"turns":4},{"damage":0,"enemies":"2 Louse","floor":4,"turns":3},{"damage":29,"enemies":"Lagavulin","floor":7,"turns":8},{"damage":0,"enemies":"Jaw Worm","floor":10,"turns":4},{"damage":7,"enemies":"Large Slime","floor":11,"turns":7},{"damage":0,"enemies":"Exordium Wildlife","floor":13,"turns":5},{"damage":37,"enemies":"Hexaghost","floor":16,"turns":5}],"seed_played":"6536481082635293274","potions_obtained":[{"floor":1,"key":"Energy Potion"},{"floor":7,"key":"FearPotion"}],"is_trial":false,"path_per_floor":["M","?","?","M","$","R","E","R","T","M","M","R","M","$","R","B"],"character_chosen":"IRONCLAD","items_purchased":["Prayer Wheel","Membership Card","Hemokinesis+1"],"campfire_rested":0,"item_purchase_floors":[5,14,14],"current_hp_per_floor":[67,67,67,75,75,75,52,52,52,66,70,70,78,81,81,44,44],"gold":1,"neow_bonus":"ONE_RANDOM_RARE_CARD","is_daily":false,"chose_seed":false,"campfire_upgraded":4,"win_rate":0.0,"timestamp":1612085262,"path_taken":["M","?","?","M","$","R","E","R","T","M","M","R","M","$","R","BOSS"],"items_purchased_type":["Relic","Relic","Card"],"build_version":"2020-12-22","purchased_purges":1,"victory":false,"max_hp_per_floor":[75,75,75,75,75,75,75,75,75,78,78,78,78,81,81,81,81],"card_choices":[{"not_picked":["Disarm","Pommel Strike"],"picked":"Thunderclap","floor":1},{"not_picked":["Pummel","Rupture"],"picked":"ReplayTheSpireMod:Strike From Hell","floor":4},{"not_picked":["Havoc","Run Through","Clothesline"],"picked":"SKIP","floor":7},{"not_picked":["Body Slam","Clash"],"picked":"Sentinel","floor":10},{"not_picked":["Pommel Strike","Clothesline","Life Link"],"picked":"SKIP","floor":10},{"not_picked":["Warcry","Searing Blow","Life Link"],"picked":"SKIP","floor":11},{"not_picked":["Brutality","Clash","Fire Breathing"],"picked":"SKIP","floor":11},{"not_picked":["Headbutt","Wild Strike","Hemokinesis"],"picked":"SKIP","floor":13},{"not_picked":["Flame Barrier","Flex","Body Slam"],"picked":"SKIP","floor":13}],"player_experience":394684,"relics_obtained":[{"floor":3,"key":"Ring of Hypnosis"},{"floor":3,"key":"Ring of Peace"},{"floor":7,"key":"Replay:Ringing Soul"},{"floor":9,"key":"Pet Ghost"}],"event_choices":[{"damage_healed":0,"gold_gain":400,"player_choice":"Sell","damage_taken":0,"max_hp_gain":0,"max_hp_loss":0,"event_name":"恩洛斯的盘子","floor":2,"relics_lost":["testmod-TestBox"],"gold_loss":0}],"is_beta":false,"boss_relics":[],"items_purged_floors":[5],"is_endless":false,"potions_floor_spawned":[1,7,10],"killed_by":"Hexaghost","ascension_level":19}}