{"host":"bxdue9bkfm2khp2x","time":1612104704,"event":{"mods":["ATMod(阿瑾Mod)","Arknights","Aspiration","BaseMod","Better Vampires","Challenge The Spire","Colored Map","Colored Powertips","Conspire","Decade(王小明)","Dota2Spire","Highlight Path","Minty Spire (QoL Compilation)","MostiFishMod","Remilia（蕾米莉亚）","Replay The Spire","RumiaBox-露米娅的神秘盒子","Ryuuou龙王","Spicy Shops","StSLib","Td1madao Mod","The Alterego","The Bug Knight","The Cursed","The Servant 0.9.4","WarShipGirlsR/战舰少女R mod","noobMod","【功能Mod】混沌之环修复补丁","【遗物卡牌】REMEMod","篝火指南"],"gold_per_floor":[116,116,127,146,146,146,71,102,174,174,206,206,106,106,106,202,202,243,293,330,366,430,430,489,574,574,574,617,683,257,300,2,101,101,245,245,19,105,149,149,235,353,353,353,353,403,403,542,395,445],"floor_reached":51,"language":"ZHS","playtime":6466,"items_purged":["rmod:defend","rmod:strick","rmod:strick","rmod:strick","rmod:defend","rmod:defend"],"score":1263,"play_id":"5bfd6c72-8d13-4dd5-838c-551b0a95aaed","local_time":"20210131225144","is_ascension_mode":true,"campfire_choices":[{"data":"rmod:basicallowance","floor":6.0,"key":"SMITH"},{"data":"rmod:overbreakdown","floor":10.0,"key":"SMITH"},{"data":"rmod:maingunfire","floor":15.0,"key":"SMITH"},{"data":"rmod:mineteam","floor":23.0,"key":"SMITH"},{"data":"rmod:seals","floor":27.0,"key":"SMITH"},{"data":"rmod:expedition+2","floor":40.0,"key":"SMITH"},{"data":"rmod:gendarmerie","floor":44.0,"key":"SMITH"}],"circlet_count":0,"master_deck":["AscendersBane","rmod:defend+1","rmod:basicallowance+1","rmod:maingunfire+1","AT_Desolate+1","REME_ShadowForm+1","rmod:overbreakdown+1","rmod:diaomin+1","rmod:seals+1","rmod:firesupport+1","rmod:mineteam+1","rmod:highspeedmaneuver+1","rmod:expedition+3","rmod:gendarmerie+1","Pot Of Greed","Pot Of Greed"],"relics":["rmod:firstchargereward","DaveBox","REME_ComplimentaryCards","ice","AT_ATBox","ScarletDevilRocket","SynthV:TestCard","AT_SilvercatRing","AT_MibuBalloonWealth","conspire:SpecialSausage","ZombieArmy","Frozen Egg 2","Dota2Spire:PowerTreads","Dota2Spire:PhaseBoots","Membership Card","AT_SunfireAegis","AT_RabadonDeathcap","conspire:DeflatedDodgeball","Lee\u0027s Waffle","Grinning Jar"],"acts_visited":["Exordium","TheCity","TheBeyond"],"potions_floor_usage":[48,50],"damage_taken":[{"damage":7.0,"enemies":"Small Slimes","floor":1.0,"turns":4.0},{"damage":1.0,"enemies":"2 Louse","floor":3.0,"turns":4.0},{"damage":5.0,"enemies":"Jaw Worm","floor":4.0,"turns":3.0},{"damage":45.0,"enemies":"3 Sentries","floor":8.0,"turns":14.0},{"damage":24.0,"enemies":"Gremlin Nob","floor":11.0,"turns":4.0},{"damage":8.0,"enemies":"Hexaghost","floor":16.0,"turns":10.0},{"damage":21.0,"enemies":"Chosen","floor":18.0,"turns":6.0},{"damage":26.0,"enemies":"Shell Parasite","floor":20.0,"turns":4.0},{"damage":5.0,"enemies":"Snecko","floor":21.0,"turns":4.0},{"damage":2.0,"enemies":"Cultist and Chosen","floor":22.0,"turns":6.0},{"damage":16.0,"enemies":"Gremlin Leader","floor":24.0,"turns":5.0},{"damage":20.0,"enemies":"3 Cultists","floor":25.0,"turns":4.0},{"damage":0.0,"enemies":"Snecko","floor":28.0,"turns":2.0},{"damage":14.0,"enemies":"Centurion and Healer","floor":29.0,"turns":4.0},{"damage":0.0,"enemies":"Snake Plant","floor":31.0,"turns":3.0},{"damage":0.0,"enemies":"Champ","floor":33.0,"turns":4.0},{"damage":0.0,"enemies":"3 Darklings","floor":35.0,"turns":4.0},{"damage":22.0,"enemies":"3 Shapes","floor":38.0,"turns":5.0},{"damage":11.0,"enemies":"Transient","floor":39.0,"turns":5.0},{"damage":11.0,"enemies":"Jaw Worm Horde","floor":41.0,"turns":4.0},{"damage":0.0,"enemies":"4 Shapes","floor":42.0,"turns":5.0},{"damage":0.0,"enemies":"Mind Bloom Boss Battle","floor":46.0,"turns":4.0},{"damage":0,"enemies":"3 Darklings","floor":48,"turns":4},{"damage":46,"enemies":"Donu and Deca","floor":50,"turns":7}],"seed_played":"-2850194396536134864","potions_obtained":[{"floor":1.0,"key":"Milkshake"},{"floor":3.0,"key":"Dexterity Potion"},{"floor":8.0,"key":"BlessingOfTheForge"},{"floor":11.0,"key":"Strength Potion"},{"floor":16.0,"key":"ColorlessPotion"},{"floor":20.0,"key":"Swift Potion"},{"floor":29.0,"key":"Ancient Potion"},{"floor":39.0,"key":"Adrenaline Potion"}],"is_trial":false,"path_per_floor":["M","?","M","M","?","R","$","E","T","R","E","?","$","?","R","B",null,"M","?","M","M","M","R","E","M","T","R","M","M","$","M","R","B",null,"M","?","$","M","M","R","M","M","T","R","?","?","T","M","R","B",null],"character_chosen":"PRAEFECT","items_purchased":["Dota2Spire:PowerTreads","Dota2Spire:PhaseBoots","Membership Card","rmod:expedition+1","Lee\u0027s Waffle","Grinning Jar"],"campfire_rested":0,"item_purchase_floors":[30,30,32,37,49,49],"current_hp_per_floor":[56,52,51,46,46,46,46,1,1,1,46,46,46,46,46,38,77,56,56,30,25,23,23,114,94,94,94,94,80,80,80,80,80,120,120,120,120,98,87,87,76,76,76,76,76,76,76,76,169,123],"gold":445,"neow_bonus":"RANDOM_COMMON_RELIC","is_daily":false,"chose_seed":false,"campfire_upgraded":7,"win_rate":0.0,"timestamp":1612104704,"path_taken":["M","?","M","M","?","R","$","E","T","R","E","?","$","?","R","BOSS","M","?","M","?","M","R","E","M","T","R","M","M","$","M","R","BOSS","M","?","$","M","M","R","M","M","T","R","?","?","?","?","R","BOSS"],"items_purchased_type":["Relic","Relic","Relic","Card","Relic","Relic"],"build_version":"2020-12-22","purchased_purges":6,"victory":true,"max_hp_per_floor":[70,70,70,70,70,70,70,70,70,70,71,71,71,71,71,90,90,96,96,101,103,108,108,121,126,126,126,126,128,128,131,131,133,133,138,138,138,143,146,146,151,155,155,155,155,162,162,162,169,169],"card_choices":[{"not_picked":["rmod:luckystar","rmod:intelligenceanalysis"],"picked":"rmod:overbreakdown","floor":1.0},{"not_picked":["rmod:ammunitionsupply","rmod:fuelsupply","rmod:aluminumsupply","rmod:circuitoustactics","rmod:steelsupply"],"picked":"SKIP","floor":3.0},{"not_picked":["rmod:openingtorpedo","rmod:supportaircraftcarrier","rmod:garrisonisland","rmod:diamondstrike","rmod:wolves"],"picked":"SKIP","floor":4.0},{"not_picked":["rmod:ring","rmod:auspiciousomen","rmod:fletcherpendant","rmod:punchline","rmod:victimresponsibility"],"picked":"SKIP","floor":8.0},{"not_picked":["rmod:steelsupply","rmod:aviationdawn","rmod:auspiciousomen","rmod:luckystar"],"picked":"rmod:diaomin","floor":11.0},{"not_picked":["rmod:lastglory","rmod:windflower","rmod:highspeedmaneuver","rmod:timeschanged"],"picked":"rmod:seals","floor":16.0},{"not_picked":["rmod:salvage","rmod:bulid","rmod:luckystar","rmod:victimresponsibility"],"picked":"rmod:firesupport","floor":18.0},{"not_picked":["rmod:wolves","rmod:fletcherpendant+1","rmod:generalist","rmod:luckystar"],"picked":"rmod:mineteam","floor":20.0},{"not_picked":["rmod:openingtorpedo+1","rmod:highspeedshooting","rmod:steelsupply","rmod:victimresponsibility","rmod:spoils+1"],"picked":"SKIP","floor":21.0},{"not_picked":["rmod:chargemoney","rmod:wolves","rmod:salvage","rmod:circuitoustactics+1","rmod:advancebysurprise"],"picked":"SKIP","floor":22.0},{"not_picked":["rmod:diamondstrike","rmod:robin","rmod:royalracing","rmod:goodsister","rmod:victimresponsibility"],"picked":"SKIP","floor":24.0},{"not_picked":["rmod:spoils","rmod:tearstotiara+1","rmod:aviationdawn","rmod:generalist","rmod:seals"],"picked":"SKIP","floor":25.0},{"not_picked":["rmod:luckystar","rmod:aviationdawn","rmod:victimresponsibility","rmod:gendarmerie","rmod:steelsupply"],"picked":"SKIP","floor":28.0},{"not_picked":["rmod:steelsupply","rmod:u235","rmod:aviationdawn","rmod:heivgo+1","rmod:tearstotiara"],"picked":"SKIP","floor":29.0},{"not_picked":["rmod:wife","rmod:intelligenceanalysis","rmod:supportescort","rmod:shuttlebombing","rmod:advancebysurprise"],"picked":"SKIP","floor":31.0},{"not_picked":["rmod:stealaluminum+1","rmod:seals+1","rmod:u235","rmod:expeditionaryescort+1"],"picked":"rmod:highspeedmaneuver","floor":33.0},{"not_picked":["rmod:unsinkable+1","rmod:firesupport","rmod:garrisonisland","rmod:aviationdawn+1","rmod:luckystar"],"picked":"SKIP","floor":35.0},{"not_picked":["rmod:goodfighter+1","rmod:steelsupply+1","rmod:guardianhero","rmod:diaomin","rmod:luckystar"],"picked":"SKIP","floor":38.0},{"not_picked":["rmod:generalist","rmod:supportescort","rmod:steelsupply","rmod:rockthrower","rmod:aviationdawn"],"picked":"SKIP","floor":39.0},{"not_picked":["rmod:highspeedmaneuver","rmod:wasp+1","rmod:aviationdawn","rmod:overbreakdown"],"picked":"rmod:gendarmerie","floor":41.0},{"not_picked":["rmod:circuitoustactics","rmod:spoils","rmod:highspeedshooting","rmod:steelsupply","rmod:launchingtorpedo"],"picked":"SKIP","floor":42.0},{"not_picked":["rmod:supportescort","rmod:combined","rmod:fletcherpendant","rmod:launchingtorpedo+1","rmod:fuelsupply"],"picked":"SKIP","floor":48}],"player_experience":1379028,"relics_obtained":[{"floor":1.0,"key":"SynthV:TestCard"},{"floor":8.0,"key":"Bronze Scales"},{"floor":9.0,"key":"AT_SilvercatRing"},{"floor":11.0,"key":"AT_MibuBalloonWealth"},{"floor":24.0,"key":"ZombieArmy"},{"floor":26.0,"key":"Frozen Egg 2"},{"floor":43.0,"key":"AT_SunfireAegis"},{"floor":46.0,"key":"AT_RabadonDeathcap"},{"floor":47.0,"key":"conspire:DeflatedDodgeball"}],"event_choices":[{"damage_healed":0.0,"max_hp_gain":0.0,"max_hp_loss":0.0,"gold_gain":0.0,"event_name":"conspire:Investor","player_choice":"Leave","floor":2.0,"gold_loss":0.0,"damage_taken":0.0},{"cards_removed":["rmod:strick"],"damage_healed":0.0,"max_hp_gain":0.0,"max_hp_loss":0.0,"gold_gain":0.0,"event_name":"Living Wall","player_choice":"Forget","floor":5.0,"gold_loss":0.0,"damage_taken":0.0},{"damage_healed":0.0,"max_hp_gain":0.0,"max_hp_loss":0.0,"gold_gain":0.0,"event_name":"Golden Idol","player_choice":"Ignored","floor":14.0,"gold_loss":0.0,"damage_taken":0.0},{"damage_healed":0.0,"max_hp_gain":0.0,"max_hp_loss":0.0,"gold_gain":50.0,"event_name":"Golden Shrine","player_choice":"Pray","floor":19.0,"gold_loss":0.0,"damage_taken":0.0},{"damage_healed":0.0,"max_hp_gain":0.0,"max_hp_loss":0.0,"gold_gain":0.0,"event_name":"The Moai Head","player_choice":"Ignored","floor":45.0,"gold_loss":0.0,"damage_taken":0.0},{"damage_healed":0.0,"max_hp_gain":0.0,"max_hp_loss":0.0,"gold_gain":0.0,"event_name":"MindBloom","player_choice":"Fight","floor":46.0,"gold_loss":0.0,"damage_taken":0.0}],"is_beta":false,"boss_relics":[{"not_picked":["aspiration:DefectSkillbook","Painkiller Herb"],"picked":"conspire:SpecialSausage"},{"not_picked":["aspiration:IroncladSkillbook","EE1DDrone","TimeKeys"]}],"items_purged_floors":[7,13,30,32,37,37],"is_endless":false,"potions_floor_spawned":[1,3,8,11,16,20,21,29,33,39,41,42,46],"ascension_level":15}}