{"host":"54jr43vd79817238","time":1612111995,"event":{"mods":["100% Spire Juice","ATMod(°¢èªMod)","Act Like it!","Arknights","Aspiration","BaseMod","CapriCore","Dota2Spire","Friendly Minions","Gensokyo","Hallownest","Hermit","Jedi Mod","KomeijiMod","Lobotomy","LobotomyExtend","Marisa£¨ìFÓê¡¡Ä§ÀíÉ³£©","Minty Spire (QoL Compilation)","MostiFishMod","Quarter Circle Forward PUNCH!","Reliquary","Replay The Spire","Robot Space Explorer","RumiaBox-Â¶Ã×æ«µÄÉñÃØºÐ×Ó","Slay the StarCraft II Mod","Spicy Shops","StSLib","TestMod","The Blackbeard","The Dragon Tamer","WarShipGirlsR/Õ½½¢ÉÙÅ®R mod","Yakumo Yukari mod","Youmu£¨»êÆÇÑýÃÎ£©","Yuyuko","[IsaacMod]ÒÔÈö¼âËþ","¡¾ÒÅÎï¿¨ÅÆ¡¿REMEMod"],"gold_per_floor":[115,126,43,56,66,66,66,84,84,114,114,114,114,132,132,229,229,242,242,259,275,295,295,219,232,304,347,358,80,80,95,95,202,202,222,222,244,86,104,141,141,141,141,141,141,141,14,31,51,70,70,74,74,74,74,1,31,51,51],"floor_reached":58,"language":"ZHS","playtime":2017,"items_purged":["ReplayTheSpireMod:Doomed"],"score":843,"play_id":"db4fb41f-9626-4b5c-938b-a6489b8ee98d","local_time":"20210201005315","is_ascension_mode":false,"campfire_choices":[{"floor":7,"key":"RECALL"},{"data":"Armaments","floor":11,"key":"SMITH"},{"data":"MostiFishMod:PerfectStrikeMKII","floor":13,"key":"SMITH"},{"data":"ReplayTheSpireMod:LeadingStrike","floor":15,"key":"SMITH"},{"data":"ReplayTheSpireMod:LeadingStrike","floor":23,"key":"SMITH"},{"data":"ReplayTheSpireMod:Strike From Hell","floor":30,"key":"SMITH"},{"data":"ReplayTheSpireMod:LeadingStrike","floor":32,"key":"SMITH"},{"data":"1","floor":41,"key":"LIFT"},{"data":"2","floor":46,"key":"LIFT"},{"data":"3","floor":51,"key":"LIFT"},{"data":"Pommel Strike","floor":55,"key":"SMITH"}],"circlet_count":0,"master_deck":["Strike_R","Strike_R","Strike_R","Strike_R","Strike_R","Defend_R","Defend_R","Defend_R","Defend_R","Bash+1","Pommel Strike","DevaForm+1","AT_Desolate+1","Perfected Strike+1","MostiFishMod:UltimateDefense+1","Armaments+1","ReplayTheSpireMod:Strike From Hell+1","MostiFishMod:PerfectStrikeMKII+1","ReplayTheSpireMod:LeadingStrike+1","MostiFishMod:RainCloud+1","MostiFishMod:#F4004+1","Warcry","Pommel Strike+1","ReplayTheSpireMod:LeadingStrike+1","jedi:collectorstrike+1","ReplayTheSpireMod:LeadingStrike+1","Pommel Strike","Twin Strike+1"],"relics":["Burning Blood","DaveBox","AT_ATBox","testmod-TestBox","REME_ComplimentaryCards","HushsDoor","GuppysTail","testmod-HeartOfStrike","Membership Card","SynthV:TestCard","Strawberry","DoctorsRemote","testmod-DeterminationOfClimber","ReplayTheSpireMod:CursedCoin","AT_SilvercatRing","Void","jedi:purplefairy","reliquary:HotPoker","Kunai","RhineSuit","Guide Book","Girya","GodSword3","PunchingBag","LastBattle","reliquary:RosewoodLute","Replay:Wax Seal"],"acts_visited":["Gensokyo:Gensokyo","Gensokyo:Gensokyoer","Gensokyo:Gensokyoest","TheEnding"],"potions_floor_usage":[10,10,33,58,58,58],"damage_taken":[{"damage":0,"enemies":"Gensokyo:3_Fairies","floor":1,"turns":3},{"damage":0,"enemies":"Gensokyo:Python","floor":2,"turns":3},{"damage":0,"enemies":"Gensokyo:Gryphon","floor":4,"turns":1},{"damage":2,"enemies":"Gensokyo:2_Rabbits","floor":5,"turns":3},{"damage":24,"enemies":"Gensokyo:5_Fairies","floor":8,"turns":6},{"damage":0,"enemies":"Gensokyo:Aya","floor":10,"turns":2},{"damage":0,"enemies":"Gensokyo:Python_and_Kodama","floor":14,"turns":2},{"damage":0,"enemies":"Gensokyo:Reimu","floor":16,"turns":4},{"damage":0,"enemies":"Gensokyo:Chomper","floor":18,"turns":2},{"damage":0,"enemies":"Gensokyo:AngelMirror","floor":20,"turns":1},{"damage":0,"enemies":"Gensokyo:Slime_Group","floor":21,"turns":1},{"damage":12,"enemies":"Gensokyo:Swordslinger","floor":22,"turns":2},{"damage":0,"enemies":"Gensokyo:Monolith_and_Dog","floor":25,"turns":1},{"damage":0,"enemies":"Gensokyo:Chomper_and_Gloop","floor":28,"turns":2},{"damage":0,"enemies":"Gensokyo:Wraith","floor":31,"turns":1},{"damage":24,"enemies":"Gensokyo:Eiki","floor":33,"turns":4},{"damage":20,"enemies":"Gensokyo:3_Boulders","floor":35,"turns":4},{"damage":0,"enemies":"Gensokyo:AncientGuardian","floor":37,"turns":2},{"damage":2,"enemies":"Gensokyo:3_Boulders","floor":39,"turns":3},{"damage":13,"enemies":"Gensokyo:Kasen","floor":40,"turns":3},{"damage":0,"enemies":"Gensokyo:SeedOfUnknown","floor":48,"turns":2},{"damage":0,"enemies":"Gensokyo:Rafflesia","floor":49,"turns":2},{"damage":0,"enemies":"Gensokyo:Sharpion","floor":50,"turns":1},{"damage":20,"enemies":"Gensokyo:Yuyuko","floor":52,"turns":3},{"damage":0,"enemies":"Shield and Spear","floor":57,"turns":3},{"damage":123,"enemies":"LittleHush","floor":58,"turns":11}],"seed_played":"8777102267831440069","potions_obtained":[{"floor":2,"key":"Dexterity Potion"},{"floor":8,"key":"jedi:StrikingPotion"},{"floor":14,"key":"LiquidBronze"},{"floor":18,"key":"BloodPotion"},{"floor":22,"key":"SteroidPotion"},{"floor":39,"key":"jedi:tentaclejuice"}],"is_trial":false,"path_per_floor":["M","M","COS","M","M","?","R","M","T","E","R","?","R","M","R","B",null,"M","?","M","M","M","R","COS","M","T","?","M","$","R","M","R","B",null,"M","?","M","COS","M","E","R","?","PTL","PTL","T","R","$","M","M","M","R","B",null,null,"R","$","E","B"],"character_chosen":"IRONCLAD","items_purchased":["reliquary:HotPoker","Kunai","LastBattle","reliquary:RosewoodLute"],"campfire_rested":0,"item_purchase_floors":[29,29,47,56],"current_hp_per_floor":[80,80,80,80,80,77,77,59,59,65,65,65,65,71,71,77,87,87,87,87,87,83,83,83,87,87,53,62,62,72,79,84,74,87,76,76,85,85,87,83,83,83,83,83,83,83,83,87,87,87,87,87,87,87,87,87,87,0,0],"gold":51,"neow_bonus":"THREE_CARDS","is_daily":false,"chose_seed":false,"campfire_upgraded":7,"win_rate":0.0,"timestamp":1612111995,"path_taken":["M","M","COS","M","M","?","R","M","T","E","R","?","R","?","R","BOSS","M","?","M","M","?","R","COS","M","T","?","M","$","R","M","R","BOSS","M","?","M","COS","M","E","R","?","PTL","PTL","T","R","$","M","M","M","R","BOSS","R","$","E","BOSS"],"items_purchased_type":["Relic","Relic","Relic","Relic"],"build_version":"2020-12-22","purchased_purges":1,"victory":false,"max_hp_per_floor":[80,80,80,80,80,87,87,87,87,87,87,87,87,87,87,87,87,87,87,87,87,87,87,87,87,87,87,87,87,87,87,87,87,87,87,87,87,87,87,87,87,87,87,87,87,87,87,87,87,87,87,87,87,87,87,87,87,87,87],"card_choices":[{"not_picked":["Thunderclap","Heavy Blade"],"picked":"Pommel Strike","floor":0},{"not_picked":["REME_FearOfPain","jedi:controlledanger"],"picked":"Perfected Strike","floor":1},{"not_picked":["Sword Boomerang","Thunderclap","Anger","Flex"],"picked":"MostiFishMod:UltimateDefense","floor":2},{"not_picked":["Clash","Flame Barrier","Replay:Undeath\u0027s Touch","Searing Blow"],"picked":"Armaments","floor":4},{"not_picked":["AT_DiedThrough","Cleave","ReplayTheSpireMod:Limb From Limb","Blood for Blood","True Grit"],"picked":"SKIP","floor":5},{"not_picked":["Headbutt","AT_CaressingTears","Battle Trance","Warcry"],"picked":"ReplayTheSpireMod:Strike From Hell","floor":8},{"not_picked":["AT_BodySlamDance","Twin Strike","Run Through","Searing Blow"],"picked":"MostiFishMod:PerfectStrikeMKII","floor":10},{"not_picked":["REME_SingleHolding","Anger","Blood for Blood","Perfected Strike"],"picked":"ReplayTheSpireMod:LeadingStrike","floor":14},{"not_picked":["Feed","MostiFishMod:Chiaki","MostiFishMod:TemporaryOutbreak","MostiFishMod:UltimateDefense"],"picked":"MostiFishMod:RainCloud","floor":16},{"not_picked":["Shrug It Off","Iron Wave+1","ReplayTheSpireMod:Strike From Hell+1","Defy Death"],"picked":"MostiFishMod:#F4004","floor":18},{"not_picked":["AT_DrawKnifeCut","Run Through","Wild Strike","ReplayReversal"],"picked":"Warcry","floor":20},{"not_picked":["ReplayTheSpireMod:Strike From Hell+1","Bloodletting","Iron Wave+1","jedi:fear"],"picked":"Pommel Strike","floor":21},{"not_picked":["Carnage","Rampage+1","Whirlwind","AT_BodySlamDance"],"picked":"ReplayTheSpireMod:LeadingStrike","floor":22},{"not_picked":["Clothesline","AT_IchimonjiDouble","Thunderclap+1","Spot Weakness"],"picked":"jedi:collectorstrike+1","floor":25},{"not_picked":["Run Through","Evolve","AT_IchimonjiDouble+1","Headbutt"],"picked":"jedi:collectorstrike","floor":27},{"not_picked":["jedi:fear","Run Through","Headbutt+1","Anger","Replay:Undeath\u0027s Touch+1"],"picked":"SKIP","floor":28},{"not_picked":["Cleave","AT_DrawKnifeCut+1","AT_BodySlamDance","Demonic Infusion"],"picked":"ReplayTheSpireMod:LeadingStrike","floor":31},{"not_picked":["Reaper","Hemogenesis","MostiFishMod:UltimateDefense","MostiFishMod:HellRitual"],"picked":"jedi:collectorstrike+1","floor":33},{"not_picked":["Armaments","AT_IchimonjiDouble","AT_BodySlamDance","Havoc"],"picked":"Pommel Strike","floor":35},{"not_picked":["Sword Boomerang","True Grit","Iron Wave","Anger"],"picked":"jedi:collectorstrike+1","floor":37},{"not_picked":["Feed","Pummel","Burning Pact","Shrug It Off+1"],"picked":"jedi:collectorstrike+1","floor":39},{"not_picked":["jedi:collectorstrike+1","Demonic Infusion","Second Wind+1","AT_DrawKnifeCut+1"],"picked":"Twin Strike+1","floor":40},{"not_picked":["Shockwave+1","Havoc+1","Armaments+1","ReplayTheSpireMod:Stacked"],"picked":"jedi:collectorstrike+1","floor":48},{"not_picked":["Twin Strike","Replay:Undeath\u0027s Touch","jedi:fear","True Grit+1"],"picked":"jedi:collectorstrike+1","floor":49},{"not_picked":["Run Through+1","Power Through","Replay:Undeath\u0027s Touch+1","Entrench+1"],"picked":"jedi:collectorstrike+1","floor":50},{"not_picked":["ReplayTheSpireMod:Limb From Limb","Rampage+1","AT_IchimonjiDouble+1","Twin Strike+1"],"picked":"jedi:collectorstrike+1","floor":57}],"player_experience":269376,"relics_obtained":[{"floor":1,"key":"SynthV:TestCard"},{"floor":10,"key":"DoctorsRemote"},{"floor":26,"key":"AT_SilvercatRing"},{"floor":27,"key":"Void"},{"floor":40,"key":"GodSword3"},{"floor":45,"key":"PunchingBag"},{"floor":57,"key":"Replay:Wax Seal"}],"event_choices":[],"is_beta":false,"boss_relics":[{"not_picked":["testmod-Nine","HereWithMe"],"picked":"testmod-DeterminationOfClimber"},{"not_picked":[]},{"not_picked":["AT_TrinityForce","Tiny House"],"picked":"RhineSuit"},{"not_picked":[]}],"items_purged_floors":[29],"is_endless":false,"potions_floor_spawned":[2,8,14,18,22,25,28,39,48,49],"killed_by":"LittleHush","ascension_level":0}}