{"host":"g1qzxxy7a24sg3a3","time":1612070522,"event":{"mods":["ATMod(阿瑾Mod)","Act Like it!","Arknights","BaseMod","Custom Start","Gensokyo","GungeonMod","Hallownest","Lobotomy","LobotomyExtend","Luminous","Minty Spire (QoL Compilation)","MostiFishMod","Pale of the Ancients","Replay The Spire","SOS（斯巴达之子）","Shop Mod","Spicy Shops","StSLib","TestMod","The Administrix","The Bug Knight","Waifu the Spire","WarShipGirlsR/战舰少女R mod","【遗物卡牌】REMEMod"],"gold_per_floor":[122,122,122,160,177,233,233,282,350,381,154,154,154,154,154,203,203,302,302,332,332,73,96,82,82,82,82,108,144,99,166,132,153,153],"floor_reached":33,"language":"ZHS","playtime":1678,"items_purged":["NakedNest"],"score":384,"play_id":"56369ebe-b06a-46a4-bb2e-2a247c68f6bb","local_time":"20210131132202","is_ascension_mode":true,"campfire_choices":[{"floor":7,"key":"RECALL"},{"data":"Gunslinger","floor":17,"key":"SMITH"}],"circlet_count":0,"master_deck":["Attack_a","Shoot","Shoot","Provocation","Defend_Dante","Defend_Dante","Redorb","GalaxyChild","BigBadWolf","Doubleshoot","VoidDream","LaLuna","OldLady","BlackSwan","QueenBee","EbonyIvory","CrumblingArmor","Laetitia","Rudolta"],"relics":["SSS","Combocheck","AT_ATBox","DaveBox","testmod-TestBox","REME_ComplimentaryCards","testmod-CyclicPeriapt","BirthdayGift-Tetrahedron","CogitoBucket","SynthV:TestCard","LetterFromLob","AT_Manta","Replay:Bottled Steam","SynthV","LuminousBracelet","testmod-TimeTraveler","Bottled Flame","Strawberry","Ancient Tea Set","AspirationHeart","Blood Vial"],"acts_visited":["Exordium","Hallownest:CityofTears"],"potions_floor_usage":[10,10],"damage_taken":[{"damage":2,"enemies":"Small Slimes","floor":1,"turns":2},{"damage":4,"enemies":"Cultist","floor":4,"turns":3},{"damage":2,"enemies":"2 Louse","floor":5,"turns":2},{"damage":13,"enemies":"Gremlin Nob","floor":6,"turns":4},{"damage":6,"enemies":"Blue Slaver","floor":8,"turns":2},{"damage":4,"enemies":"Lagavulin","floor":10,"turns":3},{"damage":9,"enemies":"Red Slaver","floor":16,"turns":2},{"damage":16,"enemies":"Hexaghost","floor":18,"turns":5},{"damage":5,"enemies":"Hallownest:2_Mistakes","floor":20,"turns":3},{"damage":6,"enemies":"Hallownest:Guard_and_Sentry","floor":23,"turns":4},{"damage":8,"enemies":"Hallownest:2_Flukemon","floor":24,"turns":4},{"damage":20,"enemies":"Hallownest:eliteSoulWarrior","floor":25,"turns":4},{"damage":50,"enemies":"Hallownest:monsterShrumalOgre","floor":29,"turns":4},{"damage":60,"enemies":"Hallownest:Nosk","floor":31,"turns":4},{"damage":9,"enemies":"Hallownest:2_Husk_Sentries","floor":32,"turns":3},{"damage":40,"enemies":"Hallownest:2_Flukemon","floor":33,"turns":4}],"seed_played":"-2708902739991551106","potions_obtained":[{"floor":5,"key":"EntropicBrew"},{"floor":10,"key":"Flashbang"}],"is_trial":false,"path_per_floor":["M","?","?","M","M","E","R","M","T","E","$","PTL","PTL","$","M","M","R","B",null,"M","?","$","M","M","E","$","?","T","M","?","E","M","M"],"character_chosen":"DANTE","items_purchased":["SynthV","Bottled Flame"],"campfire_rested":0,"item_purchase_floors":[11,22],"current_hp_per_floor":[78,71,71,67,65,52,52,46,46,42,42,42,42,42,42,48,48,45,95,94,94,94,93,93,86,86,86,86,61,61,8,23,0,0],"gold":153,"neow_bonus":"","is_daily":false,"chose_seed":false,"campfire_upgraded":1,"win_rate":0.0,"timestamp":1612070522,"path_taken":["M","?","?","M","M","E","R","M","T","E","$","PTL","PTL","$","?","M","R","BOSS","M","?","$","M","M","E","$","?","T","M","?","E","M","M"],"items_purchased_type":["Relic","Relic"],"build_version":"2020-12-22","purchased_purges":1,"victory":false,"max_hp_per_floor":[80,80,80,80,80,80,80,80,80,80,80,80,80,80,80,95,95,95,95,95,95,95,95,95,102,102,102,102,112,112,112,112,112,112],"card_choices":[{"not_picked":["CrumblingArmor","LaLuna"],"picked":"GalaxyChild","floor":1},{"not_picked":["Holywater","Hightime"],"picked":"Pandora","floor":1},{"not_picked":["ShyLook","OSAHOGD"],"picked":"BigBadWolf","floor":4},{"not_picked":["LucifercomboB","Millionstab","Millionkick","Straight","LucifercomboA"],"picked":"SKIP","floor":4},{"not_picked":["Kick13","LucifercomboA","Shock","Millionstab"],"picked":"Doubleshoot","floor":5},{"not_picked":["Variant","VoidDream","Alriune"],"picked":"Singing Bowl","floor":5},{"not_picked":["MeatLantern","Murderer"],"picked":"VoidDream","floor":5},{"not_picked":["EbonyIvory","Honeycombofire","Weaponupgrade","Lucifer"],"picked":"Gunslinger","floor":6},{"not_picked":["FairyFestival","SpiderBud","PunishingBird"],"picked":"Singing Bowl","floor":6},{"not_picked":["MeatLantern","CrumblingArmor"],"picked":"LaLuna","floor":6},{"not_picked":["GreedKing","LongBird"],"picked":"NakedNest","floor":8},{"not_picked":["Hightime","Millionstab","Honeycombofire","Greenorb","LucifercomboB"],"picked":"SKIP","floor":8},{"not_picked":["Scorched","Wellcheers"],"picked":"OldLady","floor":10},{"not_picked":["Shock","Airhike","Millionstab","LucifercomboC","BeastUppercut"],"picked":"SKIP","floor":10},{"not_picked":["Shock","Airhike","Millionstab","LucifercomboC","BeastUppercut"],"picked":"SKIP","floor":10},{"not_picked":["BeautyBeast","MHz"],"picked":"BlackSwan","floor":16},{"not_picked":["Honeycombofire","Chargeshoot2","Chargeshoot","Whiteorb","Shock"],"picked":"SKIP","floor":16},{"not_picked":["Honeycombofire","Chargeshoot2","Chargeshoot","Whiteorb","Shock"],"picked":"SKIP","floor":16},{"not_picked":["ShyLook","Bloodbath"],"picked":"QueenBee","floor":18},{"not_picked":["Murderer","DreamingCurrent","HappyTeddy"],"picked":"Singing Bowl","floor":20},{"not_picked":["VitalstarS+1","Stinger","Splesh","Weaponupgrade","Doubleshoot"],"picked":"SKIP","floor":20},{"not_picked":["DespairKnight","Laetitia"],"picked":"CrumblingArmor","floor":23},{"not_picked":["Millionkick","Chargeshoot2","Swordmaster","Pandora","Gunslinger"],"picked":"SKIP","floor":23},{"not_picked":["Dash2","SSScard","Splesh","Dash1"],"picked":"EbonyIvory","floor":24},{"not_picked":["HeroicMonk","Laetitia"],"picked":"CrumblingArmor","floor":24},{"not_picked":["Yin","CherryBlossoms","UniverseFragment"],"picked":"Singing Bowl","floor":25},{"not_picked":["Bloodbath","BeautyBeast"],"picked":"Laetitia","floor":25},{"not_picked":["Darkslayer","Millionstab","Hightime","BeastUppercut","Lucifer"],"picked":"SKIP","floor":25},{"not_picked":["Darkslayer","Millionstab","Hightime","BeastUppercut","Lucifer"],"picked":"SKIP","floor":25},{"not_picked":["LittlePrince","DespairKnight","FieryBird"],"picked":"Singing Bowl","floor":29},{"not_picked":["Honeycombofire","Airhike+1","Unrisingdragon+1","Ecstasy","LucifercomboC"],"picked":"SKIP","floor":29},{"not_picked":["Holywater","DT","LucifercomboB+1","Shock","Greenorb"],"picked":"SKIP","floor":31},{"not_picked":["Yin","BeautyBeast"],"picked":"Rudolta","floor":32},{"not_picked":["LucifercomboB","Hightime","Rebellion","Millionstab+1","Kick13+1"],"picked":"SKIP","floor":32},{"not_picked":["LucifercomboB","Hightime","Rebellion","Millionstab+1","Kick13+1"],"picked":"SKIP","floor":32}],"player_experience":60782,"relics_obtained":[{"floor":1,"key":"SynthV:TestCard"},{"floor":1,"key":"LetterFromLob"},{"floor":6,"key":"AT_Manta"},{"floor":10,"key":"Replay:Bottled Steam"},{"floor":25,"key":"Strawberry"},{"floor":28,"key":"Ancient Tea Set"},{"floor":31,"key":"Blood Vial"}],"event_choices":[{"cards_removed":["Defend_Dante"],"damage_healed":0,"gold_gain":0,"player_choice":"Card Removal","damage_taken":7,"max_hp_gain":0,"max_hp_loss":0,"event_name":"Golden Wing","floor":2,"gold_loss":0},{"damage_healed":0,"gold_gain":0,"player_choice":"Cursed","damage_taken":0,"max_hp_gain":0,"max_hp_loss":0,"event_name":"Wheel of Change","floor":3,"gold_loss":0,"cards_obtained":["Decay"]}],"is_beta":false,"boss_relics":[{"not_picked":["REME_DemonsWealth","testmod-KeyOfTheVoid"],"picked":"testmod-TimeTraveler"}],"items_purged_floors":[11],"is_endless":false,"potions_floor_spawned":[5,8,10,18,24,25,31],"killed_by":"Hallownest:2_Flukemon","ascension_level":1}}