{"host":"31s8hzukbhz1k6i6","time":1612128854,"event":{"mods":["AchievementEnabler","BaseMod","Bestiary","Colored Map","Filter the Spire","Minty Spire (QoL Compilation)","Relic Stats","ojb\u0027s Info Mod"],"gold_per_floor":[118,118,130,280,295,295,194,228,228,228,253,253,286,361,361,434,434,449,449,364,289,301,333,333,344,344,374,237,269,22,49,49,124,124,140,140,30,45,62,62,94,140,140,140,173,198,130,155,155,155,155,155,155,19,53,53],"floor_reached":57,"language":"ENG","playtime":3851,"items_purged":["Doubt","Strike_G","Strike_G","Strike_G+1"],"score":3260,"play_id":"2d8b5fa1-dd0d-4722-943f-01f780d0cdc6","local_time":"20210131133414","is_ascension_mode":true,"campfire_choices":[{"data":"Dagger Spray","floor":6.0,"key":"SMITH"},{"data":"Bouncing Flask","floor":10.0,"key":"SMITH"},{"data":"Catalyst","floor":12.0,"key":"SMITH"},{"data":"Dash","floor":15.0,"key":"SMITH"},{"data":"Ghostly","floor":24.0,"key":"SMITH"},{"data":"Wraith Form v2","floor":32.0,"key":"SMITH"},{"data":"Catalyst","floor":40.0,"key":"SMITH"},{"data":"Well Laid Plans","floor":44.0,"key":"SMITH"},{"floor":49,"key":"RECALL"},{"data":"Ghostly","floor":53,"key":"SMITH"}],"circlet_count":0,"master_deck":["AscendersBane","Defend_G","Defend_G","Defend_G","Defend_G","Defend_G+1","Survivor","Neutralize+1","Bouncing Flask+1","Dagger Spray+1","Catalyst+1","Dash+1","Wraith Form v2+1","Ghostly+1","Ghostly","Ghostly+1","Cloak And Dagger+1","Calculated Gamble","Catalyst+1","Well Laid Plans+1","Acrobatics+1","Outmaneuver+1"],"relics":["Ring of the Snake","Dead Branch","Singing Bowl","PreservedInsect","Whetstone","White Beast Statue","Snecko Eye","Smiling Mask","Letter Opener","Ornamental Fan","Blue Candle","Meat on the Bone","Membership Card","Toy Ornithopter","Philosopher\u0027s Stone","Mummified Hand","Bird Faced Urn","MawBank","ClockworkSouvenir","Centennial Puzzle","Toolbox","Incense Burner"],"acts_visited":["Exordium","TheCity","TheBeyond","TheEnding"],"potions_floor_usage":[46,50],"damage_taken":[{"damage":1.0,"enemies":"2 Louse","floor":1.0,"turns":3.0},{"damage":8.0,"enemies":"Jaw Worm","floor":3.0,"turns":3.0},{"damage":9.0,"enemies":"Small Slimes","floor":5.0,"turns":4.0},{"damage":12.0,"enemies":"Lagavulin","floor":8.0,"turns":5.0},{"damage":5.0,"enemies":"3 Sentries","floor":11.0,"turns":3.0},{"damage":0.0,"enemies":"Gremlin Nob","floor":13.0,"turns":2.0},{"damage":0.0,"enemies":"Slime Boss","floor":16.0,"turns":5.0},{"damage":14.0,"enemies":"3 Byrds","floor":18.0,"turns":5.0},{"damage":0.0,"enemies":"Spheric Guardian","floor":22.0,"turns":2.0},{"damage":0.0,"enemies":"Slavers","floor":23.0,"turns":3.0},{"damage":11.0,"enemies":"Cultist and Chosen","floor":25.0,"turns":8.0},{"damage":1.0,"enemies":"Book of Stabbing","floor":27.0,"turns":3.0},{"damage":0.0,"enemies":"Slavers","floor":29.0,"turns":5.0},{"damage":0.0,"enemies":"Gremlin Leader","floor":31.0,"turns":4.0},{"damage":2.0,"enemies":"Champ","floor":33.0,"turns":12.0},{"damage":1.0,"enemies":"3 Shapes","floor":35.0,"turns":5.0},{"damage":1.0,"enemies":"3 Darklings","floor":38.0,"turns":3.0},{"damage":0.0,"enemies":"4 Shapes","floor":39.0,"turns":4.0},{"damage":39.0,"enemies":"Nemesis","floor":41.0,"turns":7.0},{"damage":0.0,"enemies":"2 Orb Walkers","floor":42.0,"turns":5.0},{"damage":0.0,"enemies":"Reptomancer","floor":45.0,"turns":3.0},{"damage":23,"enemies":"Transient","floor":46,"turns":6},{"damage":1,"enemies":"Nemesis","floor":48,"turns":3},{"damage":5,"enemies":"Time Eater","floor":50,"turns":7},{"damage":63,"enemies":"Donu and Deca","floor":51,"turns":13},{"damage":0,"enemies":"Shield and Spear","floor":55,"turns":5},{"damage":15,"enemies":"The Heart","floor":56,"turns":7}],"seed_played":"3582992700999167967","potions_obtained":[{"floor":1.0,"key":"Fire Potion"},{"floor":5.0,"key":"Fire Potion"},{"floor":11.0,"key":"FairyPotion"},{"floor":16.0,"key":"PowerPotion"},{"floor":18.0,"key":"DistilledChaos"},{"floor":29.0,"key":"Fire Potion"},{"floor":35.0,"key":"DistilledChaos"},{"floor":38.0,"key":"Fruit Juice"},{"floor":39.0,"key":"SteroidPotion"},{"floor":41.0,"key":"PowerPotion"},{"floor":45.0,"key":"FearPotion"},{"floor":46,"key":"Poison Potion"},{"floor":55,"key":"SpeedPotion"}],"is_trial":false,"path_per_floor":["M","?","M","?","M","R","$","E","T","R","E","R","E","?","R","B",null,"M","?","?","?","M","E","R","M","T","E","$","E","$","E","R","B",null,"M","?","?","M","M","R","E","?","T","R","E","M","$","E","R","B","B",null,"R","$","E","B",null],"character_chosen":"THE_SILENT","items_purchased":["Poisoned Stab","Calculated Gamble","Membership Card","Catalyst","ClockworkSouvenir","Toolbox"],"campfire_rested":0,"item_purchase_floors":[7,28,30,30,47,54],"current_hp_per_floor":[58,63,55,55,46,46,46,36,36,36,31,31,31,20,20,20,55,43,34,34,34,36,36,36,27,27,28,28,30,30,30,30,30,41,42,42,42,46,53,53,28,30,30,30,39,43,43,46,46,58,19,51,51,51,63,56],"gold":53,"neow_bonus":"ONE_RARE_RELIC","is_daily":false,"chose_seed":false,"campfire_upgraded":9,"win_rate":0.0,"timestamp":1612128854,"path_taken":["M","?","M","?","M","R","$","E","T","R","E","R","E","?","R","BOSS","M","?","?","?","M","E","R","M","T","E","$","E","?","E","R","BOSS","M","?","?","?","M","R","E","?","T","R","E","M","?","E","R","BOSS","BOSS","R","$","E","BOSS"],"items_purchased_type":["Card","Card","Relic","Card","Relic","Relic"],"build_version":"2020-12-22","purchased_purges":4,"victory":true,"max_hp_per_floor":[60,65,65,65,65,65,65,67,67,67,67,67,67,67,67,67,67,69,34,34,34,36,36,36,38,38,40,40,42,42,42,42,44,44,46,46,46,46,53,53,55,57,57,57,59,61,61,61,61,61,61,61,61,61,63,63],"relic_stats":{"Singing Bowl":28,"counters":[27,135],"Dead Branch":[217],"Blue Candle":[4],"PreservedInsect":476,"Whetstone":["Neutralize","Strike_G"],"Letter Opener":[378],"Smiling Mask":88,"MawBank":24,"Centennial Puzzle":[7],"Ornamental Fan":[104],"Mummified Hand":[61],"Bird Faced Urn":[56],"Snecko Eye":[207,230,213,221],"obtain_stats":[{"Singing Bowl":8,"Dead Branch":0,"Blue Candle":27,"PreservedInsect":9,"Incense Burner":55,"Whetstone":11,"Letter Opener":23,"Smiling Mask":20,"MawBank":45,"White Beast Statue":13,"ClockworkSouvenir":47,"Centennial Puzzle":48,"Ornamental Fan":26,"Mummified Hand":41,"Bird Faced Urn":42,"Snecko Eye":17,"Toolbox":54,"Philosopher\u0027s Stone":34,"Membership Card":30,"Toy Ornithopter":31,"Ring of the Snake":0,"Meat on the Bone":29},{"Singing Bowl":4,"Dead Branch":0,"Blue Candle":12,"PreservedInsect":4,"Incense Burner":26,"Whetstone":5,"Letter Opener":10,"Smiling Mask":8,"MawBank":21,"White Beast Statue":6,"ClockworkSouvenir":22,"Centennial Puzzle":23,"Ornamental Fan":11,"Mummified Hand":19,"Bird Faced Urn":20,"Snecko Eye":7,"Toolbox":25,"Philosopher\u0027s Stone":15,"Membership Card":13,"Toy Ornithopter":14,"Ring of the Snake":0,"Meat on the Bone":13},{"Singing Bowl":15,"Dead Branch":0,"Blue Candle":46,"PreservedInsect":15,"Incense Burner":128,"Whetstone":18,"Letter Opener":35,"Smiling Mask":30,"MawBank":94,"White Beast Statue":20,"ClockworkSouvenir":100,"Centennial Puzzle":103,"Ornamental Fan":43,"Mummified Hand":86,"Bird Faced Urn":91,"Snecko Eye":25,"Toolbox":123,"Philosopher\u0027s Stone":67,"Membership Card":51,"Toy Ornithopter":55,"Ring of the Snake":0,"Meat on the Bone":51}],"Toy Ornithopter":20,"Ring of the Snake":[54],"Meat on the Bone":36},"card_choices":[{"not_picked":["Quick Slash","Well Laid Plans"],"picked":"Bouncing Flask","floor":1.0},{"not_picked":["Outmaneuver","PiercingWail"],"picked":"Dagger Spray","floor":3.0},{"not_picked":["Noxious Fumes","Well Laid Plans","Prepared"],"picked":"SKIP","floor":5.0},{"not_picked":["Calculated Gamble","Blur","Dodge and Roll"],"picked":"Singing Bowl","floor":8.0},{"not_picked":["Night Terror","Well Laid Plans"],"picked":"Catalyst","floor":11.0},{"not_picked":["Distraction","Heel Hook"],"picked":"Dash","floor":13.0},{"not_picked":["Night Terror","After Image"],"picked":"Wraith Form v2","floor":16.0},{"not_picked":["Terror","Deadly Poison","Outmaneuver"],"picked":"Singing Bowl","floor":18.0},{"not_picked":["Acrobatics","PiercingWail","Dash"],"picked":"Singing Bowl","floor":22.0},{"not_picked":["Deadly Poison","Slice+1"],"picked":"Cloak And Dagger+1","floor":23.0},{"not_picked":["Deadly Poison","Deflect","Quick Slash"],"picked":"Singing Bowl","floor":25.0},{"not_picked":["Underhanded Strike","Finisher+1","Glass Knife"],"picked":"Singing Bowl","floor":27.0},{"not_picked":["Acrobatics","Eviscerate","Dagger Throw"],"picked":"Singing Bowl","floor":29.0},{"not_picked":["Finisher","Dagger Spray"],"picked":"Well Laid Plans","floor":31.0},{"not_picked":["Adrenaline","Phantasmal Killer","Grand Finale"],"picked":"Singing Bowl","floor":33.0},{"not_picked":["Prepared","Setup","Deflect+1"],"picked":"Singing Bowl","floor":35.0},{"not_picked":["Dodge and Roll","Setup"],"picked":"Acrobatics+1","floor":38.0},{"not_picked":["Flechettes","Escape Plan","Backstab"],"picked":"Singing Bowl","floor":39.0},{"not_picked":["Distraction+1","Adrenaline","Flechettes"],"picked":"Singing Bowl","floor":41.0},{"not_picked":["Accuracy","Blur+1","Cloak And Dagger"],"picked":"Singing Bowl","floor":42.0},{"not_picked":["Leg Sweep","Acrobatics","Setup"],"picked":"Singing Bowl","floor":45.0},{"not_picked":["Skewer","Quick Slash","Flechettes"],"picked":"Singing Bowl","floor":46},{"not_picked":["Deflect+1","Concentrate"],"picked":"Outmaneuver+1","floor":48},{"not_picked":["Flechettes","Backstab+1","Outmaneuver"],"picked":"Singing Bowl","floor":55}],"player_experience":196353,"relics_obtained":[{"floor":8.0,"key":"Singing Bowl"},{"floor":9.0,"key":"PreservedInsect"},{"floor":11.0,"key":"Whetstone"},{"floor":13.0,"key":"White Beast Statue"},{"floor":23.0,"key":"Letter Opener"},{"floor":26.0,"key":"Ornamental Fan"},{"floor":27.0,"key":"Blue Candle"},{"floor":29.0,"key":"Meat on the Bone"},{"floor":31.0,"key":"Toy Ornithopter"},{"floor":41.0,"key":"Mummified Hand"},{"floor":42.0,"key":"Bird Faced Urn"},{"floor":45.0,"key":"MawBank"},{"floor":48,"key":"Centennial Puzzle"},{"floor":55,"key":"Incense Burner"}],"event_choices":[{"damage_healed":0.0,"max_hp_gain":5.0,"max_hp_loss":0.0,"gold_gain":0.0,"event_name":"Big Fish","player_choice":"Donut","floor":2.0,"gold_loss":0.0,"damage_taken":0.0},{"damage_healed":0.0,"max_hp_gain":0.0,"max_hp_loss":0.0,"gold_gain":150.0,"event_name":"Liars Game","player_choice":"AGREE","floor":4.0,"gold_loss":0.0,"damage_taken":0.0,"cards_obtained":["Doubt"]},{"damage_healed":0.0,"max_hp_gain":0.0,"max_hp_loss":0.0,"gold_gain":75.0,"event_name":"World of Goop","player_choice":"Gather Gold","floor":14.0,"gold_loss":0.0,"damage_taken":11.0},{"damage_healed":0.0,"max_hp_gain":0.0,"max_hp_loss":35.0,"gold_gain":0.0,"event_name":"Ghosts","player_choice":"Became a Ghost","floor":19.0,"gold_loss":0.0,"damage_taken":0.0,"cards_obtained":["Ghostly","Ghostly","Ghostly"]},{"damage_healed":0.0,"max_hp_gain":0.0,"max_hp_loss":0.0,"gold_gain":0.0,"event_name":"Addict","player_choice":"Obtained Relic","floor":20.0,"gold_loss":85.0,"damage_taken":0.0,"relics_obtained":["Smiling Mask"]},{"cards_removed":["Strike_G"],"damage_healed":0.0,"max_hp_gain":0.0,"max_hp_loss":0.0,"gold_gain":0.0,"event_name":"Beggar","player_choice":"Gave Gold","floor":21.0,"gold_loss":75.0,"damage_taken":0.0},{"cards_removed":["Poisoned Stab"],"damage_healed":0.0,"max_hp_gain":0.0,"max_hp_loss":0.0,"gold_gain":0.0,"event_name":"Falling","player_choice":"Removed Attack","floor":36.0,"gold_loss":0.0,"damage_taken":0.0},{"cards_removed":["Strike_G"],"damage_healed":0.0,"max_hp_gain":0.0,"max_hp_loss":0.0,"gold_gain":0.0,"event_name":"Designer","player_choice":"Upgrade and Remove","floor":37.0,"gold_loss":110.0,"damage_taken":0.0,"cards_upgraded":["Defend_G"]},{"damage_healed":0.0,"max_hp_gain":0.0,"max_hp_loss":0.0,"gold_gain":0.0,"event_name":"Mysterious Sphere","player_choice":"Fight","floor":42.0,"gold_loss":0.0,"damage_taken":0.0}],"is_beta":false,"boss_relics":[{"not_picked":["Pandora\u0027s Box","Runic Pyramid"],"picked":"Snecko Eye"},{"not_picked":["Astrolabe","Runic Dome"],"picked":"Philosopher\u0027s Stone"}],"items_purged_floors":[7,28,30,54],"is_endless":false,"potions_floor_spawned":[1,5,11,13,16,18,22,23,25,27,29,31,33,35,38,39,41,42,45,46,48,55],"ascension_level":20}}