{"host":"Qube","time":1612131390,"event":{"mods":["AchievementEnabler","BaseMod","Colored Map","Colored Powertips","Highlight Path","Minty Spire (QoL Compilation)","Permanent Neow","Quick Restart","Random Character Button","StSLib"],"gold_per_floor":[365,385,396,414,27,61,61,87,87,87,12,26,26,53,53,130,130,141,157,168,168,180,180,190,190,190,240,265,265,291,50,50,123,123,136,136,155,180,180,180,213,213,263,263,278,278,278],"floor_reached":46,"language":"ENG","playtime":2699,"items_purged":["Strike_B"],"score":1162,"play_id":"0f209f8d-0f6d-4d7c-a1d9-5d2b304a4ced","local_time":"20210131141630","is_ascension_mode":true,"campfire_choices":[{"floor":7.0,"key":"REST"},{"data":"Apotheosis","floor":10.0,"key":"SMITH"},{"data":"Echo Form","floor":15.0,"key":"SMITH"},{"floor":23.0,"key":"REST"},{"data":"Hologram","floor":25.0,"key":"SMITH"},{"floor":29.0,"key":"REST"},{"floor":32.0,"key":"REST"},{"floor":40.0,"key":"REST"},{"floor":42.0,"key":"RECALL"},{"floor":44.0,"key":"REST"}],"circlet_count":0,"master_deck":["AscendersBane","Strike_B","Strike_B","Defend_B","Defend_B","Defend_B","Defend_B","Zap","Dualcast","Doom and Gloom","Cold Snap","Beam Cell","Hologram+1","Apotheosis+1","Echo Form+1","Auto Shields","Cold Snap","Go for the Eyes","Steam","Creative AI","Coolheaded","Defragment","Seek","Chill","Electrodynamics","Compile Driver+1","Barrage+1","Madness","Madness","Seek","Barrage+1"],"relics":["Cracked Core","Lantern","Pen Nib","Molten Egg 2","CaptainsWheel","Inserter","Regal Pillow","Cables","Symbiotic Virus","Art of War","Nuclear Battery","Incense Burner","Nunchaku"],"acts_visited":["Exordium","TheCity","TheBeyond"],"potions_floor_usage":[],"damage_taken":[{"damage":7.0,"enemies":"Small Slimes","floor":1.0,"turns":3.0},{"damage":0.0,"enemies":"2 Louse","floor":2.0,"turns":2.0},{"damage":0.0,"enemies":"Cultist","floor":3.0,"turns":3.0},{"damage":0.0,"enemies":"2 Fungi Beasts","floor":4.0,"turns":2.0},{"damage":12.0,"enemies":"3 Sentries","floor":6.0,"turns":7.0},{"damage":0.0,"enemies":"Lagavulin","floor":8.0,"turns":6.0},{"damage":0.0,"enemies":"Exordium Wildlife","floor":12.0,"turns":2.0},{"damage":4.0,"enemies":"Gremlin Nob","floor":14.0,"turns":3.0},{"damage":0.0,"enemies":"Hexaghost","floor":16.0,"turns":8.0},{"damage":6.0,"enemies":"Shell Parasite","floor":18.0,"turns":8.0},{"damage":8.0,"enemies":"3 Byrds","floor":19.0,"turns":6.0},{"damage":25.0,"enemies":"Snake Plant","floor":20.0,"turns":7.0},{"damage":7.0,"enemies":"Centurion and Healer","floor":22.0,"turns":9.0},{"damage":4.0,"enemies":"Snecko","floor":24.0,"turns":5.0},{"damage":21.0,"enemies":"Slavers","floor":28.0,"turns":8.0},{"damage":58.0,"enemies":"Book of Stabbing","floor":30.0,"turns":8.0},{"damage":10.0,"enemies":"Champ","floor":33.0,"turns":10.0},{"damage":3.0,"enemies":"Orb Walker","floor":35.0,"turns":3.0},{"damage":0.0,"enemies":"3 Darklings","floor":37.0,"turns":6.0},{"damage":4.0,"enemies":"Mind Bloom Boss Battle","floor":38.0,"turns":7.0},{"damage":26.0,"enemies":"Reptomancer","floor":41.0,"turns":7.0},{"damage":1.0,"enemies":"4 Shapes","floor":45.0,"turns":3.0},{"damage":78,"enemies":"Giant Head","floor":46,"turns":7}],"seed_played":"1810628477924056139","potions_obtained":[{"floor":3.0,"key":"Swift Potion"},{"floor":4.0,"key":"SkillPotion"},{"floor":6.0,"key":"Dexterity Potion"},{"floor":14.0,"key":"EntropicBrew"},{"floor":18.0,"key":"FocusPotion"},{"floor":24.0,"key":"FearPotion"},{"floor":28.0,"key":"SteroidPotion"},{"floor":33.0,"key":"AttackPotion"},{"floor":35.0,"key":"Weak Potion"},{"floor":38.0,"key":"CultistPotion"},{"floor":41.0,"key":"Fire Potion"}],"is_trial":false,"path_per_floor":["M","M","M","M","$","E","R","E","T","R","?","M","?","E","R","B",null,"M","M","M","?","M","R","M","R","T","?","E","R","E","$","R","B",null,"M","?","M","?","?","R","E","R","T","R","M","E"],"character_chosen":"DEFECT","items_purchased":["Apotheosis","Echo Form","Auto Shields","Art of War"],"campfire_rested":6,"item_purchase_floors":[5,5,5,31],"current_hp_per_floor":[39,39,39,39,39,27,48,48,48,48,48,48,48,44,44,44,64,58,50,25,39,32,53,49,49,49,49,28,64,6,6,42,32,61,58,48,48,44,31,67,41,41,41,71,70,0,0],"gold":278,"neow_bonus":"TWO_FIFTY_GOLD","is_daily":false,"chose_seed":false,"campfire_upgraded":3,"win_rate":0.0,"timestamp":1612131390,"path_taken":["M","M","M","M","$","E","R","E","T","R","?","M","?","E","R","BOSS","M","M","M","?","M","R","M","R","T","?","E","R","E","$","R","BOSS","M","?","?","?","?","R","E","R","T","R","?","E"],"items_purchased_type":["Card","Card","Card","Relic"],"build_version":"2020-12-18","purchased_purges":1,"victory":false,"max_hp_per_floor":[71,71,71,71,71,71,71,71,71,71,71,71,71,71,71,71,71,71,71,71,71,71,71,71,71,71,71,71,71,71,71,71,71,71,71,71,71,71,71,71,71,71,71,71,71,71,71],"card_choices":[{"not_picked":["Redo","Coolheaded"],"picked":"Doom and Gloom","floor":1.0},{"not_picked":["Hello World","Steam Power"],"picked":"Cold Snap","floor":2.0},{"not_picked":["Streamline","Reprogram"],"picked":"Beam Cell","floor":3.0},{"not_picked":["Streamline","Redo"],"picked":"Hologram","floor":4.0},{"not_picked":["Auto Shields","Compile Driver"],"picked":"Cold Snap","floor":6.0},{"not_picked":["Thunder Strike","Cold Snap"],"picked":"Go for the Eyes","floor":8.0},{"not_picked":["Blizzard+1","Conserve Battery"],"picked":"Steam","floor":12.0},{"not_picked":["Conserve Battery","Reprogram","Amplify"],"picked":"SKIP","floor":14.0},{"not_picked":["Fission","Echo Form"],"picked":"Creative AI","floor":16.0},{"not_picked":["Go for the Eyes+1","Leap+1"],"picked":"Coolheaded","floor":18.0},{"not_picked":["Hologram","Rip and Tear+1","Steam+1"],"picked":"SKIP","floor":19.0},{"not_picked":["Rebound+1","Lockon+1"],"picked":"Defragment","floor":20.0},{"not_picked":["FTL+1","Darkness"],"picked":"Seek","floor":22.0},{"not_picked":["Beam Cell+1","Coolheaded"],"picked":"Chill","floor":24.0},{"not_picked":["Stack+1","Go for the Eyes+1","Auto Shields"],"picked":"SKIP","floor":28.0},{"not_picked":["Reboot","Darkness","Conserve Battery"],"picked":"SKIP","floor":30.0},{"not_picked":["Meteor Strike+1","Buffer"],"picked":"Electrodynamics","floor":33.0},{"not_picked":["Compile Driver+1","Go for the Eyes+1","Steam"],"picked":"SKIP","floor":35.0},{"not_picked":["Go for the Eyes+1","Steam"],"picked":"Compile Driver+1","floor":35.0},{"not_picked":["Steam","Coolheaded","Aggregate"],"picked":"SKIP","floor":37.0},{"not_picked":["Gash+1","Chill"],"picked":"Barrage+1","floor":38.0},{"not_picked":["Cold Snap+1","Compile Driver+1"],"picked":"Seek","floor":41.0},{"not_picked":["Sunder+1","Streamline+1"],"picked":"Barrage+1","floor":45.0}],"player_experience":1026560,"relics_obtained":[{"floor":6.0,"key":"Lantern"},{"floor":8.0,"key":"Pen Nib"},{"floor":9.0,"key":"Molten Egg 2"},{"floor":14.0,"key":"CaptainsWheel"},{"floor":26.0,"key":"Regal Pillow"},{"floor":28.0,"key":"Cables"},{"floor":30.0,"key":"Symbiotic Virus"},{"floor":38.0,"key":"Incense Burner"},{"floor":41.0,"key":"Nunchaku"}],"event_choices":[{"cards_removed":["Strike_B"],"damage_healed":0.0,"max_hp_gain":0.0,"max_hp_loss":0.0,"gold_gain":0.0,"event_name":"The Cleric","player_choice":"Card Removal","floor":11.0,"gold_loss":75.0,"damage_taken":0.0},{"damage_healed":0.0,"max_hp_gain":0.0,"max_hp_loss":0.0,"gold_gain":0.0,"event_name":"Liars Game","player_choice":"Ignored","floor":13.0,"gold_loss":0.0,"damage_taken":0.0},{"damage_healed":14.0,"max_hp_gain":0.0,"max_hp_loss":0.0,"gold_gain":0.0,"event_name":"The Library","player_choice":"Heal","floor":21.0,"gold_loss":0.0,"damage_taken":0.0},{"damage_healed":0.0,"max_hp_gain":0.0,"max_hp_loss":0.0,"gold_gain":50.0,"event_name":"Nest","player_choice":"Stole From Cult","floor":27.0,"gold_loss":0.0,"damage_taken":0.0},{"damage_healed":0.0,"max_hp_gain":0.0,"max_hp_loss":0.0,"gold_gain":0.0,"event_name":"Wheel of Change","player_choice":"Damaged","floor":36.0,"gold_loss":0.0,"damage_taken":10.0},{"damage_healed":0.0,"max_hp_gain":0.0,"max_hp_loss":0.0,"gold_gain":0.0,"event_name":"MindBloom","player_choice":"Fight","floor":38.0,"gold_loss":0.0,"damage_taken":0.0},{"damage_healed":0.0,"max_hp_gain":0.0,"max_hp_loss":0.0,"gold_gain":0.0,"event_name":"Winding Halls","player_choice":"Embrace Madness","floor":39.0,"gold_loss":0.0,"damage_taken":13.0,"cards_obtained":["Madness","Madness"]}],"is_beta":true,"boss_relics":[{"not_picked":["Astrolabe","Runic Dome"],"picked":"Inserter"},{"not_picked":["Cursed Key","Pandora\u0027s Box"],"picked":"Nuclear Battery"}],"items_purged_floors":[31],"is_endless":false,"potions_floor_spawned":[3,4,6,14,18,24,28,33,35,38,41],"killed_by":"Giant Head","ascension_level":20}}