{"host":"avq773cl9g5msfol","time":1612083373,"event":{"mods":["100% Spire Juice","AchievementEnabler","Act Like it!","Ascension Unlocker","Aspiration","Astrologer","Bard","Bartender","BaseMod","Better Altar","Better Third Choice","BetterRewards","CapriCore","ChefMod","Colored Map","Colored Powertips","Conspire","Dio Mod","Downfall","Elementarium","Energized Spire","Gensokyo","GifTheSpireLib","Hallownest","Hermit","Highlight Path","Hubris","Humility","Infinite Spire","Jorbs\u0027s Wanderer Trilogy","Koishi","Magitek Elite","Marisa????????","Marked Mod","Menagerie","Minty Spire (QoL Compilation)","Pale of the Ancients","Potionbrewer","Quarter Circle Forward PUNCH!","Rare Cards Sparkle","Reimu??????","Relic Stats","Reliquary","Remilia??????","Replay The Spire","SacredBarkPlus","Shade Mod","Somnambulant","Spicy Shops","Spire Arcade","StSLib","The Administrix","The Blue Laboratory","The Bug Knight","The Construct","The Cursed","The Disciple","The Dragon Tamer","The Exalted","The Hayseed","The Hierophant","The Immortal","The Marked","The Mystic","The Problem Sleuth","The Runesmith","The Senshi","The Vixen","The Wild Card","TheFirefly","Wandering Minibosses","Wide Potions","Yakumo Yukari mod","vexMod"],"gold_per_floor":[99,99,267,267,267,297,321,351,351,362,390,390,422,438,450,527,527,327,347,357,244,276,576,600,611,646,546,581,581,581,596,613,687,687,687,700,700,975,986,1013,1013,1033,1065,1079,1079,991,991,1016,1032,1032,1032,1062,693,693,693,693],"floor_reached":57,"language":"ENG","playtime":4310,"items_purged":[],"score":3062,"play_id":"a31b530e-f98d-44c2-87ef-993f2fc79cd1","local_time":"20210131155613","is_ascension_mode":true,"campfire_choices":[{"data":"bronze:Goto","floor":1.0,"key":"SMITH"},{"data":"bronze:Replicate","floor":9.0,"key":"SMITH"},{"floor":12.0,"key":"RECALL"},{"floor":18.0,"key":"REST"},{"floor":27.0,"key":"REST"},{"floor":30.0,"key":"REST"},{"floor":35.0,"key":"REST"},{"floor":47.0,"key":"REST"},{"floor":54,"key":"REST"}],"circlet_count":0,"master_deck":["AscendersBane","bronze:Replicate+1","bronze:Goto+1","bronze:Mutator+1","bronze:ChosenStrike+1","bronze:Invalidate+1","bronze:InfiniteBeams+1","bronze:CleanCode+1","bronze:AlphaBuild+1","bronze:NullPointer+1","bronze:FineTuning+1","bronze:Constructor+1","bronze:WildBeam+1","Shame","expansioncontent:QuickStudy+1","bronze:Iterate+1","bronze:Verify+1","Pot Of Greed+1","Pot Of Greed+1","bronze:BronzeArmor+1","bronze:BurnOut+1","bronze:Shield+1","bronze:ItsAFeature+1","bronze:ShipIt+1","bronze:GetLatest+1","bronze:Virus+1","Pot Of Greed+1","bronze:Format+1","bronze:BuggyMess+1","bronze:BronzeOrb+1","bronze:Library+1","AbeCurse","bronze:OilSpill+1","bronze:ChildClass+1","bronze:InfiniteLoop+1","Greed_TH","bronze:HyperBeam+1","infinitespire:TheBestDefense+1","bronze:Mutator+1","Pot Of Greed+1","bronze:BronzeOrb+1","bronze:Shell+1","bronze:RecursiveStrike+1","bronze:Turbo+1","Regret","bronze:Branch+1","bronze:Flail+1","bronze:Refactor+1","bronze:DarkDash+1","bronze:Return+1","expansioncontent:DashGenerateEvil+1","bronze:SpaghettiCode+1","Pot Of Greed+1","bronze:Overheat+1","bronze:InfiniteLoop+1","bronze:Philosophize+1"],"relics":["bronze:BronzeCore","downfall:HeartsMalice","Molten Egg 2","Toxic Egg 2","Frozen Egg 2","FossilizedHelix","Membership Card","vexMod:HeadHunter","Grinning Jar","reliquary:RoseTintedGlasses","bronze:Timepiece","Abe\u0027s Treasure","Du-Vu Doll","downfall:HeartBlessingRed","downfall:HeartBlessingBlue","wanderingMiniBosses:OtherGremlinHorn","conspire:TreasureMap","Shuriken","hubris:BottledRain","bronze:BronzeIdol","downfall:HeartBlessingGreen","reliquary:PurpleTingedLeaf","bronze:MakeshiftBattery","Anchor","Replay:Ringing Soul","hubris:Towel","hubris:CuriousFeather","hubris:EmptyBottle","Art of War","Mummified Hand","infinitespire:Lucky Rock","vexMod:ScavengeHelm","Toolbox"],"acts_visited":["Menagerie:Menagerie","TheCity","TheBeyond","TheEnding"],"potions_floor_usage":[55,56],"damage_taken":[{"damage":0.0,"enemies":"Menagerie:2_RABBITS","floor":2.0,"turns":1.0},{"damage":0.0,"enemies":"downfall:FleeingMerchant","floor":3.0,"turns":1.0},{"damage":0.0,"enemies":"Menagerie:WhisperingWraith","floor":4.0,"turns":1.0},{"damage":0.0,"enemies":"Menagerie:MaskedSummoner","floor":6.0,"turns":3.0},{"damage":0.0,"enemies":"Menagerie:VoidReaper","floor":8.0,"turns":3.0},{"damage":0.0,"enemies":"Menagerie:StygianBoar","floor":10.0,"turns":2.0},{"damage":0.0,"enemies":"Menagerie:Hydra","floor":11.0,"turns":2.0},{"damage":0.0,"enemies":"Menagerie:MaskedSummoner","floor":13.0,"turns":2.0},{"damage":4.0,"enemies":"Menagerie:BEAST_MAGE_AND_PROWLING_AMALGAM","floor":14.0,"turns":4.0},{"damage":0.0,"enemies":"Menagerie:RedMage","floor":15.0,"turns":2.0},{"damage":3.0,"enemies":"WA_ARCHETYPE_RETAIN","floor":16.0,"turns":6.0},{"damage":0.0,"enemies":"conspire:FuzzyDice","floor":19.0,"turns":3.0},{"damage":0.0,"enemies":"Shell Parasite","floor":20.0,"turns":2.0},{"damage":2.0,"enemies":"downfall:FleeingMerchant","floor":21.0,"turns":4.0},{"damage":0.0,"enemies":"Slavers","floor":22.0,"turns":2.0},{"damage":0.0,"enemies":"Snake Plant","floor":25.0,"turns":2.0},{"damage":0.0,"enemies":"Nightmare","floor":26.0,"turns":2.0},{"damage":0.0,"enemies":"conspire:SneckoGhost","floor":28.0,"turns":3.0},{"damage":0.0,"enemies":"Centurion and Healer","floor":31.0,"turns":2.0},{"damage":0.0,"enemies":"Cultist and Chosen","floor":32.0,"turns":2.0},{"damage":1.0,"enemies":"SI_MIRROR_ARCHETYPE","floor":33.0,"turns":3.0},{"damage":0.0,"enemies":"3 Shapes","floor":36.0,"turns":1.0},{"damage":0.0,"enemies":"3 Darklings","floor":39.0,"turns":2.0},{"damage":0.0,"enemies":"Nemesis","floor":40.0,"turns":3.0},{"damage":0.0,"enemies":"Sphere and 2 Shapes","floor":42.0,"turns":3.0},{"damage":0.0,"enemies":"HollowMod:StalkingDevout","floor":43.0,"turns":1.0},{"damage":0.0,"enemies":"Transient","floor":44.0,"turns":1.0},{"damage":0.0,"enemies":"downfall:FleeingMerchant","floor":46.0,"turns":2.0},{"damage":37.0,"enemies":"Nightmare","floor":48.0,"turns":7.0},{"damage":0.0,"enemies":"Spire Growth","floor":49.0,"turns":2.0},{"damage":3,"enemies":"DF_ARCHETYPE_ORBS","floor":50,"turns":6},{"damage":0,"enemies":"downfall:CharBossMerchant","floor":52,"turns":4},{"damage":0,"enemies":"downfall:NeowBoss","floor":55,"turns":6},{"damage":47,"enemies":"downfall:NeowBossFinal","floor":56,"turns":5}],"seed_played":"-9187810140680544901","potions_obtained":[{"floor":8.0,"key":"blueLaboratory:FruitPunch"},{"floor":10.0,"key":"Block Potion"},{"floor":13.0,"key":"blueLaboratory:PhilterOfMotion"},{"floor":14.0,"key":"FearPotion"},{"floor":16.0,"key":"blueLaboratory:BottleOfVodka"},{"floor":19.0,"key":"champ:CounterPotion"},{"floor":22.0,"key":"potionbrewer:NoxiousPotion"},{"floor":36.0,"key":"potionbrewer:DiscountPotion"},{"floor":48.0,"key":"blueLaboratory:BottledHope"}],"is_trial":false,"path_per_floor":["R","M","$","M","?","E","T","E","R","M","E","R","E","M","M","B",null,"R","M","M","$","E","?","T","M","NM","R","E","?","R","M","M","B",null,"R","M","?","?","M","E","T","M","E","M","?","$","R","NM","M","B",null,"E","$","R","B","B",null],"character_chosen":"THE_AUTOMATON","items_purchased":["FossilizedHelix","expansioncontent:QuickStudy","qcfpunch:Challenger_Coin","conspire:TreasureMap","hubris:CuriousFeather","expansioncontent:DashGenerateEvil","hubris:EmptyBottle","Strength Potion","PowerPotion","bronze:Philosophize+1","infinitespire:Lucky Rock","vexMod:ScavengeHelm","Toolbox"],"campfire_rested":6,"item_purchase_floors":[3,3,21,21,46,46,46,46,46,53,53,53,53],"current_hp_per_floor":[57,57,57,57,60,60,60,60,60,60,62,62,62,58,58,55,63,75,75,75,73,73,73,73,73,73,75,75,75,75,75,75,74,75,75,75,75,75,75,75,75,75,78,81,81,84,84,50,51,48,77,81,64,91,92,46],"gold":693,"neow_bonus":"THREE_ENEMY_KILL","is_daily":false,"chose_seed":false,"campfire_upgraded":2,"win_rate":0.0,"timestamp":1612083373,"path_taken":["R","M","$","M","?","E","T","E","R","M","E","R","E","?","M","BOSS","R","M","M","?","E","?","T","M","NM","R","E","?","R","M","M","BOSS","R","M","?","?","M","E","T","?","E","?","?","$","R","NM","M","BOSS","E","$","R","BOSS","BOSS"],"items_purchased_type":["Relic","Card","Potion","Relic","Relic","Card","Relic","Potion","Potion","Card","Relic","Relic","Relic"],"build_version":"2020-12-22","purchased_purges":0,"victory":true,"max_hp_per_floor":[63,63,63,63,63,63,63,63,63,63,65,65,65,65,65,65,65,75,75,75,75,75,75,75,75,75,75,75,75,75,75,75,75,75,75,75,75,75,75,75,75,75,78,81,81,84,84,87,87,87,87,90,93,93,93,93],"relic_stats":{"counters":[34,92],"Shuriken":[46],"Mummified Hand":[18],"Art of War":[1],"obtain_stats":[{"bronze:BronzeCore":0,"downfall:HeartBlessingGreen":27,"wanderingMiniBosses:OtherGremlinHorn":21,"hubris:EmptyBottle":46,"Replay:Ringing Soul":43,"downfall:HeartBlessingBlue":18,"Mummified Hand":52,"bronze:Timepiece":13,"Toolbox":53,"reliquary:RoseTintedGlasses":8,"hubris:CuriousFeather":46,"Toxic Egg 2":1,"conspire:TreasureMap":21,"downfall:HeartBlessingRed":18,"vexMod:ScavengeHelm":53,"downfall:HeartsMalice":0,"infinitespire:Lucky Rock":53,"Frozen Egg 2":1,"hubris:Towel":45,"bronze:BronzeIdol":26,"Du-Vu Doll":17,"Anchor":40,"Shuriken":22,"vexMod:HeadHunter":3,"Molten Egg 2":1,"Pandora\u0027s Box":1,"Art of War":48,"Membership Card":3,"Grinning Jar":6,"FossilizedHelix":3,"Abe\u0027s Treasure":17,"reliquary:PurpleTingedLeaf":28,"bronze:MakeshiftBattery":34,"hubris:BottledRain":24},{"bronze:BronzeCore":0,"downfall:HeartBlessingGreen":17,"wanderingMiniBosses:OtherGremlinHorn":14,"hubris:EmptyBottle":28,"Replay:Ringing Soul":26,"downfall:HeartBlessingBlue":11,"Mummified Hand":32,"bronze:Timepiece":8,"Toolbox":32,"reliquary:RoseTintedGlasses":5,"hubris:CuriousFeather":28,"Toxic Egg 2":0,"conspire:TreasureMap":14,"downfall:HeartBlessingRed":11,"vexMod:ScavengeHelm":32,"downfall:HeartsMalice":0,"infinitespire:Lucky Rock":32,"Frozen Egg 2":0,"hubris:Towel":27,"bronze:BronzeIdol":17,"Du-Vu Doll":11,"Anchor":24,"Shuriken":15,"vexMod:HeadHunter":2,"Molten Egg 2":0,"Pandora\u0027s Box":0,"Art of War":29,"Membership Card":2,"Grinning Jar":4,"FossilizedHelix":2,"Abe\u0027s Treasure":11,"reliquary:PurpleTingedLeaf":18,"bronze:MakeshiftBattery":21,"hubris:BottledRain":15},{"bronze:BronzeCore":0,"downfall:HeartBlessingGreen":39,"wanderingMiniBosses:OtherGremlinHorn":33,"hubris:EmptyBottle":62,"Replay:Ringing Soul":59,"downfall:HeartBlessingBlue":24,"Mummified Hand":81,"bronze:Timepiece":12,"Toolbox":81,"reliquary:RoseTintedGlasses":6,"hubris:CuriousFeather":62,"Toxic Egg 2":0,"conspire:TreasureMap":33,"downfall:HeartBlessingRed":24,"vexMod:ScavengeHelm":81,"downfall:HeartsMalice":0,"infinitespire:Lucky Rock":81,"Frozen Egg 2":0,"hubris:Towel":60,"bronze:BronzeIdol":39,"Du-Vu Doll":24,"Anchor":55,"Shuriken":35,"vexMod:HeadHunter":0,"Molten Egg 2":0,"Pandora\u0027s Box":0,"Art of War":69,"Membership Card":0,"Grinning Jar":3,"FossilizedHelix":0,"Abe\u0027s Treasure":24,"reliquary:PurpleTingedLeaf":42,"bronze:MakeshiftBattery":49,"hubris:BottledRain":35}]},"card_choices":[{"not_picked":["bronze:Deprecate+1","bronze:Overheat+1"],"picked":"bronze:Constructor+1","floor":2.0},{"not_picked":["bronze:Turbo+1","bronze:Deprecate+1"],"picked":"bronze:WildBeam+1","floor":3.0},{"not_picked":["bronze:Deprecate+1","bronze:ChildClass+1"],"picked":"bronze:Iterate+1","floor":4.0},{"not_picked":["bronze:HardenedForm","bronze:Library"],"picked":"bronze:Verify","floor":6.0},{"not_picked":["bronze:Virus+1","bronze:BugBarrage+1"],"picked":"bronze:BronzeArmor+1","floor":6.0},{"not_picked":["bronze:FindAndReplace","bronze:InfiniteLoop"],"picked":"bronze:BurnOut","floor":8.0},{"not_picked":["bronze:DelayedGuard+1","bronze:Terminator+1"],"picked":"bronze:Shield+1","floor":8.0},{"not_picked":["bronze:ChosenStrike+1","bronze:GetLatest+1"],"picked":"bronze:ItsAFeature+1","floor":10.0},{"not_picked":["bronze:Assembly","bronze:Verify"],"picked":"bronze:ShipIt","floor":11.0},{"not_picked":["bronze:Shield+1","bronze:Safeguard+1"],"picked":"bronze:GetLatest+1","floor":11.0},{"not_picked":["bronze:FindAndReplace","bronze:AlphaBuild"],"picked":"bronze:Virus","floor":13.0},{"not_picked":["bronze:Separator+1","bronze:Overheat+1"],"picked":"bronze:Format+1","floor":13.0},{"not_picked":["bronze:Backtrace+1","bronze:Constructor+1"],"picked":"bronze:BuggyMess+1","floor":14.0},{"not_picked":["bronze:BurnOut+1","bronze:Iterate+1"],"picked":"bronze:BronzeOrb+1","floor":15.0},{"not_picked":["bronze:SpaghettiCode+1","bronze:CleanCode+1"],"picked":"bronze:Library+1","floor":16.0},{"not_picked":["bronze:DigitalCarnage+1","bronze:ChosenStrike+1"],"picked":"bronze:OilSpill+1","floor":19.0},{"not_picked":["bronze:Safeguard+1","bronze:BronzeArmor+1"],"picked":"bronze:ChildClass+1","floor":20.0},{"not_picked":["bronze:Iterate+1","bronze:ForceShield+1","bronze:DelayedGuard+1"],"picked":"SKIP","floor":21.0},{"not_picked":["bronze:Format","bronze:Hardcode"],"picked":"bronze:InfiniteLoop","floor":22.0},{"not_picked":["bronze:BitShift+1","bronze:ForLoop+1","bronze:OilSpill+1"],"picked":"SKIP","floor":22.0},{"not_picked":["bronze:ForLoop+1","bronze:CutThrough+1","bronze:Turbo+1"],"picked":"SKIP","floor":25.0},{"not_picked":["bronze:Mutator","bronze:AlphaBuild"],"picked":"bronze:HyperBeam","floor":26.0},{"not_picked":["infinitespire:Oblivion","infinitespire:Fortify"],"picked":"infinitespire:TheBestDefense","floor":26.0},{"not_picked":["bronze:InfiniteBeams+1","bronze:BuggyMess+1","bronze:CutThrough+1"],"picked":"SKIP","floor":26.0},{"not_picked":["bronze:Virus","bronze:AlphaBuild"],"picked":"bronze:Mutator","floor":28.0},{"not_picked":["bronze:Backtrace+1","bronze:FineTuning+1"],"picked":"bronze:BronzeOrb+1","floor":28.0},{"not_picked":["bronze:Invalidate+1","bronze:Repulsor+1"],"picked":"bronze:Shell+1","floor":31.0},{"not_picked":["bronze:Deprecate+1","bronze:Overload+1","bronze:WildBeam+1"],"picked":"SKIP","floor":32.0},{"not_picked":["bronze:AlphaBuild+1","bronze:Format+1"],"picked":"bronze:RecursiveStrike+1","floor":33.0},{"not_picked":["bronze:Repair+1","bronze:DelayedGuard+1"],"picked":"bronze:Turbo+1","floor":36.0},{"not_picked":["bronze:OilSpill+1","bronze:BitShift+1","bronze:WhirlingStrike+1"],"picked":"SKIP","floor":39.0},{"not_picked":["bronze:WildBeam+1","bronze:OilSpill+1"],"picked":"bronze:Branch+1","floor":40.0},{"not_picked":["bronze:Format","bronze:AlphaBuild","bronze:Library"],"picked":"SKIP","floor":40.0},{"not_picked":["bronze:Fortify+1","bronze:WildBeam+1"],"picked":"bronze:Flail+1","floor":42.0},{"not_picked":["bronze:BugBarrage+1","bronze:Safeguard+1"],"picked":"bronze:Refactor+1","floor":43.0},{"not_picked":["bronze:Verify","bronze:HyperBeam","bronze:Format"],"picked":"SKIP","floor":43.0},{"not_picked":["bronze:Optimize+1","bronze:ForLoop+1"],"picked":"bronze:DarkDash+1","floor":44.0},{"not_picked":["bronze:BronzeArmor+1","bronze:Constructor+1"],"picked":"bronze:Return+1","floor":46.0},{"not_picked":["bronze:HyperBeam","bronze:HardenedForm"],"picked":"bronze:SpaghettiCode","floor":48.0},{"not_picked":["bronze:ShipIt+1","bronze:Frontload+1"],"picked":"bronze:Overheat+1","floor":48.0},{"not_picked":["bronze:BitShift+1","bronze:DelayedGuard+1","bronze:Terminator+1"],"picked":"SKIP","floor":49.0},{"not_picked":["bronze:Virus","bronze:HyperBeam"],"picked":"bronze:InfiniteLoop","floor":52},{"not_picked":["bronze:ForLoop+1","bronze:DarkDash+1","bronze:DigitalCarnage+1"],"picked":"SKIP","floor":52}],"player_experience":1393018,"relics_obtained":[{"floor":6.0,"key":"Grinning Jar"},{"floor":8.0,"key":"reliquary:RoseTintedGlasses"},{"floor":13.0,"key":"bronze:Timepiece"},{"floor":21.0,"key":"wanderingMiniBosses:OtherGremlinHorn"},{"floor":22.0,"key":"Shuriken"},{"floor":24.0,"key":"hubris:BottledRain"},{"floor":26.0,"key":"bronze:BronzeIdol"},{"floor":28.0,"key":"reliquary:PurpleTingedLeaf"},{"floor":40.0,"key":"Anchor"},{"floor":43.0,"key":"Replay:Ringing Soul"},{"floor":48.0,"key":"Art of War"},{"floor":52,"key":"Mummified Hand"}],"event_choices":[],"is_beta":false,"boss_relics":[{"not_picked":["reliquary:WritOfMandamus","conspire:RoyalGoblet"],"picked":"Abe\u0027s Treasure"},{"not_picked":["Tiny House","Bromod:ArcaneBarrier"],"picked":"bronze:MakeshiftBattery"}],"items_purged_floors":[],"is_endless":false,"potions_floor_spawned":[8,10,13,14,15,16,19,22,26,31,36,40,48,49],"ascension_level":20,"is_humility":true}}