{"host":"gobyjzz6xbwq9f9i","time":1612084602,"event":{"mods":["AchievementEnabler","BaseMod","Bestiary","Colored Map","Minty Spire (QoL Compilation)","Relic Stats"],"gold_per_floor":[111,127,147,94,115,153,177,177,232,268,296,325,346,386,386,493,493,512,547,559,559,580,580,589,627,627,627,654,579,605,646,646,751,760,782,805,814,1036,1036,1036,1074,1091,1116,1143,1153,335,369,369,369,369,369,369,1,37,37],"floor_reached":56,"language":"ENG","playtime":3258,"items_purged":["Strike_P","Strike_P+1"],"score":1553,"play_id":"085c7a5d-779f-4606-a86b-fe45d14e423c","local_time":"20210131011642","is_ascension_mode":true,"campfire_choices":[{"data":"EmptyFist","floor":8,"key":"SMITH"},{"data":"Conclude","floor":15,"key":"SMITH"},{"floor":23,"key":"REST"},{"floor":27,"key":"REST"},{"floor":32,"key":"REST"},{"floor":40,"key":"RECALL"},{"floor":49,"key":"REST"},{"floor":52,"key":"REST"}],"circlet_count":0,"master_deck":["Strike_P+1","Defend_P","Defend_P+1","Defend_P","Eruption+1","Vigilance","Indignation","EmptyFist+1","DeceiveReality","BowlingBash+1","SashWhip","Wallop","FearNoEvil","DevaForm","FollowUp+1","Conclude+1","CutThroughFate","LessonLearned+1","EmptyMind+1","Tantrum","FlurryOfBlows","InnerPeace","Scrawl","FlyingSleeves","ReachHeaven+1","Vault","CurseOfTheBell","Adaptation+1","Halt","Master of Strategy","Tantrum+1","Fasting2+1","TalkToTheHand+1","Trip","Secret Weapon+1","Nirvana+1","Fasting2+1","Wireheading+1","Scrawl"],"relics":["Philosopher\u0027s Stone","CeramicFish","Kunai","Potion Belt","Akabeko","Boot","Fusion Hammer","Red Mask","Bird Faced Urn","Frozen Egg 2","PreservedInsect","Darkstone Periapt","Calling Bell","Vajra","StrikeDummy","StoneCalendar","Gambling Chip","Ice Cream","Whetstone","HandDrill","Regal Pillow","Happy Flower","Bronze Scales"],"acts_visited":["Exordium","TheCity","TheBeyond","TheEnding"],"potions_floor_usage":[19,19,25,25,25,35,44,46,46,50,55,55,55,55,55],"damage_taken":[{"damage":4,"enemies":"2 Louse","floor":1,"turns":3},{"damage":2,"enemies":"Cultist","floor":2,"turns":3},{"damage":0,"enemies":"Small Slimes","floor":3,"turns":2},{"damage":0,"enemies":"Looter","floor":5,"turns":3},{"damage":2,"enemies":"Lagavulin","floor":6,"turns":6},{"damage":9,"enemies":"Exordium Thugs","floor":7,"turns":4},{"damage":4,"enemies":"3 Sentries","floor":10,"turns":8},{"damage":0,"enemies":"Large Slime","floor":11,"turns":3},{"damage":0,"enemies":"Blue Slaver","floor":12,"turns":1},{"damage":0,"enemies":"2 Fungi Beasts","floor":13,"turns":2},{"damage":0,"enemies":"Lagavulin","floor":14,"turns":5},{"damage":0,"enemies":"Slime Boss","floor":16,"turns":3},{"damage":3,"enemies":"Shell Parasite","floor":18,"turns":3},{"damage":6,"enemies":"Masked Bandits","floor":19,"turns":2},{"damage":18,"enemies":"3 Byrds","floor":20,"turns":3},{"damage":10,"enemies":"Centurion and Healer","floor":22,"turns":8},{"damage":7,"enemies":"Slavers","floor":25,"turns":6},{"damage":10,"enemies":"Snecko","floor":28,"turns":4},{"damage":13,"enemies":"Book of Stabbing","floor":31,"turns":3},{"damage":37,"enemies":"Champ","floor":33,"turns":9},{"damage":10,"enemies":"3 Shapes","floor":35,"turns":5},{"damage":0,"enemies":"Orb Walker","floor":36,"turns":2},{"damage":0,"enemies":"Nemesis","floor":41,"turns":4},{"damage":0,"enemies":"3 Darklings","floor":42,"turns":2},{"damage":8,"enemies":"Spire Growth","floor":44,"turns":5},{"damage":0,"enemies":"4 Shapes","floor":45,"turns":7},{"damage":0,"enemies":"Giant Head","floor":47,"turns":4},{"damage":38,"enemies":"Donu and Deca","floor":50,"turns":7},{"damage":0,"enemies":"Shield and Spear","floor":54,"turns":4},{"damage":89,"enemies":"The Heart","floor":55,"turns":9}],"seed_played":"1520430908465975645","potions_obtained":[{"floor":1,"key":"Weak Potion"},{"floor":3,"key":"Fire Potion"},{"floor":6,"key":"DuplicationPotion"},{"floor":7,"key":"LiquidMemories"},{"floor":10,"key":"Regen Potion"},{"floor":13,"key":"PowerPotion"},{"floor":22,"key":"Dexterity Potion"},{"floor":25,"key":"Fruit Juice"},{"floor":31,"key":"BottledMiracle"},{"floor":35,"key":"Dexterity Potion"},{"floor":36,"key":"Fruit Juice"},{"floor":44,"key":"Fruit Juice"},{"floor":45,"key":"PowerPotion"}],"is_trial":false,"path_per_floor":["M","M","M","?","M","E","M","R","T","E","M","M","M","E","R","B",null,"M","?","M","?","M","R","?","E","T","R","M","?","T","E","R","B",null,"M","M","?","?","T","R","E","M","T","M","M","$","E","?","R","B",null,"R","$","E","B",null],"character_chosen":"WATCHER","items_purchased":["TalkToTheHand","Trip","Whetstone","HandDrill","PowerPotion","Weak Potion","Secret Weapon","Nirvana+1","Happy Flower","Wireheading+1","SkillPotion"],"campfire_rested":5,"item_purchase_floors":[46,46,46,46,46,46,46,46,53,53,53],"current_hp_per_floor":[68,66,66,66,66,64,55,55,55,51,51,51,51,51,51,51,72,69,63,45,32,22,45,45,38,38,61,53,53,53,40,63,28,83,73,75,75,75,75,75,79,79,79,80,86,96,98,98,98,64,98,98,98,98,34],"gold":37,"neow_bonus":"BOSS_RELIC","is_daily":false,"chose_seed":false,"campfire_upgraded":2,"win_rate":0.0,"timestamp":1612084602,"path_taken":["M","M","M","?","M","E","M","R","T","E","?","M","M","E","R","BOSS","M","?","M","?","M","R","?","E","T","R","?","?","?","E","R","BOSS","M","M","?","?","?","R","E","M","T","M","M","$","E","?","R","BOSS","R","$","E","BOSS"],"items_purchased_type":["Card","Card","Relic","Relic","Potion","Potion","Card","Card","Relic","Card","Potion"],"build_version":"2020-12-22","purchased_purges":2,"victory":true,"max_hp_per_floor":[72,72,72,72,72,72,72,72,72,72,72,72,72,72,72,72,72,72,72,72,77,77,77,77,77,77,77,77,77,77,77,77,77,83,83,83,83,83,83,83,83,83,83,88,88,98,98,98,98,98,98,98,98,98,98],"relic_stats":{"Darkstone Periapt":6,"Regal Pillow":0,"Happy Flower":[4],"counters":[30,130],"CeramicFish":270,"StoneCalendar":[64],"PreservedInsect":292,"Whetstone":["ReachHeaven","TalkToTheHand"],"Boot":[64],"Bird Faced Urn":[36],"Gambling Chip":[21],"Bronze Scales":[78],"HandDrill":[6],"Kunai":[44],"obtain_stats":[{"Potion Belt":9,"Darkstone Periapt":31,"Ice Cream":41,"Regal Pillow":47,"Happy Flower":53,"CeramicFish":4,"Vajra":34,"StoneCalendar":34,"PreservedInsect":30,"Whetstone":46,"Frozen Egg 2":26,"Boot":14,"Akabeko":10,"Calling Bell":34,"Bird Faced Urn":25,"Gambling Chip":39,"Bronze Scales":54,"Philosopher\u0027s Stone":0,"Fusion Hammer":17,"Red Mask":19,"HandDrill":46,"Kunai":6,"PureWater":0,"StrikeDummy":34},{"Potion Belt":6,"Darkstone Periapt":19,"Ice Cream":23,"Regal Pillow":27,"Happy Flower":28,"CeramicFish":3,"Vajra":20,"StoneCalendar":20,"PreservedInsect":18,"Whetstone":26,"Frozen Egg 2":17,"Boot":11,"Akabeko":7,"Calling Bell":20,"Bird Faced Urn":17,"Gambling Chip":22,"Bronze Scales":29,"Philosopher\u0027s Stone":0,"Fusion Hammer":12,"Red Mask":14,"HandDrill":26,"Kunai":5,"PureWater":0,"StrikeDummy":20},{"Potion Belt":21,"Darkstone Periapt":72,"Ice Cream":92,"Regal Pillow":110,"Happy Flower":117,"CeramicFish":8,"Vajra":81,"StoneCalendar":81,"PreservedInsect":69,"Whetstone":106,"Frozen Egg 2":65,"Boot":40,"Akabeko":29,"Calling Bell":81,"Bird Faced Urn":65,"Gambling Chip":88,"Bronze Scales":121,"Philosopher\u0027s Stone":0,"Fusion Hammer":43,"Red Mask":48,"HandDrill":106,"Kunai":17,"PureWater":0,"StrikeDummy":81}]},"card_choices":[{"not_picked":["Halt","EmptyBody"],"picked":"Indignation","floor":1},{"not_picked":["ClearTheMind","Study"],"picked":"EmptyFist","floor":2},{"not_picked":["Nirvana","EmptyFist"],"picked":"DeceiveReality","floor":3},{"not_picked":["JustLucky","Vengeance"],"picked":"BowlingBash","floor":5},{"not_picked":["Swivel","ClearTheMind"],"picked":"SashWhip","floor":6},{"not_picked":["Halt","DeceiveReality"],"picked":"Wallop","floor":7},{"not_picked":["LikeWater","ForeignInfluence"],"picked":"FearNoEvil","floor":10},{"not_picked":["Evaluate","FlyingSleeves"],"picked":"DevaForm","floor":11},{"not_picked":["JustLucky","Evaluate"],"picked":"FollowUp","floor":12},{"not_picked":["Collect","ReachHeaven"],"picked":"Conclude","floor":13},{"not_picked":["SashWhip","Worship"],"picked":"CutThroughFate","floor":14},{"not_picked":["DeusExMachina","SpiritShield"],"picked":"LessonLearned","floor":16},{"not_picked":["CarveReality","Halt+1"],"picked":"EmptyMind+1","floor":18},{"not_picked":["ThirdEye+1","FlurryOfBlows"],"picked":"Tantrum","floor":19},{"not_picked":["EmptyMind","Worship+1","Evaluate"],"picked":"SKIP","floor":20},{"not_picked":["CrushJoints","BowlingBash"],"picked":"FlurryOfBlows","floor":22},{"not_picked":["WaveOfTheHand+1","Sanctity"],"picked":"Scrawl","floor":25},{"not_picked":["CutThroughFate","Halt"],"picked":"FlyingSleeves","floor":28},{"not_picked":["Evaluate","EmptyMind"],"picked":"ReachHeaven","floor":31},{"not_picked":["Alpha","ConjureBlade"],"picked":"Vault","floor":33},{"not_picked":["ThirdEye+1","Crescendo+1"],"picked":"Adaptation+1","floor":35},{"not_picked":["Protect+1","SashWhip+1"],"picked":"Halt","floor":36},{"not_picked":["Metamorphosis","Sadistic Nature+1"],"picked":"Master of Strategy","floor":37},{"not_picked":["CutThroughFate","WheelKick"],"picked":"Tantrum+1","floor":41},{"not_picked":["FollowUp+1","Protect","EmptyFist+1"],"picked":"SKIP","floor":42},{"not_picked":["Evaluate+1","Consecrate"],"picked":"Fasting2+1","floor":44},{"not_picked":["Swivel","FearNoEvil+1","CarveReality+1"],"picked":"SKIP","floor":45},{"not_picked":["Meditate","EmptyFist+1"],"picked":"Fasting2+1","floor":47},{"not_picked":["Adaptation+1","Pray+1"],"picked":"Scrawl","floor":54}],"player_experience":1233635,"relics_obtained":[{"floor":6,"key":"Kunai"},{"floor":9,"key":"Potion Belt"},{"floor":10,"key":"Akabeko"},{"floor":14,"key":"Boot"},{"floor":19,"key":"Red Mask"},{"floor":25,"key":"Bird Faced Urn"},{"floor":26,"key":"Frozen Egg 2"},{"floor":30,"key":"PreservedInsect"},{"floor":31,"key":"Darkstone Periapt"},{"floor":34,"key":"Vajra"},{"floor":34,"key":"StrikeDummy"},{"floor":34,"key":"StoneCalendar"},{"floor":39,"key":"Gambling Chip"},{"floor":41,"key":"Ice Cream"},{"floor":47,"key":"Regal Pillow"},{"floor":54,"key":"Bronze Scales"}],"event_choices":[{"damage_healed":0,"gold_gain":0,"player_choice":"Paid Gold","damage_taken":0,"relics_obtained":["CeramicFish"],"max_hp_gain":0,"max_hp_loss":0,"event_name":"WeMeetAgain","floor":4,"gold_loss":53},{"damage_healed":0,"gold_gain":0,"player_choice":"Fought Bandits","damage_taken":0,"max_hp_gain":0,"max_hp_loss":0,"event_name":"Masked Bandits","floor":19,"gold_loss":0},{"damage_healed":0,"gold_gain":0,"player_choice":"Shed Blood","damage_taken":18,"max_hp_gain":5,"max_hp_loss":0,"event_name":"Forgotten Altar","floor":21,"gold_loss":0},{"damage_healed":0,"gold_gain":0,"cards_transformed":["Defend_P"],"player_choice":"Transformed","damage_taken":0,"max_hp_gain":0,"max_hp_loss":0,"event_name":"Transmorgrifier","floor":24,"gold_loss":0,"cards_obtained":["InnerPeace"]},{"cards_removed":["Strike_P"],"damage_healed":0,"gold_gain":0,"player_choice":"Gave Gold","damage_taken":0,"max_hp_gain":0,"max_hp_loss":0,"event_name":"Beggar","floor":29,"gold_loss":75},{"damage_healed":0,"gold_gain":0,"player_choice":"Memory 1","damage_taken":0,"max_hp_gain":0,"max_hp_loss":0,"event_name":"SensoryStone","floor":37,"gold_loss":0},{"damage_healed":0,"gold_gain":222,"player_choice":"Wore Mask","damage_taken":0,"max_hp_gain":0,"max_hp_loss":0,"event_name":"Tomb of Lord Red Mask","floor":38,"gold_loss":0},{"damage_healed":0,"gold_gain":0,"player_choice":"Ignored","damage_taken":0,"max_hp_gain":0,"max_hp_loss":0,"event_name":"Mysterious Sphere","floor":48,"gold_loss":0}],"is_beta":false,"boss_relics":[{"not_picked":["Empty Cage","SlaversCollar"],"picked":"Fusion Hammer"},{"not_picked":["Velvet Choker","Coffee Dripper"],"picked":"Calling Bell"}],"items_purged_floors":[46,53],"is_endless":false,"potions_floor_spawned":[1,3,6,7,10,13,22,25,31,35,36,44,45],"ascension_level":2}}