{"host":"jz4ul6vrcxqkcr33","time":1612052316,"event":{"mods":["BaseMod","Minty Spire (QoL Compilation)","StSLib"],"gold_per_floor":[113,113,133,208,8,8,18,44,71,91,101,101,113,127,127,227,227,242,242,259,269,284,284,296,321,321,321,321,333,333,333,333,430,430,441,441,441],"floor_reached":36,"language":"ENG","playtime":1786,"items_purged":[],"score":471,"play_id":"ec0c99be-ba99-4f5d-9e6f-803893acccb7","local_time":"20210130191836","is_ascension_mode":true,"campfire_choices":[{"data":"CutThroughFate","floor":6.0,"key":"SMITH"},{"floor":12.0,"key":"REST"},{"data":"Judgement","floor":15.0,"key":"SMITH"},{"floor":23.0,"key":"REST"},{"floor":27.0,"key":"REST"},{"floor":30.0,"key":"REST"},{"data":"SandsOfTime","floor":32.0,"key":"SMITH"}],"circlet_count":0,"master_deck":["Eruption","Vigilance","CutThroughFate+1","Protect","EmptyFist","WaveOfTheHand","SpiritShield","InnerPeace","MentalFortress","CrushJoints","Judgement+1","Blasphemy","ConjureBlade","SandsOfTime+1","Alpha","Pray","Worship","Collect","Omniscience","EmptyBody","CrushJoints","Protect","WaveOfTheHand","SandsOfTime","Vengeance","CutThroughFate","EmptyBody+1","Establishment","CurseOfTheBell","JustLucky+1"],"relics":["SlaversCollar","ClockworkSouvenir","Toy Ornithopter","Regal Pillow","Pandora\u0027s Box","Mango","Bottled Flame","Nilry\u0027s Codex","Calling Bell","Happy Flower","Yang","StoneCalendar"],"acts_visited":["Exordium","TheCity","TheBeyond"],"potions_floor_usage":[35],"damage_taken":[{"damage":12.0,"enemies":"Small Slimes","floor":1.0,"turns":7.0},{"damage":7.0,"enemies":"Cultist","floor":3.0,"turns":5.0},{"damage":2.0,"enemies":"2 Louse","floor":7.0,"turns":3.0},{"damage":8.0,"enemies":"Lagavulin","floor":8.0,"turns":7.0},{"damage":0.0,"enemies":"Exordium Wildlife","floor":10.0,"turns":5.0},{"damage":6.0,"enemies":"3 Louse","floor":11.0,"turns":6.0},{"damage":0.0,"enemies":"Looter","floor":13.0,"turns":4.0},{"damage":5.0,"enemies":"Blue Slaver","floor":14.0,"turns":4.0},{"damage":39.0,"enemies":"The Guardian","floor":16.0,"turns":9.0},{"damage":4.0,"enemies":"Chosen","floor":18.0,"turns":4.0},{"damage":0.0,"enemies":"Spheric Guardian","floor":20.0,"turns":2.0},{"damage":29.0,"enemies":"Snake Plant","floor":21.0,"turns":7.0},{"damage":23.0,"enemies":"Snecko","floor":22.0,"turns":7.0},{"damage":26.0,"enemies":"Centurion and Healer","floor":24.0,"turns":8.0},{"damage":42.0,"enemies":"Slavers","floor":25.0,"turns":6.0},{"damage":38.0,"enemies":"Snake Plant","floor":29.0,"turns":7.0},{"damage":23.0,"enemies":"Automaton","floor":33.0,"turns":8.0},{"damage":68,"enemies":"3 Darklings","floor":35,"turns":7},{"damage":28,"enemies":"3 Shapes","floor":36,"turns":2}],"seed_played":"1128842711135384155","potions_obtained":[{"floor":7.0,"key":"BottledMiracle"},{"floor":8.0,"key":"EssenceOfSteel"},{"floor":10.0,"key":"SkillPotion"},{"floor":21.0,"key":"Swift Potion"},{"floor":22.0,"key":"BottledMiracle"},{"floor":24.0,"key":"SteroidPotion"},{"floor":33.0,"key":"PowerPotion"}],"is_trial":false,"path_per_floor":["M","?","M","?","$","R","M","E","T","M","M","R","M","M","R","B",null,"M","?","M","M","M","R","M","E","T","R","?","M","R","?","R","B",null,"M","M"],"character_chosen":"WATCHER","items_purchased":["ClockworkSouvenir","EmptyFist"],"campfire_rested":4,"item_purchase_floors":[5,5],"current_hp_per_floor":[60,65,58,51,51,51,49,41,41,41,35,73,73,68,68,39,77,73,73,73,49,26,64,48,20,20,62,91,53,91,75,75,52,91,28,0,0],"gold":441,"neow_bonus":"BOSS_RELIC","is_daily":false,"chose_seed":false,"campfire_upgraded":3,"win_rate":0.0,"timestamp":1612052316,"path_taken":["M","?","M","?","$","R","?","E","T","M","M","R","M","M","R","BOSS","M","?","?","M","?","R","M","E","T","R","?","M","R","?","R","BOSS","M","M"],"items_purchased_type":["Relic","Card"],"build_version":"2020-12-13","purchased_purges":0,"victory":false,"max_hp_per_floor":[72,77,77,77,77,77,77,77,77,77,77,77,77,77,77,77,77,77,77,77,77,77,77,77,91,91,91,91,91,91,91,91,91,91,91,91,91],"card_choices":[{"not_picked":["Pray","EmptyMind"],"picked":"CutThroughFate","floor":1.0},{"not_picked":["Pray","FlyingSleeves"],"picked":"Protect","floor":3.0},{"not_picked":["Prostrate","EmptyBody"],"picked":"WaveOfTheHand","floor":7.0},{"not_picked":["CarveReality","Weave"],"picked":"SpiritShield","floor":8.0},{"not_picked":["DeceiveReality","Consecrate"],"picked":"InnerPeace","floor":10.0},{"not_picked":["FlurryOfBlows","EmptyBody"],"picked":"MentalFortress","floor":11.0},{"not_picked":["BowlingBash","PathToVictory"],"picked":"CrushJoints","floor":13.0},{"not_picked":["FollowUp","ClearTheMind"],"picked":"Judgement","floor":14.0},{"not_picked":["Omniscience","DeusExMachina"],"picked":"Blasphemy","floor":16.0},{"not_picked":["Indignation","JustLucky"],"picked":"EmptyBody","floor":18.0},{"not_picked":["Adaptation","JustLucky"],"picked":"Protect","floor":20.0},{"not_picked":["Adaptation","PathToVictory"],"picked":"WaveOfTheHand","floor":21.0},{"not_picked":["Adaptation","FlyingSleeves"],"picked":"SandsOfTime","floor":22.0},{"not_picked":["SandsOfTime","Evaluate"],"picked":"Vengeance","floor":24.0},{"not_picked":["PathToVictory","MasterReality"],"picked":"CutThroughFate","floor":25.0},{"not_picked":["Swivel+1","Wireheading+1"],"picked":"EmptyBody+1","floor":29.0},{"not_picked":["Wish","ConjureBlade"],"picked":"Establishment","floor":33.0},{"not_picked":["Swivel","PathToVictory"],"picked":"JustLucky+1","floor":35}],"player_experience":195739,"relics_obtained":[{"floor":8.0,"key":"Toy Ornithopter"},{"floor":9.0,"key":"Regal Pillow"},{"floor":25.0,"key":"Mango"},{"floor":26.0,"key":"Bottled Flame"},{"floor":31.0,"key":"Nilry\u0027s Codex"},{"floor":34.0,"key":"Happy Flower"},{"floor":34.0,"key":"Yang"},{"floor":34.0,"key":"StoneCalendar"}],"event_choices":[{"damage_healed":0.0,"max_hp_gain":5.0,"max_hp_loss":0.0,"gold_gain":0.0,"event_name":"Big Fish","player_choice":"Donut","floor":2.0,"gold_loss":0.0,"damage_taken":0.0},{"damage_healed":0.0,"max_hp_gain":0.0,"max_hp_loss":0.0,"gold_gain":75.0,"event_name":"FaceTrader","player_choice":"Touch","floor":4.0,"gold_loss":0.0,"damage_taken":7.0},{"damage_healed":0.0,"max_hp_gain":0.0,"max_hp_loss":0.0,"gold_gain":0.0,"cards_transformed":["FlyingSleeves"],"event_name":"Transmorgrifier","player_choice":"Transformed","floor":19.0,"gold_loss":0.0,"damage_taken":0.0,"cards_obtained":["CrushJoints"]},{"damage_healed":30.0,"max_hp_gain":0.0,"max_hp_loss":0.0,"gold_gain":0.0,"event_name":"The Library","player_choice":"Heal","floor":28.0,"gold_loss":0.0,"damage_taken":0.0},{"damage_healed":0.0,"max_hp_gain":0.0,"max_hp_loss":0.0,"gold_gain":0.0,"event_name":"Cursed Tome","player_choice":"Obtained Book","floor":31.0,"gold_loss":0.0,"damage_taken":16.0}],"is_beta":false,"boss_relics":[{"not_picked":["Ectoplasm","Tiny House"],"picked":"Pandora\u0027s Box"},{"not_picked":["SacredBark","Runic Dome"],"picked":"Calling Bell"}],"items_purged_floors":[],"is_endless":false,"potions_floor_spawned":[7,8,10,11,13,14,21,22,24,33],"killed_by":"3 Shapes","ascension_level":3}}