{"host":"vgoo8hagqzs0eqkg","time":1612098760,"event":{"mods":["BaseMod","Downfall","Minty Spire (QoL Compilation)","Quick Restart","StSLib"],"gold_per_floor":[118,135,151,201,215,215,234,234,315,20,47,12,12,38,38,116,116,128,128,142,57,57,57],"floor_reached":22,"language":"ZHS","playtime":666,"items_purged":[],"score":359,"play_id":"5697aaed-4c58-404f-b3eb-d0c364ff398d","local_time":"20210131211240","is_ascension_mode":true,"campfire_choices":[{"data":"Inflame","floor":6.0,"key":"SMITH"},{"data":"Flex","floor":13.0,"key":"SMITH"},{"floor":15.0,"key":"REST"}],"circlet_count":0,"master_deck":["AscendersBane","Strike_R","Strike_R","Strike_R","Strike_R+1","Defend_R","Defend_R","Defend_R","Bash","Inflame+1","Pommel Strike+1","Burning Pact","Pummel","Feel No Pain+1","Flex+1","Twin Strike","Exhume","Flex+1"],"relics":["Burning Blood","Champion Belt","Frozen Egg 2","Oddly Smooth Stone","Juzu Bracelet","Whetstone","Empty Cage","HornCleat"],"acts_visited":["TheCity"],"potions_floor_usage":[22],"damage_taken":[{"damage":1.0,"enemies":"Small Slimes","floor":1.0,"turns":4.0},{"damage":7.0,"enemies":"Cultist","floor":2.0,"turns":4.0},{"damage":5.0,"enemies":"2 Louse","floor":3.0,"turns":3.0},{"damage":36.0,"enemies":"Exordium Thugs","floor":5.0,"turns":4.0},{"damage":12.0,"enemies":"Looter","floor":7.0,"turns":3.0},{"damage":20.0,"enemies":"3 Sentries","floor":14.0,"turns":12.0},{"damage":55.0,"enemies":"Hexaghost","floor":16.0,"turns":8.0},{"damage":15,"enemies":"Spheric Guardian","floor":18,"turns":4},{"damage":50,"enemies":"Shell Parasite","floor":20,"turns":7},{"damage":23,"enemies":"Shelled Parasite and Fungi","floor":22,"turns":1}],"seed_played":"-6588203101408334111","potions_obtained":[{"floor":0.0,"key":"Fruit Juice"},{"floor":0.0,"key":"Swift Potion"},{"floor":0.0,"key":"BlessingOfTheForge"},{"floor":18,"key":"Weak Potion"}],"is_trial":false,"path_per_floor":["M","M","M","?","M","R","M","?","T","$","T","?","R","E","R","B",null,"M","?","M","?","M"],"character_chosen":"IRONCLAD","items_purchased":["Feel No Pain+1","Flex","Oddly Smooth Stone"],"campfire_rested":1,"item_purchase_floors":[10,10,10],"current_hp_per_floor":[78,77,78,78,48,48,42,42,42,42,42,62,62,48,72,23,66,57,57,13,13,0,0],"gold":57,"neow_bonus":"THREE_SMALL_POTIONS","is_daily":false,"chose_seed":false,"campfire_upgraded":2,"win_rate":0.0,"timestamp":1612098760,"path_taken":["M","M","M","?","M","R","?","?","T","$","?","?","R","E","R","BOSS","M","?","M","?","M"],"items_purchased_type":["Card","Card","Relic"],"build_version":"2020-12-22","purchased_purges":0,"victory":false,"max_hp_per_floor":[80,80,80,80,80,80,80,80,80,80,80,80,80,80,80,80,80,80,80,80,80,80,80],"card_choices":[{"not_picked":["Dual Wield","Pommel Strike"],"picked":"Inflame","floor":1.0},{"not_picked":["Clash","Headbutt"],"picked":"Pummel","floor":2.0},{"not_picked":["Clash","Headbutt"],"picked":"Pommel Strike","floor":3.0},{"not_picked":["Thunderclap","Battle Trance"],"picked":"Burning Pact","floor":5.0},{"not_picked":["Dual Wield","Warcry"],"picked":"Pummel","floor":7.0},{"not_picked":["Dark Embrace+1","Anger"],"picked":"Twin Strike","floor":14.0},{"not_picked":["Berserk+1","Demon Form+1"],"picked":"Exhume","floor":16.0},{"not_picked":["Headbutt","Burning Pact+1","Rupture+1"],"picked":"SKIP","floor":18},{"not_picked":["Perfected Strike","Havoc+1"],"picked":"Flex+1","floor":20}],"player_experience":473387,"relics_obtained":[{"floor":9.0,"key":"Frozen Egg 2"},{"floor":11.0,"key":"Juzu Bracelet"},{"floor":14.0,"key":"Whetstone"}],"event_choices":[{"damage_healed":0.0,"max_hp_gain":0.0,"max_hp_loss":0.0,"gold_gain":50.0,"event_name":"Golden Shrine","player_choice":"Pray","floor":4.0,"gold_loss":0.0,"damage_taken":0.0},{"cards_removed":["Pummel"],"damage_healed":0.0,"max_hp_gain":0.0,"max_hp_loss":0.0,"gold_gain":0.0,"event_name":"WeMeetAgain","player_choice":"Gave Card","floor":8.0,"gold_loss":0.0,"damage_taken":0.0,"relics_obtained":["Champion Belt"]},{"damage_healed":20.0,"max_hp_gain":0.0,"max_hp_loss":0.0,"gold_gain":0.0,"event_name":"The Cleric","player_choice":"Healed","floor":12.0,"gold_loss":35.0,"damage_taken":0.0},{"damage_healed":0,"gold_gain":0,"player_choice":"Obtained Relic","damage_taken":0,"relics_obtained":["HornCleat"],"max_hp_gain":0,"max_hp_loss":0,"event_name":"Addict","floor":21,"gold_loss":85}],"is_beta":false,"boss_relics":[{"not_picked":["Black Star","Pandora\u0027s Box"],"picked":"Empty Cage"}],"items_purged_floors":[],"is_endless":false,"potions_floor_spawned":[2,3,14,18],"killed_by":"Shelled Parasite and Fungi","ascension_level":19}}