{"host":"nolo0osttpwefhwj","time":1612098353,"event":{"mods":["AchievementEnabler","BaseMod","Bestiary","Colored Powertips","Minty Spire (QoL Compilation)","Permanent Neow","Quick Restart","Relic Stats"],"gold_per_floor":[117,131,131,156,121,121,161,180,226,249,249,283,302,302,302],"floor_reached":14,"language":"ENG","playtime":768,"items_purged":[],"score":185,"play_id":"fda07e7f-77ab-4bc7-9555-01e128d400e9","local_time":"20210131140553","is_ascension_mode":true,"campfire_choices":[{"data":"Neutralize","floor":6.0,"key":"SMITH"}],"circlet_count":0,"master_deck":["AscendersBane","Strike_G","Strike_G","Strike_G","Strike_G","Strike_G","Defend_G","Defend_G","Defend_G","Defend_G","Defend_G","Survivor","Neutralize+1","Dagger Throw","Tactician","Infinite Blades","Tools of the Trade","Infinite Blades","Cloak And Dagger"],"relics":["Ring of the Snake","Tiny Chest","Golden Idol","Letter Opener","Bag of Marbles","Bag of Preparation","Lantern","Dream Catcher"],"acts_visited":["Exordium"],"potions_floor_usage":[13],"damage_taken":[{"damage":17.0,"enemies":"Jaw Worm","floor":1.0,"turns":10.0},{"damage":7.0,"enemies":"Small Slimes","floor":2.0,"turns":5.0},{"damage":1.0,"enemies":"2 Louse","floor":4.0,"turns":3.0},{"damage":20.0,"enemies":"Gremlin Nob","floor":7.0,"turns":4.0},{"damage":2.0,"enemies":"2 Fungi Beasts","floor":8.0,"turns":4.0},{"damage":22.0,"enemies":"3 Sentries","floor":12.0,"turns":8.0},{"damage":0,"enemies":"Lots of Slimes","floor":13,"turns":4},{"damage":5,"enemies":"Lagavulin","floor":14,"turns":2}],"seed_played":"-5167210067555277988","potions_obtained":[{"floor":2.0,"key":"GamblersBrew"},{"floor":4.0,"key":"Explosive Potion"},{"floor":12.0,"key":"Block Potion"}],"is_trial":false,"path_per_floor":["M","M","?","M","?","R","E","M","T","T","?","E","M","E"],"character_chosen":"THE_SILENT","items_purchased":[],"campfire_rested":0,"item_purchase_floors":[],"current_hp_per_floor":[42,35,35,34,49,49,29,27,27,27,27,5,5,0,0],"gold":302,"neow_bonus":"RANDOM_COMMON_RELIC","is_daily":false,"chose_seed":false,"campfire_upgraded":1,"win_rate":0.0,"timestamp":1612098353,"path_taken":["M","M","?","M","?","R","E","?","T","?","?","E","M","E"],"items_purchased_type":[],"build_version":"2020-12-22","purchased_purges":0,"victory":false,"max_hp_per_floor":[66,66,60,60,60,60,60,60,60,60,60,60,60,60,60],"relic_stats":{"Dream Catcher":0,"counters":[8,40],"Golden Idol":28,"Tiny Chest":1,"Bag of Preparation":[6],"Letter Opener":[15],"obtain_stats":[{"Lantern":11,"Dream Catcher":12,"Golden Idol":3,"Tiny Chest":0,"Bag of Marbles":9,"Bag of Preparation":10,"Letter Opener":7,"Ring of the Snake":0},{"Lantern":5,"Dream Catcher":6,"Golden Idol":2,"Tiny Chest":0,"Bag of Marbles":5,"Bag of Preparation":5,"Letter Opener":4,"Ring of the Snake":0},{"Lantern":26,"Dream Catcher":34,"Golden Idol":15,"Tiny Chest":0,"Bag of Marbles":26,"Bag of Preparation":26,"Letter Opener":22,"Ring of the Snake":0}],"Ring of the Snake":[16]},"card_choices":[{"not_picked":["Dagger Spray","Dodge and Roll"],"picked":"Dagger Throw","floor":1.0},{"not_picked":["Dagger Spray","Flying Knee"],"picked":"Tactician","floor":2.0},{"not_picked":["Deflect","Deadly Poison"],"picked":"Infinite Blades","floor":4.0},{"not_picked":["Terror","Reflex"],"picked":"Tools of the Trade","floor":7.0},{"not_picked":["Distraction","Quick Slash"],"picked":"Infinite Blades","floor":8.0},{"not_picked":["Expertise","All Out Attack","Slice"],"picked":"SKIP","floor":12.0},{"not_picked":["Prepared","Backflip"],"picked":"Cloak And Dagger","floor":13}],"player_experience":277801,"relics_obtained":[{"floor":7.0,"key":"Letter Opener"},{"floor":9.0,"key":"Bag of Marbles"},{"floor":10.0,"key":"Bag of Preparation"},{"floor":12.0,"key":"Dream Catcher"}],"event_choices":[{"damage_healed":0.0,"max_hp_gain":0.0,"max_hp_loss":6.0,"gold_gain":0.0,"event_name":"Golden Idol","player_choice":"Lose Max HP","floor":3.0,"gold_loss":0.0,"damage_taken":0.0,"relics_obtained":["Golden Idol"]},{"damage_healed":15.0,"max_hp_gain":0.0,"max_hp_loss":0.0,"gold_gain":0.0,"event_name":"The Cleric","player_choice":"Healed","floor":5.0,"gold_loss":35.0,"damage_taken":0.0},{"damage_healed":0.0,"max_hp_gain":0.0,"max_hp_loss":0.0,"gold_gain":0.0,"event_name":"Dead Adventurer","player_choice":"Searched \u00271\u0027 times","floor":11.0,"gold_loss":0.0,"damage_taken":0.0,"relics_obtained":["Lantern"]}],"is_beta":false,"boss_relics":[],"items_purged_floors":[],"is_endless":false,"potions_floor_spawned":[2,4,12],"killed_by":"Lagavulin","ascension_level":17}}