{"host":"y76clbnovzmw9ubx","time":1612106371,"event":{"mods":["AchievementEnabler","BaseMod","Minty Spire (QoL Compilation)","Permanent Neow","Relic Stats"],"gold_per_floor":[111,123,65,80,99,99,99],"floor_reached":6,"language":"ENG","playtime":585,"items_purged":[],"score":76,"play_id":"7d443355-72ed-4b70-9955-1e59c19eabda","local_time":"20210131101931","is_ascension_mode":true,"campfire_choices":[],"circlet_count":0,"master_deck":["AscendersBane","Strike_G","Strike_G","Strike_G","Strike_G","Strike_G","Defend_G","Defend_G","Defend_G","Defend_G","Defend_G","Survivor","Neutralize","Panache","Calculated Gamble","Blade Dance","Endless Agony","Terror"],"relics":["Ring of the Snake"],"acts_visited":["Exordium"],"potions_floor_usage":[5,6],"damage_taken":[{"damage":2,"enemies":"Small Slimes","floor":1,"turns":5},{"damage":3,"enemies":"2 Louse","floor":2,"turns":4},{"damage":0,"enemies":"Cultist","floor":4,"turns":2},{"damage":15,"enemies":"Large Slime","floor":5,"turns":7},{"damage":29,"enemies":"Gremlin Nob","floor":6,"turns":3}],"seed_played":"-1004240534038172115","potions_obtained":[{"floor":1,"key":"SteroidPotion"},{"floor":2,"key":"Weak Potion"}],"is_trial":false,"path_per_floor":["M","M","?","M","M","E"],"character_chosen":"THE_SILENT","items_purchased":[],"campfire_rested":0,"item_purchase_floors":[],"current_hp_per_floor":[42,39,39,39,24,0,0],"gold":99,"neow_bonus":"RANDOM_COLORLESS_2","is_daily":false,"chose_seed":false,"campfire_upgraded":0,"win_rate":0.0,"timestamp":1612106371,"path_taken":["M","M","?","M","M","E"],"items_purchased_type":[],"build_version":"2020-12-22","purchased_purges":0,"victory":false,"max_hp_per_floor":[66,66,66,66,66,66,66],"relic_stats":{"counters":[5,21],"obtain_stats":[{"Ring of the Snake":0},{"Ring of the Snake":0},{"Ring of the Snake":0}],"Ring of the Snake":[10]},"card_choices":[{"not_picked":["Violence","The Bomb"],"picked":"Panache","floor":0},{"not_picked":["Dodge and Roll","Sucker Punch"],"picked":"Calculated Gamble","floor":1},{"not_picked":["Bouncing Flask","Flying Knee"],"picked":"Blade Dance","floor":2},{"not_picked":["Riddle With Holes","Underhanded Strike"],"picked":"Endless Agony","floor":4},{"not_picked":["Catalyst","Acrobatics"],"picked":"Terror","floor":5}],"player_experience":3167938,"relics_obtained":[],"event_choices":[{"damage_healed":0,"gold_gain":0,"player_choice":"Left Gold","damage_taken":0,"max_hp_gain":0,"max_hp_loss":0,"event_name":"World of Goop","floor":3,"gold_loss":58}],"is_beta":false,"boss_relics":[],"items_purged_floors":[],"is_endless":false,"potions_floor_spawned":[1,2],"killed_by":"Gremlin Nob","ascension_level":20}}