{"host":"3498uni0c31c9bdm","time":1612121965,"event":{"mods":["BaseMod","Better Third Choice","Minty Spire (QoL Compilation)","Replay The Spire","StSLib"],"gold_per_floor":[119,119,94,110,123,157,157,183,209,209,95,95,95,106,106,209,209,209,209],"floor_reached":18,"language":"ENG","playtime":634,"items_purged":["Regret"],"score":260,"play_id":"2064ba4a-fe41-4e49-96ed-62f40218b459","local_time":"20210201063925","is_ascension_mode":true,"campfire_choices":[{"floor":7,"key":"REST"},{"floor":12,"key":"REST"},{"floor":15,"key":"RECALL"}],"circlet_count":0,"master_deck":["AscendersBane","Strike_P","Strike_P","Strike_P","Strike_P","Defend_P","Defend_P","Defend_P","Defend_P","Eruption","Vigilance","EmptyMind","FlyingSleeves","Consecrate","PathToVictory","WreathOfFlame+1","BowlingBash","Regret","Replay:DivineShield","Crescendo","LikeWater","Establishment"],"relics":["PureWater","NeowsBlessing","Sundial","MealTicket","Centennial Puzzle","Dream Catcher","ReplayTheSpireMod:CursedCoin","Bag of Marbles","Black Star"],"acts_visited":["Exordium","TheCity"],"potions_floor_usage":[6,16,18],"damage_taken":[{"damage":0,"enemies":"Cultist","floor":1,"turns":1},{"damage":0,"enemies":"2 Louse","floor":4,"turns":1},{"damage":0,"enemies":"Jaw Worm","floor":5,"turns":1},{"damage":36,"enemies":"Gremlin Nob","floor":6,"turns":4},{"damage":29,"enemies":"3 Sentries","floor":8,"turns":10},{"damage":1,"enemies":"3 Louse","floor":14,"turns":3},{"damage":46,"enemies":"Slime Boss","floor":16,"turns":15},{"damage":66,"enemies":"Spheric Guardian","floor":18,"turns":7}],"seed_played":"5751906332444452296","potions_obtained":[{"floor":4,"key":"PowerPotion"},{"floor":8,"key":"StancePotion"},{"floor":14,"key":"SkillPotion"}],"is_trial":false,"path_per_floor":["M","T","$","M","M","E","R","E","T","?","$","R","?","M","R","B",null,"M"],"character_chosen":"WATCHER","items_purchased":["FlyingSleeves","ReplayTheSpireMod:CursedCoin","Bag of Marbles","Replay:DivineShield"],"campfire_rested":2,"item_purchase_floors":[3,11,11,11],"current_hp_per_floor":[65,65,65,65,65,29,50,21,21,21,36,57,57,56,56,10,57,0,0],"gold":209,"neow_bonus":"THREE_ENEMY_KILL","is_daily":false,"chose_seed":false,"campfire_upgraded":0,"win_rate":0.0,"timestamp":1612121965,"path_taken":["M","?","$","M","M","E","R","E","T","?","?","R","?","M","R","BOSS","M"],"items_purchased_type":["Card","Relic","Relic","Card"],"build_version":"2020-12-22","purchased_purges":1,"victory":false,"max_hp_per_floor":[72,72,72,72,72,72,72,72,72,72,72,72,72,72,72,72,72,72,72],"card_choices":[{"not_picked":["ClearTheMind","Replay:AtTheReady"],"picked":"EmptyMind","floor":1},{"not_picked":["EmptyFist","Crescendo"],"picked":"Consecrate","floor":4},{"not_picked":["Protect","ThirdEye"],"picked":"PathToVictory","floor":5},{"not_picked":["FlyingSleeves","Adaptation"],"picked":"WreathOfFlame","floor":6},{"not_picked":["Adaptation","Replay:Hum"],"picked":"BowlingBash","floor":8},{"not_picked":["EmptyMind","Conclude"],"picked":"Crescendo","floor":12},{"not_picked":["Replay:Vibes","SashWhip"],"picked":"LikeWater","floor":14},{"not_picked":["Scrawl","Replay:AllIn"],"picked":"Establishment","floor":16}],"player_experience":778944,"relics_obtained":[{"floor":2,"key":"Sundial"},{"floor":6,"key":"MealTicket"},{"floor":8,"key":"Centennial Puzzle"}],"event_choices":[{"damage_healed":0,"gold_gain":0,"player_choice":"Box","damage_taken":0,"relics_obtained":["Dream Catcher"],"max_hp_gain":0,"max_hp_loss":0,"event_name":"Big Fish","floor":10,"gold_loss":0,"cards_obtained":["Regret"]}],"is_beta":false,"boss_relics":[{"not_picked":["SlaversCollar","Philosopher\u0027s Stone"],"picked":"Black Star"}],"items_purged_floors":[11],"is_endless":false,"potions_floor_spawned":[4,8,14],"killed_by":"Spheric Guardian","ascension_level":11}}