{"host":"1bmpebsu0h6jmm2g","time":1612091307,"event":{"mods":["BaseMod","BetterRewards","Colored Map","DeckTracker","Highlight Path","Keyboard Shortcuts","Minty Spire (QoL Compilation)","Permanent Neow","Quick Restart","Relic Stats","Slay the Relics Exporter","Spicy Shops","StSLib","SuperFastMode"],"gold_per_floor":[118,118,128,146,146,146,196,71,146,162,187,208,208,233,233,331,331,351,351,35,35,235,266,266,289,316,330,363,363,406,442,454,466,466],"floor_reached":33,"language":"KOR","playtime":699,"items_purged":["Pain","Strike_G","Strike_G","Strike_G"],"score":794,"play_id":"75ae6a5d-3175-406f-963a-89351fdaa4af","local_time":"20210131200827","is_ascension_mode":true,"campfire_choices":[{"floor":6.0,"key":"REST"},{"floor":13.0,"key":"REST"},{"data":"Neutralize","floor":15.0,"key":"SMITH"},{"floor":24.0,"key":"REST"},{"data":"1","floor":29.0,"key":"LIFT"},{"data":"2","floor":32.0,"key":"LIFT"}],"circlet_count":0,"master_deck":["AscendersBane","Strike_G","Strike_G","Defend_G","Defend_G","Defend_G","Defend_G","Defend_G","Survivor","Neutralize+1","Deadly Poison+1","Blade Dance+1","Tactician+1","Acrobatics+1","Backstab+1","Terror+1","Malaise+1","Backflip+1","Grand Finale+1","Escape Plan+1","Blur+1"],"relics":["Ring of the Snake","Sundial","Lantern","Toxic Egg 2","Frozen Egg 2","Golden Idol","Molten Egg 2","WristBlade","Omamori","Boot","Snake Skull","MealTicket","Girya","MawBank"],"acts_visited":["Exordium","TheCity"],"potions_floor_usage":[33],"damage_taken":[{"damage":0.0,"enemies":"Jaw Worm","floor":1.0,"turns":4.0},{"damage":3.0,"enemies":"2 Louse","floor":3.0,"turns":3.0},{"damage":6.0,"enemies":"Cultist","floor":4.0,"turns":4.0},{"damage":10.0,"enemies":"3 Louse","floor":10.0,"turns":5.0},{"damage":9.0,"enemies":"Blue Slaver","floor":11.0,"turns":3.0},{"damage":0.0,"enemies":"Gremlin Gang","floor":12.0,"turns":4.0},{"damage":0.0,"enemies":"2 Fungi Beasts","floor":14.0,"turns":2.0},{"damage":26.0,"enemies":"Hexaghost","floor":16.0,"turns":9.0},{"damage":0.0,"enemies":"Chosen","floor":18.0,"turns":4.0},{"damage":5.0,"enemies":"Book of Stabbing","floor":23.0,"turns":4.0},{"damage":0.0,"enemies":"Spheric Guardian","floor":25.0,"turns":1.0},{"damage":0.0,"enemies":"Snecko","floor":27.0,"turns":3.0},{"damage":14.0,"enemies":"Slavers","floor":28.0,"turns":8.0},{"damage":14.0,"enemies":"Gremlin Leader","floor":30.0,"turns":4.0},{"damage":10.0,"enemies":"Sentry and Sphere","floor":31.0,"turns":5.0},{"damage":33,"enemies":"Collector","floor":33,"turns":7}],"seed_played":"7190749051363089920","potions_obtained":[{"floor":1.0,"key":"Regen Potion"},{"floor":12.0,"key":"Energy Potion"},{"floor":16.0,"key":"LiquidBronze"},{"floor":25.0,"key":"DistilledChaos"},{"floor":30.0,"key":"GamblersBrew"}],"is_trial":false,"path_per_floor":["M","?","M","M","?","R","?","$","T","M","M","M","R","M","R","B",null,"M","?","$","?","?","E","R","M","T","M","E","R","E","M","R","B"],"character_chosen":"THE_SILENT","items_purchased":["Sundial","Lantern","Toxic Egg 2","Deadly Poison+1","Omamori"],"campfire_rested":3,"item_purchase_floors":[0,0,0,0,20],"current_hp_per_floor":[28,17,14,8,8,26,20,20,20,10,10,10,28,28,28,2,46,46,46,46,46,46,41,59,59,59,59,45,45,31,21,21,0,0],"gold":466,"neow_bonus":"","is_daily":false,"chose_seed":false,"campfire_upgraded":1,"win_rate":0.0,"timestamp":1612091307,"path_taken":["M","?","M","M","?","R","?","$","T","?","M","M","R","M","R","BOSS","M","?","$","?","?","E","R","M","T","M","E","R","E","M","R","BOSS"],"items_purchased_type":["Relic","Relic","Relic","Card","Relic"],"build_version":"2020-12-22","purchased_purges":4,"victory":false,"max_hp_per_floor":[66,66,66,66,60,60,60,60,60,60,60,60,60,60,60,60,60,60,60,60,60,60,60,60,60,60,60,60,60,60,60,60,60,60],"relic_stats":{"counters":[22,98],"Sundial":[14],"Golden Idol":76,"MealTicket":0,"Snake Skull":[6],"Boot":[3],"MawBank":36,"obtain_stats":[{"Girya":28,"Lantern":0,"Singing Bowl":6,"Golden Idol":5,"Snake Skull":23,"Omamori":20,"Frozen Egg 2":2,"Boot":21,"MawBank":30,"WristBlade":17,"Sundial":0,"Molten Egg 2":9,"MealTicket":26,"Toxic Egg 2":0,"Cracked Core":0,"Ring of the Snake":0},{"Girya":19,"Lantern":6,"Singing Bowl":4,"Golden Idol":9,"Snake Skull":16,"Omamori":15,"Frozen Egg 2":7,"Boot":15,"MawBank":20,"WristBlade":14,"Sundial":6,"Molten Egg 2":9,"MealTicket":17,"Toxic Egg 2":6,"Cracked Core":0,"Ring of the Snake":0},{"Girya":82,"Lantern":28,"Singing Bowl":20,"Golden Idol":39,"Snake Skull":70,"Omamori":66,"Frozen Egg 2":32,"Boot":66,"MawBank":86,"WristBlade":62,"Sundial":28,"Molten Egg 2":39,"MealTicket":71,"Toxic Egg 2":28,"Cracked Core":0,"Ring of the Snake":0}],"Ring of the Snake":[32]},"card_choices":[{"not_picked":["Concentrate+1","Underhanded Strike"],"picked":"Blade Dance+1","floor":1.0},{"not_picked":["Terror+1","Poisoned Stab"],"picked":"Tactician+1","floor":3.0},{"not_picked":["Prepared+1","Outmaneuver+1"],"picked":"Acrobatics+1","floor":4.0},{"not_picked":["Blade Dance+1","Concentrate+1","Riddle With Holes+1"],"picked":"SKIP","floor":10.0},{"not_picked":["Setup+1","Dodge and Roll+1"],"picked":"Backstab+1","floor":11.0},{"not_picked":["Leg Sweep+1","Backstab+1"],"picked":"Terror+1","floor":12.0},{"not_picked":["Deflect+1","Tactician+1","Sucker Punch+1"],"picked":"SKIP","floor":14.0},{"not_picked":["Glass Knife+1","Bullet Time+1"],"picked":"Malaise+1","floor":16.0},{"not_picked":["Blade Dance+1","Eviscerate+1"],"picked":"Backflip+1","floor":18.0},{"not_picked":["Cloak And Dagger+1","Finisher+1","Grand Finale+1"],"picked":"SKIP","floor":23.0},{"not_picked":["Cloak And Dagger+1","Finisher+1"],"picked":"Grand Finale+1","floor":23.0},{"not_picked":["Expertise+1","Cloak And Dagger+1","Catalyst+1"],"picked":"SKIP","floor":25.0},{"not_picked":["Footwork+1","Terror+1"],"picked":"Escape Plan+1","floor":27.0},{"not_picked":["Die Die Die+1","Masterful Stab+1"],"picked":"Blur+1","floor":28.0},{"not_picked":["Corpse Explosion+1","Accuracy+1","Escape Plan+1"],"picked":"SKIP","floor":30.0},{"not_picked":["Cloak And Dagger+1","Riddle With Holes+1","Deflect+1"],"picked":"SKIP","floor":31.0}],"player_experience":497218,"relics_obtained":[{"floor":9.0,"key":"Molten Egg 2"},{"floor":23.0,"key":"Snake Skull"},{"floor":26.0,"key":"MealTicket"},{"floor":28.0,"key":"Girya"},{"floor":30.0,"key":"MawBank"}],"event_choices":[{"damage_healed":0.0,"max_hp_gain":0.0,"max_hp_loss":0.0,"gold_gain":0.0,"event_name":"Scrap Ooze","player_choice":"Success","floor":2.0,"gold_loss":0.0,"damage_taken":11.0,"relics_obtained":["Frozen Egg 2"]},{"damage_healed":0.0,"max_hp_gain":0.0,"max_hp_loss":6.0,"gold_gain":0.0,"event_name":"Golden Idol","player_choice":"Lose Max HP","floor":5.0,"gold_loss":0.0,"damage_taken":0.0,"relics_obtained":["Golden Idol"]},{"damage_healed":0.0,"max_hp_gain":0.0,"max_hp_loss":0.0,"gold_gain":50.0,"event_name":"FaceTrader","player_choice":"Touch","floor":7.0,"gold_loss":0.0,"damage_taken":6.0},{"damage_healed":0.0,"max_hp_gain":0.0,"max_hp_loss":0.0,"gold_gain":0.0,"event_name":"Cursed Tome","player_choice":"Ignored","floor":19.0,"gold_loss":0.0,"damage_taken":0.0},{"damage_healed":0.0,"max_hp_gain":0.0,"max_hp_loss":0.0,"gold_gain":0.0,"event_name":"The Mausoleum","player_choice":"Opened","floor":21.0,"gold_loss":0.0,"damage_taken":0.0,"relics_obtained":["Boot"],"cards_obtained":["Writhe"]},{"damage_healed":0.0,"max_hp_gain":0.0,"max_hp_loss":0.0,"gold_gain":200.0,"event_name":"Wheel of Change","player_choice":"Gold","floor":22.0,"gold_loss":0.0,"damage_taken":0.0}],"is_beta":false,"boss_relics":[{"not_picked":["Busted Crown","Black Star"],"picked":"WristBlade"}],"items_purged_floors":[0,0,8,20],"is_endless":false,"potions_floor_spawned":[1,12,16,18,25,30],"killed_by":"Collector","ascension_level":20}}