{"host":"hl2lcm3kcu0x5jvn","time":1612069543,"event":{"mods":["AchievementEnabler","BaseMod","Conspire","Downfall","Friendly Minions","Highlight Path","Hubris","Infinite Spire","Lobotomy","Minty Spire (QoL Compilation)","Replay The Spire","Shop Mod","StSLib","everything is the same but u backflip on backflip"],"gold_per_floor":[114,114,114,114,130,130,145,145,145,145,166,197,158,158,118,118,118],"floor_reached":16,"language":"ENG","playtime":429,"items_purged":[],"score":148,"play_id":"31aceded-faea-4cc1-aa7f-4ab997587e50","local_time":"20210131120543","is_ascension_mode":false,"campfire_choices":[{"floor":6,"key":"REST"},{"data":"Anger","floor":8,"key":"SMITH"}],"circlet_count":0,"master_deck":["Strike_R+1","Strike_R","Strike_R","Strike_R","Strike_R","Defend_R","Defend_R+1","Defend_R","Defend_R","Bash","Pummel+1","Injury","Heavy Blade","Anger+1","Flex","Replay:Undeath\u0027s Touch","Flex+1"],"relics":["Burning Blood","Golden Idol","hubris:MysteriousPyramids","Blue Candle"],"acts_visited":["Exordium"],"potions_floor_usage":[16,16],"damage_taken":[{"damage":12,"enemies":"Small Slimes","floor":1,"turns":3},{"damage":11,"enemies":"Jaw Worm","floor":5,"turns":2},{"damage":5,"enemies":"2 Louse","floor":7,"turns":3},{"damage":9,"enemies":"2 Fungi Beasts","floor":11,"turns":3},{"damage":40,"enemies":"3 Sentries","floor":12,"turns":7}],"seed_played":"6646874602266019933","potions_obtained":[{"floor":11,"key":"LiquidBronze"},{"floor":12,"key":"bronze:BurnAndBuffPotion"}],"is_trial":false,"path_per_floor":["M","?","?","?","M","R","M","R","T","?","M","E","$","?","R","B"],"character_chosen":"IRONCLAD","items_purchased":["Flex"],"campfire_rested":1,"item_purchase_floors":[13],"current_hp_per_floor":[74,74,74,58,53,77,78,78,78,78,75,41,41,46,46,0,0],"gold":118,"neow_bonus":"","is_daily":false,"chose_seed":false,"campfire_upgraded":1,"win_rate":0.0,"timestamp":1612069543,"path_taken":["M","?","?","?","M","R","M","R","T","?","M","E","$","?","R","BOSS"],"items_purchased_type":["Card"],"build_version":"2020-12-22","purchased_purges":0,"victory":false,"max_hp_per_floor":[80,80,80,80,80,80,80,80,80,80,80,80,80,80,80,80,80],"card_choices":[{"not_picked":["Second Wind","Massacre"],"picked":"Pummel","floor":1},{"not_picked":["ReplayTheSpireMod:Muscle Training","Warcry"],"picked":"Heavy Blade","floor":5},{"not_picked":["True Grit","ReplayTheSpireMod:Strike From Hell"],"picked":"Anger","floor":7},{"not_picked":["Wild Strike","Twin Strike"],"picked":"Flex","floor":11},{"not_picked":["Power Through","Fiend Fire"],"picked":"Replay:Undeath\u0027s Touch","floor":12}],"player_experience":117730,"relics_obtained":[{"floor":9,"key":"hubris:MysteriousPyramids"},{"floor":12,"key":"Blue Candle"}],"event_choices":[{"damage_healed":0,"gold_gain":0,"player_choice":"Take Wound","damage_taken":0,"relics_obtained":["Golden Idol"],"max_hp_gain":0,"max_hp_loss":0,"event_name":"Golden Idol","floor":2,"gold_loss":0,"cards_obtained":["Injury"]},{"damage_healed":0,"gold_gain":0,"player_choice":"Grow","damage_taken":0,"max_hp_gain":0,"max_hp_loss":0,"event_name":"Living Wall","floor":3,"gold_loss":0,"cards_upgraded":["Pummel"]},{"damage_healed":0,"gold_gain":0,"player_choice":"Entered Light","damage_taken":16,"max_hp_gain":0,"max_hp_loss":0,"event_name":"Shining Light","floor":4,"gold_loss":0,"cards_upgraded":["Strike_R","Defend_R"]},{"damage_healed":0,"gold_gain":0,"player_choice":"Leave","damage_taken":0,"max_hp_gain":0,"max_hp_loss":0,"event_name":"The Cleric","floor":10,"gold_loss":0},{"cards_removed":["Flex"],"damage_healed":5,"gold_gain":0,"player_choice":"Offered Common","damage_taken":0,"max_hp_gain":0,"max_hp_loss":0,"event_name":"Bonfire Elementals","floor":14,"gold_loss":0},{"cards_removed":["Flex"],"damage_healed":5,"gold_gain":0,"player_choice":"Offered Special","damage_taken":0,"max_hp_gain":0,"max_hp_loss":0,"event_name":"Bonfire Elementals","floor":14,"gold_loss":0},{"damage_healed":0,"gold_gain":0,"player_choice":"Upgrade","damage_taken":0,"max_hp_gain":0,"max_hp_loss":0,"event_name":"Designer","floor":15,"gold_loss":40,"cards_upgraded":["Flex"]}],"is_beta":false,"boss_relics":[],"items_purged_floors":[],"is_endless":false,"potions_floor_spawned":[11,12],"killed_by":"The Guardian","ascension_level":0}}