{"host":"1tl36azeqm6yhdgj","time":1612057365,"event":{"mods":["AchievementEnabler","BaseMod","Minty Spire (QoL Compilation)","StSLib","The IronCluck","everything is the same but u backflip on backflip"],"gold_per_floor":[112,112,135,135,154,154,8,8,8,37,53,53,64,92,92,167,167,179,454,454,454],"floor_reached":20,"language":"ENG","playtime":401,"items_purged":[],"score":410,"play_id":"6d951400-cba4-4360-a82b-892eb7135bf7","local_time":"20210130204245","is_ascension_mode":true,"campfire_choices":[{"data":"Juggernaut","floor":6.0,"key":"SMITH"},{"data":"Panacea","floor":8.0,"key":"SMITH"},{"data":"Infernal Blade","floor":12.0,"key":"SMITH"},{"floor":15.0,"key":"REST"}],"circlet_count":0,"master_deck":["AscendersBane","Strike_R","Strike_R","Strike_R","Strike_R","Defend_R","Defend_R","Defend_R","Defend_R","Bash","Blood for Blood","Whirlwind","Fire Breathing","Juggernaut+1","Metallicize","Cleave","Panacea+1","Infernal Blade+1","Metallicize","Uppercut","Berserk","Reckless Charge","Regret"],"relics":["Burning Blood","NeowsBlessing","Vajra","Shuriken","Pen Nib","Bottled Lightning"],"acts_visited":["Exordium","TheCity"],"potions_floor_usage":[18],"damage_taken":[{"damage":0.0,"enemies":"Small Slimes","floor":1.0,"turns":2.0},{"damage":0.0,"enemies":"Jaw Worm","floor":5.0,"turns":1.0},{"damage":0.0,"enemies":"3 Sentries","floor":10.0,"turns":2.0},{"damage":8.0,"enemies":"2 Louse","floor":11.0,"turns":3.0},{"damage":10.0,"enemies":"Lots of Slimes","floor":13.0,"turns":3.0},{"damage":25.0,"enemies":"Gremlin Nob","floor":14.0,"turns":4.0},{"damage":42.0,"enemies":"Hexaghost","floor":16.0,"turns":8.0},{"damage":50,"enemies":"2 Thieves","floor":18,"turns":4},{"damage":22,"enemies":"Shell Parasite","floor":20,"turns":1}],"seed_played":"9102848270282612730","potions_obtained":[{"floor":1.0,"key":"Swift Potion"},{"floor":10.0,"key":"ColorlessPotion"}],"is_trial":false,"path_per_floor":["M","?","T","?","M","R","$","R","T","E","M","R","M","E","R","B",null,"M","?","M"],"character_chosen":"IRONCLAD","items_purchased":["Cleave","Panacea"],"campfire_rested":1,"item_purchase_floors":[7,7],"current_hp_per_floor":[74,74,74,74,75,75,75,75,75,75,73,73,69,50,72,36,65,21,21,0,0],"gold":454,"neow_bonus":"THREE_ENEMY_KILL","is_daily":false,"chose_seed":false,"campfire_upgraded":3,"win_rate":0.0,"timestamp":1612057365,"path_taken":["M","?","?","?","M","R","$","R","T","E","M","R","?","E","R","BOSS","M","?","?"],"items_purchased_type":["Card","Card"],"build_version":"2020-12-22","purchased_purges":0,"victory":false,"max_hp_per_floor":[75,75,75,75,75,75,75,75,75,75,75,75,75,75,75,75,75,75,75,75,75],"card_choices":[{"not_picked":["Havoc","Power Through"],"picked":"Blood for Blood","floor":1.0},{"not_picked":["Battle Trance","Ghostly Armor"],"picked":"Metallicize","floor":5.0},{"not_picked":["Offering","Dual Wield"],"picked":"Infernal Blade","floor":10.0},{"not_picked":["Heavy Blade","Armaments","Havoc"],"picked":"SKIP","floor":11.0},{"not_picked":["Heavy Blade","Iron Wave"],"picked":"Metallicize","floor":13.0},{"not_picked":["Metallicize","Shrug It Off"],"picked":"Uppercut","floor":14.0},{"not_picked":["Fiend Fire","Corruption"],"picked":"Berserk","floor":16.0},{"not_picked":["Heavy Blade","Pummel"],"picked":"Reckless Charge","floor":18}],"player_experience":2113880,"relics_obtained":[{"floor":3.0,"key":"Vajra"},{"floor":9.0,"key":"Shuriken"},{"floor":10.0,"key":"Pen Nib"},{"floor":14.0,"key":"Bottled Lightning"}],"event_choices":[{"damage_healed":0.0,"max_hp_gain":0.0,"max_hp_loss":0.0,"gold_gain":0.0,"cards_transformed":["Strike_R"],"event_name":"Living Wall","player_choice":"Change","floor":2.0,"gold_loss":0.0,"damage_taken":0.0,"cards_obtained":["Whirlwind"]},{"damage_healed":0.0,"max_hp_gain":0.0,"max_hp_loss":0.0,"gold_gain":0.0,"event_name":"Match and Keep!","player_choice":"2 cards matched","floor":4.0,"gold_loss":0.0,"damage_taken":0.0,"cards_obtained":["Fire Breathing","Juggernaut"]},{"damage_healed":0,"gold_gain":275,"player_choice":"Desecrate","damage_taken":0,"max_hp_gain":0,"max_hp_loss":0,"event_name":"Golden Shrine","floor":19,"gold_loss":0,"cards_obtained":["Regret"]}],"is_beta":false,"boss_relics":[{"not_picked":["Runic Dome","Fusion Hammer","Ectoplasm"]}],"items_purged_floors":[],"is_endless":false,"potions_floor_spawned":[1,10,11],"killed_by":"Shell Parasite","ascension_level":20}}