{"host":"q6r63elxu27obe7v","time":1612074710,"event":{"mods":["2.2 Compatiblity","AchievementEnabler","BaseMod","CapriCore","DeckTracker","Keyboard Shortcuts","Minty Spire (QoL Compilation)","Permanent Neow","Quick Restart","StSLib","SuperFastMode","¡¼?Úª?ø«¡½REMEMod"],"gold_per_floor":[116,15,32,45,59,59,79,105,159,174,191,191,209,179,179,279,279,294,294,294,43,43,43,61,79,130,5,15,40,40,53,53,53,53],"floor_reached":33,"language":"KOR","playtime":1499,"items_purged":["Strike_B","Defend_B","Strike_B"],"score":285,"play_id":"77d3c330-6700-4afe-8e37-45c9b1e5e1cc","local_time":"20210131153150","is_ascension_mode":true,"campfire_choices":[{"floor":6,"key":"RECALL"},{"floor":15,"key":"REST"},{"data":"White Noise","floor":23,"key":"SMITH"},{"floor":32,"key":"REST"}],"circlet_count":0,"master_deck":["Strike_B","Strike_B","Defend_B","Zap","Dualcast","Chill","Cold Snap","Redo","Coolheaded","Ball Lightning","DeusExMachina","White Noise+1","Cold Snap","Ball Lightning","Reboot+1","Cold Snap+1","Necronomicurse","Sweeping Beam+1","Barrage"],"relics":["Cracked Core","REME_ComplimentaryCards","FossilizedHelix","Toy Ornithopter","REME_DuelDisc","Necronomicon","Happy Flower","Regal Pillow","Bottled Lightning"],"acts_visited":["Exordium","TheCity"],"potions_floor_usage":[7,16,18,18,28],"damage_taken":[{"damage":0,"enemies":"Cultist","floor":1,"turns":3},{"damage":0,"enemies":"2 Louse","floor":3,"turns":2},{"damage":0,"enemies":"Small Slimes","floor":4,"turns":3},{"damage":0,"enemies":"Looter","floor":5,"turns":4},{"damage":0,"enemies":"Exordium Thugs","floor":7,"turns":6},{"damage":24,"enemies":"Lagavulin","floor":8,"turns":11},{"damage":0,"enemies":"Exordium Wildlife","floor":10,"turns":2},{"damage":0,"enemies":"Lots of Slimes","floor":11,"turns":7},{"damage":0,"enemies":"2 Fungi Beasts","floor":13,"turns":2},{"damage":18,"enemies":"Slime Boss","floor":16,"turns":12},{"damage":2,"enemies":"Shell Parasite","floor":18,"turns":8},{"damage":2,"enemies":"3 Byrds","floor":24,"turns":5},{"damage":0,"enemies":"Snecko","floor":25,"turns":5},{"damage":17,"enemies":"Snake Plant","floor":28,"turns":5},{"damage":36,"enemies":"Gremlin Leader","floor":29,"turns":9},{"damage":3,"enemies":"Centurion and Healer","floor":31,"turns":3},{"damage":56,"enemies":"Collector","floor":33,"turns":5}],"seed_played":"-6251952643520078378","potions_obtained":[{"floor":1,"key":"SkillPotion"},{"floor":7,"key":"Fruit Juice"},{"floor":13,"key":"FearPotion"},{"floor":14,"key":"Block Potion"},{"floor":14,"key":"Dexterity Potion"},{"floor":25,"key":"Energy Potion"}],"is_trial":false,"path_per_floor":["M","$","M","M","M","R","M","E","T","M","M","?","M","?","R","B",null,"M","?","?","$","?","R","M","M","T","$","M","E","?","M","R","B"],"character_chosen":"DEFECT","items_purchased":["Cold Snap","Happy Flower"],"campfire_rested":2,"item_purchase_floors":[2,21],"current_hp_per_floor":[54,54,54,54,54,54,59,35,35,35,35,35,35,35,59,46,80,78,62,62,62,62,62,60,60,60,60,48,12,12,9,48,0,0],"gold":53,"neow_bonus":"ONE_RARE_RELIC","is_daily":false,"chose_seed":false,"campfire_upgraded":1,"win_rate":0.0,"timestamp":1612074710,"path_taken":["M","$","M","M","M","R","M","E","T","M","M","?","M","?","R","BOSS","M","?","?","$","?","R","M","M","T","$","?","E","?","M","R","BOSS"],"items_purchased_type":["Card","Relic"],"build_version":"2020-12-22","purchased_purges":3,"victory":false,"max_hp_per_floor":[75,75,75,75,75,75,80,80,80,80,80,80,80,80,80,80,80,80,80,80,80,80,80,80,80,80,80,80,80,80,80,80,80,80],"card_choices":[{"not_picked":["Reprogram","Redo"],"picked":"Chill","floor":1},{"not_picked":["Conserve Battery","Beam Cell"],"picked":"Redo","floor":3},{"not_picked":["Streamline","Go for the Eyes"],"picked":"Coolheaded","floor":4},{"not_picked":["Compile Driver","Sweeping Beam"],"picked":"Ball Lightning","floor":5},{"not_picked":["Reinforced Body","Gash"],"picked":"White Noise","floor":7},{"not_picked":["Beam Cell","Tempest"],"picked":"Cold Snap","floor":8},{"not_picked":["Undo","Loop","Machine Learning"],"picked":"SKIP","floor":10},{"not_picked":["Beam Cell","Streamline"],"picked":"Ball Lightning","floor":11},{"not_picked":["Reinforced Body","Loop","Undo"],"picked":"SKIP","floor":13},{"not_picked":["Echo Form","Meteor Strike"],"picked":"Reboot","floor":16},{"not_picked":["Doom and Gloom","Storm+1"],"picked":"Cold Snap+1","floor":18},{"not_picked":["Skim+1","Steam Power+1","BootSequence"],"picked":"SKIP","floor":24},{"not_picked":["Static Discharge","Beam Cell"],"picked":"Sweeping Beam+1","floor":25},{"not_picked":["Static Discharge","Darkness+1","Sweeping Beam"],"picked":"SKIP","floor":28},{"not_picked":["Steam","Go for the Eyes+1","Reinforced Body"],"picked":"SKIP","floor":29},{"not_picked":["Reinforced Body","Sweeping Beam"],"picked":"Barrage","floor":31}],"player_experience":63138,"relics_obtained":[{"floor":8,"key":"Toy Ornithopter"},{"floor":19,"key":"Necronomicon"},{"floor":26,"key":"Regal Pillow"},{"floor":29,"key":"Bottled Lightning"}],"event_choices":[{"damage_healed":0,"gold_gain":0,"player_choice":"Ignored","damage_taken":0,"max_hp_gain":0,"max_hp_loss":0,"event_name":"Golden Idol","floor":12,"gold_loss":0},{"damage_healed":0,"gold_gain":0,"player_choice":"Bought 2 Potions","damage_taken":0,"max_hp_gain":0,"max_hp_loss":0,"event_name":"The Woman in Blue","floor":14,"gold_loss":0},{"damage_healed":0,"gold_gain":0,"player_choice":"Obtained Book","damage_taken":16,"max_hp_gain":0,"max_hp_loss":0,"event_name":"Cursed Tome","floor":19,"gold_loss":0},{"cards_removed":["Defend_B"],"damage_healed":0,"gold_gain":0,"player_choice":"Elegance","damage_taken":0,"max_hp_gain":0,"max_hp_loss":0,"event_name":"Back to Basics","floor":20,"gold_loss":0},{"damage_healed":0,"gold_gain":0,"player_choice":"Forge","damage_taken":0,"max_hp_gain":0,"max_hp_loss":0,"event_name":"Accursed Blacksmith","floor":22,"gold_loss":0,"cards_upgraded":["Reboot"]},{"cards_removed":["Defend_B"],"damage_healed":0,"gold_gain":0,"player_choice":"Purged","damage_taken":0,"max_hp_gain":0,"max_hp_loss":0,"event_name":"Purifier","floor":30,"gold_loss":0}],"is_beta":false,"boss_relics":[{"not_picked":["Ectoplasm","Nuclear Battery"],"picked":"REME_DuelDisc"}],"items_purged_floors":[2,21,27],"is_endless":false,"potions_floor_spawned":[1,7,13,25],"killed_by":"Collector","ascension_level":1}}