{"host":"ziko4uwynam20dv9","time":1612060593,"event":{"mods":["Aspiration","BaseMod","BetterRewards","Downfall","Hubris","Infinite Spire","Minty Spire (QoL Compilation)","Remilia??????","Replay The Spire","Shop Mod","StSLib","The Animator","The Jungle"],"gold_per_floor":[99,99,111,123,142,42,65,65,93,105,127,127,127],"floor_reached":12,"language":"FRA","playtime":753,"items_purged":[],"score":119,"play_id":"6524d0a9-cd8f-407e-aaa8-05ec092dd32f","local_time":"20210131033633","is_ascension_mode":true,"campfire_choices":[{"floor":1,"key":"RECALL"},{"data":"animator:Envy","floor":6,"key":"SMITH"},{"data":"animator:ElricEdward","floor":8,"key":"SMITH"}],"circlet_count":0,"master_deck":["AscendersBane","animator:Strike_FullmetalAlchemist","animator:Defend_FullmetalAlchemist","animator:Strike","animator:Strike","animator:Strike","animator:Defend","animator:Defend","animator:Defend","animator:ElricEdward+1","animator:ElricAlphonse","animator:Aqua","animator:GazelDwargon","animator:Envy+1","animator:WinryRockbell","animator:Sloth","animator:Benimaru","animator:PandorasActor"],"relics":["animator:LivingPicture","animator:TheMissingPiece","animator:PurgingStone","downfall:HeartsMalice","downfall:HeartBlessingRed","Replay:Rubber Ducky"],"acts_visited":["Exordium"],"potions_floor_usage":[],"damage_taken":[{"damage":0,"enemies":"2 Louse","floor":2,"turns":1},{"damage":0,"enemies":"Small Slimes","floor":3,"turns":1},{"damage":0,"enemies":"Cultist","floor":4,"turns":1},{"damage":13,"enemies":"Gremlin Gang","floor":5,"turns":7},{"damage":23,"enemies":"3 Louse","floor":9,"turns":6},{"damage":0,"enemies":"2 Fungi Beasts","floor":10,"turns":5},{"damage":12,"enemies":"Gremlin Gang","floor":11,"turns":4},{"damage":30,"enemies":"Replay:BlueRogue","floor":12,"turns":3}],"seed_played":"-4574484570813398693","potions_obtained":[{"floor":5,"key":"LiquidMemories"},{"floor":10,"key":"bronze:BurnAndBuffPotion"},{"floor":11,"key":"Explosive Potion"}],"is_trial":false,"path_per_floor":["R","M","M","M","M","R","T","R","M","M","M","E"],"character_chosen":"THE_ANIMATOR","items_purchased":[],"campfire_rested":0,"item_purchase_floors":[],"current_hp_per_floor":[54,54,54,54,44,44,44,44,24,27,17,0,0],"gold":127,"neow_bonus":"THREE_ENEMY_KILL","is_daily":false,"chose_seed":false,"campfire_upgraded":2,"win_rate":0.0,"timestamp":1612060593,"path_taken":["R","M","M","M","M","R","T","R","M","M","M","E"],"items_purchased_type":[],"build_version":"2020-12-22","purchased_purges":0,"victory":false,"max_hp_per_floor":[60,60,60,60,61,61,61,61,61,62,62,62,62],"card_choices":[{"not_picked":["animator:Togame","animator:Kazuma"],"picked":"animator:Aqua","floor":2},{"not_picked":["animator:Konayuki","animator:Ara"],"picked":"animator:GazelDwargon","floor":3},{"not_picked":["animator:Kaijin","animator:KyokoSakura"],"picked":"animator:Envy","floor":4},{"not_picked":["animator:Scar","animator:Sloth"],"picked":"animator:WinryRockbell","floor":5},{"not_picked":["animator:YuiTsuruno","animator:OrikoMikuni"],"picked":"animator:Sloth","floor":9},{"not_picked":["animator:Megumin","animator:Chung"],"picked":"animator:Benimaru","floor":10},{"not_picked":["animator:SuzuneAmano","animator:Envy"],"picked":"animator:PandorasActor","floor":11}],"player_experience":966309,"relics_obtained":[{"floor":7,"key":"Replay:Rubber Ducky"}],"event_choices":[],"is_beta":false,"boss_relics":[],"items_purged_floors":[],"is_endless":false,"potions_floor_spawned":[5,10,11],"killed_by":"Replay:BlueRogue","ascension_level":15}}