{"host":"5jdby9iqu3ct6557","time":1612119236,"event":{"mods":["BaseMod","DeckTracker","Highlight Path","Minty Spire (QoL Compilation)","Relic Stats","StSLib"],"gold_per_floor":[113,123,142,14,14,14,14,14,14,42,65,77,116,148,160,248,260,283,307,319,319],"floor_reached":20,"language":"ENG","playtime":1659,"items_purged":["Strike_B"],"score":352,"play_id":"27a832f2-f67d-4690-8751-a14c47ad4a42","local_time":"20210131135356","is_ascension_mode":true,"campfire_choices":[{"data":"Zap","floor":6,"key":"SMITH"},{"data":"Rip and Tear","floor":8,"key":"SMITH"},{"data":"Defragment","floor":12,"key":"SMITH"},{"data":"Sunder","floor":15,"key":"SMITH"}],"circlet_count":0,"master_deck":["AscendersBane","Strike_B","Strike_B","Strike_B","Defend_B","Defend_B","Defend_B","Defend_B","Zap+1","Dualcast","Ball Lightning","Rip and Tear+1","Conserve Battery","Go for the Eyes","Defragment+1","Ball Lightning","Sunder+1","Hyperbeam","CurseOfTheBell","Chill","Conserve Battery"],"relics":["Coffee Dripper","MawBank","Boot","Calling Bell","Nunchaku","The Courier","Du-Vu Doll"],"acts_visited":["Exordium","TheCity"],"potions_floor_usage":[16,16,19,20],"damage_taken":[{"damage":9,"enemies":"2 Louse","floor":1,"turns":4},{"damage":4,"enemies":"Small Slimes","floor":2,"turns":3},{"damage":6,"enemies":"Cultist","floor":3,"turns":3},{"damage":3,"enemies":"3 Louse","floor":10,"turns":3},{"damage":0,"enemies":"Blue Slaver","floor":11,"turns":3},{"damage":25,"enemies":"3 Sentries","floor":13,"turns":7},{"damage":0,"enemies":"2 Fungi Beasts","floor":14,"turns":2},{"damage":9,"enemies":"Slime Boss","floor":16,"turns":7},{"damage":32,"enemies":"Shell Parasite","floor":18,"turns":5},{"damage":8,"enemies":"3 Byrds","floor":19,"turns":4},{"damage":21,"enemies":"Snake Plant","floor":20,"turns":2}],"seed_played":"-8550684051332727287","potions_obtained":[{"floor":7,"key":"SteroidPotion"},{"floor":16,"key":"FocusPotion"},{"floor":18,"key":"SkillPotion"}],"is_trial":false,"path_per_floor":["M","M","M","$","?","R","?","R","T","M","M","R","E","M","R","B",null,"M","M","M"],"character_chosen":"DEFECT","items_purchased":["FocusPotion"],"campfire_rested":0,"item_purchase_floors":[4],"current_hp_per_floor":[55,51,45,45,45,45,45,45,45,42,42,42,17,17,17,8,55,23,15,0,0],"gold":319,"neow_bonus":"BOSS_RELIC","is_daily":false,"chose_seed":false,"campfire_upgraded":4,"win_rate":0.0,"timestamp":1612119236,"path_taken":["M","M","M","$","?","R","?","R","T","M","M","R","E","M","R","BOSS","M","?","M"],"items_purchased_type":["Potion"],"build_version":"2020-12-22","purchased_purges":1,"victory":false,"max_hp_per_floor":[71,71,71,71,71,71,71,71,71,71,71,71,71,71,71,71,71,71,71,71,71],"relic_stats":{"Nunchaku":[1],"counters":[11,43],"MawBank":132,"Boot":[13],"obtain_stats":[{"Calling Bell":17,"Du-Vu Doll":17,"Nunchaku":17,"The Courier":17,"Coffee Dripper":0,"Cracked Core":0,"MawBank":9,"Boot":13},{"Calling Bell":8,"Du-Vu Doll":8,"Nunchaku":8,"The Courier":8,"Coffee Dripper":0,"Cracked Core":0,"MawBank":3,"Boot":6},{"Calling Bell":32,"Du-Vu Doll":32,"Nunchaku":32,"The Courier":32,"Coffee Dripper":0,"Cracked Core":0,"MawBank":10,"Boot":23}]},"card_choices":[{"not_picked":["Conserve Battery","Coolheaded"],"picked":"Ball Lightning","floor":1},{"not_picked":["Turbo","Hologram"],"picked":"Rip and Tear","floor":2},{"not_picked":["Capacitor","Lockon"],"picked":"Conserve Battery","floor":3},{"not_picked":["Steam","Beam Cell"],"picked":"Go for the Eyes","floor":10},{"not_picked":["Steam","Stack"],"picked":"Defragment","floor":11},{"not_picked":["Beam Cell","Scrape"],"picked":"Ball Lightning","floor":13},{"not_picked":["BootSequence","Melter"],"picked":"Sunder","floor":14},{"not_picked":["Core Surge","Machine Learning"],"picked":"Hyperbeam","floor":16},{"not_picked":["Cold Snap+1","Reprogram"],"picked":"Chill","floor":18},{"not_picked":["Sweeping Beam","Heatsinks"],"picked":"Conserve Battery","floor":19}],"player_experience":2457871,"relics_obtained":[{"floor":9,"key":"MawBank"},{"floor":13,"key":"Boot"},{"floor":17,"key":"Nunchaku"},{"floor":17,"key":"The Courier"},{"floor":17,"key":"Du-Vu Doll"}],"event_choices":[{"damage_healed":0,"gold_gain":0,"player_choice":"Fled","damage_taken":0,"max_hp_gain":0,"max_hp_loss":0,"event_name":"Scrap Ooze","floor":5,"gold_loss":0},{"damage_healed":0,"gold_gain":0,"player_choice":"Got Potions","damage_taken":0,"max_hp_gain":0,"max_hp_loss":0,"event_name":"Lab","floor":7,"gold_loss":0}],"is_beta":false,"boss_relics":[{"not_picked":["SlaversCollar","SacredBark"],"picked":"Calling Bell"}],"items_purged_floors":[4],"is_endless":false,"potions_floor_spawned":[10,16,18],"killed_by":"Snake Plant","ascension_level":20}}