{"host":"p742ht8mn9fxu2jl","time":1612093672,"event":{"mods":["Arknights","BaseMod","Colored Powertips","Hermit","Minty Spire (QoL Compilation)","StSLib","Td1madao Mod","The Bug Knight","The Cursed","The Dragon Tamer","The Hierophant","The Runesmith"],"gold_per_floor":[2000014,2000014,1999131,1998989,1998198,1998229,1998242,1998253,1998253,1998253,1998271,1998291,1998291,1998291,1998291,1998391,1998391,1998405,1998421,1998421,1997709,1997728,1997728,1997758,1997771,1997794,1997894,1997894,1997894,1992883,1992906,1992906,1993001,1993001,1993015,1993015,1993027,1991830,1991841,1991869,1991869,1991897,1991971,1991971,1990464,1990464,1990489,1990505,1990505,1990505],"floor_reached":51,"language":"KOR","playtime":2957,"items_purged":["Defend_G","Defend_G","Defend_G","Defend_G","Noxious Fumes","Neutralize"],"score":1226,"play_id":"808ec611-0cd0-40da-8542-2957de937aad","local_time":"20210131204752","is_ascension_mode":true,"campfire_choices":[{"data":"Infinite Blades","floor":10,"key":"SMITH"},{"data":"Cloak And Dagger","floor":13,"key":"SMITH"},{"data":"Accuracy","floor":15,"key":"SMITH"},{"data":"Glass Knife","floor":23,"key":"SMITH"},{"data":"Catalyst","floor":32,"key":"SMITH"},{"data":"Crippling Poison","floor":41,"key":"SMITH"},{"data":"Master of Strategy","floor":46,"key":"SMITH"},{"data":"Finesse","floor":49,"key":"SMITH"}],"circlet_count":0,"master_deck":["Survivor","Bane+1","Catalyst+1","Master of Strategy+1","Flash of Steel+1","Accuracy+1","Crippling Poison+1","Infinite Blades+1","Dagger Spray+1","Cloak And Dagger+1","Glass Knife+1","Bite","Bite","Bite","Bite","Bite","Finesse+1","Acrobatics","Poisoned Stab+1","Blade Dance+1","Phantasmal Killer+1","Deadly Poison+1","Dagger Spray+1","Phantasmal Killer+1","Apotheosis+1","Finisher+1","Choke+1"],"relics":["Ring of the Snake","HornCleat","Oddly Smooth Stone","Snake Skull","Sling","Ginger","Mummified Hand","Chemical X","Nunchaku","Gremlin Horn","Busted Crown","Whetstone","Juzu Bracelet","Medical Kit","Centennial Puzzle","Bronze Scales","Torii","The Courier","MealTicket","FossilizedHelix","TwistedFunnel","Darkstone Periapt","Unceasing Top","StoneCalendar","Runesmith:AutoHammer","Pen Nib","TungstenRod","Tiny Chest","Toxic Egg 2","HollowMod:LifeEnderRelic","Dream Catcher","Kunai","Frozen Egg 2","Toy Ornithopter","Bottled Tornado","Letter Opener","Happy Flower","Bag of Preparation","HollowMod:StagPassRelic","Lantern","Omamori","Art of War","Pantograph","Ancient Tea Set","Orichalcum","Mango","Bottled Lightning","Regal Pillow","Sozu","Tough Bandages","The Specimen","TheAbacus","Calipers","Du-Vu Doll","Lizard Tail","Strawberry","Eternal Feather","Sundial","Thread and Needle","Potion Belt","Bottled Flame","Boot","Blood Vial","Ornamental Fan","Incense Burner"],"acts_visited":["Exordium","TheCity","TheBeyond"],"potions_floor_usage":[16,16,24],"damage_taken":[{"damage":8,"enemies":"2 Louse","floor":1,"turns":3},{"damage":4,"enemies":"Lagavulin","floor":6,"turns":5},{"damage":0,"enemies":"Small Slimes","floor":7,"turns":2},{"damage":0,"enemies":"Cultist","floor":8,"turns":2},{"damage":3,"enemies":"Blue Slaver","floor":11,"turns":3},{"damage":0,"enemies":"Looter","floor":12,"turns":3},{"damage":7,"enemies":"The Guardian","floor":16,"turns":7},{"damage":0,"enemies":"Spheric Guardian","floor":18,"turns":3},{"damage":10,"enemies":"Shell Parasite","floor":19,"turns":4},{"damage":18,"enemies":"Snake Plant","floor":22,"turns":4},{"damage":18,"enemies":"Book of Stabbing","floor":24,"turns":5},{"damage":14,"enemies":"Centurion and Healer","floor":25,"turns":3},{"damage":6,"enemies":"Colosseum Slavers","floor":27,"turns":2},{"damage":0,"enemies":"Colosseum Nobs","floor":27,"turns":3},{"damage":0,"enemies":"Collector","floor":33,"turns":3},{"damage":0,"enemies":"Orb Walker","floor":35,"turns":1},{"damage":0,"enemies":"3 Darklings","floor":37,"turns":1},{"damage":0,"enemies":"Spire Growth","floor":39,"turns":2},{"damage":0,"enemies":"Reptomancer","floor":40,"turns":2},{"damage":0,"enemies":"HollowMod:StalkingDevout","floor":42,"turns":1},{"damage":0,"enemies":"Giant Head","floor":47,"turns":2},{"damage":0,"enemies":"Maw","floor":48,"turns":2},{"damage":0,"enemies":"Awakened One","floor":50,"turns":4}],"seed_played":"-1529219418904706041","potions_obtained":[{"floor":6,"key":"ColorlessPotion"},{"floor":8,"key":"Block Potion"},{"floor":12,"key":"CunningPotion"},{"floor":18,"key":"Dexterity Potion"},{"floor":19,"key":"Explosive Potion"}],"is_trial":false,"path_per_floor":["M","?","$","?","$","E","M","M","T","R","M","M","R","?","R","B",null,"M","M","?","$","M","R","E","M","T","?","?","?","$","T","R","B",null,"M","?","M","$","M","E","R","E","T","?","$","R","E","M","R","B",null],"character_chosen":"THE_SILENT","items_purchased":["Oddly Smooth Stone","Snake Skull","Sling","Catalyst","Master of Strategy","Flash of Steel","Accuracy","Mummified Hand","Chemical X","Crippling Poison","Noxious Fumes","Poison Potion","Fire Potion","Block Potion","Whetstone","Juzu Bracelet","Finesse","Acrobatics","Medical Kit","MealTicket","FossilizedHelix","TwistedFunnel","Darkstone Periapt","Unceasing Top","StoneCalendar","Runesmith:AutoHammer","Pen Nib","TungstenRod","Tiny Chest","Toxic Egg 2","HollowMod:LifeEnderRelic","Dream Catcher","Kunai","Frozen Egg 2","Toy Ornithopter","Bottled Tornado","Blade Dance+1","Letter Opener","Happy Flower","Bag of Preparation","HollowMod:StagPassRelic","Lantern","Omamori","Art of War","Pantograph","Ancient Tea Set","Orichalcum","Mango","Bottled Lightning","Tough Bandages","The Specimen","TheAbacus","Calipers","Du-Vu Doll","Sundial","Thread and Needle","Potion Belt","Bottled Flame","Boot","Blood Vial","Ornamental Fan","Apotheosis+1"],"campfire_rested":0,"item_purchase_floors":[3,3,3,3,3,3,3,5,5,5,5,5,5,5,21,21,21,21,21,30,30,30,30,30,30,30,30,30,30,30,30,30,30,30,30,30,30,30,30,30,30,30,30,30,30,30,30,30,30,38,38,38,38,38,45,45,45,45,45,45,45,45],"current_hp_per_floor":[62,44,44,44,44,40,40,40,40,40,37,37,37,23,23,16,57,57,47,47,47,35,35,33,33,33,43,43,43,57,57,57,63,63,63,54,62,63,63,63,63,70,70,70,70,70,70,70,70,70],"gold":1990505,"neow_bonus":"HUNDRED_GOLD","is_daily":false,"chose_seed":false,"campfire_upgraded":8,"win_rate":0.0,"timestamp":1612093672,"path_taken":["M","?","$","?","$","E","M","M","T","R","?","M","R","?","R","BOSS","M","M","?","$","M","R","E","M","T","?","?","?","$","?","R","BOSS","M","?","M","$","M","E","R","E","T","?","$","R","E","M","R","BOSS"],"items_purchased_type":["Relic","Relic","Relic","Card","Card","Card","Card","Relic","Relic","Card","Card","Potion","Potion","Potion","Relic","Relic","Card","Card","Relic","Relic","Relic","Relic","Relic","Relic","Relic","Relic","Relic","Relic","Relic","Relic","Relic","Relic","Relic","Relic","Relic","Relic","Card","Relic","Relic","Relic","Relic","Relic","Relic","Relic","Relic","Relic","Relic","Relic","Relic","Relic","Relic","Relic","Relic","Relic","Relic","Relic","Relic","Relic","Relic","Relic","Relic","Card"],"build_version":"2020-12-22","purchased_purges":6,"victory":true,"max_hp_per_floor":[70,70,70,70,70,70,70,70,70,70,70,70,70,70,70,70,70,70,70,49,49,49,49,49,49,49,49,49,49,63,63,63,63,63,63,63,63,63,63,63,63,70,70,70,70,70,70,70,70,70],"card_choices":[{"not_picked":["Dodge and Roll","Dagger Throw"],"picked":"Bane","floor":1},{"not_picked":["Glass Knife","Quick Slash"],"picked":"Infinite Blades","floor":6},{"not_picked":["PiercingWail","Dodge and Roll"],"picked":"Prepared","floor":7},{"not_picked":["Dodge and Roll","Cloak And Dagger"],"picked":"Dagger Spray","floor":8},{"not_picked":["Bane","Leg Sweep","Backflip"],"picked":"SKIP","floor":11},{"not_picked":["Deflect","Flying Knee"],"picked":"Cloak And Dagger","floor":12},{"not_picked":["Malaise","Wraith Form v2"],"picked":"Glass Knife","floor":16},{"not_picked":["Sucker Punch"],"picked":"SKIP","floor":18},{"not_picked":["Dodge and Roll"],"picked":"SKIP","floor":19},{"not_picked":["Heel Hook+1"],"picked":"SKIP","floor":22},{"not_picked":["Escape Plan"],"picked":"SKIP","floor":24},{"not_picked":[],"picked":"Poisoned Stab+1","floor":25},{"not_picked":[],"picked":"Phantasmal Killer+1","floor":33},{"not_picked":["Backstab"],"picked":"SKIP","floor":35},{"not_picked":[],"picked":"Deadly Poison+1","floor":37},{"not_picked":[],"picked":"Dagger Spray+1","floor":39},{"not_picked":["Expertise+1"],"picked":"SKIP","floor":40},{"not_picked":["Skewer"],"picked":"SKIP","floor":42},{"not_picked":[],"picked":"Finisher+1","floor":47},{"not_picked":[],"picked":"Choke+1","floor":48}],"player_experience":50796,"relics_obtained":[{"floor":6,"key":"Nunchaku"},{"floor":9,"key":"Gremlin Horn"},{"floor":24,"key":"Centennial Puzzle"},{"floor":26,"key":"Bronze Scales"},{"floor":27,"key":"Torii"},{"floor":27,"key":"The Courier"},{"floor":31,"key":"Regal Pillow"},{"floor":40,"key":"Lizard Tail"},{"floor":42,"key":"Strawberry"},{"floor":43,"key":"Eternal Feather"},{"floor":47,"key":"Incense Burner"}],"event_choices":[{"damage_healed":0,"gold_gain":0,"player_choice":"Success","damage_taken":18,"relics_obtained":["HornCleat"],"max_hp_gain":0,"max_hp_loss":0,"event_name":"Scrap Ooze","floor":2,"gold_loss":0},{"damage_healed":0,"gold_gain":0,"player_choice":"Paid Gold","damage_taken":0,"relics_obtained":["Ginger"],"max_hp_gain":0,"max_hp_loss":0,"event_name":"WeMeetAgain","floor":4,"gold_loss":142},{"damage_healed":0,"gold_gain":0,"player_choice":"Entered Light","damage_taken":14,"max_hp_gain":0,"max_hp_loss":0,"event_name":"Shining Light","floor":14,"gold_loss":0,"cards_upgraded":["Strike_G","Dagger Spray"]},{"damage_healed":0,"gold_gain":0,"player_choice":"Became a vampire","damage_taken":0,"max_hp_gain":0,"max_hp_loss":21,"event_name":"Vampires","floor":20,"gold_loss":0,"cards_obtained":["Bite","Bite","Bite","Bite","Bite"]},{"damage_healed":0,"gold_gain":0,"player_choice":"Fight","damage_taken":0,"max_hp_gain":0,"max_hp_loss":0,"event_name":"Colosseum","floor":27,"gold_loss":0},{"damage_healed":0,"gold_gain":0,"player_choice":"Fought Nobs","damage_taken":0,"max_hp_gain":0,"max_hp_loss":0,"event_name":"Colosseum","floor":27,"gold_loss":0},{"cards_removed":["Defend_G"],"damage_healed":0,"gold_gain":0,"player_choice":"Card Removal","damage_taken":0,"max_hp_gain":0,"max_hp_loss":0,"event_name":"Wheel of Change","floor":28,"gold_loss":0},{"damage_healed":0,"gold_gain":0,"player_choice":"Ignored","damage_taken":0,"max_hp_gain":0,"max_hp_loss":0,"event_name":"N\u0027loth","floor":29,"gold_loss":0},{"damage_healed":0,"gold_gain":0,"player_choice":"Memory 3","damage_taken":10,"max_hp_gain":0,"max_hp_loss":0,"event_name":"SensoryStone","floor":36,"gold_loss":0},{"damage_healed":0,"gold_gain":0,"cards_transformed":["Prepared"],"player_choice":"Transformed","damage_taken":0,"max_hp_gain":0,"max_hp_loss":0,"event_name":"Transmorgrifier","floor":44,"gold_loss":0,"cards_obtained":["Phantasmal Killer"]}],"is_beta":false,"boss_relics":[{"not_picked":["Runic Dome","Calling Bell"],"picked":"Busted Crown"},{"not_picked":["Runic Pyramid","Fusion Hammer"],"picked":"Sozu"}],"items_purged_floors":[3,5,21,30,38,45],"is_endless":false,"potions_floor_spawned":[6,8,12,18,19,27,39,40,42,48],"ascension_level":5}}