{"host":"yx5rao87132cy5xq","time":1612099738,"event":{"mods":["2.2 Compatiblity","AchievementEnabler","BaseMod","Bestiary","Colored Map","Colored Powertips","Minty Spire (QoL Compilation)","Quick Restart","Relic Stats","Slay-I","SuperFastMode"],"gold_per_floor":[115,115,125,125,143,143,176,191,191,201,201,227,227,302,302,302,302],"floor_reached":16,"language":"ENG","playtime":1308,"items_purged":[],"score":198,"play_id":"5684f9b2-88f9-4c41-b4bf-6a923d52d9e1","local_time":"20210131142858","is_ascension_mode":true,"campfire_choices":[{"data":"Iron Wave","floor":6,"key":"SMITH"},{"floor":11,"key":"REST"},{"data":"Iron Wave","floor":13,"key":"SMITH"},{"floor":15,"key":"REST"}],"circlet_count":0,"master_deck":["AscendersBane","Strike_R","Strike_R+1","Strike_R","Strike_R","Strike_R","Defend_R","Defend_R","Defend_R","Defend_R","Bash","Evolve+1","Sword Boomerang+1","Iron Wave+1","Cleave","Power Through","Sever Soul","Feel No Pain","Iron Wave+1"],"relics":["Burning Blood","NeowsBlessing","Prayer Wheel","Paper Frog","Toxic Egg 2"],"acts_visited":["Exordium"],"potions_floor_usage":[16],"damage_taken":[{"damage":0,"enemies":"2 Louse","floor":1,"turns":1},{"damage":0,"enemies":"Small Slimes","floor":3,"turns":1},{"damage":0,"enemies":"Cultist","floor":5,"turns":1},{"damage":51,"enemies":"Lagavulin","floor":7,"turns":8},{"damage":6,"enemies":"3 Louse","floor":8,"turns":3},{"damage":1,"enemies":"Looter","floor":10,"turns":4},{"damage":20,"enemies":"3 Sentries","floor":12,"turns":8},{"damage":46,"enemies":"The Guardian","floor":16,"turns":6}],"seed_played":"8444504255092660593","potions_obtained":[{"floor":3,"key":"Energy Potion"},{"floor":8,"key":"Dexterity Potion"}],"is_trial":false,"path_per_floor":["M","?","M","?","M","R","E","M","T","M","R","E","R","?","R","B"],"character_chosen":"IRONCLAD","items_purchased":[],"campfire_rested":2,"item_purchase_floors":[],"current_hp_per_floor":[74,51,57,57,63,63,18,18,18,23,45,31,31,20,42,0,0],"gold":302,"neow_bonus":"THREE_ENEMY_KILL","is_daily":false,"chose_seed":false,"campfire_upgraded":2,"win_rate":0.0,"timestamp":1612099738,"path_taken":["M","?","M","?","M","R","E","?","T","M","R","E","R","?","R","BOSS"],"items_purchased_type":[],"build_version":"2020-12-22","purchased_purges":0,"victory":false,"max_hp_per_floor":[75,75,75,75,75,75,75,75,75,75,75,75,75,75,75,75,75],"relic_stats":{"counters":[8,32],"Prayer Wheel":2,"obtain_stats":[{"NeowsBlessing":0,"Prayer Wheel":7,"Toxic Egg 2":12,"Burning Blood":0,"Paper Frog":9},{"NeowsBlessing":0,"Prayer Wheel":4,"Toxic Egg 2":7,"Burning Blood":0,"Paper Frog":5},{"NeowsBlessing":0,"Prayer Wheel":11,"Toxic Egg 2":26,"Burning Blood":0,"Paper Frog":14}],"Burning Blood":42},"card_choices":[{"not_picked":["Warcry","Dark Embrace"],"picked":"Evolve","floor":1},{"not_picked":["Heavy Blade","Warcry"],"picked":"Sword Boomerang","floor":3},{"not_picked":["Shockwave","Thunderclap"],"picked":"Iron Wave","floor":5},{"not_picked":["Reckless Charge","Headbutt"],"picked":"Cleave","floor":7},{"not_picked":["Blood for Blood","Burning Pact"],"picked":"Power Through","floor":8},{"not_picked":["Warcry","Combust","Headbutt"],"picked":"SKIP","floor":8},{"not_picked":["Flex","Exhume"],"picked":"Sever Soul","floor":10},{"not_picked":["Flex","Fire Breathing"],"picked":"Feel No Pain","floor":10},{"not_picked":["Evolve","Clothesline"],"picked":"Iron Wave","floor":12}],"player_experience":940759,"relics_obtained":[{"floor":7,"key":"Prayer Wheel"},{"floor":9,"key":"Paper Frog"},{"floor":12,"key":"Toxic Egg 2"}],"event_choices":[{"damage_healed":0,"gold_gain":0,"player_choice":"Entered Light","damage_taken":23,"max_hp_gain":0,"max_hp_loss":0,"event_name":"Shining Light","floor":2,"gold_loss":0,"cards_upgraded":["Evolve","Strike_R"]},{"damage_healed":0,"gold_gain":0,"player_choice":"Forge","damage_taken":0,"max_hp_gain":0,"max_hp_loss":0,"event_name":"Accursed Blacksmith","floor":4,"gold_loss":0,"cards_upgraded":["Sword Boomerang"]},{"damage_healed":0,"gold_gain":75,"player_choice":"Gather Gold","damage_taken":11,"max_hp_gain":0,"max_hp_loss":0,"event_name":"World of Goop","floor":14,"gold_loss":0}],"is_beta":false,"boss_relics":[],"items_purged_floors":[],"is_endless":false,"potions_floor_spawned":[3,8],"killed_by":"The Guardian","ascension_level":16}}