{"host":"lv3zv4svf9qrs9uo","time":1612080009,"event":{"mods":["AchievementEnabler","BaseMod","Minty Spire (QoL Compilation)"],"gold_per_floor":[115,135,208,208,208,208,243,243,243,258,293,293,303,303,303,404,404,419,31,31,31,48,48,61,93,93,150,162,226,238,287,299,415,427,449,461,487,499,586,660,687,734,746,89,136,164,210,220,220,220],"floor_reached":51,"language":"ENG","playtime":7557,"items_purged":["LessonLearned+1"],"score":1196,"play_id":"d2b944b6-ca29-4d81-b769-775d8732a6a3","local_time":"20210131000009","is_ascension_mode":true,"campfire_choices":[{"data":"Wallop","floor":6.0,"key":"SMITH"},{"data":"TalkToTheHand","floor":8.0,"key":"SMITH"},{"data":"Tantrum","floor":12.0,"key":"SMITH"},{"data":"Ragnarok","floor":15.0,"key":"SMITH"},{"data":"Ghostly","floor":23.0,"key":"SMITH"},{"data":"Wish","floor":32.0,"key":"SMITH"},{"floor":49,"key":"REST"}],"circlet_count":0,"master_deck":["Eruption+1","Vigilance+1","TalkToTheHand+1","EmptyFist+1","Vault+1","Ragnarok+1","BowlingBash+1","Tantrum+1","Wallop+1","Evaluate+1","FlurryOfBlows+1","Halt+1","DeusExMachina+1","Ghostly+1","Ghostly+1","Ghostly+1","Ghostly+1","Ghostly+1","CrushJoints+1","Wish+1","DeusExMachina+1","InnerPeace+1","Secret Technique+1","ClearTheMind+1","TalkToTheHand+1","Tantrum+1"],"relics":["Pandora\u0027s Box","Regal Pillow","Mango","Bag of Marbles","Tiny Chest","Black Star","Kunai","Bag of Preparation","Pear","Sundial","Meat on the Bone","MawBank","Bronze Scales","Nunchaku","Dead Branch","Blue Candle","Fusion Hammer","Toxic Egg 2","Ornamental Fan","Pen Nib","Lantern","Calipers","Question Card","OrangePellets","Centennial Puzzle","Omamori","Singing Bowl","Vajra"],"acts_visited":["Exordium","TheCity","TheBeyond"],"potions_floor_usage":[50,50],"damage_taken":[{"damage":5.0,"enemies":"2 Louse","floor":1.0,"turns":2.0},{"damage":0.0,"enemies":"Small Slimes","floor":2.0,"turns":2.0},{"damage":0.0,"enemies":"Lagavulin","floor":7.0,"turns":4.0},{"damage":0.0,"enemies":"Jaw Worm","floor":10.0,"turns":3.0},{"damage":0.0,"enemies":"Gremlin Nob","floor":11.0,"turns":2.0},{"damage":0.0,"enemies":"Exordium Wildlife","floor":13.0,"turns":3.0},{"damage":21.0,"enemies":"Hexaghost","floor":16.0,"turns":6.0},{"damage":0.0,"enemies":"Chosen","floor":18.0,"turns":3.0},{"damage":1.0,"enemies":"Shell Parasite","floor":22.0,"turns":4.0},{"damage":3.0,"enemies":"Snake Plant","floor":24.0,"turns":2.0},{"damage":0.0,"enemies":"Slavers","floor":25.0,"turns":7.0},{"damage":5.0,"enemies":"Gremlin Leader","floor":27.0,"turns":6.0},{"damage":3.0,"enemies":"Book of Stabbing","floor":29.0,"turns":3.0},{"damage":0.0,"enemies":"3 Cultists","floor":31.0,"turns":4.0},{"damage":0.0,"enemies":"Automaton","floor":33.0,"turns":5.0},{"damage":0,"enemies":"3 Shapes","floor":35,"turns":2},{"damage":0,"enemies":"Orb Walker","floor":37,"turns":2},{"damage":0,"enemies":"Transient","floor":39,"turns":5},{"damage":0,"enemies":"Nemesis","floor":40,"turns":4},{"damage":0,"enemies":"Writhing Mass","floor":41,"turns":5},{"damage":0,"enemies":"Reptomancer","floor":42,"turns":3},{"damage":0,"enemies":"Spire Growth","floor":45,"turns":4},{"damage":0,"enemies":"Nemesis","floor":46,"turns":3},{"damage":0,"enemies":"3 Darklings","floor":48,"turns":2},{"damage":11,"enemies":"Awakened One","floor":50,"turns":6}],"seed_played":"1590368798512833684","potions_obtained":[{"floor":7.0,"key":"SteroidPotion"},{"floor":11.0,"key":"Dexterity Potion"},{"floor":18.0,"key":"Energy Potion"},{"floor":25.0,"key":"DistilledChaos"},{"floor":29.0,"key":"Energy Potion"},{"floor":39,"key":"Weak Potion"}],"is_trial":false,"path_per_floor":["M","M","?","?","?","R","E","R","T","M","E","R","M","?","R","B",null,"M","$","?","?","M","R","M","E","T","E","$","E","T","M","R","B",null,"M","T","M","?","M","E","M","E","T","$","M","E","T","M","R","B",null],"character_chosen":"WATCHER","items_purchased":["Kunai","Bag of Preparation","Secret Technique+1","OrangePellets","Centennial Puzzle","ClearTheMind+1","LiquidMemories"],"campfire_rested":1,"item_purchase_floors":[19,19,44,44,44,44,44],"current_hp_per_floor":[67,67,67,67,64,64,78,78,78,78,78,78,78,61,61,40,86,86,86,86,43,42,42,39,49,49,44,44,41,41,41,41,41,53,53,53,53,50,50,50,50,50,50,50,50,50,50,52,55,44],"gold":220,"neow_bonus":"BOSS_RELIC","is_daily":false,"chose_seed":false,"campfire_upgraded":6,"win_rate":0.0,"timestamp":1612080009,"path_taken":["M","M","?","?","?","R","E","R","T","M","E","R","M","?","R","BOSS","M","$","?","?","M","R","M","E","T","E","$","E","?","M","R","BOSS","M","?","M","?","M","E","?","E","T","$","M","E","?","M","R","BOSS"],"items_purchased_type":["Relic","Relic","Card","Relic","Relic","Card","Potion"],"build_version":"2020-12-22","purchased_purges":1,"victory":true,"max_hp_per_floor":[72,72,72,72,72,72,86,86,86,86,86,86,86,86,86,86,86,86,86,86,43,43,43,43,53,53,53,53,53,53,53,53,53,53,53,53,53,53,53,53,53,53,53,53,53,53,53,55,55,55],"card_choices":[{"not_picked":["Protect","FollowUp"],"picked":"Evaluate","floor":1.0},{"not_picked":["JustLucky","Worship"],"picked":"FlurryOfBlows","floor":2.0},{"not_picked":["Ragnarok","Sanctity","CarveReality"],"picked":"SKIP","floor":7.0},{"not_picked":["PathToVictory","Crescendo"],"picked":"Halt","floor":10.0},{"not_picked":["Vault","Protect","WaveOfTheHand"],"picked":"SKIP","floor":11.0},{"not_picked":["InnerPeace","Consecrate","EmptyBody"],"picked":"SKIP","floor":13.0},{"not_picked":["Alpha","Ragnarok"],"picked":"DeusExMachina","floor":16.0},{"not_picked":["WheelKick","Consecrate+1","Weave"],"picked":"SKIP","floor":18.0},{"not_picked":["Prostrate","SashWhip"],"picked":"CrushJoints","floor":22.0},{"not_picked":["WreathOfFlame","Weave+1","Collect"],"picked":"SKIP","floor":24.0},{"not_picked":["PathToVictory","DeceiveReality+1"],"picked":"Wish","floor":25.0},{"not_picked":["Indignation","JustLucky","Weave"],"picked":"SKIP","floor":27.0},{"not_picked":["Vengeance","SashWhip","Swivel"],"picked":"SKIP","floor":29.0},{"not_picked":["Vengeance","Crescendo","WheelKick"],"picked":"SKIP","floor":31.0},{"not_picked":["Establishment","Alpha"],"picked":"DeusExMachina","floor":33.0},{"not_picked":["Wallop","EmptyFist+1","Prostrate"],"picked":"SKIP","floor":35},{"not_picked":["FlyingSleeves+1","EmptyBody+1","WindmillStrike"],"picked":"SKIP","floor":37},{"not_picked":["Wallop","ThirdEye+1"],"picked":"InnerPeace+1","floor":39},{"not_picked":["ConjureBlade+1","Evaluate+1","Meditate+1"],"picked":"SKIP","floor":40},{"not_picked":["ConjureBlade+1","Evaluate+1","Meditate+1"],"picked":"SKIP","floor":40},{"not_picked":["Crescendo+1","SignatureMove+1","EmptyFist+1"],"picked":"SKIP","floor":41},{"not_picked":["Prostrate+1","SignatureMove","EmptyFist"],"picked":"SKIP","floor":42},{"not_picked":["WreathOfFlame+1","Prostrate+1","Consecrate+1"],"picked":"TalkToTheHand+1","floor":45},{"not_picked":["Blasphemy+1","ReachHeaven","CrushJoints+1"],"picked":"Tantrum+1","floor":46},{"not_picked":["ThirdEye+1","Indignation+1","Consecrate+1","Tantrum"],"picked":"Singing Bowl","floor":48}],"player_experience":469918,"relics_obtained":[{"floor":7.0,"key":"Mango"},{"floor":9.0,"key":"Bag of Marbles"},{"floor":11.0,"key":"Tiny Chest"},{"floor":25.0,"key":"Pear"},{"floor":25.0,"key":"Sundial"},{"floor":26.0,"key":"Meat on the Bone"},{"floor":27.0,"key":"MawBank"},{"floor":27.0,"key":"Bronze Scales"},{"floor":29.0,"key":"Nunchaku"},{"floor":29.0,"key":"Dead Branch"},{"floor":30.0,"key":"Blue Candle"},{"floor":36,"key":"Toxic Egg 2"},{"floor":40,"key":"Ornamental Fan"},{"floor":40,"key":"Pen Nib"},{"floor":42,"key":"Lantern"},{"floor":42,"key":"Calipers"},{"floor":43,"key":"Question Card"},{"floor":46,"key":"Omamori"},{"floor":46,"key":"Singing Bowl"},{"floor":47,"key":"Vajra"}],"event_choices":[{"damage_healed":0.0,"max_hp_gain":0.0,"max_hp_loss":0.0,"gold_gain":73.0,"event_name":"Golden Wing","player_choice":"Gained Gold","floor":3.0,"gold_loss":0.0,"damage_taken":0.0},{"damage_healed":0.0,"max_hp_gain":0.0,"max_hp_loss":0.0,"gold_gain":0.0,"event_name":"Living Wall","player_choice":"Grow","floor":4.0,"gold_loss":0.0,"damage_taken":0.0,"cards_upgraded":["Vault"]},{"damage_healed":0.0,"max_hp_gain":0.0,"max_hp_loss":0.0,"gold_gain":0.0,"event_name":"Scrap Ooze","player_choice":"Success","floor":5.0,"gold_loss":0.0,"damage_taken":3.0,"relics_obtained":["Regal Pillow"]},{"damage_healed":0.0,"max_hp_gain":0.0,"max_hp_loss":0.0,"gold_gain":0.0,"event_name":"Shining Light","player_choice":"Entered Light","floor":14.0,"gold_loss":0.0,"damage_taken":17.0,"cards_upgraded":["Vigilance","BowlingBash"]},{"damage_healed":0.0,"max_hp_gain":0.0,"max_hp_loss":0.0,"gold_gain":0.0,"event_name":"Vampires","player_choice":"Ignored","floor":20.0,"gold_loss":0.0,"damage_taken":0.0},{"damage_healed":0.0,"max_hp_gain":0.0,"max_hp_loss":43.0,"gold_gain":0.0,"event_name":"Ghosts","player_choice":"Became a Ghost","floor":21.0,"gold_loss":0.0,"damage_taken":0.0,"cards_obtained":["Ghostly","Ghostly","Ghostly","Ghostly","Ghostly"]},{"damage_healed":0,"gold_gain":0,"player_choice":"Punched","damage_taken":3,"max_hp_gain":0,"max_hp_loss":0,"event_name":"Designer","floor":38,"gold_loss":0}],"is_beta":false,"boss_relics":[{"not_picked":["Coffee Dripper","Philosopher\u0027s Stone"],"picked":"Black Star"},{"not_picked":["Astrolabe","Tiny House"],"picked":"Fusion Hammer"}],"items_purged_floors":[44],"is_endless":false,"potions_floor_spawned":[7,11,18,25,29,31,39,40,45,46,48],"ascension_level":3}}