{"host":"gk336il5jfnqajsw","time":1612064541,"event":{"mods":["2.2 Compatiblity","AchievementEnabler","BaseMod","Colored Powertips","Minty Spire (QoL Compilation)","Relic Stats","StSLib"],"gold_per_floor":[115,115,190,207,218,218,237,237,316,326,601,620,620,631,631,631,631],"floor_reached":16,"language":"ENG","playtime":668,"items_purged":[],"score":94,"play_id":"09615e80-20c4-4b02-9a3a-ad4d51c78f20","local_time":"20210130204221","is_ascension_mode":false,"campfire_choices":[{"floor":6,"key":"REST"},{"data":"Dash","floor":8,"key":"SMITH"},{"data":"Acrobatics","floor":13,"key":"SMITH"},{"data":"Underhanded Strike","floor":15,"key":"SMITH"}],"circlet_count":0,"master_deck":["Strike_G","Strike_G","Strike_G","Defend_G","Defend_G","Defend_G","Defend_G","Survivor","Neutralize","Dash+1","Venomology","Acrobatics+1","Backstab","Regret","Footwork","Underhanded Strike+1"],"relics":["Ring of the Snake"],"acts_visited":["Exordium"],"potions_floor_usage":[7,12,16,16,16,16],"damage_taken":[{"damage":0,"enemies":"Small Slimes","floor":1,"turns":3},{"damage":0,"enemies":"Cultist","floor":4,"turns":5},{"damage":0,"enemies":"2 Louse","floor":5,"turns":2},{"damage":0,"enemies":"Lots of Slimes","floor":7,"turns":6},{"damage":0,"enemies":"3 Louse","floor":10,"turns":2},{"damage":4,"enemies":"2 Fungi Beasts","floor":12,"turns":4},{"damage":0,"enemies":"Looter","floor":14,"turns":2},{"damage":57,"enemies":"Hexaghost","floor":16,"turns":16}],"seed_played":"-7252395595429663500","potions_obtained":[{"floor":4,"key":"SpeedPotion"},{"floor":7,"key":"Swift Potion"}],"is_trial":false,"path_per_floor":["M","?","?","M","M","R","M","R","T","M","?","M","R","M","R","B"],"character_chosen":"THE_SILENT","items_purchased":[],"campfire_rested":1,"item_purchase_floors":[],"current_hp_per_floor":[49,49,38,38,38,59,59,59,59,59,59,55,55,55,55,0,0],"gold":631,"neow_bonus":"TRANSFORM_TWO_CARDS","is_daily":false,"chose_seed":false,"campfire_upgraded":3,"win_rate":0.0,"timestamp":1612064541,"path_taken":["M","?","?","M","M","R","M","R","T","M","?","?","R","?","R","BOSS"],"items_purchased_type":[],"build_version":"2020-12-22","purchased_purges":0,"victory":false,"max_hp_per_floor":[70,70,70,70,70,70,70,70,70,70,70,70,70,70,70,70,70],"relic_stats":{"counters":[8,40],"obtain_stats":[{"Ring of the Snake":0},{"Ring of the Snake":0},{"Ring of the Snake":0}],"Ring of the Snake":[16]},"card_choices":[{"not_picked":["Poisoned Stab","Dodge and Roll"],"picked":"Acrobatics","floor":1},{"not_picked":["Cloak And Dagger","Sucker Punch"],"picked":"Backstab","floor":4},{"not_picked":["Outmaneuver","Accuracy","Cloak And Dagger"],"picked":"SKIP","floor":5},{"not_picked":["Prepared","Quick Slash","Caltrops"],"picked":"SKIP","floor":7},{"not_picked":["Flying Knee","Dagger Spray","A Thousand Cuts"],"picked":"SKIP","floor":10},{"not_picked":["Outmaneuver","Poisoned Stab"],"picked":"Footwork","floor":12},{"not_picked":["Blade Dance","Bouncing Flask"],"picked":"Underhanded Strike","floor":14}],"player_experience":563845,"relics_obtained":[],"event_choices":[{"cards_removed":["Strike_G"],"damage_healed":0,"gold_gain":0,"player_choice":"Forget","damage_taken":0,"max_hp_gain":0,"max_hp_loss":0,"event_name":"Living Wall","floor":2,"gold_loss":0},{"damage_healed":0,"gold_gain":75,"player_choice":"Gather Gold","damage_taken":11,"max_hp_gain":0,"max_hp_loss":0,"event_name":"World of Goop","floor":3,"gold_loss":0},{"damage_healed":0,"gold_gain":275,"player_choice":"Desecrate","damage_taken":0,"max_hp_gain":0,"max_hp_loss":0,"event_name":"Golden Shrine","floor":11,"gold_loss":0,"cards_obtained":["Regret"]}],"is_beta":false,"boss_relics":[],"items_purged_floors":[],"is_endless":false,"potions_floor_spawned":[4,7,12,14],"killed_by":"Hexaghost","ascension_level":0}}