{"host":"gyzmxzq2gvvih6do","time":1612102126,"event":{"mods":["BaseMod","BetterRewards","Colored Map","Colored Powertips","Duelist Mod","GifTheSpireLib","Googly Eyes","Hermit","Marisa????????","Minty Spire (QoL Compilation)","Quick Restart","StSLib","SuperFastMode","The Cursed","The Necromancer","The Servant 0.9.4","slay the spire mod where everything is the same but ironclad has a cowboy hat"],"gold_per_floor":[112,3,23,96,371,410,421,421,469,490,511,527,527,591,591,695,695,712,731,731,608,628,628,648,648,723,723,742,761,761,784,784,890,890,910,1909,1919,1919,559,559,578,578,578,878,893,893,38,57,57,62],"floor_reached":51,"language":"ENG","playtime":3131,"items_purged":["Normality","Normality"],"score":751,"play_id":"dd2d690c-08c1-4ced-870e-59d8ffb4e471","local_time":"20210131070846","is_ascension_mode":false,"campfire_choices":[{"floor":13,"key":"RECALL"},{"data":"hermit:GoldenBullet","floor":15,"key":"SMITH"},{"floor":23,"key":"REST"},{"floor":25,"key":"REST"},{"floor":30,"key":"REST"},{"floor":32,"key":"REST"},{"data":"hermit:Dive","floor":40,"key":"SMITH"},{"data":"Secret Weapon","floor":42,"key":"SMITH"},{"floor":46,"key":"REST"},{"data":"Blind","floor":49,"key":"SMITH"}],"circlet_count":0,"master_deck":["hermit:Strike_Hermit","hermit:Strike_Hermit","hermit:Strike_Hermit","hermit:Strike_Hermit","hermit:Defend_Hermit","hermit:Defend_Hermit","hermit:Defend_Hermit","hermit:Defend_Hermit","hermit:Snapshot","hermit:Covet","hermit:Scavenge","hermit:Enervate","hermit:FlashPowder","hermit:EyeOfTheStorm","Regret","hermit:GoldenBullet+1","hermit:Shortfuse","Pain","hermit:Headshot","hermit:Combo","hermit:CalledShot","hermit:Gambit","hermit:RoundhouseKick","hermit:TrackingShot","hermit:Gestalt+1","hermit:ItchyTrigger","hermit:DeadMansHand","hermit:RoundhouseKick","hermit:Strike_Hermit","hermit:Feint+1","hermit:Headshot+1","hermit:Manifest","hermit:Roughhouse","hermit:TrackingShot","hermit:Feint+1","Dramatic Entrance+1","Secret Weapon+1","hermit:Enervate+1","hermit:Dive+1","hermit:Deadeye+1","hermit:Snipe","hermit:Vantage+1","theDuelist:CurseAnubis","hermit:TrackingShot+1","hermit:HighCaliber+1","The Bomb","Blind+1","hermit:LoneWolf+1"],"relics":["hermit:Momento","Blood Vial","Vajra","WarpedTongs","Peace Pipe","SlaversCollar","Pear","Bottled Flame","Cursed Key","Sling","Molten Egg 2","Sundial","Bag of Marbles","Ginger","Ancient Tea Set"],"acts_visited":["Exordium","TheCity","TheBeyond"],"potions_floor_usage":[6,16,16,18,24,33,33,50,50,50],"damage_taken":[{"damage":2,"enemies":"2 Louse","floor":1,"turns":3},{"damage":0,"enemies":"Cultist","floor":3,"turns":4},{"damage":28,"enemies":"3 Sentries","floor":6,"turns":11},{"damage":0,"enemies":"Small Slimes","floor":7,"turns":3},{"damage":1,"enemies":"Looter","floor":10,"turns":2},{"damage":2,"enemies":"Exordium Wildlife","floor":11,"turns":4},{"damage":5,"enemies":"Blue Slaver","floor":12,"turns":3},{"damage":9,"enemies":"3 Sentries","floor":14,"turns":4},{"damage":19,"enemies":"The Guardian","floor":16,"turns":10},{"damage":21,"enemies":"Chosen","floor":18,"turns":5},{"damage":27,"enemies":"2 Thieves","floor":19,"turns":4},{"damage":9,"enemies":"Snecko","floor":22,"turns":6},{"damage":8,"enemies":"Sentry and Sphere","floor":24,"turns":5},{"damage":46,"enemies":"Cultist and Chosen","floor":28,"turns":9},{"damage":23,"enemies":"Shelled Parasite and Fungi","floor":29,"turns":6},{"damage":0,"enemies":"3 Cultists","floor":31,"turns":4},{"damage":52,"enemies":"Champ","floor":33,"turns":9},{"damage":1,"enemies":"3 Shapes","floor":35,"turns":3},{"damage":28,"enemies":"3 Darklings","floor":37,"turns":5},{"damage":15,"enemies":"Sphere and 2 Shapes","floor":41,"turns":2},{"damage":8,"enemies":"Spire Growth","floor":45,"turns":5},{"damage":0,"enemies":"3 Darklings","floor":48,"turns":2},{"damage":54,"enemies":"Awakened One","floor":50,"turns":16}],"seed_played":"3072105957480081599","potions_obtained":[{"floor":1,"key":"Dexterity Potion"},{"floor":6,"key":"DuplicationPotion"},{"floor":7,"key":"GamblersBrew"},{"floor":14,"key":"EssenceOfSteel"},{"floor":22,"key":"LiquidMemories"},{"floor":28,"key":"BlessingOfTheForge"},{"floor":31,"key":"Explosive Potion"},{"floor":37,"key":"Energy Potion"},{"floor":45,"key":"Dexterity Potion"}],"is_trial":false,"path_per_floor":["M","$","M","?","?","E","M","?","T","M","M","M","R","?","R","B",null,"M","M","?","?","M","R","M","R","T","?","M","M","R","M","R","B",null,"M","?","M","?","$","R","M","R","T","?","M","R","$","M","R","B",null],"character_chosen":"HERMIT","items_purchased":["hermit:Enervate","hermit:FlashPowder","Sling","Molten Egg 2","Sundial","Dramatic Entrance+1","Secret Weapon","hermit:Enervate+1","Swift Potion","DistilledChaos","hermit:Dive","hermit:Deadeye+1","hermit:Snipe","Ginger","Ancient Tea Set","hermit:HighCaliber+1","The Bomb","Blind"],"campfire_rested":5,"item_purchase_floors":[2,2,39,39,39,39,39,39,39,39,39,39,39,47,47,47,47,47],"current_hp_per_floor":[73,73,75,75,75,47,49,49,49,50,50,47,47,40,40,23,75,54,29,15,25,18,45,39,66,66,66,22,1,28,30,57,7,90,89,89,62,62,62,62,49,49,49,49,43,70,70,72,72,20],"gold":62,"neow_bonus":"RANDOM_COMMON_RELIC","is_daily":false,"chose_seed":false,"campfire_upgraded":4,"win_rate":0.0,"timestamp":1612102126,"path_taken":["M","$","M","?","?","E","?","?","T","?","M","M","R","?","R","BOSS","M","M","?","?","?","R","M","R","T","?","M","?","R","M","R","BOSS","M","?","M","?","$","R","?","R","T","?","M","R","$","M","R","BOSS"],"items_purchased_type":["Card","Card","Relic","Relic","Relic","Card","Card","Card","Potion","Potion","Card","Card","Card","Relic","Relic","Card","Card","Card"],"build_version":"2020-12-22","purchased_purges":2,"victory":true,"max_hp_per_floor":[75,75,75,75,75,75,75,75,75,75,75,75,75,75,75,75,75,75,75,80,90,90,90,90,90,90,90,90,90,90,90,90,90,90,90,90,90,90,90,90,90,90,90,90,90,90,90,90,90,90],"card_choices":[{"not_picked":["hermit:Virtue","hermit:Vantage"],"picked":"hermit:Scavenge","floor":1},{"not_picked":["hermit:Headshot","hermit:LowProfile"],"picked":"hermit:EyeOfTheStorm","floor":3},{"not_picked":["hermit:FlashPowder","hermit:TakeCover"],"picked":"hermit:GoldenBullet","floor":6},{"not_picked":["hermit:CalledShot","hermit:Brawl"],"picked":"hermit:Shortfuse","floor":7},{"not_picked":["hermit:BodyArmor","hermit:Manifest"],"picked":"hermit:Headshot","floor":10},{"not_picked":["hermit:Vantage","hermit:Grudge"],"picked":"hermit:Combo","floor":11},{"not_picked":["hermit:SprayPray","hermit:Determination"],"picked":"hermit:CalledShot","floor":12},{"not_picked":["hermit:WideOpen","hermit:CursedWeapon"],"picked":"hermit:Gambit","floor":14},{"not_picked":["hermit:Adapt","hermit:FromBeyond"],"picked":"hermit:RoundhouseKick","floor":16},{"not_picked":["hermit:CalledShot","hermit:Misfire"],"picked":"hermit:TrackingShot","floor":18},{"not_picked":["hermit:PistolWhip","hermit:GhostlyPresence+1"],"picked":"hermit:Gestalt+1","floor":19},{"not_picked":["hermit:SprayPray","hermit:CalledShot"],"picked":"hermit:ItchyTrigger","floor":22},{"not_picked":["hermit:Scavenge","hermit:Glare"],"picked":"hermit:DeadMansHand","floor":24},{"not_picked":["hermit:Misfire","hermit:LuckOfTheDraw"],"picked":"hermit:Feint+1","floor":28},{"not_picked":["hermit:Ricochet","hermit:LowProfile"],"picked":"hermit:Headshot+1","floor":29},{"not_picked":["hermit:Virtue","hermit:SprayPray"],"picked":"hermit:Manifest","floor":31},{"not_picked":["hermit:RoundhouseKick","hermit:Purgatory"],"picked":"hermit:Roughhouse","floor":33},{"not_picked":["hermit:Desperado+1","hermit:Virtue"],"picked":"hermit:TrackingShot","floor":35},{"not_picked":["hermit:Misfire","hermit:Deadeye"],"picked":"hermit:Feint+1","floor":37},{"not_picked":["hermit:Showdown+1","hermit:Deadeye+1"],"picked":"hermit:Vantage+1","floor":41},{"not_picked":["hermit:Snipe","hermit:Desperado+1"],"picked":"hermit:TrackingShot+1","floor":45},{"not_picked":["hermit:FlashPowder+1","hermit:PistolWhip+1"],"picked":"hermit:LoneWolf+1","floor":48}],"player_experience":92888,"relics_obtained":[{"floor":6,"key":"Vajra"},{"floor":14,"key":"Peace Pipe"},{"floor":26,"key":"Bottled Flame"},{"floor":43,"key":"Bag of Marbles"}],"event_choices":[{"damage_healed":0,"gold_gain":73,"player_choice":"Gained Gold","damage_taken":0,"max_hp_gain":0,"max_hp_loss":0,"event_name":"Golden Wing","floor":4,"gold_loss":0},{"damage_healed":0,"gold_gain":275,"player_choice":"Desecrate","damage_taken":0,"max_hp_gain":0,"max_hp_loss":0,"event_name":"Golden Shrine","floor":5,"gold_loss":0,"cards_obtained":["Regret"]},{"damage_healed":0,"gold_gain":0,"player_choice":"Rummage","damage_taken":0,"relics_obtained":["WarpedTongs"],"max_hp_gain":0,"max_hp_loss":0,"event_name":"Accursed Blacksmith","floor":8,"gold_loss":0,"cards_obtained":["Pain"]},{"damage_healed":0,"gold_gain":0,"player_choice":"Searched \u00272\u0027 times","damage_taken":0,"max_hp_gain":0,"max_hp_loss":0,"event_name":"Dead Adventurer","floor":14,"gold_loss":0},{"damage_healed":0,"gold_gain":0,"player_choice":"Shed Blood","damage_taken":19,"max_hp_gain":5,"max_hp_loss":0,"event_name":"Forgotten Altar","floor":20,"gold_loss":0},{"damage_healed":0,"gold_gain":0,"player_choice":"Paid Gold","damage_taken":0,"relics_obtained":["Pear"],"max_hp_gain":0,"max_hp_loss":0,"event_name":"WeMeetAgain","floor":21,"gold_loss":123},{"damage_healed":0,"gold_gain":0,"player_choice":"2 cards matched","damage_taken":0,"max_hp_gain":0,"max_hp_loss":0,"event_name":"Match and Keep!","floor":27,"gold_loss":0,"cards_obtained":["hermit:RoundhouseKick","hermit:Strike_Hermit"]},{"damage_healed":0,"gold_gain":999,"player_choice":"Gold","damage_taken":0,"max_hp_gain":0,"max_hp_loss":0,"event_name":"MindBloom","floor":36,"gold_loss":0,"cards_obtained":["Normality","Normality"]},{"damage_healed":0,"gold_gain":0,"player_choice":"Ignored","damage_taken":0,"max_hp_gain":0,"max_hp_loss":0,"event_name":"Tomb of Lord Red Mask","floor":38,"gold_loss":0},{"damage_healed":0,"gold_gain":300,"player_choice":"Gold","damage_taken":0,"max_hp_gain":0,"max_hp_loss":0,"event_name":"Wheel of Change","floor":44,"gold_loss":0}],"is_beta":false,"boss_relics":[{"not_picked":["SacredBark","Astrolabe"],"picked":"SlaversCollar"},{"not_picked":["Philosopher\u0027s Stone","Black Star"],"picked":"Cursed Key"}],"items_purged_floors":[39,47],"is_endless":false,"potions_floor_spawned":[1,6,7,14,22,28,31,37,45],"ascension_level":0}}