{"host":"9tzam4717zt8ei1o","time":1612100014,"event":{"mods":["BaseMod","Colored Map","Keyboard Shortcuts","Minty Spire (QoL Compilation)","Quick Restart","StSLib","SuperFastMode"],"gold_per_floor":[115,40,52,52,72,72,100,100,123,140,40,51,51,78,78,152,152,168,148,159,186,186,186,199,199,251,267,285,145,163,45,45,45,45],"floor_reached":33,"language":"KOR","playtime":2781,"items_purged":["Strike_G","Strike_G","Regret"],"score":437,"play_id":"22ce3c7d-118c-4c62-bc1d-16434e3ad1b2","local_time":"20210131223334","is_ascension_mode":true,"campfire_choices":[{"data":"Neutralize","floor":6.0,"key":"SMITH"},{"data":"Calculated Gamble","floor":15.0,"key":"SMITH"},{"data":"After Image","floor":23.0,"key":"SMITH"},{"data":"Eviscerate","floor":25.0,"key":"SMITH"},{"data":"Acrobatics","floor":32.0,"key":"SMITH"}],"circlet_count":0,"master_deck":["AscendersBane","Strike_G","Defend_G","Defend_G","Defend_G","Defend_G","Defend_G","Survivor","Neutralize+1","Quick Slash","Heel Hook","Calculated Gamble+1","Backflip","Eviscerate+1","After Image+1","Blur","Backflip","Acrobatics+1"],"relics":["Ring of the Snake","Oddly Smooth Stone","PreservedInsect","The Courier","Cursed Key","Red Mask","Bronze Scales","TheAbacus"],"acts_visited":["Exordium","TheCity"],"potions_floor_usage":[],"damage_taken":[{"damage":6.0,"enemies":"2 Louse","floor":1.0,"turns":3.0},{"damage":0.0,"enemies":"Cultist","floor":3.0,"turns":4.0},{"damage":1.0,"enemies":"Jaw Worm","floor":5.0,"turns":4.0},{"damage":19.0,"enemies":"Gremlin Nob","floor":7.0,"turns":5.0},{"damage":8.0,"enemies":"Exordium Thugs","floor":10.0,"turns":7.0},{"damage":9.0,"enemies":"Large Slime","floor":12.0,"turns":7.0},{"damage":18.0,"enemies":"Lagavulin","floor":14.0,"turns":4.0},{"damage":2.0,"enemies":"The Guardian","floor":16.0,"turns":15.0},{"damage":0.0,"enemies":"2 Thieves","floor":18.0,"turns":5.0},{"damage":0.0,"enemies":"Spheric Guardian","floor":20.0,"turns":4.0},{"damage":30.0,"enemies":"Masked Bandits","floor":21.0,"turns":7.0},{"damage":9.0,"enemies":"Snake Plant","floor":24.0,"turns":5.0},{"damage":8.0,"enemies":"Centurion and Healer","floor":27.0,"turns":10.0},{"damage":8.0,"enemies":"Chosen and Byrds","floor":28.0,"turns":6.0},{"damage":0.0,"enemies":"3 Cultists","floor":30.0,"turns":5.0},{"damage":0,"enemies":"Champ","floor":33,"turns":1}],"seed_played":"354024930007841493","potions_obtained":[{"floor":3.0,"key":"Strength Potion"},{"floor":4.0,"key":"FairyPotion"},{"floor":14.0,"key":"SpeedPotion"},{"floor":18.0,"key":"Block Potion"},{"floor":24.0,"key":"AttackPotion"},{"floor":28.0,"key":"Explosive Potion"}],"is_trial":false,"path_per_floor":["M","$","M","?","M","R","E","?","T","M","$","M","?","E","R","B",null,"M","?","M","?","?","R","M","R","T","M","M","$","M","$","R","B"],"character_chosen":"THE_SILENT","items_purchased":["Acrobatics","TheAbacus"],"campfire_rested":0,"item_purchase_floors":[29,31],"current_hp_per_floor":[53,53,53,53,52,52,33,33,33,25,25,16,38,20,20,18,54,54,54,54,24,24,24,15,15,15,7,19,19,19,19,19,19,19],"gold":45,"neow_bonus":"TRANSFORM_CARD","is_daily":false,"chose_seed":false,"campfire_upgraded":5,"win_rate":0.0,"timestamp":1612100014,"path_taken":["M","$","M","?","?","R","E","?","T","M","?","M","?","E","R","BOSS","M","?","?","?","?","R","M","R","T","M","M","$","M","$","R","BOSS"],"items_purchased_type":["Card","Relic"],"build_version":"2020-12-22","purchased_purges":3,"victory":false,"max_hp_per_floor":[66,66,66,66,66,66,66,66,66,66,66,66,66,66,66,66,66,66,66,66,66,66,66,66,66,66,66,66,66,66,66,66,66,66],"card_choices":[{"not_picked":["Sucker Punch","Concentrate"],"picked":"Heel Hook","floor":1.0},{"not_picked":["Cloak And Dagger","Distraction","Concentrate"],"picked":"SKIP","floor":3.0},{"not_picked":["Flying Knee","Finisher"],"picked":"Calculated Gamble","floor":5.0},{"not_picked":["Deflect","Dagger Spray"],"picked":"Backflip","floor":7.0},{"not_picked":["Poisoned Stab","PiercingWail","Calculated Gamble"],"picked":"SKIP","floor":10.0},{"not_picked":["Dodge and Roll","Corpse Explosion"],"picked":"Eviscerate","floor":12.0},{"not_picked":["Catalyst","Bane","Outmaneuver"],"picked":"SKIP","floor":14.0},{"not_picked":["Night Terror","Die Die Die"],"picked":"After Image","floor":16.0},{"not_picked":["Choke","Outmaneuver","Concentrate"],"picked":"SKIP","floor":18.0},{"not_picked":["Choke","Outmaneuver","Concentrate"],"picked":"SKIP","floor":18.0},{"not_picked":["Terror","Leg Sweep","Cloak And Dagger"],"picked":"SKIP","floor":20.0},{"not_picked":["Caltrops","Dodge and Roll"],"picked":"Blur","floor":24.0},{"not_picked":["Cloak And Dagger","Flying Knee","Bouncing Flask"],"picked":"SKIP","floor":27.0},{"not_picked":["Backstab","PiercingWail"],"picked":"Backflip","floor":28.0},{"not_picked":["Poisoned Stab","Blade Dance","Deadly Poison"],"picked":"SKIP","floor":30.0}],"player_experience":114452,"relics_obtained":[{"floor":7.0,"key":"Oddly Smooth Stone"},{"floor":9.0,"key":"PreservedInsect"},{"floor":14.0,"key":"The Courier"},{"floor":21.0,"key":"Red Mask"},{"floor":26.0,"key":"Bronze Scales"}],"event_choices":[{"damage_healed":0.0,"max_hp_gain":0.0,"max_hp_loss":0.0,"gold_gain":0.0,"event_name":"Lab","player_choice":"Got Potions","floor":4.0,"gold_loss":0.0,"damage_taken":0.0},{"cards_removed":["Strike_G"],"damage_healed":0.0,"max_hp_gain":0.0,"max_hp_loss":0.0,"gold_gain":0.0,"event_name":"Living Wall","player_choice":"Forget","floor":8.0,"gold_loss":0.0,"damage_taken":0.0},{"damage_healed":22.0,"max_hp_gain":0.0,"max_hp_loss":0.0,"gold_gain":0.0,"event_name":"Big Fish","player_choice":"Banana","floor":13.0,"gold_loss":0.0,"damage_taken":0.0},{"damage_healed":0.0,"max_hp_gain":0.0,"max_hp_loss":0.0,"gold_gain":0.0,"event_name":"The Woman in Blue","player_choice":"Bought 1 Potion","floor":19.0,"gold_loss":0.0,"damage_taken":0.0},{"damage_healed":0.0,"max_hp_gain":0.0,"max_hp_loss":0.0,"gold_gain":0.0,"event_name":"Masked Bandits","player_choice":"Fought Bandits","floor":21.0,"gold_loss":0.0,"damage_taken":0.0},{"damage_healed":0.0,"max_hp_gain":0.0,"max_hp_loss":0.0,"gold_gain":0.0,"event_name":"Ghosts","player_choice":"Ignored","floor":22.0,"gold_loss":0.0,"damage_taken":0.0}],"is_beta":false,"boss_relics":[{"not_picked":["Black Star","Snecko Eye"],"picked":"Cursed Key"}],"items_purged_floors":[2,11,29],"is_endless":false,"potions_floor_spawned":[3,10,14,18,24,28],"killed_by":"Champ","ascension_level":14}}