{"host":"v2nniiiz7kpx7fwo","time":1612114218,"event":{"mods":["2.2 Compatiblity","AchievementEnabler","BaseMod","Colored Map","Colored Powertips","DeckTracker","Highlight Path","KOR Keyword Fix","Minty Spire (QoL Compilation)","Permanent Neow","Quick Restart","Rare Cards Sparkle","SuperFastMode"],"gold_per_floor":[10,10,10,25,46,85,85,85,85,85,109,130,144,168,168,291,291,312,49,49,63,63,106,106,141,153,215,227,258,286,314,326,466,478,505,541,553,3,21,21,60,60,60,91,91,91,424,437,437,437,437,437,33,66,66,66],"floor_reached":55,"language":"KOR","playtime":2894,"items_purged":["Strike_P","Strike_P"],"score":1137,"play_id":"58f436d2-2324-4270-b32f-9f3f3fdcf29c","local_time":"20210201023018","is_ascension_mode":true,"campfire_choices":[{"floor":8.0,"key":"REST"},{"floor":10.0,"key":"REST"},{"floor":15.0,"key":"REST"},{"data":"Apotheosis","floor":24.0,"key":"SMITH"},{"floor":28.0,"key":"REST"},{"floor":32.0,"key":"REST"},{"floor":40.0,"key":"REST"},{"data":"Scrawl","floor":42.0,"key":"SMITH"},{"floor":45.0,"key":"RECALL"},{"data":"DevaForm","floor":49.0,"key":"SMITH"},{"data":"Vigilance","floor":52.0,"key":"SMITH"}],"circlet_count":0,"master_deck":["Strike_P","Defend_P","Defend_P","Eruption+1","Vigilance+1","EmptyFist","SignatureMove+1","FlurryOfBlows+1","Meditate","DevaForm+1","Consecrate+1","Weave+1","Fasting2+1","EmptyBody","Apotheosis+1","Writhe","Necronomicurse","FearNoEvil+1","MentalFortress+1","Scrawl+1","Tantrum+1","MentalFortress+1","Parasite","ClearTheMind+1","ClearTheMind+1","Halt","FlurryOfBlows+1"],"relics":["PureWater","StoneCalendar","Molten Egg 2","StrikeDummy","Astrolabe","Eternal Feather","Necronomicon","Smiling Mask","MawBank","Bottled Tornado","SacredBark","DollysMirror","Blood Vial","Meat on the Bone","Dream Catcher","Anchor","Damaru","Calipers"],"acts_visited":["Exordium","TheCity","TheBeyond","TheEnding"],"potions_floor_usage":[55],"damage_taken":[{"damage":8.0,"enemies":"Jaw Worm","floor":1.0,"turns":4.0},{"damage":0.0,"enemies":"Small Slimes","floor":4.0,"turns":3.0},{"damage":5.0,"enemies":"2 Louse","floor":5.0,"turns":2.0},{"damage":40.0,"enemies":"3 Sentries","floor":6.0,"turns":7.0},{"damage":12.0,"enemies":"Gremlin Gang","floor":11.0,"turns":4.0},{"damage":10.0,"enemies":"Exordium Thugs","floor":12.0,"turns":3.0},{"damage":2.0,"enemies":"Exordium Wildlife","floor":13.0,"turns":3.0},{"damage":0.0,"enemies":"Looter","floor":14.0,"turns":1.0},{"damage":36.0,"enemies":"The Guardian","floor":16.0,"turns":7.0},{"damage":13.0,"enemies":"2 Thieves","floor":18.0,"turns":3.0},{"damage":5.0,"enemies":"Chosen","floor":21.0,"turns":4.0},{"damage":0.0,"enemies":"Slavers","floor":23.0,"turns":5.0},{"damage":7.0,"enemies":"Book of Stabbing","floor":25.0,"turns":3.0},{"damage":17.0,"enemies":"Centurion and Healer","floor":29.0,"turns":5.0},{"damage":4.0,"enemies":"Sentry and Sphere","floor":30.0,"turns":4.0},{"damage":0.0,"enemies":"Cultist and Chosen","floor":31.0,"turns":4.0},{"damage":29.0,"enemies":"Champ","floor":33.0,"turns":8.0},{"damage":3.0,"enemies":"Orb Walker","floor":35.0,"turns":3.0},{"damage":46.0,"enemies":"3 Darklings","floor":36.0,"turns":7.0},{"damage":10.0,"enemies":"Writhing Mass","floor":39.0,"turns":5.0},{"damage":11.0,"enemies":"Giant Head","floor":41.0,"turns":6.0},{"damage":17.0,"enemies":"Reptomancer","floor":44.0,"turns":5.0},{"damage":11.0,"enemies":"Spire Growth","floor":48.0,"turns":4.0},{"damage":10.0,"enemies":"Awakened One","floor":50.0,"turns":7.0},{"damage":37.0,"enemies":"Shield and Spear","floor":54.0,"turns":4.0},{"damage":113,"enemies":"The Heart","floor":55,"turns":2}],"seed_played":"2789094841593674224","potions_obtained":[{"floor":1.0,"key":"SpeedPotion"},{"floor":11.0,"key":"BlessingOfTheForge"},{"floor":14.0,"key":"Energy Potion"},{"floor":16.0,"key":"ColorlessPotion"},{"floor":21.0,"key":"DistilledChaos"},{"floor":23.0,"key":"Dexterity Potion"},{"floor":30.0,"key":"SkillPotion"},{"floor":36.0,"key":"StancePotion"},{"floor":41.0,"key":"SteroidPotion"},{"floor":44.0,"key":"EssenceOfSteel"},{"floor":54.0,"key":"StancePotion"}],"is_trial":false,"path_per_floor":["M","?","?","M","M","E","?","R","T","R","M","M","M","M","R","B",null,"M","$","?","M","?","E","R","E","T","?","R","M","M","M","R","B",null,"M","M","?","$","M","R","E","R","T","E","R","?","?","M","R","B",null,"R","$","E","B"],"character_chosen":"WATCHER","items_purchased":["Apotheosis","DollysMirror","Blood Vial","Meat on the Bone","Ancient Potion","Strength Potion","Halt","Damaru","SteroidPotion"],"campfire_rested":6,"item_purchase_floors":[19,38,38,38,53,53,53,53,53],"current_hp_per_floor":[57,57,57,57,52,12,12,32,32,52,40,30,28,28,48,12,53,40,40,40,35,19,19,31,24,24,24,56,39,35,35,67,38,60,57,11,11,11,15,50,41,56,56,41,56,56,56,47,62,54,64,67,67,42,0,0],"gold":66,"neow_bonus":"ONE_RARE_RELIC","is_daily":false,"chose_seed":false,"campfire_upgraded":4,"win_rate":0.0,"timestamp":1612114218,"path_taken":["M","?","?","M","M","E","?","R","T","R","M","M","?","M","R","BOSS","M","$","?","M","?","E","R","E","T","?","R","M","M","M","R","BOSS","M","?","?","$","M","R","E","R","T","E","R","?","?","M","R","BOSS","R","$","E","BOSS"],"items_purchased_type":["Card","Relic","Relic","Relic","Potion","Potion","Card","Relic","Potion"],"build_version":"2020-12-22","purchased_purges":2,"victory":false,"max_hp_per_floor":[72,67,67,67,67,67,67,67,67,67,67,67,67,67,67,67,67,67,67,67,67,67,67,67,67,67,67,67,67,67,67,67,67,67,67,67,67,67,67,67,67,67,67,67,67,67,67,67,67,67,67,67,67,67,67,67],"card_choices":[{"not_picked":["WheelKick","BowlingBash","CrushJoints"],"picked":"SKIP","floor":1.0},{"not_picked":["BowlingBash","ThirdEye"],"picked":"PathToVictory","floor":4.0},{"not_picked":["Protect","Crescendo"],"picked":"EmptyFist","floor":5.0},{"not_picked":["BowlingBash+1","LikeWater","SashWhip+1"],"picked":"SKIP","floor":6.0},{"not_picked":["Swivel","CutThroughFate+1"],"picked":"SignatureMove+1","floor":11.0},{"not_picked":["JustLucky+1","DeceiveReality","PathToVictory"],"picked":"SKIP","floor":12.0},{"not_picked":["CutThroughFate+1","Ragnarok+1"],"picked":"FlurryOfBlows+1","floor":13.0},{"not_picked":["FlyingSleeves+1","SashWhip+1"],"picked":"Meditate","floor":14.0},{"not_picked":["Alpha","Blasphemy"],"picked":"DevaForm","floor":16.0},{"not_picked":["CrushJoints+1","Crescendo"],"picked":"EmptyBody","floor":18.0},{"not_picked":["Protect","Nirvana","BattleHymn"],"picked":"SKIP","floor":21.0},{"not_picked":["Alpha","InnerPeace"],"picked":"FearNoEvil+1","floor":23.0},{"not_picked":["SashWhip+1","EmptyFist+1"],"picked":"MentalFortress+1","floor":25.0},{"not_picked":["FollowUp+1","EmptyBody","WindmillStrike+1"],"picked":"SKIP","floor":29.0},{"not_picked":["Weave+1","PathToVictory+1","CrushJoints+1"],"picked":"SKIP","floor":30.0},{"not_picked":["DevaForm","Meditate","Wallop+1"],"picked":"SKIP","floor":31.0},{"not_picked":["Devotion","Judgement"],"picked":"Scrawl","floor":33.0},{"not_picked":["ClearTheMind","Crescendo"],"picked":"Tantrum+1","floor":35.0},{"not_picked":["PathToVictory","EmptyBody","Perseverance+1"],"picked":"SKIP","floor":36.0},{"not_picked":["FollowUp+1","Worship"],"picked":"ClearTheMind+1","floor":39.0},{"not_picked":["JustLucky+1","DevaForm"],"picked":"ClearTheMind+1","floor":41.0},{"not_picked":["MasterReality","Alpha","JustLucky+1"],"picked":"SKIP","floor":44.0},{"not_picked":["Wallop+1","ClearTheMind","SignatureMove+1"],"picked":"SKIP","floor":48.0},{"not_picked":["Vengeance","ClearTheMind"],"picked":"FlurryOfBlows+1","floor":54.0}],"player_experience":474049,"relics_obtained":[{"floor":6.0,"key":"Molten Egg 2"},{"floor":9.0,"key":"StrikeDummy"},{"floor":22.0,"key":"Necronomicon"},{"floor":23.0,"key":"Smiling Mask"},{"floor":25.0,"key":"MawBank"},{"floor":26.0,"key":"Bottled Tornado"},{"floor":41.0,"key":"Dream Catcher"},{"floor":44.0,"key":"Anchor"},{"floor":54.0,"key":"Calipers"}],"event_choices":[{"damage_healed":0.0,"max_hp_gain":0.0,"max_hp_loss":5.0,"gold_gain":0.0,"event_name":"Golden Idol","player_choice":"Lose Max HP","floor":2.0,"gold_loss":0.0,"damage_taken":0.0,"relics_obtained":["Golden Idol"]},{"damage_healed":0.0,"max_hp_gain":0.0,"max_hp_loss":0.0,"gold_gain":0.0,"event_name":"Living Wall","player_choice":"Grow","floor":3.0,"gold_loss":0.0,"damage_taken":0.0,"cards_upgraded":["Eruption"]},{"damage_healed":0.0,"max_hp_gain":0.0,"max_hp_loss":0.0,"gold_gain":0.0,"event_name":"Shining Light","player_choice":"Ignored","floor":7.0,"gold_loss":0.0,"damage_taken":0.0},{"damage_healed":0.0,"max_hp_gain":0.0,"max_hp_loss":0.0,"gold_gain":0.0,"event_name":"The Mausoleum","player_choice":"Opened","floor":20.0,"gold_loss":0.0,"damage_taken":0.0,"relics_obtained":["Eternal Feather"],"cards_obtained":["Writhe"]},{"damage_healed":0.0,"max_hp_gain":0.0,"max_hp_loss":0.0,"gold_gain":0.0,"event_name":"Cursed Tome","player_choice":"Obtained Book","floor":22.0,"gold_loss":0.0,"damage_taken":16.0},{"damage_healed":0.0,"max_hp_gain":0.0,"max_hp_loss":0.0,"gold_gain":100.0,"event_name":"The Joust","player_choice":"Bet on Murderer","floor":27.0,"gold_loss":50.0,"damage_taken":0.0},{"damage_healed":0.0,"max_hp_gain":0.0,"max_hp_loss":0.0,"gold_gain":0.0,"event_name":"SensoryStone","player_choice":"Memory 1","floor":37.0,"gold_loss":0.0,"damage_taken":0.0},{"cards_removed":["Defend_P"],"damage_healed":0.0,"max_hp_gain":0.0,"max_hp_loss":0.0,"gold_gain":0.0,"event_name":"Falling","player_choice":"Removed Skill","floor":46.0,"gold_loss":0.0,"damage_taken":0.0},{"damage_healed":0.0,"max_hp_gain":0.0,"max_hp_loss":0.0,"gold_gain":333.0,"event_name":"The Moai Head","player_choice":"Gave Idol","floor":47.0,"relics_lost":["Golden Idol"],"gold_loss":0.0,"damage_taken":0.0}],"is_beta":false,"boss_relics":[{"not_picked":["Cursed Key","Sozu"],"picked":"Astrolabe"},{"not_picked":["Snecko Eye","Coffee Dripper"],"picked":"SacredBark"}],"items_purged_floors":[19,53],"is_endless":false,"potions_floor_spawned":[1,11,14,16,21,23,30,36,41,44,54],"killed_by":"The Heart","ascension_level":9}}