{"host":"aw6ta4ll26ap9lu8","time":1612106539,"event":{"mods":["AchievementEnabler","AlwaysNeverKeys","BaseMod","Bestiary","Block Reminder","Colored Map","Colored Powertips","Dark Map","DeckTracker","Highlight Path","Minty Spire (QoL Compilation)","Permanent Neow","Quick Restart","Relic Stats","StSLib"],"gold_per_floor":[17,29,29,29,47,47,47],"floor_reached":6,"language":"ENG","playtime":164,"items_purged":[],"score":56,"play_id":"05314c60-29c4-4dcc-8bcb-e7c38daafc8c","local_time":"20210131102219","is_ascension_mode":true,"campfire_choices":[],"circlet_count":0,"master_deck":["AscendersBane","Strike_P","Strike_P","Strike_P","Defend_P","Defend_P","Defend_P","Defend_P","Eruption","Vigilance","Master of Strategy","Crescendo","PathToVictory"],"relics":["PureWater","Golden Idol"],"acts_visited":["Exordium"],"potions_floor_usage":[6],"damage_taken":[{"damage":0,"enemies":"Small Slimes","floor":1,"turns":3},{"damage":6,"enemies":"Jaw Worm","floor":2,"turns":2},{"damage":0,"enemies":"2 Louse","floor":5,"turns":2},{"damage":66,"enemies":"Gremlin Nob","floor":6,"turns":4}],"seed_played":"5391822013131208457","potions_obtained":[{"floor":2,"key":"Regen Potion"}],"is_trial":false,"path_per_floor":["M","M","?","?","M","E"],"character_chosen":"WATCHER","items_purchased":[],"campfire_rested":0,"item_purchase_floors":[],"current_hp_per_floor":[65,59,59,52,52,0,0],"gold":47,"neow_bonus":"RANDOM_COLORLESS_2","is_daily":false,"chose_seed":false,"campfire_upgraded":0,"win_rate":0.0,"timestamp":1612106539,"path_taken":["M","M","?","?","M","E"],"items_purchased_type":[],"build_version":"2020-12-22","purchased_purges":0,"victory":false,"max_hp_per_floor":[72,72,67,67,67,67,67],"relic_stats":{"counters":[4,11],"Golden Idol":4,"obtain_stats":[{"Golden Idol":3,"PureWater":0},{"Golden Idol":2,"PureWater":0},{"Golden Idol":5,"PureWater":0}]},"card_choices":[{"not_picked":["Secret Weapon","Thinking Ahead"],"picked":"Master of Strategy","floor":0},{"not_picked":["WaveOfTheHand","MentalFortress"],"picked":"Crescendo","floor":1},{"not_picked":["Prostrate","CrushJoints"],"picked":"PathToVictory","floor":2},{"not_picked":["Wish","Crescendo","EmptyBody"],"picked":"SKIP","floor":5}],"player_experience":624738,"relics_obtained":[],"event_choices":[{"damage_healed":0,"gold_gain":0,"player_choice":"Lose Max HP","damage_taken":0,"relics_obtained":["Golden Idol"],"max_hp_gain":0,"max_hp_loss":5,"event_name":"Golden Idol","floor":3,"gold_loss":0},{"cards_removed":["Strike_P"],"damage_healed":0,"gold_gain":0,"player_choice":"Card Removal","damage_taken":7,"max_hp_gain":0,"max_hp_loss":0,"event_name":"Golden Wing","floor":4,"gold_loss":0}],"is_beta":false,"boss_relics":[],"items_purged_floors":[],"is_endless":false,"potions_floor_spawned":[2],"killed_by":"Gremlin Nob","ascension_level":11}}