{"host":"f0gpob8hq9vgebej","time":1612082026,"event":{"mods":["AchievementEnabler","BaseMod","Minty Spire (QoL Compilation)","Quick Restart","SuperFastMode"],"gold_per_floor":[111,121,133,133,143,143,172,202,202,202,237,237,271,282,282,356,356,341,266,95,113,124,124,124,124],"floor_reached":24,"language":"KOR","playtime":488,"items_purged":["Strike_R","Defend_R"],"score":382,"play_id":"86a4bd00-6fd9-4a2a-a469-b1a9a7cf101f","local_time":"20210131173346","is_ascension_mode":true,"campfire_choices":[{"data":"Wild Strike","floor":6.0,"key":"SMITH"},{"floor":12.0,"key":"REST"},{"floor":15.0,"key":"DIG"},{"data":"Fire Breathing","floor":23,"key":"SMITH"}],"circlet_count":0,"master_deck":["AscendersBane","Strike_R","Strike_R","Strike_R","Defend_R","Defend_R","Defend_R","Bash","Wild Strike","Wild Strike+1","Immolate","Infernal Blade+1","Limit Break+1","Sword Boomerang","Fire Breathing+1","Reckless Charge","Iron Wave+1"],"relics":["Burning Blood","Ice Cream","Vajra","Toxic Egg 2","Ancient Tea Set","Shovel","Boot","SlaversCollar"],"acts_visited":["Exordium","TheCity"],"potions_floor_usage":[16,21,22,24],"damage_taken":[{"damage":2.0,"enemies":"Jaw Worm","floor":1.0,"turns":3.0},{"damage":0.0,"enemies":"2 Louse","floor":2.0,"turns":4.0},{"damage":6.0,"enemies":"Cultist","floor":3.0,"turns":3.0},{"damage":0.0,"enemies":"Exordium Wildlife","floor":4.0,"turns":1.0},{"damage":22.0,"enemies":"Lots of Slimes","floor":5.0,"turns":7.0},{"damage":16.0,"enemies":"Gremlin Nob","floor":7.0,"turns":3.0},{"damage":25.0,"enemies":"Lagavulin","floor":11.0,"turns":6.0},{"damage":15.0,"enemies":"3 Sentries","floor":13.0,"turns":6.0},{"damage":7.0,"enemies":"Looter","floor":14.0,"turns":3.0},{"damage":57,"enemies":"Slime Boss","floor":16,"turns":9},{"damage":29,"enemies":"2 Thieves","floor":18,"turns":4},{"damage":7,"enemies":"Chosen","floor":21,"turns":4},{"damage":29,"enemies":"Centurion and Healer","floor":22,"turns":6},{"damage":0,"enemies":"Slavers","floor":24,"turns":1}],"seed_played":"-1038016849043637625","potions_obtained":[{"floor":1.0,"key":"FearPotion"},{"floor":3.0,"key":"SmokeBomb"},{"floor":7.0,"key":"ElixirPotion"},{"floor":14.0,"key":"FairyPotion"},{"floor":16,"key":"Explosive Potion"},{"floor":18,"key":"SkillPotion"},{"floor":21,"key":"Explosive Potion"},{"floor":22,"key":"Energy Potion"}],"is_trial":false,"path_per_floor":["M","M","M","M","M","R","E","?","T","?","E","R","E","M","R","B",null,"M","$","$","M","M","R","E"],"character_chosen":"IRONCLAD","items_purchased":["Fire Breathing"],"campfire_rested":1,"item_purchase_floors":[20],"current_hp_per_floor":[54,60,60,66,50,50,40,40,40,40,21,43,34,33,33,14,60,37,37,37,36,13,13,13,13],"gold":124,"neow_bonus":"ONE_RARE_RELIC","is_daily":false,"chose_seed":false,"campfire_upgraded":2,"win_rate":0.0,"timestamp":1612082026,"path_taken":["M","M","M","M","M","R","E","?","T","?","E","R","E","M","R","BOSS","M","?","$","M","M","R","E"],"items_purchased_type":["Card"],"build_version":"2020-12-22","purchased_purges":2,"victory":false,"max_hp_per_floor":[75,75,75,75,75,75,75,75,75,75,75,75,75,75,75,75,75,75,75,75,75,75,75,75,75],"card_choices":[{"not_picked":["Uppercut","Flex"],"picked":"Wild Strike","floor":1.0},{"not_picked":["Cleave","Warcry"],"picked":"Wild Strike","floor":2.0},{"not_picked":["Flex","Intimidate","Flame Barrier"],"picked":"SKIP","floor":3.0},{"not_picked":["Headbutt","Thunderclap","Armaments"],"picked":"SKIP","floor":5.0},{"not_picked":["Carnage","Metallicize","Disarm"],"picked":"SKIP","floor":7.0},{"not_picked":["Iron Wave","Clothesline"],"picked":"Immolate","floor":11.0},{"not_picked":["Blood for Blood","Cleave","Berserk"],"picked":"SKIP","floor":13.0},{"not_picked":["Heavy Blade","Warcry+1"],"picked":"Infernal Blade+1","floor":14.0},{"not_picked":["Reaper","Brutality"],"picked":"Limit Break+1","floor":16},{"not_picked":["Body Slam","Wild Strike"],"picked":"Sword Boomerang","floor":18},{"not_picked":["Rampage","Sword Boomerang"],"picked":"Reckless Charge","floor":21},{"not_picked":["Combust","Perfected Strike+1","Iron Wave+1"],"picked":"SKIP","floor":22},{"not_picked":["Combust","Perfected Strike+1"],"picked":"Iron Wave+1","floor":22}],"player_experience":309685,"relics_obtained":[{"floor":7.0,"key":"Vajra"},{"floor":9.0,"key":"Toxic Egg 2"},{"floor":11.0,"key":"Ancient Tea Set"},{"floor":13.0,"key":"Shovel"},{"floor":15.0,"key":"Boot"}],"event_choices":[{"damage_healed":0.0,"max_hp_gain":0.0,"max_hp_loss":0.0,"gold_gain":30.0,"event_name":"Dead Adventurer","player_choice":"Searched \u00271\u0027 times","floor":8.0,"gold_loss":0.0,"damage_taken":0.0},{"cards_removed":["Strike_R"],"damage_healed":0.0,"max_hp_gain":0.0,"max_hp_loss":0.0,"gold_gain":0.0,"event_name":"Bonfire Elementals","player_choice":"Offered Basic","floor":10.0,"gold_loss":0.0,"damage_taken":0.0}],"is_beta":false,"boss_relics":[{"not_picked":["Snecko Eye","Busted Crown"],"picked":"SlaversCollar"}],"items_purged_floors":[19,20],"is_endless":false,"potions_floor_spawned":[1,3,7,14,16,18,21,22],"killed_by":"Slavers","ascension_level":15}}