{"host":"qy7jow5usmjkdnnq","time":1612132489,"event":{"mods":["BaseMod","Colored Map","Downfall","Minty Spire (QoL Compilation)","Permanent Neow","Relic Stats","StSLib"],"gold_per_floor":[99,110,35,52,65,93,93,43,69,19,32,32,50,150,165,269,269,219,239,77,177,177,205,229,229,79,97,97,47,60,89,106,204,254,104,114,62,74,74,105,105,105,438,455,465,315,315,345,363,363,363,398,69,19,19,19],"floor_reached":57,"language":"ENG","playtime":5542,"items_purged":["Writhe"],"score":1682,"play_id":"d71b1dd3-903c-408b-aef5-d8af2e58f486","local_time":"20210131233449","is_ascension_mode":true,"campfire_choices":[{"data":"Slimebound:Split","floor":1,"key":"SMITH"},{"data":"Slimebound:SlimeBarrage","floor":8,"key":"SMITH"},{"data":"Slimebound:GrowthPunch","floor":10,"key":"SMITH"},{"data":"Slimebound:CorrosiveSpit","floor":12,"key":"SMITH"},{"floor":18,"key":"RECALL"},{"data":"Slimebound:MassFeed","floor":26,"key":"SMITH"},{"floor":29,"key":"REST"},{"data":"Slimebound:Defend_Slimebound","floor":35,"key":"SMITH"},{"data":"Slimebound:SlimeBarrage","floor":46,"key":"SMITH"},{"floor":54,"key":"REST"}],"circlet_count":0,"master_deck":["Slimebound:Strike_Slimebound+1","Slimebound:Tackle+1","Slimebound:Defend_Slimebound+1","Slimebound:Split+1","Slimebound:CorrosiveSpit+1","Slimebound:SplitMire+1","Slimebound:GrowthPunch+1","Slimebound:SlimeBarrage+1","Slimebound:Prepare+1","Slimebound:LivingWall+1","Slimebound:MassRepurpose+1","Slimebound:HauntingLick+1","Slimebound:Replication+1","Slimebound:GoopSpray+1","Slimebound:SplitAcid+1","Slimebound:MassFeed+1","J.A.X.+1","Slimebound:Teamwork+1","Slimebound:ForwardTackle+1","Slimebound:SpikyOuterGoop+1","Slimebound:SamplingLick+1","Slimebound:Recycling+1","Slimebound:Prepare+1","Slimebound:Overexert+1","Slimebound:Teamwork+1","Slimebound:SlimeTap+1","Slimebound:SlimeBarrage+1","Slimebound:Teamwork+1","Slimebound:MegaLick+1","Slimebound:SlimeBarrage+1","Slimebound:HauntingLick+1","Slimebound:LeadByExample+1"],"relics":["Slimebound:AbsorbEndCombat","Slimebound:GreedOozeRelic","InkBottle","Toxic Egg 2","Odd Mushroom","Philosopher\u0027s Stone","Juzu Bracelet","MutagenicStrength","Smiling Mask","Vajra","downfall:HeartBlessingRed","Frozen Egg 2","Guardian:PocketSentry","Tiny House","downfall:HeartBlessingGreen","bronze:DecasWashers","Mango","Old Coin","downfall:HeartBlessingBlue","Whetstone","Happy Flower","Chemical X"],"acts_visited":["Exordium","TheCity","TheBeyond","TheEnding"],"potions_floor_usage":[20,30,33,33,40,40,48,56],"damage_taken":[{"damage":4,"enemies":"2 Louse","floor":2,"turns":3},{"damage":3,"enemies":"Cultist","floor":4,"turns":3},{"damage":0,"enemies":"Jaw Worm","floor":5,"turns":3},{"damage":34,"enemies":"3 Sentries","floor":6,"turns":6},{"damage":17,"enemies":"The Mushroom Lair","floor":9,"turns":4},{"damage":0,"enemies":"2 Fungi Beasts","floor":11,"turns":3},{"damage":8,"enemies":"Gremlin Gang","floor":13,"turns":4},{"damage":1,"enemies":"3 Louse","floor":15,"turns":3},{"damage":10,"enemies":"IC_STATUS_ARCHETYPE","floor":16,"turns":6},{"damage":13,"enemies":"3 Byrds","floor":19,"turns":3},{"damage":0,"enemies":"downfall:FleeingMerchant","floor":20,"turns":4},{"damage":23,"enemies":"downfall:Augmenter","floor":21,"turns":7},{"damage":3,"enemies":"Gremlin Leader","floor":23,"turns":4},{"damage":6,"enemies":"Shell Parasite","floor":27,"turns":4},{"damage":5,"enemies":"3 Cultists","floor":30,"turns":3},{"damage":17,"enemies":"Book of Stabbing","floor":31,"turns":4},{"damage":4,"enemies":"Centurion and Healer","floor":32,"turns":3},{"damage":14,"enemies":"SI_MIRROR_ARCHETYPE","floor":33,"turns":7},{"damage":6,"enemies":"3 Darklings","floor":36,"turns":6},{"damage":10,"enemies":"downfall:FleeingMerchant","floor":37,"turns":4},{"damage":9,"enemies":"Orb Walker","floor":38,"turns":2},{"damage":0,"enemies":"Giant Head","floor":40,"turns":6},{"damage":13,"enemies":"Reptomancer","floor":43,"turns":4},{"damage":9,"enemies":"Spire Growth","floor":44,"turns":4},{"damage":9,"enemies":"4 Shapes","floor":45,"turns":4},{"damage":30,"enemies":"Nemesis","floor":48,"turns":3},{"damage":5,"enemies":"Sphere and 2 Shapes","floor":49,"turns":3},{"damage":54,"enemies":"DF_ARCHETYPE_ORBS","floor":50,"turns":6},{"damage":42,"enemies":"downfall:CharBossMerchant","floor":52,"turns":7},{"damage":4,"enemies":"downfall:NeowBoss","floor":55,"turns":8},{"damage":22,"enemies":"downfall:NeowBossFinal","floor":56,"turns":5}],"seed_played":"-5986956975039673898","potions_obtained":[{"floor":4,"key":"DistilledChaos"},{"floor":9,"key":"SpeedPotion"},{"floor":11,"key":"hexamod:SoulburnPotion"},{"floor":21,"key":"LiquidMemories"},{"floor":23,"key":"AttackPotion"},{"floor":30,"key":"Swift Potion"},{"floor":34,"key":"hexamod:SoulburnPotion"},{"floor":38,"key":"Strength Potion"},{"floor":43,"key":"Energy Potion"},{"floor":48,"key":"BlessingOfTheForge"}],"is_trial":false,"path_per_floor":["R","M","?","M","M","E","T","R","?","R","M","R","M","?","M","B",null,"R","M","$","?","?","E","T","?","R","M","?","R","M","E","M","B",null,"R","M","$","M","?","E","T","?","E","M","M","R","?","E","M","B",null,"E","$","R","B","B",null],"character_chosen":"SLIMEBOUND","items_purchased":["Juzu Bracelet","Slimebound:Overexert+1","Slimebound:Teamwork+1","Slimebound:SlimeTap+1","Chemical X","DistilledChaos","Energy Potion"],"campfire_rested":2,"item_purchase_floors":[20,37,37,37,53,53,53],"current_hp_per_floor":[59,59,59,59,59,29,29,29,20,20,26,26,24,24,31,29,52,52,45,53,38,38,43,43,33,33,35,35,55,64,57,59,53,78,78,84,78,69,69,77,91,83,76,77,84,94,94,72,79,37,112,78,78,119,123,107],"gold":19,"neow_bonus":"REMOVE_TWO","is_daily":false,"chose_seed":false,"campfire_upgraded":7,"win_rate":0.0,"timestamp":1612132489,"path_taken":["R","M","?","M","M","E","T","R","?","R","M","R","M","?","M","BOSS","R","M","$","?","?","E","T","?","R","M","?","R","M","E","M","BOSS","R","M","$","M","?","E","T","?","E","M","M","R","?","E","M","BOSS","E","$","R","BOSS","BOSS"],"items_purchased_type":["Relic","Card","Card","Card","Relic","Potion","Potion"],"build_version":"2020-12-22","purchased_purges":1,"victory":true,"max_hp_per_floor":[59,59,59,59,59,59,59,59,59,59,59,59,59,59,59,59,59,59,59,59,59,59,59,59,64,64,68,68,68,76,80,80,80,85,85,89,89,89,89,89,103,103,103,107,115,125,125,129,133,137,137,137,137,137,137,137],"relic_stats":{"Happy Flower":[4],"counters":[31,132],"Juzu Bracelet":3,"Whetstone":["Slimebound:Strike_Slimebound"],"Chemical X":[9],"Smiling Mask":25,"obtain_stats":[{"Tiny House":34,"downfall:HeartBlessingRed":26,"Happy Flower":52,"bronze:DecasWashers":40,"Vajra":24,"downfall:HeartBlessingGreen":35,"Mango":41,"Juzu Bracelet":20,"Guardian:PocketSentry":31,"Whetstone":48,"Odd Mushroom":9,"Frozen Egg 2":28,"Smiling Mask":23,"Old Coin":43,"Slimebound:GreedOozeRelic":3,"downfall:HeartBlessingBlue":46,"MutagenicStrength":21,"Philosopher\u0027s Stone":17,"Slimebound:AbsorbEndCombat":0,"Chemical X":53,"Toxic Egg 2":7,"InkBottle":6},{"Tiny House":18,"downfall:HeartBlessingRed":13,"Happy Flower":29,"bronze:DecasWashers":22,"Vajra":13,"downfall:HeartBlessingGreen":18,"Mango":22,"Juzu Bracelet":11,"Guardian:PocketSentry":16,"Whetstone":26,"Odd Mushroom":5,"Frozen Egg 2":14,"Smiling Mask":13,"Old Coin":23,"Slimebound:GreedOozeRelic":1,"downfall:HeartBlessingBlue":25,"MutagenicStrength":12,"Philosopher\u0027s Stone":9,"Slimebound:AbsorbEndCombat":0,"Chemical X":29,"Toxic Egg 2":4,"InkBottle":4},{"Tiny House":72,"downfall:HeartBlessingRed":52,"Happy Flower":119,"bronze:DecasWashers":89,"Vajra":52,"downfall:HeartBlessingGreen":72,"Mango":89,"Juzu Bracelet":41,"Guardian:PocketSentry":62,"Whetstone":103,"Odd Mushroom":19,"Frozen Egg 2":56,"Smiling Mask":52,"Old Coin":93,"Slimebound:GreedOozeRelic":3,"downfall:HeartBlessingBlue":100,"MutagenicStrength":48,"Philosopher\u0027s Stone":34,"Slimebound:AbsorbEndCombat":0,"Chemical X":119,"Toxic Egg 2":15,"InkBottle":15}],"InkBottle":[52]},"card_choices":[{"not_picked":["Slimebound:SplitLeeching","Slimebound:SamplingLick"],"picked":"Slimebound:SplitMire","floor":2},{"not_picked":["Slimebound:Prepare","Slimebound:LeechingTouch"],"picked":"Slimebound:GrowthPunch","floor":4},{"not_picked":["Slimebound:BestDefense","Slimebound:FormOfPuddle","Slimebound:ProtectTheBoss"],"picked":"SKIP","floor":5},{"not_picked":["Slimebound:Replication","Slimebound:MegaLick"],"picked":"Slimebound:SlimeBarrage","floor":6},{"not_picked":["Slimebound:FinishingTackle","Slimebound:SplitLeeching+1"],"picked":"Slimebound:Prepare+1","floor":9},{"not_picked":["Slimebound:SplitBruiser+1","Slimebound:FinishingTackle"],"picked":"Slimebound:LivingWall+1","floor":11},{"not_picked":["Slimebound:LeechingTouch","Slimebound:SlimeSpikes+1","Slimebound:ServeAndProtect+1"],"picked":"SKIP","floor":13},{"not_picked":["Slimebound:WasteNot+1","Slimebound:ComboTackle"],"picked":"Slimebound:Schlurp+1","floor":15},{"not_picked":["Slimebound:Recycling","Slimebound:Darklings+1"],"picked":"Slimebound:MassRepurpose+1","floor":16},{"not_picked":["Slimebound:SplitBruiser+1","Slimebound:SamplingLick+1"],"picked":"Slimebound:HauntingLick+1","floor":19},{"not_picked":["Slimebound:ItLooksTasty","Slimebound:SlimeSpikes+1"],"picked":"Slimebound:Replication+1","floor":20},{"not_picked":["Slimebound:Replication+1","Slimebound:SlimeSpikes+1"],"picked":"Slimebound:GoopSpray+1","floor":21},{"not_picked":[],"picked":"J.A.X.","floor":21},{"not_picked":["Slimebound:Grow","Slimebound:Repurpose+1"],"picked":"Slimebound:ForwardTackle+1","floor":23},{"not_picked":["Slimebound:CheckThePlaybook+1","Slimebound:LevelUp","Slimebound:GoopSpray+1"],"picked":"SKIP","floor":27},{"not_picked":["Slimebound:SlimeSpikes+1","Slimebound:GoopSpray+1","Slimebound:SlimeBrawl+1"],"picked":"SKIP","floor":30},{"not_picked":["Slimebound:HauntingLick+1","Slimebound:SplitLeeching+1"],"picked":"Slimebound:SpikyOuterGoop+1","floor":31},{"not_picked":["Slimebound:SplitMire+1","Slimebound:ItLooksTasty"],"picked":"Slimebound:SamplingLick+1","floor":32},{"not_picked":["Slimebound:MassFeed","Slimebound:TagTeam"],"picked":"Slimebound:Recycling+1","floor":33},{"not_picked":["Slimebound:ProtectTheBoss+1","Slimebound:SplitMire+1"],"picked":"Slimebound:Prepare+1","floor":36},{"not_picked":["Slimebound:SplitMire+1","Slimebound:DivideAndConquer","Slimebound:Dissolve+1"],"picked":"SKIP","floor":37},{"not_picked":["Slimebound:Replication+1","Slimebound:ItLooksTasty+1"],"picked":"Slimebound:SlimeBarrage","floor":38},{"not_picked":["Slimebound:CheckThePlaybook+1","Slimebound:SlimeSpikes+1"],"picked":"Slimebound:Teamwork+1","floor":40},{"not_picked":["Slimebound:LeechingTouch","Slimebound:DivideAndConquer"],"picked":"Slimebound:MegaLick+1","floor":43},{"not_picked":["Slimebound:Chomp+1","Slimebound:LivingWall+1","Slimebound:BestDefense+1"],"picked":"SKIP","floor":44},{"not_picked":["Slimebound:LeechEnergy+1","Slimebound:Nibble+1"],"picked":"Slimebound:SlimeBarrage+1","floor":45},{"not_picked":["Slimebound:SplitBruiser+1","Slimebound:RollThrough","Slimebound:LeechEnergy+1"],"picked":"SKIP","floor":48},{"not_picked":["Slimebound:LeechEnergy","Slimebound:DisruptingSlam+1"],"picked":"Slimebound:HauntingLick+1","floor":49},{"not_picked":["Slimebound:OneTwoCombo","Slimebound:LeechingTouch+1"],"picked":"Slimebound:LeadByExample+1","floor":52}],"player_experience":698078,"relics_obtained":[{"floor":6,"key":"InkBottle"},{"floor":7,"key":"Toxic Egg 2"},{"floor":9,"key":"Odd Mushroom"},{"floor":21,"key":"MutagenicStrength"},{"floor":23,"key":"Smiling Mask"},{"floor":24,"key":"Vajra"},{"floor":31,"key":"Guardian:PocketSentry"},{"floor":40,"key":"bronze:DecasWashers"},{"floor":41,"key":"Mango"},{"floor":43,"key":"Old Coin"},{"floor":48,"key":"Whetstone"},{"floor":52,"key":"Happy Flower"}],"event_choices":[{"damage_healed":0,"gold_gain":0,"player_choice":"Fought Mushrooms","damage_taken":0,"max_hp_gain":0,"max_hp_loss":0,"event_name":"Mushrooms","floor":9,"gold_loss":0}],"is_beta":false,"boss_relics":[{"not_picked":["Runic Pyramid","expansioncontent:StudyCardRelic"],"picked":"Philosopher\u0027s Stone"},{"not_picked":["Slimebound:AbsorbEndCombatUpgraded","Snecko Eye"],"picked":"Tiny House"}],"items_purged_floors":[53],"is_endless":false,"potions_floor_spawned":[4,9,11,15,16,21,23,30,31,38,43,48],"ascension_level":7}}