{"host":"mconkkfc0dudtfx5","time":1612082159,"event":{"mods":["BaseMod","Highlight Path","Lobotomy","Marisa£®ÏF”Í°°ƒß¿Ì…≥£©","Minty Spire (QoL Compilation)","Shop Mod","StSLib","The Bug Knight","The Servant 0.9.4"],"gold_per_floor":[114,114,79,1,18,18,18],"floor_reached":6,"language":"ZHS","playtime":383,"items_purged":[],"score":34,"play_id":"9dd81bb2-a56b-4958-aec7-81093cf851de","local_time":"20210131163559","is_ascension_mode":false,"campfire_choices":[],"circlet_count":0,"master_deck":["Strike_S","Strike_S","Strike_S","Strike_S","Defend_S","Defend_S","Defend_S","Defend_S","KidneyShot","Exchange","LittlePrince","SilverBlades","QueenBee","Hightail"],"relics":["Uniform","CogitoBucket","Pen Nib"],"acts_visited":["Exordium"],"potions_floor_usage":[],"damage_taken":[{"damage":4.0,"enemies":"Jaw Worm","floor":1.0,"turns":4.0},{"damage":14,"enemies":"2 Louse","floor":5,"turns":3},{"damage":0,"enemies":"Gremlin Nob","floor":6,"turns":4}],"seed_played":"-5472647683159743008","potions_obtained":[{"floor":5,"key":"CultistPotion"}],"is_trial":false,"path_per_floor":["M","?","?","$","M","E"],"character_chosen":"THE_SERVANT","items_purchased":["SilverBlades"],"campfire_rested":0,"item_purchase_floors":[4],"current_hp_per_floor":[61,36,52,52,38,38,38],"gold":18,"neow_bonus":"","is_daily":false,"chose_seed":false,"campfire_upgraded":0,"win_rate":0.0,"timestamp":1612082159,"path_taken":["M","?","?","?","M","E"],"items_purchased_type":["Card"],"build_version":"2020-12-22","purchased_purges":0,"victory":false,"max_hp_per_floor":[65,65,65,65,65,65,65],"card_choices":[{"not_picked":["PunishingBird","WallGazer"],"picked":"LittlePrince","floor":1.0},{"not_picked":["InstantArmor","Starlight","Snipe"],"picked":"SKIP","floor":1.0},{"not_picked":["InstantArmor","Starlight","Snipe"],"picked":"SKIP","floor":1.0},{"not_picked":["PunishingBird","Wellcheers"],"picked":"QueenBee","floor":5},{"not_picked":["FanOfKnives","Luminosity"],"picked":"Hightail","floor":5}],"player_experience":210082,"relics_obtained":[],"event_choices":[{"damage_healed":0.0,"max_hp_gain":0.0,"max_hp_loss":0.0,"gold_gain":0.0,"event_name":"Scrap Ooze","player_choice":"Success","floor":2.0,"gold_loss":0.0,"damage_taken":25.0,"relics_obtained":["Pen Nib"]},{"damage_healed":16.0,"max_hp_gain":0.0,"max_hp_loss":0.0,"gold_gain":0.0,"event_name":"The Cleric","player_choice":"Healed","floor":3.0,"gold_loss":35.0,"damage_taken":0.0}],"is_beta":false,"boss_relics":[],"items_purged_floors":[],"is_endless":false,"potions_floor_spawned":[5],"killed_by":"Gremlin Nob","ascension_level":0}}