{"host":"4mwxwqvoirj3cq7x","time":1612057183,"event":{"mods":["BaseMod","KinomotoSakuraMod(Ä¾Ö®±¾Ó£)","Minty Spire (QoL Compilation)","StSLib"],"gold_per_floor":[109,109,109,135,310,341,357,134,134,10,50,50,72,97,97,183,183,197,216,233,253,272,272,314,314,368,368,404,299,299,398,398,484,484,498,48,73,0,12,12,12,30,30,40,53,81,81,114,114,114,114,114,58,97,97],"floor_reached":56,"language":"ZHS","playtime":1762,"items_purged":["Doubt","ClowCardTheCloud+1"],"score":2524,"play_id":"b5d4d05d-3468-4e0f-8667-76fc250a0165","local_time":"20210131093942","is_ascension_mode":true,"campfire_choices":[{"data":"ClowCardTheArrow","floor":12.0,"key":"SMITH"},{"floor":15.0,"key":"REST"},{"floor":23.0,"key":"REST"},{"floor":27.0,"key":"REST"},{"floor":30.0,"key":"RECALL"},{"floor":32.0,"key":"REST"},{"floor":40.0,"key":"REST"},{"floor":49,"key":"REST"},{"floor":52,"key":"REST"}],"circlet_count":0,"master_deck":["SakuraCardTheBig+","SakuraCardTheSword+","SakuraCardTheBubbles+","AscendersBane","SpellCardSeal+1","SpellCardRelease","ClowCardTheGlow+1","ClowCardTheVoice+1","ClowCardTheDash+1","ClowCardTheArrow+1","ClowCardTheFlower+1","ClowCardTheWatery+1","ClowCardTheChange+1","ClowCardTheLight+1","ClowCardTheFly+1","ClowCardTheFirey+1"],"relics":["KSMOD_SealedBook","KSMOD_SealedWand","NeowsBlessing","Matryoshka","Frozen Egg 2","Juzu Bracelet","Toxic Egg 2","Sundial","CeramicFish","Black Star","Bottled Flame","Anchor","KSMOD_TeddyBear","MealTicket","White Beast Statue","Whetstone","Eternal Feather","Pandora\u0027s Box","InkBottle","The Courier","ClockworkSouvenir","Calipers","Red Mask","Pear","Letter Opener","Regal Pillow","KSMOD_YukitosBentoBox","Orichalcum","Toy Ornithopter","Blood Vial"],"acts_visited":["Exordium","TheCity","TheBeyond","TheEnding"],"potions_floor_usage":[55,55],"damage_taken":[{"damage":0.0,"enemies":"Jaw Worm","floor":1.0,"turns":1.0},{"damage":0.0,"enemies":"Lagavulin","floor":6.0,"turns":1.0},{"damage":0.0,"enemies":"2 Louse","floor":7.0,"turns":2.0},{"damage":24.0,"enemies":"3 Sentries","floor":11.0,"turns":6.0},{"damage":0.0,"enemies":"Small Slimes","floor":13.0,"turns":3.0},{"damage":0.0,"enemies":"Gremlin Gang","floor":14.0,"turns":1.0},{"damage":29.0,"enemies":"Slime Boss","floor":16.0,"turns":8.0},{"damage":7.0,"enemies":"Chosen","floor":18.0,"turns":2.0},{"damage":0.0,"enemies":"Shell Parasite","floor":19.0,"turns":2.0},{"damage":19.0,"enemies":"Snake Plant","floor":20.0,"turns":2.0},{"damage":12.0,"enemies":"Cultist and Chosen","floor":21.0,"turns":2.0},{"damage":1.0,"enemies":"Shelled Parasite and Fungi","floor":22.0,"turns":2.0},{"damage":18.0,"enemies":"Gremlin Leader","floor":24.0,"turns":3.0},{"damage":0.0,"enemies":"Book of Stabbing","floor":28.0,"turns":2.0},{"damage":51.0,"enemies":"Collector","floor":33.0,"turns":6.0},{"damage":0.0,"enemies":"3 Shapes","floor":35.0,"turns":5.0},{"damage":0.0,"enemies":"Orb Walker","floor":37.0,"turns":1.0},{"damage":0.0,"enemies":"Sphere and 2 Shapes","floor":39.0,"turns":1.0},{"damage":0.0,"enemies":"Maw","floor":42.0,"turns":2.0},{"damage":0.0,"enemies":"4 Shapes","floor":44.0,"turns":1.0},{"damage":6.0,"enemies":"Writhing Mass","floor":45.0,"turns":2.0},{"damage":0.0,"enemies":"Giant Head","floor":46.0,"turns":1.0},{"damage":0,"enemies":"Nemesis","floor":48,"turns":2},{"damage":0,"enemies":"Donu and Deca","floor":50,"turns":1},{"damage":0,"enemies":"Shield and Spear","floor":54,"turns":1},{"damage":0,"enemies":"The Heart","floor":55,"turns":3}],"seed_played":"-1969152117897959881","potions_obtained":[{"floor":1.0,"key":"Energy Potion"},{"floor":11.0,"key":"Swift Potion"},{"floor":13.0,"key":"FearPotion"},{"floor":21.0,"key":"SteroidPotion"},{"floor":24.0,"key":"Fire Potion"},{"floor":33.0,"key":"ColorlessPotion"},{"floor":35.0,"key":"Block Potion"}],"is_trial":false,"path_per_floor":["M","?","?","T","?","E","M","$","T","$","E","R","M","M","R","B",null,"M","M","M","M","M","R","E","?","T","R","E","?","R","?","R","B",null,"M","$","M","?","M","R","?","M","T","M","M","E","?","E","R","B",null,"R","$","E","B",null],"character_chosen":"KINOMOTOSAKURA","items_purchased":["ClowCardTheBig+1","ClowCardTheDash+1","ClowCardTheArrow","ClowCardTheFlower+1","ClockworkSouvenir","Calipers","ClowCardTheBig+1"],"campfire_rested":7,"item_purchase_floors":[8,8,10,10,36,36,53],"current_hp_per_floor":[59,59,52,52,52,52,52,52,52,52,28,28,28,28,47,18,53,46,46,27,15,14,33,15,15,15,34,34,34,46,46,65,14,52,52,65,65,65,65,65,65,65,75,75,69,69,69,69,75,75,75,75,75,75,75],"gold":97,"neow_bonus":"THREE_ENEMY_KILL","is_daily":false,"chose_seed":false,"campfire_upgraded":1,"win_rate":0.0,"timestamp":1612057182,"path_taken":["M","?","?","?","?","E","M","$","T","?","E","R","M","M","R","BOSS","M","M","M","M","M","R","E","?","T","R","E","?","R","?","R","BOSS","M","$","M","?","M","R","?","M","T","M","M","E","?","E","R","BOSS","R","$","E","BOSS"],"items_purchased_type":["Card","Card","Card","Card","Relic","Relic","Card"],"build_version":"2020-12-22","purchased_purges":2,"victory":true,"max_hp_per_floor":[65,65,65,65,65,65,65,65,65,65,65,65,65,65,65,65,65,65,65,65,65,65,65,65,65,65,65,65,65,65,65,65,65,65,65,65,65,65,65,65,65,65,75,75,75,75,75,75,75,75,75,75,75,75,75],"card_choices":[{"not_picked":["ClowCardTheWindy","ClowCardTheMirror"],"picked":"ClowCardTheBubbles","floor":1.0},{"not_picked":["ClowCardTheLoop+1","ClowCardTheFloat+1"],"picked":"ClowCardTheGlow+1","floor":6.0},{"not_picked":["ClowCardTheLoop+1","ClowCardTheBubbles"],"picked":"ClowCardTheVoice+1","floor":7.0},{"not_picked":["ClowCardTheMaze+1","ClowCardTheMirror+1"],"picked":"ClowCardTheWatery+1","floor":11.0},{"not_picked":["ClowCardTheFlower+1","ClowCardTheStorm"],"picked":"ClowCardTheChange+1","floor":13.0},{"not_picked":["ClowCardTheWindy+1","ClowCardTheSand"],"picked":"ClowCardTheCreate","floor":14.0},{"not_picked":["ClowCardTheThrough","ClowCardTheDark+1"],"picked":"ClowCardTheLight+1","floor":16.0},{"not_picked":["ClowCardTheSilent+1","ClowCardTheStorm","ClowCardTheSnow"],"picked":"SKIP","floor":18.0},{"not_picked":["ClowCardTheLibra+1","ClowCardTheWindy+1","ClowCardTheDream+1"],"picked":"SKIP","floor":19.0},{"not_picked":["ClowCardTheFloat+1","ClowCardThePower","ClowCardTheWood+1"],"picked":"SKIP","floor":20.0},{"not_picked":["ClowCardTheLight+1","ClowCardTheArrow","ClowCardTheChange+1"],"picked":"SKIP","floor":21.0},{"not_picked":["ClowCardTheMirror+1","ClowCardTheMove+1","ClowCardTheMaze+1"],"picked":"SKIP","floor":22.0},{"not_picked":["ClowCardTheLock+1","ClowCardTheIllusion+1"],"picked":"ClowCardTheFirey+1","floor":24.0},{"not_picked":["ClowCardTheMist+1","ClowCardTheJump+1"],"picked":"ClowCardTheCreate","floor":28.0},{"not_picked":["ClowCardTheThunder","ClowCardTheFight"],"picked":"ClowCardTheCreate","floor":33.0},{"not_picked":["ClowCardTheMist+1","ClowCardTheSilent+1","ClowCardTheWood+1"],"picked":"SKIP","floor":35.0},{"not_picked":["ClowCardTheChange+1","ClowCardTheVoice+1"],"picked":"ClowCardTheFly+1","floor":37.0},{"not_picked":["ClowCardTheMove+1","ClowCardTheSnow+1","ClowCardTheSilent+1"],"picked":"SKIP","floor":39.0},{"not_picked":["ClowCardTheArrow","ClowCardTheChange+1","ClowCardTheVoice+1"],"picked":"SKIP","floor":42.0},{"not_picked":["ClowCardTheMove+1","ClowCardTheArrow","ClowCardTheSnow"],"picked":"SKIP","floor":44.0},{"not_picked":["ClowCardTheLock+1","ClowCardTheErase","ClowCardTheRain+1"],"picked":"SKIP","floor":45.0},{"not_picked":["ClowCardTheFlower+1","ClowCardTheEarthy+1","ClowCardTheLittle+1"],"picked":"SKIP","floor":46.0},{"not_picked":["ClowCardTheLock+1","ClowCardTheMaze+1","ClowCardTheMove+1"],"picked":"SKIP","floor":48},{"not_picked":["ClowCardTheTime+1","ClowCardThePower"],"picked":"ClowCardTheFirey+1","floor":54}],"player_experience":623235,"relics_obtained":[{"floor":4.0,"key":"Frozen Egg 2"},{"floor":4.0,"key":"Juzu Bracelet"},{"floor":6.0,"key":"Toxic Egg 2"},{"floor":9.0,"key":"Sundial"},{"floor":11.0,"key":"CeramicFish"},{"floor":19.0,"key":"Bottled Flame"},{"floor":24.0,"key":"Anchor"},{"floor":24.0,"key":"KSMOD_TeddyBear"},{"floor":26.0,"key":"MealTicket"},{"floor":28.0,"key":"White Beast Statue"},{"floor":28.0,"key":"Whetstone"},{"floor":35.0,"key":"InkBottle"},{"floor":35.0,"key":"The Courier"},{"floor":43.0,"key":"Pear"},{"floor":46.0,"key":"Letter Opener"},{"floor":46.0,"key":"Regal Pillow"},{"floor":48,"key":"KSMOD_YukitosBentoBox"},{"floor":48,"key":"Orichalcum"},{"floor":54,"key":"Toy Ornithopter"},{"floor":54,"key":"Blood Vial"}],"event_choices":[{"damage_healed":0.0,"max_hp_gain":0.0,"max_hp_loss":0.0,"gold_gain":0.0,"event_name":"Big Fish","player_choice":"Box","floor":2.0,"gold_loss":0.0,"damage_taken":0.0,"relics_obtained":["Matryoshka"],"cards_obtained":["Regret"]},{"cards_removed":["Regret"],"damage_healed":0.0,"max_hp_gain":0.0,"max_hp_loss":0.0,"gold_gain":0.0,"event_name":"Golden Wing","player_choice":"Card Removal","floor":3.0,"gold_loss":0.0,"damage_taken":7.0},{"damage_healed":0.0,"max_hp_gain":0.0,"max_hp_loss":0.0,"gold_gain":175.0,"event_name":"Liars Game","player_choice":"AGREE","floor":5.0,"gold_loss":0.0,"damage_taken":0.0,"cards_obtained":["Doubt"]},{"damage_healed":0.0,"max_hp_gain":0.0,"max_hp_loss":0.0,"gold_gain":0.0,"event_name":"Back to Basics","player_choice":"Simplicity","floor":25.0,"gold_loss":0.0,"damage_taken":0.0,"cards_upgraded":["ClowCardTheSword","ClowCardTheSword","ClowCardTheSword","ClowCardTheSword","ClowCardTheShield","ClowCardTheShield","ClowCardTheShield","ClowCardTheShield"]},{"damage_healed":0.0,"max_hp_gain":0.0,"max_hp_loss":0.0,"gold_gain":0.0,"event_name":"WeMeetAgain","player_choice":"Paid Gold","floor":29.0,"gold_loss":105.0,"damage_taken":0.0,"relics_obtained":["Eternal Feather"]},{"damage_healed":0.0,"max_hp_gain":0.0,"max_hp_loss":0.0,"gold_gain":99.0,"event_name":"Nest","player_choice":"Stole From Cult","floor":31.0,"gold_loss":0.0,"damage_taken":0.0},{"damage_healed":0.0,"max_hp_gain":0.0,"max_hp_loss":0.0,"gold_gain":0.0,"event_name":"Tomb of Lord Red Mask","player_choice":"Paid","floor":38.0,"gold_loss":73.0,"damage_taken":0.0,"relics_obtained":["Red Mask"]},{"cards_removed":["ClowCardTheFirey"],"damage_healed":0.0,"max_hp_gain":0.0,"max_hp_loss":0.0,"gold_gain":0.0,"event_name":"Purifier","player_choice":"Purged","floor":41.0,"gold_loss":0.0,"damage_taken":0.0},{"cards_removed":["ClowCardTheBig"],"damage_healed":0,"gold_gain":0,"player_choice":"Removed Power","damage_taken":0,"max_hp_gain":0,"max_hp_loss":0,"event_name":"Falling","floor":47,"gold_loss":0}],"is_beta":false,"boss_relics":[{"not_picked":["Philosopher\u0027s Stone","Cursed Key"],"picked":"Black Star"},{"not_picked":["SlaversCollar","Velvet Choker"],"picked":"Pandora\u0027s Box"}],"items_purged_floors":[8,36],"is_endless":false,"potions_floor_spawned":[1,11,13,18,21,24,33,35,37,39,42,44,45,46,48,54],"ascension_level":14}}