{"host":"takgv9cv6xf64vhq","time":1612116071,"event":{"mods":["BaseMod","Colored Powertips","Conspire","Decade(王小明)","Downfall","Energized Spire","Hermit","Hubris","LagranYue(拉格朗・月)","Marisa（F雨　魔理沙）","Minty Spire (QoL Compilation)","Replay The Spire","StSLib","The Cursed","The Hierophant","The Jungle","The Servant 0.9.4","TheHeartMod"],"gold_per_floor":[117,117,137,150,150,150,169,198,198,198,215,225,242,242,242,346,346,366,71,87,11,11,11,51,51,78,102,142,448,472,485,485,485,485],"floor_reached":33,"language":"ZHS","playtime":3278,"items_purged":["Strike_G"],"score":510,"play_id":"e13ab587-f59f-4311-a859-3f8d12fe6351","local_time":"20210201020111","is_ascension_mode":true,"campfire_choices":[{"data":"Neutralize","floor":6.0,"key":"SMITH"},{"data":"Heel Hook","floor":10.0,"key":"SMITH"},{"data":"hubris:SlightOfHand","floor":23.0,"key":"SMITH"},{"data":"Well Laid Plans","floor":25.0,"key":"SMITH"},{"floor":32,"key":"DIG"}],"circlet_count":0,"master_deck":["Strike_G","Strike_G","Strike_G","Defend_G","Defend_G","Defend_G","Defend_G","Defend_G","Survivor","Neutralize+1","ReplayTheSpireMod:Speed Training","Heel Hook+1","Crippling Poison","Prepared+1","Sneak Up+1","Backflip","Underhanded Strike","Deflect","ReplayTheSpireMod:Tripwire","Malaise","Cloak And Dagger","Deflect","Blade Dance+1","Dagger Throw","Well Laid Plans+1","hubris:SlightOfHand+1","Footwork","Dagger Throw","PiercingWail","Night Terror","ReplayTheSpireMod:Splinters","ReplayTheSpireMod:The Works","Backflip+1","Acrobatics"],"relics":["conspire:SpecialSausage","FossilizedHelix","hubris:Zylophone","ReplayTheSpireMod:DimensionalGlitch","Orrery","CeramicFish","Smiling Mask","Matryoshka","hubris:SlimyHat","Replay:Baseball"],"acts_visited":["Exordium","Exordium"],"potions_floor_usage":[33,33],"damage_taken":[{"damage":0.0,"enemies":"2 Louse","floor":1.0,"turns":5.0},{"damage":5.0,"enemies":"Cultist","floor":3.0,"turns":5.0},{"damage":4.0,"enemies":"Small Slimes","floor":4.0,"turns":5.0},{"damage":3.0,"enemies":"2 Fungi Beasts","floor":7.0,"turns":5.0},{"damage":44.0,"enemies":"Lagavulin","floor":8.0,"turns":11.0},{"damage":0.0,"enemies":"Red Slaver","floor":11.0,"turns":3.0},{"damage":0.0,"enemies":"Large Slime","floor":12.0,"turns":5.0},{"damage":0.0,"enemies":"3 Louse","floor":13.0,"turns":4.0},{"damage":0.0,"enemies":"The Guardian","floor":16.0,"turns":14.0},{"damage":0.0,"enemies":"theJungle:GiantWrat","floor":18.0,"turns":6.0},{"damage":7.0,"enemies":"theJungle:Flameango_and_Byrd","floor":20.0,"turns":9.0},{"damage":0.0,"enemies":"theJungle:2_Phrogs","floor":24.0,"turns":10.0},{"damage":5.0,"enemies":"theJungle:2_Flameangoes","floor":27.0,"turns":8.0},{"damage":17.0,"enemies":"theJungle:Cassacara","floor":28.0,"turns":5.0},{"damage":27,"enemies":"theJungle:SlimyTreeVines","floor":30,"turns":14},{"damage":0,"enemies":"theJungle:Lyon","floor":31,"turns":6},{"damage":20,"enemies":"theJungle:TotemBoss","floor":33,"turns":7}],"seed_played":"4919103384019721298","potions_obtained":[{"floor":7.0,"key":"Weak Potion"},{"floor":11.0,"key":"Energy Potion"},{"floor":12.0,"key":"GhostInAJar"},{"floor":28.0,"key":"SteroidPotion"},{"floor":31,"key":"Regen Potion"}],"is_trial":false,"path_per_floor":["M","?","M","M","?","R","M","E","T","R","M","M","M","?","R","B",null,"M","$","M","$","?","R","E","R","T","M","E","?","M","M","R","B"],"character_chosen":"THE_SILENT","items_purchased":["Orrery","Well Laid Plans","Footwork"],"campfire_rested":0,"item_purchase_floors":[19,19,21],"current_hp_per_floor":[63,63,58,54,54,54,51,7,7,7,7,7,7,7,28,28,60,60,60,53,53,53,53,53,53,53,48,31,31,8,8,8,0,0],"gold":485,"neow_bonus":"BOSS_RELIC","is_daily":false,"chose_seed":false,"campfire_upgraded":4,"win_rate":0.0,"timestamp":1612116071,"path_taken":["M","?","?","M","?","R","M","E","T","R","M","M","M","?","R","BOSS","M","$","M","$","?","R","E","R","T","M","E","?","M","M","R","BOSS"],"items_purchased_type":["Relic","Card","Card"],"build_version":"2020-12-22","purchased_purges":1,"victory":false,"max_hp_per_floor":[70,70,70,70,70,70,70,70,70,70,70,70,70,70,70,70,70,70,70,70,70,70,70,70,70,70,70,70,70,70,70,70,70,70],"card_choices":[{"not_picked":["Dagger Throw","Dodge and Roll"],"picked":"ReplayTheSpireMod:Speed Training","floor":1.0},{"not_picked":["Bane","Sucker Punch"],"picked":"Heel Hook","floor":3.0},{"not_picked":["PiercingWail","Acrobatics"],"picked":"Crippling Poison","floor":4.0},{"not_picked":["Underhanded Strike","Poisoned Stab"],"picked":"Sneak Up","floor":7.0},{"not_picked":["Choke","Catalyst"],"picked":"Backflip","floor":8.0},{"not_picked":["Flechettes","Setup"],"picked":"Underhanded Strike","floor":11.0},{"not_picked":["Blade Dance","Dodge and Roll"],"picked":"Deflect","floor":12.0},{"not_picked":["Doppelganger","Deadly Poison"],"picked":"ReplayTheSpireMod:Tripwire","floor":13.0},{"not_picked":["Doppelganger","Phantasmal Killer"],"picked":"Malaise","floor":16.0},{"not_picked":["Outmaneuver","Flying Knee","Bane+1"],"picked":"SKIP","floor":18.0},{"not_picked":["Riddle With Holes+1","Outmaneuver"],"picked":"Cloak And Dagger","floor":19.0},{"not_picked":["Envenom","Flying Knee"],"picked":"Deflect","floor":19.0},{"not_picked":["hubris:SlightOfHand","Bane"],"picked":"Blade Dance+1","floor":19.0},{"not_picked":["Dagger Spray","Predator"],"picked":"Dagger Throw","floor":19.0},{"not_picked":["Flying Knee","Cloak And Dagger"],"picked":"hubris:SlightOfHand","floor":20.0},{"not_picked":["hubris:SlightOfHand","Draining Mist"],"picked":"Dagger Throw","floor":24.0},{"not_picked":["Deadly Poison","Outmaneuver"],"picked":"PiercingWail","floor":27.0},{"not_picked":["Slice","hubris:Counter+1"],"picked":"Night Terror","floor":28.0},{"not_picked":["Quick Slash","Dagger Spray+1"],"picked":"ReplayTheSpireMod:The Works","floor":29},{"not_picked":["hubris:TrickCloak","Dagger Spray"],"picked":"Backflip+1","floor":29},{"not_picked":["Prepared","Outmaneuver+1"],"picked":"Acrobatics","floor":30},{"not_picked":["Backflip","Deadly Poison","Underhanded Strike"],"picked":"SKIP","floor":31}],"player_experience":276761,"relics_obtained":[{"floor":8.0,"key":"FossilizedHelix"},{"floor":9.0,"key":"hubris:Zylophone"},{"floor":24.0,"key":"CeramicFish"},{"floor":26.0,"key":"Smiling Mask"},{"floor":28.0,"key":"Matryoshka"},{"floor":29,"key":"hubris:SlimyHat"},{"floor":32,"key":"Replay:Baseball"}],"event_choices":[{"damage_healed":0.0,"max_hp_gain":0.0,"max_hp_loss":0.0,"gold_gain":0.0,"event_name":"Wheel of Change","player_choice":"Cursed","floor":2.0,"gold_loss":0.0,"damage_taken":0.0,"cards_obtained":["Decay"]},{"cards_removed":["Decay"],"damage_healed":0.0,"max_hp_gain":0.0,"max_hp_loss":0.0,"gold_gain":0.0,"event_name":"Purifier","player_choice":"Purged","floor":14.0,"gold_loss":0.0,"damage_taken":0.0}],"is_beta":false,"boss_relics":[{"not_picked":["Fusion Hammer","Empty Cage"],"picked":"ReplayTheSpireMod:DimensionalGlitch"}],"items_purged_floors":[19],"is_endless":false,"potions_floor_spawned":[7,11,12,28,31],"killed_by":"theJungle:TotemBoss","ascension_level":8}}