{"host":"2l3i55whvwk76mom","time":1612058054,"event":{"mods":["BaseMod","Googly Eyes","Hermit","Hubris","Minty Spire (QoL Compilation)","Replay The Spire","StSLib","The Cursed","The Disciple","The Hierophant","The Jungle","The Necromancer"],"gold_per_floor":[118,137,137,102,102,127,127,154,177,206,206,275,285,302,302,302,302],"floor_reached":16,"language":"ENG","playtime":603,"items_purged":[],"score":172,"play_id":"b9aa8a56-bf39-4957-b2ce-e93a7603af65","local_time":"20210130175414","is_ascension_mode":true,"campfire_choices":[{"data":"Hidden Blade","floor":7,"key":"SMITH"},{"floor":15,"key":"REST"}],"circlet_count":0,"master_deck":["Strike_G","Strike_G+1","Strike_G","Strike_G","Defend_G","Defend_G","Defend_G","Defend_G","Defend_G","Survivor","Neutralize","Prepared","Escape Plan","Quick Slash","Hidden Blade+1","Backflip","Deflect","Dagger Spray","Cloak And Dagger","PiercingWail"],"relics":["Ring of the Snake","NeowsBlessing","ReplayTheSpireMod:TigerMarble","Gambling Chip","Juzu Bracelet","Akabeko","Mummified Hand"],"acts_visited":["Exordium"],"potions_floor_usage":[10,16],"damage_taken":[{"damage":0,"enemies":"Jaw Worm","floor":1,"turns":1},{"damage":0,"enemies":"2 Louse","floor":2,"turns":1},{"damage":0,"enemies":"Gremlin Nob","floor":6,"turns":1},{"damage":45,"enemies":"Replay:BlueRogue","floor":8,"turns":8},{"damage":13,"enemies":"Lagavulin","floor":10,"turns":7},{"damage":0,"enemies":"Small Slimes","floor":13,"turns":1},{"damage":0,"enemies":"Exordium Thugs","floor":14,"turns":4},{"damage":39,"enemies":"The Guardian","floor":16,"turns":10}],"seed_played":"2874503080297534384","potions_obtained":[{"floor":8,"key":"AttackPotion"},{"floor":14,"key":"Fire Potion"}],"is_trial":false,"path_per_floor":["M","M","?","?","?","E","R","E","T","E","?","T","M","M","R","B"],"character_chosen":"THE_SILENT","items_purchased":[],"campfire_rested":1,"item_purchase_floors":[],"current_hp_per_floor":[70,70,56,70,70,70,70,25,25,12,12,12,12,12,33,0,0],"gold":302,"neow_bonus":"THREE_ENEMY_KILL","is_daily":false,"chose_seed":false,"campfire_upgraded":1,"win_rate":0.0,"timestamp":1612058054,"path_taken":["M","M","?","?","?","E","R","E","T","E","?","?","M","M","R","BOSS"],"items_purchased_type":[],"build_version":"2020-12-22","purchased_purges":0,"victory":false,"max_hp_per_floor":[70,70,70,70,70,70,70,70,70,70,70,70,70,70,70,70,70],"card_choices":[{"not_picked":["Bane","Underhanded Strike"],"picked":"Prepared","floor":1},{"not_picked":["Tactician","Outmaneuver"],"picked":"Escape Plan","floor":2},{"not_picked":["Fluid Movement","Skewer"],"picked":"Hidden Blade","floor":6},{"not_picked":["Masterful Stab","Caltrops"],"picked":"Backflip","floor":8},{"not_picked":["Backflip","Masterful Stab"],"picked":"Deflect","floor":10},{"not_picked":["Dash","ReplayTheSpireMod:Speed Training"],"picked":"Cloak And Dagger","floor":13},{"not_picked":["ReplayTheSpireMod:The Works","Acrobatics"],"picked":"PiercingWail","floor":14}],"player_experience":343278,"relics_obtained":[{"floor":6,"key":"ReplayTheSpireMod:TigerMarble"},{"floor":8,"key":"Gambling Chip"},{"floor":9,"key":"Juzu Bracelet"},{"floor":10,"key":"Akabeko"},{"floor":12,"key":"Mummified Hand"}],"event_choices":[{"damage_healed":0,"gold_gain":0,"player_choice":"Entered Light","damage_taken":14,"max_hp_gain":0,"max_hp_loss":0,"event_name":"Shining Light","floor":3,"gold_loss":0,"cards_upgraded":["Strike_G","Strike_G"]},{"damage_healed":17,"gold_gain":0,"player_choice":"Healed","damage_taken":0,"max_hp_gain":0,"max_hp_loss":0,"event_name":"The Cleric","floor":4,"gold_loss":35},{"damage_healed":0,"gold_gain":0,"cards_transformed":["Strike_G"],"player_choice":"Transformed","damage_taken":0,"max_hp_gain":0,"max_hp_loss":0,"event_name":"Transmorgrifier","floor":5,"gold_loss":0,"cards_obtained":["Quick Slash"]}],"is_beta":false,"boss_relics":[],"items_purged_floors":[],"is_endless":false,"potions_floor_spawned":[8,14],"killed_by":"The Guardian","ascension_level":4}}