{"host":"2x189hkb4impm2gi","time":1612121458,"event":{"mods":["BaseMod","Colored Map","Colored Powertips","Minty Spire (QoL Compilation)"],"gold_per_floor":[115,115,127,147,147,177,177,204,204,224,224,224],"floor_reached":11,"language":"ENG","playtime":856,"items_purged":[],"score":83,"play_id":"8371aa96-ee49-4c08-9a13-5be4a5ad6749","local_time":"20210131143058","is_ascension_mode":false,"campfire_choices":[],"circlet_count":0,"master_deck":["Strike_B","Strike_B","Strike_B","Strike_B","Defend_B","Defend_B","Defend_B","Defend_B","Zap","Dualcast","Cold Snap","Pain","Redo","Redo","Coolheaded","Loop","Ball Lightning"],"relics":["Fusion Hammer","WarpedTongs","Toy Ornithopter","Mummified Hand","Pear","Regal Pillow"],"acts_visited":["Exordium"],"potions_floor_usage":[3,6,8,11],"damage_taken":[{"damage":0,"enemies":"Cultist","floor":1,"turns":3},{"damage":3,"enemies":"2 Louse","floor":3,"turns":3},{"damage":2,"enemies":"Small Slimes","floor":4,"turns":3},{"damage":38,"enemies":"Lagavulin","floor":6,"turns":6},{"damage":20,"enemies":"3 Sentries","floor":8,"turns":8},{"damage":12,"enemies":"Blue Slaver","floor":10,"turns":3},{"damage":18,"enemies":"Gremlin Nob","floor":11,"turns":3}],"seed_played":"-214711067355896010","potions_obtained":[{"floor":1,"key":"EntropicBrew"},{"floor":3,"key":"Strength Potion"},{"floor":4,"key":"DistilledChaos"}],"is_trial":false,"path_per_floor":["M","?","M","M","?","E","?","E","T","M","E"],"character_chosen":"DEFECT","items_purchased":[],"campfire_rested":0,"item_purchase_floors":[],"current_hp_per_floor":[75,75,72,70,63,30,30,25,25,13,0,0],"gold":224,"neow_bonus":"BOSS_RELIC","is_daily":false,"chose_seed":false,"campfire_upgraded":0,"win_rate":0.0,"timestamp":1612121458,"path_taken":["M","?","?","?","?","E","?","E","T","M","E"],"items_purchased_type":[],"build_version":"2020-12-22","purchased_purges":0,"victory":false,"max_hp_per_floor":[75,75,75,75,75,75,75,85,85,85,85,85],"card_choices":[{"not_picked":["Double Energy","Beam Cell"],"picked":"Cold Snap","floor":1},{"not_picked":["Hello World","Hologram"],"picked":"Redo","floor":3},{"not_picked":["Scrape","Stack"],"picked":"Redo","floor":4},{"not_picked":["Chill","Go for the Eyes"],"picked":"Coolheaded","floor":6},{"not_picked":["Multi-Cast","Reinforced Body"],"picked":"Loop","floor":8},{"not_picked":["Conserve Battery","FTL"],"picked":"Ball Lightning","floor":10}],"player_experience":7077,"relics_obtained":[{"floor":6,"key":"Mummified Hand"},{"floor":8,"key":"Pear"},{"floor":9,"key":"Regal Pillow"}],"event_choices":[{"damage_healed":0,"gold_gain":0,"player_choice":"Rummage","damage_taken":0,"relics_obtained":["WarpedTongs"],"max_hp_gain":0,"max_hp_loss":0,"event_name":"Accursed Blacksmith","floor":2,"gold_loss":0,"cards_obtained":["Pain"]},{"damage_healed":0,"gold_gain":0,"player_choice":"Success","damage_taken":7,"relics_obtained":["Toy Ornithopter"],"max_hp_gain":0,"max_hp_loss":0,"event_name":"Scrap Ooze","floor":5,"gold_loss":0},{"damage_healed":0,"gold_gain":0,"player_choice":"Ignored","damage_taken":0,"max_hp_gain":0,"max_hp_loss":0,"event_name":"Golden Idol","floor":7,"gold_loss":0}],"is_beta":false,"boss_relics":[],"items_purged_floors":[],"is_endless":false,"potions_floor_spawned":[1,3,4],"killed_by":"Gremlin Nob","ascension_level":0}}