{"host":"z1wl47oisvloj0tp","time":1612095460,"event":{"mods":["BaseMod","Minty Spire (QoL Compilation)"],"gold_per_floor":[115,115,68,88,106,137,137,152,203,229,229,22,48,67,67,164,164,181,195,205,205,205,205],"floor_reached":22,"language":"FRA","playtime":1677,"items_purged":["Defend_R"],"score":216,"play_id":"de49324f-fb4d-4273-b8fc-16af6df50449","local_time":"20210131131740","is_ascension_mode":true,"campfire_choices":[{"floor":7,"key":"RECALL"},{"data":"Armaments","floor":11,"key":"SMITH"},{"floor":15,"key":"REST"}],"circlet_count":0,"master_deck":["Strike_R","Strike_R","Strike_R","Strike_R","Strike_R","Defend_R","Defend_R","Defend_R","Bash","Dropkick","Armaments+1","Flame Barrier","Shrug It Off","Metallicize+1","Shrug It Off","Rage","Inflame+1","Armaments","Flame Barrier","Disarm","Berserk+1","Battle Trance"],"relics":["Burning Blood","NeowsBlessing","Frozen Egg 2","Regal Pillow","Bottled Tornado","SlaversCollar","GremlinMask"],"acts_visited":["Exordium","TheCity"],"potions_floor_usage":[2,6,6,6,10,16,22],"damage_taken":[{"damage":0,"enemies":"Cultist","floor":1,"turns":1},{"damage":0,"enemies":"Jaw Worm","floor":4,"turns":1},{"damage":0,"enemies":"Small Slimes","floor":5,"turns":1},{"damage":42,"enemies":"Lagavulin","floor":6,"turns":7},{"damage":3,"enemies":"Looter","floor":8,"turns":5},{"damage":36,"enemies":"Gremlin Nob","floor":10,"turns":6},{"damage":23,"enemies":"Lagavulin","floor":13,"turns":9},{"damage":0,"enemies":"Large Slime","floor":14,"turns":6},{"damage":9,"enemies":"Hexaghost","floor":16,"turns":8},{"damage":10,"enemies":"3 Byrds","floor":18,"turns":7},{"damage":17,"enemies":"Chosen","floor":19,"turns":9},{"damage":21,"enemies":"Shelled Parasite and Fungi","floor":20,"turns":7},{"damage":53,"enemies":"Cultist and Chosen","floor":22,"turns":7}],"seed_played":"-5210924547968209901","potions_obtained":[{"floor":2,"key":"EntropicBrew"},{"floor":2,"key":"FairyPotion"},{"floor":2,"key":"Fruit Juice"},{"floor":6,"key":"FearPotion"},{"floor":8,"key":"GamblersBrew"},{"floor":13,"key":"PowerPotion"},{"floor":14,"key":"LiquidBronze"},{"floor":18,"key":"Strength Potion"}],"is_trial":false,"path_per_floor":["M","?","$","M","M","E","R","M","T","E","R","$","E","M","R","B",null,"M","M","M","?","M"],"character_chosen":"IRONCLAD","items_purchased":["Armaments","Inflame+1","Armaments"],"campfire_rested":1,"item_purchase_floors":[3,12,12],"current_hp_per_floor":[80,85,85,85,85,66,66,69,69,39,39,39,22,28,68,65,85,81,70,55,55,2,2],"gold":205,"neow_bonus":"THREE_ENEMY_KILL","is_daily":false,"chose_seed":false,"campfire_upgraded":1,"win_rate":0.0,"timestamp":1612095460,"path_taken":["M","?","$","?","M","E","R","M","T","E","R","$","E","M","R","BOSS","M","M","M","?","M"],"items_purchased_type":["Card","Card","Card"],"build_version":"2020-12-22","purchased_purges":1,"victory":false,"max_hp_per_floor":[80,85,85,85,85,85,85,85,85,85,85,85,85,85,85,85,85,85,85,85,85,85,85],"card_choices":[{"not_picked":["Twin Strike","Clothesline"],"picked":"Dropkick","floor":1},{"not_picked":["Entrench","Infernal Blade"],"picked":"Flame Barrier","floor":4},{"not_picked":["Bloodletting","Warcry"],"picked":"Shrug It Off","floor":5},{"not_picked":["Clothesline","Juggernaut+1"],"picked":"Metallicize+1","floor":6},{"not_picked":["Burning Pact","Shockwave"],"picked":"Shrug It Off","floor":8},{"not_picked":["Evolve+1","True Grit"],"picked":"Rage","floor":10},{"not_picked":["Armaments","Power Through"],"picked":"Flame Barrier","floor":13},{"not_picked":["Anger","Pommel Strike"],"picked":"Disarm","floor":14},{"not_picked":["Juggernaut+1","Fiend Fire"],"picked":"Berserk+1","floor":16},{"not_picked":["Reckless Charge+1","Armaments","Clash+1"],"picked":"SKIP","floor":18},{"not_picked":["Body Slam","Iron Wave"],"picked":"Battle Trance","floor":19},{"not_picked":["Feel No Pain+1","Hemokinesis","Wild Strike"],"picked":"SKIP","floor":20}],"player_experience":329768,"relics_obtained":[{"floor":6,"key":"Frozen Egg 2"},{"floor":10,"key":"Regal Pillow"},{"floor":13,"key":"Bottled Tornado"}],"event_choices":[{"damage_healed":0,"gold_gain":0,"player_choice":"Got Potions","damage_taken":0,"max_hp_gain":0,"max_hp_loss":0,"event_name":"Lab","floor":2,"gold_loss":0},{"damage_healed":0,"gold_gain":0,"player_choice":"Trade","damage_taken":0,"relics_obtained":["GremlinMask"],"max_hp_gain":0,"max_hp_loss":0,"event_name":"FaceTrader","floor":21,"gold_loss":0}],"is_beta":false,"boss_relics":[{"not_picked":["Cursed Key","Pandora\u0027s Box"],"picked":"SlaversCollar"}],"items_purged_floors":[12],"is_endless":false,"potions_floor_spawned":[6,8,13,14,18],"killed_by":"Cultist and Chosen","ascension_level":1}}