{"host":"facnppb4175fcpe2","time":1612064379,"event":{"mods":["BaseMod","Downfall","Minty Spire (QoL Compilation)","StSLib"],"gold_per_floor":[116,136,154,154,169,196,209,237,237,237,248,262,291,311,311,311,311],"floor_reached":16,"language":"ZHS","playtime":617,"items_purged":[],"score":145,"play_id":"4f649e9d-4c32-4791-9363-fa5d00afe7c7","local_time":"20210131113939","is_ascension_mode":true,"campfire_choices":[{"data":"Bash","floor":15,"key":"SMITH"}],"circlet_count":0,"master_deck":["Strike_R","Strike_R","Strike_R","Strike_R","Defend_R","Defend_R","Defend_R","Defend_R","Bash+1","Cleave","Headbutt","Flame Barrier","Clash","Twin Strike","Sword Boomerang"],"relics":["Burning Blood","Dream Catcher","Anchor","Eternal Feather","The Courier"],"acts_visited":["Exordium"],"potions_floor_usage":[8,16,16,16],"damage_taken":[{"damage":8,"enemies":"Jaw Worm","floor":1,"turns":5},{"damage":5,"enemies":"Small Slimes","floor":2,"turns":5},{"damage":1,"enemies":"Cultist","floor":3,"turns":3},{"damage":18,"enemies":"Exordium Thugs","floor":5,"turns":4},{"damage":35,"enemies":"3 Sentries","floor":6,"turns":6},{"damage":17,"enemies":"Lots of Slimes","floor":7,"turns":3},{"damage":32,"enemies":"Gremlin Nob","floor":8,"turns":4},{"damage":0,"enemies":"Looter","floor":11,"turns":2},{"damage":0,"enemies":"Exordium Thugs","floor":12,"turns":4},{"damage":10,"enemies":"3 Sentries","floor":13,"turns":6},{"damage":3,"enemies":"Blue Slaver","floor":14,"turns":3},{"damage":34,"enemies":"The Guardian","floor":16,"turns":8}],"seed_played":"-4640871996561746786","potions_obtained":[{"floor":6,"key":"Swift Potion"},{"floor":8,"key":"EssenceOfSteel"},{"floor":11,"key":"champ:CounterPotion"},{"floor":12,"key":"BlessingOfTheForge"}],"is_trial":false,"path_per_floor":["M","M","M","?","M","E","M","E","T","?","M","M","E","M","R","B"],"character_chosen":"IRONCLAD","items_purchased":[],"campfire_rested":0,"item_purchase_floors":[],"current_hp_per_floor":[86,87,88,88,76,47,36,10,10,10,16,22,18,21,30,0,0],"gold":311,"neow_bonus":"TEN_PERCENT_HP_BONUS","is_daily":false,"chose_seed":false,"campfire_upgraded":1,"win_rate":0.0,"timestamp":1612064379,"path_taken":["M","M","M","?","M","E","M","E","T","?","M","M","E","?","R","BOSS"],"items_purchased_type":[],"build_version":"2020-12-22","purchased_purges":0,"victory":false,"max_hp_per_floor":[88,88,88,88,88,88,88,88,88,88,88,88,88,88,88,88,88],"card_choices":[{"not_picked":["Wild Strike","Anger","Pommel Strike"],"picked":"SKIP","floor":1},{"not_picked":["Sentinel","Second Wind"],"picked":"Cleave","floor":2},{"not_picked":["Shrug It Off","Havoc"],"picked":"Headbutt","floor":3},{"not_picked":["Thunderclap","Body Slam","Combust"],"picked":"SKIP","floor":5},{"not_picked":["Seeing Red","Headbutt","Barricade"],"picked":"SKIP","floor":6},{"not_picked":["Armaments","Power Through"],"picked":"Flame Barrier","floor":7},{"not_picked":["True Grit","Corruption"],"picked":"Clash","floor":8},{"not_picked":["Sentinel","Rampage"],"picked":"Twin Strike","floor":11},{"not_picked":["Clothesline","Twin Strike"],"picked":"Sword Boomerang","floor":12},{"not_picked":["Armaments","Thunderclap","Carnage"],"picked":"SKIP","floor":13},{"not_picked":["Evolve","Twin Strike","Clothesline"],"picked":"SKIP","floor":14}],"player_experience":78319,"relics_obtained":[{"floor":6,"key":"Dream Catcher"},{"floor":8,"key":"Anchor"},{"floor":9,"key":"Eternal Feather"},{"floor":13,"key":"The Courier"}],"event_choices":[{"cards_removed":["Strike_R"],"damage_healed":0,"gold_gain":0,"player_choice":"Forget","damage_taken":0,"max_hp_gain":0,"max_hp_loss":0,"event_name":"Living Wall","floor":4,"gold_loss":0},{"damage_healed":0,"gold_gain":0,"player_choice":"0 cards matched","damage_taken":0,"max_hp_gain":0,"max_hp_loss":0,"event_name":"Match and Keep!","floor":10,"gold_loss":0,"cards_obtained":[]}],"is_beta":false,"boss_relics":[],"items_purged_floors":[],"is_endless":false,"potions_floor_spawned":[6,8,11,12],"killed_by":"The Guardian","ascension_level":3}}