{"host":"farxtl2u8hmkbdo2","time":1612120241,"event":{"mods":["A Magickal Journey","BaseMod","Better Altar","Better Note","Better Sensory Stone","Better Skull","Better Third Choice","Challenge The Spire","Colored Map","Colored Powertips","Current Relic Mod","Energized Spire","Fox Events","Gremlin Mod","Hermit","Hubris","Mimic Mod","Minty Spire (QoL Compilation)","Quick Restart","READ ME - Guardian Mod","READ ME - Snecko Mod","Rare Cards Sparkle","StSLib","The Bladedancer","The Bug Knight","The Cursed","The Disciple","The Hierophant","The Marked","The Necromancer","The Runesmith","Transform Curses"],"gold_per_floor":[113,113,134,152,152,120,139,152,170,202,202,232,31,50,50,20,20],"floor_reached":16,"language":"SPA","playtime":1297,"items_purged":[],"score":138,"play_id":"61e81b9c-4e7b-4008-918a-38f396b9b138","local_time":"20210131161041","is_ascension_mode":true,"campfire_choices":[{"data":"hierophant:PristineSoul","floor":15,"key":"SMITH"}],"circlet_count":0,"master_deck":["hierophant:Strike_Hierophant+1","hierophant:Strike_Hierophant","hierophant:Strike_Hierophant","hierophant:Strike_Hierophant+1","hierophant:Punish","hierophant:Defend_Hierophant","hierophant:Defend_Hierophant","hierophant:Defend_Hierophant","hierophant:ChurchCoffers","hierophant:Smite","hierophant:OrnateBuckler","hierophant:RepressedViolence","hierophant:Encroach","hierophant:PristineSoul+1","hierophant:Endure","hierophant:MorningPrayer","hierophant:HolyVerse","hierophant:Endure","hierophant:Doubloon","hierophant:CoinFling","hierophant:Flagellation","hierophant:HolyVerse"],"relics":["hierophant:PropheticMaskRelic","hubris:Towel","Ancient Tea Set","hubris:ToyBattleship","Bag of Marbles","HollowMod:PaleOreRelic","Anchor","Whetstone","foxEvents:LuckyCharm"],"acts_visited":["Exordium"],"potions_floor_usage":[7,8,16,16],"damage_taken":[{"damage":4,"enemies":"Jaw Worm","floor":1,"turns":3},{"damage":0,"enemies":"Small Slimes","floor":3,"turns":2},{"damage":0,"enemies":"Cultist","floor":4,"turns":3},{"damage":35,"enemies":"Lagavulin","floor":6,"turns":9},{"damage":0,"enemies":"Lots of Slimes","floor":7,"turns":2},{"damage":2,"enemies":"3 Sentries","floor":8,"turns":7},{"damage":12,"enemies":"Red Slaver","floor":9,"turns":13},{"damage":14,"enemies":"Gremlin Nob","floor":10,"turns":4},{"damage":1,"enemies":"Red Slaver","floor":12,"turns":3},{"damage":0,"enemies":"Colosseum Slavers","floor":14,"turns":2},{"damage":19,"enemies":"Hexaghost","floor":16,"turns":12}],"seed_played":"-4215831342559786990","potions_obtained":[{"floor":6,"key":"DuplicationPotion"},{"floor":7,"key":"LiquidMemories"},{"floor":10,"key":"Block Potion"},{"floor":12,"key":"Dexterity Potion"}],"is_trial":false,"path_per_floor":["M","?","M","M","?","E","M","E","MIM","E","?","M","$","?","R","B"],"character_chosen":"HIEROPHANT","items_purchased":["hierophant:HolyVerse","Whetstone"],"campfire_rested":0,"item_purchase_floors":[13,13],"current_hp_per_floor":[71,76,76,76,76,41,41,39,27,13,13,12,12,12,12,0,0],"gold":20,"neow_bonus":"THREE_CARDS","is_daily":false,"chose_seed":false,"campfire_upgraded":1,"win_rate":0.0,"timestamp":1612120241,"path_taken":["M","?","M","M","?","E","M","E","MIM","E","?","?","?","?","R","BOSS"],"items_purchased_type":["Card","Relic"],"build_version":"2020-12-22","purchased_purges":0,"victory":false,"max_hp_per_floor":[75,80,80,80,80,80,80,80,80,80,80,80,80,80,80,80,80],"card_choices":[{"not_picked":["hierophant:ArchangelShield","hierophant:PassingBell"],"picked":"hierophant:Smite","floor":0},{"not_picked":["hierophant:Purify","hierophant:HammerAndAnvil"],"picked":"hierophant:OrnateBuckler","floor":1},{"not_picked":["hierophant:Zeal","hierophant:Mercenaries"],"picked":"hierophant:RepressedViolence","floor":3},{"not_picked":["hierophant:MintersHammer","hierophant:DisplayOfPower"],"picked":"hierophant:Encroach","floor":4},{"not_picked":["hierophant:Remorse","hierophant:Levitation"],"picked":"hierophant:PristineSoul","floor":6},{"not_picked":["hierophant:RustyCrate","hierophant:HammerAndAnvil"],"picked":"hierophant:Endure","floor":7},{"not_picked":["hierophant:Doubloon","hierophant:Mercenaries"],"picked":"hierophant:MorningPrayer","floor":8},{"not_picked":["hierophant:Shelter","hierophant:DisplayOfPower"],"picked":"hierophant:HolyVerse","floor":9},{"not_picked":["hierophant:MorningPrayer","hierophant:FieryStrike"],"picked":"hierophant:Endure","floor":10},{"not_picked":["hierophant:SealAway","hierophant:ThreeLashes"],"picked":"hierophant:Flagellation","floor":12}],"player_experience":1990561,"relics_obtained":[{"floor":6,"key":"Ancient Tea Set"},{"floor":8,"key":"hubris:ToyBattleship"},{"floor":9,"key":"Bag of Marbles"},{"floor":9,"key":"HollowMod:PaleOreRelic"},{"floor":10,"key":"Anchor"},{"floor":14,"key":"foxEvents:LuckyCharm"}],"event_choices":[{"damage_healed":0,"gold_gain":0,"player_choice":"Donut","damage_taken":0,"max_hp_gain":5,"max_hp_loss":0,"event_name":"Big Fish","floor":2,"gold_loss":0},{"damage_healed":0,"gold_gain":0,"cards_transformed":["hierophant:Defend_Hierophant"],"player_choice":"Transformed","damage_taken":0,"max_hp_gain":0,"max_hp_loss":0,"event_name":"Transmorgrifier","floor":11,"gold_loss":0,"cards_obtained":["hierophant:CoinFling"]}],"is_beta":false,"boss_relics":[],"items_purged_floors":[],"is_endless":false,"potions_floor_spawned":[6,7,10,12],"killed_by":"Hexaghost","ascension_level":3}}