{"host":"2tgyrzvaa7l04o2e","time":1612097506,"event":{"mods":["BaseMod","Highlight Path","Minty Spire (QoL Compilation)","Permanent Neow","Relic Stats"],"gold_per_floor":[110,127,127,137,153,153,153,168,191,28,55,73,106,116,116,190,190,209,219,230,155,171,171,171,171,171,205,231,281,297,329,329,329,329],"floor_reached":33,"language":"ENG","playtime":1657,"items_purged":["Pain"],"score":598,"play_id":"da314c1a-33ef-41c3-ae73-6aca40696516","local_time":"20210131135146","is_ascension_mode":true,"campfire_choices":[{"data":"Doppelganger","floor":6,"key":"SMITH"},{"floor":15,"key":"REST"},{"floor":23,"key":"REST"},{"data":"After Image","floor":25,"key":"SMITH"},{"floor":32,"key":"REST"}],"circlet_count":0,"master_deck":["AscendersBane","Strike_G","Strike_G","Strike_G","Strike_G","Defend_G","Defend_G","Defend_G","Defend_G","Defend_G","Survivor","Neutralize","Doppelganger+1","Dagger Spray","Deadly Poison","Acrobatics","Tools of the Trade","Dash+1","Bane+1","Blade Dance","PiercingWail","Terror","After Image+1","Skewer+1","Cloak And Dagger","Finisher+1","Dagger Spray+1","Leg Sweep"],"relics":["Ring of the Snake","WarpedTongs","Molten Egg 2","Anchor","Kunai","Vajra","Runic Pyramid","Bronze Scales","Blood Vial","Regal Pillow"],"acts_visited":["Exordium","TheCity"],"potions_floor_usage":[5,16,16,30,31],"damage_taken":[{"damage":4,"enemies":"Small Slimes","floor":1,"turns":4},{"damage":1,"enemies":"Cultist","floor":2,"turns":4},{"damage":4,"enemies":"2 Louse","floor":4,"turns":3},{"damage":19,"enemies":"Exordium Wildlife","floor":5,"turns":5},{"damage":3,"enemies":"Blue Slaver","floor":8,"turns":4},{"damage":55,"enemies":"Gremlin Nob","floor":11,"turns":5},{"damage":1,"enemies":"3 Louse","floor":12,"turns":3},{"damage":9,"enemies":"Lagavulin","floor":13,"turns":5},{"damage":0,"enemies":"Red Slaver","floor":14,"turns":2},{"damage":30,"enemies":"Slime Boss","floor":16,"turns":11},{"damage":5,"enemies":"2 Thieves","floor":18,"turns":3},{"damage":13,"enemies":"Spheric Guardian","floor":19,"turns":4},{"damage":25,"enemies":"Cultist and Chosen","floor":20,"turns":7},{"damage":7,"enemies":"Centurion and Healer","floor":22,"turns":5},{"damage":18,"enemies":"Gremlin Leader","floor":27,"turns":9},{"damage":3,"enemies":"Shelled Parasite and Fungi","floor":30,"turns":4},{"damage":5,"enemies":"Book of Stabbing","floor":31,"turns":4},{"damage":57,"enemies":"Champ","floor":33,"turns":14}],"seed_played":"-8921365616420699393","potions_obtained":[{"floor":1,"key":"FairyPotion"},{"floor":2,"key":"Fruit Juice"},{"floor":11,"key":"SpeedPotion"},{"floor":13,"key":"Swift Potion"},{"floor":16,"key":"Poison Potion"},{"floor":19,"key":"Dexterity Potion"},{"floor":20,"key":"Block Potion"},{"floor":27,"key":"DistilledChaos"},{"floor":30,"key":"Fire Potion"}],"is_trial":false,"path_per_floor":["M","M","?","M","M","R","T","M","T","$","E","M","E","M","R","B",null,"M","M","M","?","M","R","?","R","T","E","T","?","M","E","R","B"],"character_chosen":"THE_SILENT","items_purchased":["Dash+1"],"campfire_rested":3,"item_purchase_floors":[10],"current_hp_per_floor":[55,54,54,50,36,36,36,33,33,33,21,20,11,11,32,2,54,49,36,11,11,4,25,39,39,39,21,21,21,20,17,53,0,0],"gold":329,"neow_bonus":"ONE_RANDOM_RARE_CARD","is_daily":false,"chose_seed":false,"campfire_upgraded":2,"win_rate":0.0,"timestamp":1612097506,"path_taken":["M","M","?","?","M","R","?","M","T","$","E","M","E","?","R","BOSS","M","M","M","?","M","R","?","R","T","E","?","?","?","E","R","BOSS"],"items_purchased_type":["Card"],"build_version":"2020-12-22","purchased_purges":1,"victory":false,"max_hp_per_floor":[66,66,66,66,71,71,71,71,71,71,71,71,71,71,71,71,71,71,71,71,71,71,71,71,71,71,71,71,71,71,71,71,71,71],"relic_stats":{"Blood Vial":6,"Regal Pillow":15,"counters":[18,96],"Bronze Scales":[66],"Kunai":[32],"obtain_stats":[{"Blood Vial":28,"Anchor":9,"Regal Pillow":31,"Bronze Scales":27,"Vajra":13,"Molten Egg 2":7,"Kunai":11,"Ring of the Snake":0,"WarpedTongs":3,"Runic Pyramid":17},{"Blood Vial":15,"Anchor":5,"Regal Pillow":17,"Bronze Scales":15,"Vajra":8,"Molten Egg 2":4,"Kunai":6,"Ring of the Snake":0,"WarpedTongs":2,"Runic Pyramid":10},{"Blood Vial":74,"Anchor":20,"Regal Pillow":82,"Bronze Scales":74,"Vajra":33,"Molten Egg 2":16,"Kunai":25,"Ring of the Snake":0,"WarpedTongs":8,"Runic Pyramid":46}],"Ring of the Snake":[36],"WarpedTongs":[88]},"card_choices":[{"not_picked":["Flying Knee","Setup"],"picked":"Dagger Spray","floor":1},{"not_picked":["Prepared","Bane"],"picked":"Deadly Poison","floor":2},{"not_picked":["Flying Knee","Endless Agony"],"picked":"Acrobatics","floor":4},{"not_picked":["Expertise","Escape Plan","Caltrops"],"picked":"SKIP","floor":5},{"not_picked":["Reflex","Calculated Gamble"],"picked":"Tools of the Trade","floor":8},{"not_picked":["Dagger Throw+1","Prepared"],"picked":"Bane+1","floor":11},{"not_picked":["Backstab+1","Escape Plan"],"picked":"Blade Dance","floor":12},{"not_picked":["Calculated Gamble","Blur"],"picked":"PiercingWail","floor":13},{"not_picked":["Backstab+1","Bane+1"],"picked":"Terror","floor":14},{"not_picked":["Burst","Storm of Steel"],"picked":"After Image","floor":16},{"not_picked":["Quick Slash+1","Caltrops"],"picked":"Skewer+1","floor":18},{"not_picked":["Deadly Poison","Outmaneuver"],"picked":"Cloak And Dagger","floor":19},{"not_picked":["PiercingWail","Choke+1"],"picked":"Finisher+1","floor":20},{"not_picked":["Cloak And Dagger","Endless Agony+1"],"picked":"Dagger Spray+1","floor":22},{"not_picked":["A Thousand Cuts","Predator+1","Bane+1"],"picked":"SKIP","floor":27},{"not_picked":["Dagger Throw+1","Underhanded Strike+1","All Out Attack+1"],"picked":"SKIP","floor":30},{"not_picked":["Flechettes+1","Accuracy"],"picked":"Leg Sweep","floor":31}],"player_experience":668556,"relics_obtained":[{"floor":7,"key":"Molten Egg 2"},{"floor":9,"key":"Anchor"},{"floor":11,"key":"Kunai"},{"floor":13,"key":"Vajra"},{"floor":27,"key":"Bronze Scales"},{"floor":28,"key":"Blood Vial"},{"floor":31,"key":"Regal Pillow"}],"event_choices":[{"damage_healed":0,"gold_gain":0,"player_choice":"Rummage","damage_taken":0,"relics_obtained":["WarpedTongs"],"max_hp_gain":0,"max_hp_loss":0,"event_name":"Accursed Blacksmith","floor":3,"gold_loss":0,"cards_obtained":["Pain"]},{"cards_removed":["Strike_G"],"damage_healed":0,"gold_gain":0,"player_choice":"Gave Gold","damage_taken":0,"max_hp_gain":0,"max_hp_loss":0,"event_name":"Beggar","floor":21,"gold_loss":75},{"damage_healed":14,"gold_gain":0,"player_choice":"Heal","damage_taken":0,"max_hp_gain":0,"max_hp_loss":0,"event_name":"The Library","floor":24,"gold_loss":0},{"damage_healed":0,"gold_gain":50,"player_choice":"Pray","damage_taken":0,"max_hp_gain":0,"max_hp_loss":0,"event_name":"Golden Shrine","floor":29,"gold_loss":0}],"is_beta":false,"boss_relics":[{"not_picked":["Fusion Hammer","Runic Dome"],"picked":"Runic Pyramid"}],"items_purged_floors":[10],"is_endless":false,"potions_floor_spawned":[1,2,11,13,16,19,20,27,30],"killed_by":"Champ","ascension_level":20}}