{"host":"dcj2yvrgcvh5dl2s","time":1612129510,"event":{"mods":["BaseMod","Bestiary","Better Note","Block Reminder","Colored Powertips","Curses Come First","DeckTracker","Minty Spire (QoL Compilation)","Quick Restart","Rare Cards Sparkle","Relic Stats","StSLib"],"gold_per_floor":[114,129,141,155,166,166,166,166],"floor_reached":7,"language":"ENG","playtime":453,"items_purged":[],"score":90,"play_id":"b7ed65b8-349f-4aac-96c4-40917ad67644","local_time":"20210201074510","is_ascension_mode":true,"campfire_choices":[{"floor":6,"key":"REST"}],"circlet_count":0,"master_deck":["AscendersBane","Strike_R","Strike_R","Strike_R","Strike_R","Strike_R","Defend_R","Defend_R","Defend_R","Defend_R","Bash","Shrug It Off","Disarm","Shrug It Off"],"relics":["Burning Blood","NeowsBlessing"],"acts_visited":["Exordium"],"potions_floor_usage":[4],"damage_taken":[{"damage":0,"enemies":"Cultist","floor":1,"turns":1},{"damage":0,"enemies":"Jaw Worm","floor":2,"turns":1},{"damage":0,"enemies":"2 Louse","floor":3,"turns":1},{"damage":25,"enemies":"Exordium Thugs","floor":4,"turns":5},{"damage":25,"enemies":"2 Fungi Beasts","floor":5,"turns":4},{"damage":61,"enemies":"3 Sentries","floor":7,"turns":11}],"seed_played":"5645527816396685063","potions_obtained":[{"floor":3,"key":"PowerPotion"}],"is_trial":false,"path_per_floor":["M","M","M","M","M","R","E"],"character_chosen":"IRONCLAD","items_purchased":[],"campfire_rested":1,"item_purchase_floors":[],"current_hp_per_floor":[74,75,75,56,37,59,0,0],"gold":166,"neow_bonus":"THREE_ENEMY_KILL","is_daily":false,"chose_seed":false,"campfire_upgraded":0,"win_rate":0.0,"timestamp":1612129510,"path_taken":["M","M","?","M","M","R","E"],"items_purchased_type":[],"build_version":"2020-12-22","purchased_purges":0,"victory":false,"max_hp_per_floor":[75,75,75,75,75,75,75,75],"relic_stats":{"counters":[6,23],"obtain_stats":[{"NeowsBlessing":0,"Burning Blood":0},{"NeowsBlessing":0,"Burning Blood":0},{"NeowsBlessing":0,"Burning Blood":0}],"Burning Blood":19},"card_choices":[{"not_picked":["Clothesline","Armaments"],"picked":"Shrug It Off","floor":1},{"not_picked":["Headbutt","Cleave","Anger"],"picked":"SKIP","floor":2},{"not_picked":["Heavy Blade","Twin Strike"],"picked":"Disarm","floor":3},{"not_picked":["Warcry","Second Wind","Twin Strike"],"picked":"SKIP","floor":4},{"not_picked":["Demon Form","Sword Boomerang"],"picked":"Shrug It Off","floor":5}],"player_experience":2317737,"relics_obtained":[],"event_choices":[],"is_beta":false,"boss_relics":[],"items_purged_floors":[],"is_endless":false,"potions_floor_spawned":[3],"killed_by":"3 Sentries","ascension_level":20}}