{"host":"szp1d6dso4pv7ddl","time":1612061538,"event":{"mods":["AchievementEnabler","Alarm Clock","BaseMod","Bestiary","Block Reminder","Colored Map","Colored Powertips","Curses Come First","Dark Map","Displayed Cursed Tome","Highlight Path","Minty Spire (QoL Compilation)","Permanent Neow","Quick Restart","Relic Sorter","Relic Stats","StSLib","Synergy Search"],"gold_per_floor":[112,112,112,13,23,49,76,76,76],"floor_reached":8,"language":"ENG","playtime":386,"items_purged":["Steam Power"],"score":95,"play_id":"e364e7b4-8a1d-4e1f-8add-6c4c50a225d7","local_time":"20210130185218","is_ascension_mode":true,"campfire_choices":[],"circlet_count":0,"master_deck":["AscendersBane","Zap","Dualcast","Buffer","Redo","Defragment","Meteor Strike","Steam","Loop","Doom and Gloom","Biased Cognition","Streamline","Ball Lightning"],"relics":["Pandora\u0027s Box","HornCleat","Boot","Oddly Smooth Stone"],"acts_visited":["Exordium"],"potions_floor_usage":[6,8],"damage_taken":[{"damage":7,"enemies":"Jaw Worm","floor":1,"turns":4},{"damage":10,"enemies":"Small Slimes","floor":5,"turns":3},{"damage":13,"enemies":"3 Sentries","floor":6,"turns":5},{"damage":30,"enemies":"Gremlin Nob","floor":8,"turns":3}],"seed_played":"3735285434510240257","potions_obtained":[{"floor":1,"key":"EssenceOfSteel"},{"floor":5,"key":"DuplicationPotion"}],"is_trial":false,"path_per_floor":["M","?","?","$","M","E","T","E"],"character_chosen":"DEFECT","items_purchased":["Streamline"],"campfire_rested":0,"item_purchase_floors":[4],"current_hp_per_floor":[57,57,52,52,42,29,29,0,0],"gold":76,"neow_bonus":"BOSS_RELIC","is_daily":false,"chose_seed":false,"campfire_upgraded":0,"win_rate":0.0,"timestamp":1612061538,"path_taken":["M","?","?","$","M","E","?","E"],"items_purchased_type":["Card"],"build_version":"2020-12-22","purchased_purges":1,"victory":false,"max_hp_per_floor":[71,71,71,71,71,71,71,71,71],"relic_stats":{"counters":[4,15],"Pandora\u0027s Box":["Beam Cell","Buffer","Redo","Defragment","Meteor Strike","Steam","Loop","Steam Power"],"Boot":[0],"obtain_stats":[{"HornCleat":3,"Oddly Smooth Stone":7,"Pandora\u0027s Box":0,"Cracked Core":0,"Boot":6},{"HornCleat":1,"Oddly Smooth Stone":3,"Pandora\u0027s Box":0,"Cracked Core":0,"Boot":3},{"HornCleat":4,"Oddly Smooth Stone":12,"Pandora\u0027s Box":0,"Cracked Core":0,"Boot":12}]},"card_choices":[{"not_picked":["Steam Power","Go for the Eyes"],"picked":"Doom and Gloom","floor":1},{"not_picked":["FTL","Turbo","Lockon"],"picked":"SKIP","floor":5},{"not_picked":["Compile Driver","Gash"],"picked":"Ball Lightning","floor":6}],"player_experience":1327487,"relics_obtained":[{"floor":6,"key":"Boot"},{"floor":7,"key":"Oddly Smooth Stone"}],"event_choices":[{"damage_healed":0,"gold_gain":0,"cards_transformed":["Beam Cell"],"player_choice":"Change","damage_taken":0,"max_hp_gain":0,"max_hp_loss":0,"event_name":"Living Wall","floor":2,"gold_loss":0,"cards_obtained":["Biased Cognition"]},{"damage_healed":0,"gold_gain":0,"player_choice":"Success","damage_taken":5,"relics_obtained":["HornCleat"],"max_hp_gain":0,"max_hp_loss":0,"event_name":"Scrap Ooze","floor":3,"gold_loss":0}],"is_beta":false,"boss_relics":[],"items_purged_floors":[4],"is_endless":false,"potions_floor_spawned":[1,5],"killed_by":"Gremlin Nob","ascension_level":15}}