{"host":"36zn1fhase90d3ns","time":1612066993,"event":{"mods":["2.2 Compatiblity","AchievementEnabler","Act Like it!","Aspiration","BaseMod","BetterRewards","Block Reminder","Colored Map","Colored Powertips","Conspire","Curses Come First","Custom Start","Dark Map","Energized Spire","Friendly Minions","Halation","Hermit","Hubris","Minty Spire (QoL Compilation)","Prisma Mod","Quick Restart","Relic Sorter","Reliquary","Remilia??????","Replay The Spire","Spicy Shops","StSLib","The Necromancer","Unceasing Turn Reminder","Yohane!","??????REMEMod"],"gold_per_floor":[116,116,116,136,136,136,136],"floor_reached":6,"language":"ENG","playtime":266,"items_purged":["hermit:Strike_Hermit","hermit:Strike_Hermit","hermit:Strike_Hermit"],"score":66,"play_id":"e43021f4-4e7e-4fe0-b890-5d0d35fd3a4f","local_time":"20210130222313","is_ascension_mode":true,"campfire_choices":[],"circlet_count":0,"master_deck":["hermit:Strike_Hermit","hermit:Defend_Hermit","hermit:Defend_Hermit","hermit:Defend_Hermit","hermit:Snapshot","hermit:Covet","hermit:GoldenBullet","hermit:GoldenBullet","hermit:GoldenBullet","conspire:Banana","hermit:GoldenBullet","hermit:Dive"],"relics":["hermit:Momento","REME_ComplimentaryCards","hubris:EmptyBottle","Blue Doll","halation:NonexistentMirror","Question Card","reliquary:Knoch","Golden Idol","halation:EternalFortune"],"acts_visited":["Exordium"],"potions_floor_usage":[6],"damage_taken":[{"damage":6,"enemies":"Small Slimes","floor":1,"turns":2},{"damage":3,"enemies":"2 Louse","floor":4,"turns":2},{"damage":28,"enemies":"3 Sentries","floor":6,"turns":4}],"seed_played":"-5934211153833242566","potions_obtained":[{"floor":4,"key":"SteroidPotion"}],"is_trial":false,"path_per_floor":["M","?","?","M","?","E"],"character_chosen":"HERMIT","items_purchased":["hubris:EmptyBottle","Blue Doll","halation:NonexistentMirror","hermit:GoldenBullet","Question Card","reliquary:Knoch","conspire:Banana"],"campfire_rested":0,"item_purchase_floors":[0,0,0,0,0,0,0],"current_hp_per_floor":[23,23,23,20,23,0,0],"gold":136,"neow_bonus":"","is_daily":false,"chose_seed":false,"campfire_upgraded":0,"win_rate":0.0,"timestamp":1612066993,"path_taken":["M","?","?","M","?","E"],"items_purchased_type":["Relic","Relic","Relic","Card","Relic","Relic","Card"],"build_version":"2020-12-22","purchased_purges":3,"victory":false,"max_hp_per_floor":[76,76,70,70,73,74,74],"card_choices":[{"not_picked":["hermit:Coalescence","hermit:WideOpen","hermit:Snipe"],"picked":"hermit:GoldenBullet","floor":1},{"not_picked":["hermit:LoneWolf","hermit:FullyLoaded","hermit:ItchyTrigger"],"picked":"hermit:Dive","floor":4}],"player_experience":515694,"relics_obtained":[],"event_choices":[{"damage_healed":0,"gold_gain":0,"player_choice":"Lose Max HP","damage_taken":0,"relics_obtained":["Golden Idol"],"max_hp_gain":0,"max_hp_loss":6,"event_name":"Golden Idol","floor":3,"gold_loss":0}],"is_beta":false,"boss_relics":[],"items_purged_floors":[0,0,0],"is_endless":false,"potions_floor_spawned":[4],"killed_by":"3 Sentries","ascension_level":4}}