{"host":"pigfart","time":1612078606,"event":{"mods":["BaseMod","Colored Map","Minty Spire (QoL Compilation)","Relic Stats","StSLib"],"gold_per_floor":[117,117,131,56,56,100,121,159,205,217,264,297,334,362,374,477,489,525,14,34,34,34,77,77,108,108,108,108],"floor_reached":27,"language":"ENG","playtime":737,"items_purged":["Strike_G"],"score":592,"play_id":"cac672c3-ed84-473a-8cc0-2f03e109cfad","local_time":"20210131013646","is_ascension_mode":true,"campfire_choices":[{"floor":10,"key":"REST"},{"floor":15,"key":"REST"},{"floor":24,"key":"REST"}],"circlet_count":0,"master_deck":["AscendersBane","Defend_G","Defend_G","Defend_G+1","Defend_G+1","Defend_G","Survivor","Neutralize","Cloak And Dagger","Predator","Masterful Stab","Backstab","Blade Dance","Blade Dance","Backflip","Envenom","Backflip+1","Noxious Fumes+1","Terror+1","Acrobatics","Apotheosis","All Out Attack+1","Dagger Throw","Cloak And Dagger","Night Terror"],"relics":["Ring of the Snake","NeowsBlessing","Golden Idol","Letter Opener","Regal Pillow","MawBank","Mummified Hand","Astrolabe","TwistedFunnel","Bag of Marbles","Pen Nib","Bag of Preparation","Prayer Wheel"],"acts_visited":["Exordium","TheCity"],"potions_floor_usage":[11,16,23,25],"damage_taken":[{"damage":0,"enemies":"Jaw Worm","floor":1,"turns":1},{"damage":0,"enemies":"Small Slimes","floor":3,"turns":1},{"damage":0,"enemies":"Gremlin Nob","floor":6,"turns":1},{"damage":0,"enemies":"Cultist","floor":7,"turns":3},{"damage":29,"enemies":"Lagavulin","floor":8,"turns":8},{"damage":30,"enemies":"Gremlin Nob","floor":11,"turns":4},{"damage":0,"enemies":"2 Fungi Beasts","floor":12,"turns":3},{"damage":2,"enemies":"Large Slime","floor":13,"turns":4},{"damage":0,"enemies":"Exordium Wildlife","floor":14,"turns":4},{"damage":24,"enemies":"The Guardian","floor":16,"turns":12},{"damage":8,"enemies":"Shell Parasite","floor":18,"turns":6},{"damage":0,"enemies":"2 Thieves","floor":20,"turns":3},{"damage":36,"enemies":"Book of Stabbing","floor":23,"turns":6},{"damage":16,"enemies":"Slavers","floor":25,"turns":3},{"damage":29,"enemies":"Snake Plant","floor":27,"turns":2}],"seed_played":"-4436813694069615713","potions_obtained":[{"floor":8,"key":"AttackPotion"},{"floor":11,"key":"LiquidMemories"},{"floor":12,"key":"PowerPotion"},{"floor":23,"key":"LiquidBronze"}],"is_trial":false,"path_per_floor":["M","?","M","$","?","E","M","E","T","R","E","M","M","M","R","B",null,"M","$","M","?","$","E","R","E","T","M"],"character_chosen":"THE_SILENT","items_purchased":["Apotheosis","TwistedFunnel","Bag of Marbles"],"campfire_rested":3,"item_purchase_floors":[19,19,19],"current_hp_per_floor":[59,59,59,59,41,41,41,12,12,45,15,15,13,13,46,22,51,43,43,43,43,43,7,40,24,24,0,0],"gold":108,"neow_bonus":"THREE_ENEMY_KILL","is_daily":false,"chose_seed":false,"campfire_upgraded":0,"win_rate":0.0,"timestamp":1612078606,"path_taken":["M","?","M","$","?","E","M","E","T","R","E","M","M","M","R","BOSS","M","$","M","?","?","E","R","E","T","M"],"items_purchased_type":["Card","Relic","Relic"],"build_version":"2020-12-18","purchased_purges":1,"victory":false,"max_hp_per_floor":[66,60,60,60,60,60,60,60,60,60,60,60,60,60,60,60,60,60,60,60,60,60,60,60,60,60,60,60],"relic_stats":{"Regal Pillow":45,"counters":[15,61],"Golden Idol":85,"Mummified Hand":[10],"Astrolabe":["Backflip","Noxious Fumes","Terror"],"Prayer Wheel":0,"Pen Nib":[1],"Bag of Preparation":[2],"Letter Opener":[120],"MawBank":120,"obtain_stats":[{"TwistedFunnel":19,"Regal Pillow":8,"NeowsBlessing":0,"Golden Idol":2,"Astrolabe":17,"Pen Nib":23,"Bag of Preparation":25,"Letter Opener":6,"MawBank":9,"Mummified Hand":11,"Prayer Wheel":26,"Bag of Marbles":19,"Ring of the Snake":0},{"TwistedFunnel":11,"Regal Pillow":5,"NeowsBlessing":0,"Golden Idol":1,"Astrolabe":10,"Pen Nib":13,"Bag of Preparation":14,"Letter Opener":3,"MawBank":5,"Mummified Hand":6,"Prayer Wheel":14,"Bag of Marbles":11,"Ring of the Snake":0},{"TwistedFunnel":47,"Regal Pillow":14,"NeowsBlessing":0,"Golden Idol":1,"Astrolabe":41,"Pen Nib":56,"Bag of Preparation":59,"Letter Opener":3,"MawBank":14,"Mummified Hand":18,"Prayer Wheel":59,"Bag of Marbles":47,"Ring of the Snake":0}],"Ring of the Snake":[30]},"card_choices":[{"not_picked":["Quick Slash","Prepared"],"picked":"Cloak And Dagger","floor":1},{"not_picked":["Endless Agony","Dash"],"picked":"Predator","floor":3},{"not_picked":["Distraction","Outmaneuver"],"picked":"Masterful Stab","floor":6},{"not_picked":["Predator","Deadly Poison","Quick Slash"],"picked":"SKIP","floor":7},{"not_picked":["Masterful Stab","Dash"],"picked":"Backstab","floor":8},{"not_picked":["Deflect","Prepared","Flying Knee"],"picked":"SKIP","floor":11},{"not_picked":["Prepared","Backstab"],"picked":"Blade Dance","floor":12},{"not_picked":["Sucker Punch","Prepared"],"picked":"Blade Dance","floor":13},{"not_picked":["Tools of the Trade","PiercingWail"],"picked":"Backflip","floor":14},{"not_picked":["Glass Knife","Doppelganger"],"picked":"Envenom","floor":16},{"not_picked":["Poisoned Stab","Outmaneuver"],"picked":"Acrobatics","floor":18},{"not_picked":["Flying Knee","Outmaneuver"],"picked":"All Out Attack+1","floor":20},{"not_picked":["Flying Knee","Dagger Throw"],"picked":"Cloak And Dagger","floor":23},{"not_picked":["Masterful Stab+1","Finisher"],"picked":"Night Terror","floor":25}],"player_experience":2360095,"relics_obtained":[{"floor":6,"key":"Letter Opener"},{"floor":8,"key":"Regal Pillow"},{"floor":9,"key":"MawBank"},{"floor":11,"key":"Mummified Hand"},{"floor":23,"key":"Pen Nib"},{"floor":25,"key":"Bag of Preparation"},{"floor":26,"key":"Prayer Wheel"}],"event_choices":[{"damage_healed":0,"gold_gain":0,"player_choice":"Lose Max HP","damage_taken":0,"relics_obtained":["Golden Idol"],"max_hp_gain":0,"max_hp_loss":6,"event_name":"Golden Idol","floor":2,"gold_loss":0},{"damage_healed":0,"gold_gain":0,"player_choice":"Entered Light","damage_taken":18,"max_hp_gain":0,"max_hp_loss":0,"event_name":"Shining Light","floor":5,"gold_loss":0,"cards_upgraded":["Defend_G","Defend_G"]},{"damage_healed":0,"gold_gain":0,"cards_transformed":["Strike_G"],"player_choice":"Transformed","damage_taken":0,"max_hp_gain":0,"max_hp_loss":0,"event_name":"Transmorgrifier","floor":21,"gold_loss":0,"cards_obtained":["Dagger Throw"]}],"is_beta":true,"boss_relics":[{"not_picked":["Pandora\u0027s Box","Runic Dome"],"picked":"Astrolabe"}],"items_purged_floors":[4],"is_endless":false,"potions_floor_spawned":[8,11,12,14,23],"killed_by":"Snake Plant","ascension_level":20}}