{"host":"7j2n82b2zha9fuyn","time":1612057704,"event":{"mods":["BaseMod","Block Reminder","Minty Spire (QoL Compilation)","Replay The Spire","StSLib"],"gold_per_floor":[112,123,138,155,155,155,194,208,208,51,51,51,84,105,105,198,198,217,250,250,275,293,293,333,349,349,349,349,384,408,422,422,518,518,539,574,589,650,673,709,759,759,759,784,828,852,890,914,914,914,914,914,116,152,152,152],"floor_reached":55,"language":"ENG","playtime":6071,"items_purged":["Strike_G"],"score":1946,"play_id":"368b9fc7-5ad3-4529-a283-6c204953a5f1","local_time":"20210130184824","is_ascension_mode":true,"campfire_choices":[{"data":"Finisher","floor":6.0,"key":"SMITH"},{"data":"Deadly Poison","floor":11.0,"key":"SMITH"},{"data":"Neutralize","floor":15.0,"key":"SMITH"},{"floor":23.0,"key":"REST"},{"data":"Footwork","floor":27.0,"key":"SMITH"},{"floor":32.0,"key":"REST"},{"floor":42.0,"key":"RECALL"},{"floor":49.0,"key":"REST"},{"floor":52.0,"key":"REST"}],"circlet_count":0,"master_deck":["AscendersBane","Strike_G","Strike_G","Strike_G","Defend_G","Defend_G","Defend_G+1","Defend_G+1","Defend_G","Survivor","Neutralize+1","Violence","Deadly Poison+1","Blade Dance","Finisher+1","Slice","Backstab","Backflip","Corpse Explosion","Hidden Blade","Footwork+1","Prepared+1","Infinite Blades","Cloak And Dagger","After Image","Backstab+1","Terror+1","Bullet Time","Crow Ritual","Backflip","Acrobatics"],"relics":["Ring of the Snake","Golden Idol","War Paint","Byrd Skull","OrangePellets","Dead Branch","ChewingGum","Red Mask","Nilry\u0027s Codex","Bird Faced Urn","Molten Egg 2","Toy Ornithopter","Fusion Hammer","TungstenRod","Counterbalance","White Beast Statue","Lantern","Gambling Chip","ReplayTheSpireMod:TigerMarble","Vajra","TheAbacus","Replay:WaspNest"],"acts_visited":["Exordium","TheCity","TheBeyond","TheEnding"],"potions_floor_usage":[55],"damage_taken":[{"damage":10.0,"enemies":"Small Slimes","floor":1.0,"turns":5.0},{"damage":2.0,"enemies":"Jaw Worm","floor":2.0,"turns":4.0},{"damage":0.0,"enemies":"2 Louse","floor":3.0,"turns":2.0},{"damage":0.0,"enemies":"2 Fungi Beasts","floor":4.0,"turns":2.0},{"damage":17.0,"enemies":"Lagavulin","floor":7.0,"turns":5.0},{"damage":0.0,"enemies":"Gremlin Gang","floor":8.0,"turns":3.0},{"damage":4.0,"enemies":"3 Sentries","floor":13.0,"turns":7.0},{"damage":0.0,"enemies":"Looter","floor":14.0,"turns":1.0},{"damage":27.0,"enemies":"The Guardian","floor":16.0,"turns":14.0},{"damage":0.0,"enemies":"Spheric Guardian","floor":18.0,"turns":3.0},{"damage":0.0,"enemies":"Masked Bandits","floor":19.0,"turns":4.0},{"damage":0.0,"enemies":"Chosen","floor":21.0,"turns":2.0},{"damage":9.0,"enemies":"Snake Plant","floor":22.0,"turns":4.0},{"damage":5.0,"enemies":"Replay:Snechameleon","floor":24.0,"turns":6.0},{"damage":0.0,"enemies":"Chosen and Byrds","floor":25.0,"turns":3.0},{"damage":18.0,"enemies":"Slavers","floor":29.0,"turns":2.0},{"damage":0.0,"enemies":"Centurion and Healer","floor":30.0,"turns":5.0},{"damage":0.0,"enemies":"3 Cultists","floor":31.0,"turns":2.0},{"damage":46.0,"enemies":"Pondfish","floor":33.0,"turns":12.0},{"damage":0.0,"enemies":"Orb Walker","floor":35.0,"turns":2.0},{"damage":0.0,"enemies":"3 Shapes","floor":37.0,"turns":3.0},{"damage":0.0,"enemies":"2 Orb Walkers","floor":38.0,"turns":1.0},{"damage":0.0,"enemies":"Spire Growth","floor":39.0,"turns":2.0},{"damage":1.0,"enemies":"Nemesis","floor":40.0,"turns":7.0},{"damage":10.0,"enemies":"Writhing Mass","floor":44.0,"turns":5.0},{"damage":4.0,"enemies":"Giant Head","floor":45.0,"turns":5.0},{"damage":7.0,"enemies":"Sphere and 2 Shapes","floor":46.0,"turns":5.0},{"damage":6.0,"enemies":"R_Hoarder","floor":47.0,"turns":6.0},{"damage":0.0,"enemies":"Spire Growth","floor":48.0,"turns":3.0},{"damage":48.0,"enemies":"Awakened One","floor":50.0,"turns":15.0},{"damage":49,"enemies":"Shield and Spear","floor":54,"turns":6},{"damage":27,"enemies":"The Heart","floor":55,"turns":3}],"seed_played":"-3750608082988464866","potions_obtained":[{"floor":1.0,"key":"ColorlessPotion"},{"floor":2.0,"key":"PowerPotion"},{"floor":13.0,"key":"Energy Potion"},{"floor":16.0,"key":"DuplicationPotion"},{"floor":35.0,"key":"PowerPotion"},{"floor":40.0,"key":"GhostInAJar"},{"floor":44.0,"key":"Strength Potion"},{"floor":45.0,"key":"SpeedPotion"}],"is_trial":false,"path_per_floor":["M","M","M","M","?","R","E","M","T","$","R","?","E","M","R","B",null,"M","?","?","M","M","R","E","M","T","R","?","E","M","M","R","B",null,"M","?","M","?","M","E","?","R","T","M","E","M","E","M","R","B",null,"R","$","E","B"],"character_chosen":"THE_SILENT","items_purchased":["OrangePellets","ReplayTheSpireMod:TigerMarble","Vajra","TheAbacus","Crow Ritual","Backflip"],"campfire_rested":4,"item_purchase_floors":[10,53,53,53,53,53],"current_hp_per_floor":[49,47,47,47,47,47,30,30,30,30,30,35,31,31,31,4,45,45,45,24,24,15,32,27,27,27,27,27,11,17,19,36,8,46,50,31,37,48,56,59,59,59,59,49,55,54,59,59,59,23,50,59,59,16,0,0],"gold":152,"neow_bonus":"RANDOM_COLORLESS_2","is_daily":false,"chose_seed":false,"campfire_upgraded":4,"win_rate":0.0,"timestamp":1612057704,"path_taken":["M","M","M","M","?","R","E","M","T","$","R","?","E","M","R","BOSS","M","?","?","M","M","R","E","M","T","R","?","E","?","M","R","BOSS","M","?","M","?","M","E","?","R","T","M","E","?","E","M","R","BOSS","R","$","E","BOSS"],"items_purchased_type":["Relic","Relic","Relic","Relic","Card","Card"],"build_version":"2020-12-22","purchased_purges":1,"victory":false,"max_hp_per_floor":[60,60,60,60,54,54,54,54,54,54,54,59,59,59,59,59,59,59,59,59,59,59,59,59,59,59,59,59,59,59,59,59,59,59,59,59,59,59,59,59,59,59,59,59,59,59,59,59,59,59,59,59,59,59,59,59],"card_choices":[{"not_picked":["Panache","Transmutation"],"picked":"Violence","floor":0.0},{"not_picked":["Outmaneuver","Expertise"],"picked":"Deadly Poison","floor":1.0},{"not_picked":["Underhanded Strike","Bane"],"picked":"Blade Dance","floor":2.0},{"not_picked":["ReplayTheSpireMod:Scrap Shanks","Escape Plan"],"picked":"Finisher","floor":3.0},{"not_picked":["Cloak And Dagger","Bane"],"picked":"Slice","floor":4.0},{"not_picked":["ReplayTheSpireMod:Exploit Weakness","Distraction","Deadly Poison"],"picked":"SKIP","floor":7.0},{"not_picked":["Bane","Bouncing Flask"],"picked":"Backstab","floor":8.0},{"not_picked":["Toxin Wave","Accuracy"],"picked":"Backflip","floor":13.0},{"not_picked":["Catalyst","ReplayTheSpireMod:Scrap Shanks","Acrobatics"],"picked":"SKIP","floor":14.0},{"not_picked":["Adrenaline","ReplayTheSpireMod:From All Sides"],"picked":"Corpse Explosion","floor":16.0},{"not_picked":["Prepared","ReplayTheSpireMod:Scrap Shanks+1"],"picked":"Hidden Blade","floor":18.0},{"not_picked":["Hidden Blade+1","Deflect"],"picked":"Footwork","floor":19.0},{"not_picked":["Deflect","Bane","Poisoned Stab"],"picked":"SKIP","floor":21.0},{"not_picked":["Acrobatics","Bouncing Flask+1"],"picked":"Prepared+1","floor":22.0},{"not_picked":["Prepared+1","Replay:Poison Smokescreen","Concentrate"],"picked":"SKIP","floor":24.0},{"not_picked":["Fluid Movement","Dagger Spray"],"picked":"Infinite Blades","floor":25.0},{"not_picked":["Dagger Throw+1","Prepared+1","Backflip+1"],"picked":"SKIP","floor":29.0},{"not_picked":["Slice+1","Choke+1","Escape Plan"],"picked":"SKIP","floor":30.0},{"not_picked":["Bane+1","Cloak And Dagger","Deadly Poison"],"picked":"SKIP","floor":31.0},{"not_picked":["Poison Darts","A Thousand Cuts"],"picked":"After Image","floor":33.0},{"not_picked":["Caltrops+1","Poisoned Stab+1"],"picked":"Backstab+1","floor":35.0},{"not_picked":["Deadly Poison+1","Backflip+1"],"picked":"Terror+1","floor":36.0},{"not_picked":["Flying Knee+1","Hidden Blade","Sucker Punch+1"],"picked":"SKIP","floor":37.0},{"not_picked":["Backflip+1","Outmaneuver","Escape Plan"],"picked":"SKIP","floor":39.0},{"not_picked":["Slice+1","Heel Hook+1","Backflip"],"picked":"SKIP","floor":40.0},{"not_picked":["Flying Knee+1","Replay:Poison Smokescreen+1","Caltrops+1"],"picked":"SKIP","floor":44.0},{"not_picked":["Dagger Spray+1","Sneak Up","Underhanded Strike+1"],"picked":"SKIP","floor":45.0},{"not_picked":["Fluid Movement","PiercingWail","Prepared"],"picked":"SKIP","floor":46.0},{"not_picked":["PiercingWail+1","Heel Hook+1"],"picked":"Bullet Time","floor":47.0},{"not_picked":["Outmaneuver","Underhanded Strike+1","Bane+1"],"picked":"SKIP","floor":48.0},{"not_picked":["ReplayTheSpireMod:Speed Training","Dagger Throw+1"],"picked":"Acrobatics","floor":54}],"player_experience":1951646,"relics_obtained":[{"floor":7.0,"key":"War Paint"},{"floor":9.0,"key":"Byrd Skull"},{"floor":13.0,"key":"Dead Branch"},{"floor":19.0,"key":"Red Mask"},{"floor":20.0,"key":"Nilry\u0027s Codex"},{"floor":24.0,"key":"Bird Faced Urn"},{"floor":26.0,"key":"Molten Egg 2"},{"floor":29.0,"key":"Toy Ornithopter"},{"floor":36.0,"key":"TungstenRod"},{"floor":38.0,"key":"Counterbalance"},{"floor":40.0,"key":"White Beast Statue"},{"floor":45.0,"key":"Lantern"},{"floor":47.0,"key":"Gambling Chip"},{"floor":54,"key":"Replay:WaspNest"}],"event_choices":[{"damage_healed":0.0,"max_hp_gain":0.0,"max_hp_loss":6.0,"gold_gain":0.0,"event_name":"Golden Idol","player_choice":"Lose Max HP","floor":5.0,"gold_loss":0.0,"damage_taken":0.0,"relics_obtained":["Golden Idol"]},{"damage_healed":0.0,"max_hp_gain":5.0,"max_hp_loss":0.0,"gold_gain":0.0,"event_name":"Big Fish","player_choice":"Donut","floor":12.0,"gold_loss":0.0,"damage_taken":0.0},{"damage_healed":0.0,"max_hp_gain":0.0,"max_hp_loss":0.0,"gold_gain":0.0,"event_name":"Masked Bandits","player_choice":"Fought Bandits","floor":19.0,"gold_loss":0.0,"damage_taken":0.0},{"damage_healed":0.0,"max_hp_gain":0.0,"max_hp_loss":0.0,"gold_gain":0.0,"event_name":"Cursed Tome","player_choice":"Obtained Book","floor":20.0,"gold_loss":0.0,"damage_taken":21.0},{"damage_healed":0.0,"max_hp_gain":0.0,"max_hp_loss":0.0,"gold_gain":0.0,"cards_transformed":["Strike_G"],"event_name":"Transmorgrifier","player_choice":"Transformed","floor":28.0,"gold_loss":0.0,"damage_taken":0.0,"cards_obtained":["Cloak And Dagger"]},{"damage_healed":0.0,"max_hp_gain":0.0,"max_hp_loss":0.0,"gold_gain":0.0,"event_name":"Mysterious Sphere","player_choice":"Fight","floor":38.0,"gold_loss":0.0,"damage_taken":0.0},{"damage_healed":0.0,"max_hp_gain":0.0,"max_hp_loss":0.0,"gold_gain":50.0,"event_name":"Golden Shrine","player_choice":"Pray","floor":41.0,"gold_loss":0.0,"damage_taken":0.0}],"is_beta":false,"boss_relics":[{"not_picked":["Kintsugi","Black Star"],"picked":"ChewingGum"},{"not_picked":["Coffee Dripper","Replay:Wanted Poster"],"picked":"Fusion Hammer"}],"items_purged_floors":[53],"is_endless":false,"potions_floor_spawned":[1,2,13,16,22,25,29,31,35,40,44,45,46,47,48,54],"killed_by":"The Heart","ascension_level":18}}