{"host":"f0gpob8hq9vgebej","time":1612095622,"event":{"mods":["AchievementEnabler","BaseMod","Minty Spire (QoL Compilation)","Quick Restart","SuperFastMode"],"gold_per_floor":[109,184,200,150,150,184,28,69,69,82,120,120,139,164,164,164,164],"floor_reached":16,"language":"KOR","playtime":325,"items_purged":[],"score":232,"play_id":"42779e07-cafd-47c4-93f8-78458418dd36","local_time":"20210131212022","is_ascension_mode":true,"campfire_choices":[{"data":"Fission","floor":12,"key":"SMITH"},{"data":"Zap","floor":15,"key":"SMITH"}],"circlet_count":0,"master_deck":["AscendersBane","Strike_B","Strike_B","Strike_B","Defend_B","Defend_B","Defend_B","Defend_B","Zap+1","Dualcast","Glacier","Skim","Electrodynamics","Ball Lightning","Hologram","Fission+1","Self Repair"],"relics":["Cracked Core","NeowsBlessing","Golden Idol","Ornamental Fan","Darkstone Periapt","HornCleat","Boot"],"acts_visited":["Exordium"],"potions_floor_usage":[8,11],"damage_taken":[{"damage":0,"enemies":"Cultist","floor":1,"turns":1},{"damage":0,"enemies":"Small Slimes","floor":3,"turns":1},{"damage":0,"enemies":"3 Sentries","floor":6,"turns":2},{"damage":22,"enemies":"Lagavulin","floor":8,"turns":10},{"damage":1,"enemies":"Jaw Worm","floor":10,"turns":4},{"damage":6,"enemies":"3 Sentries","floor":11,"turns":4},{"damage":0,"enemies":"Large Slime","floor":13,"turns":3},{"damage":0,"enemies":"Exordium Thugs","floor":14,"turns":3},{"damage":50,"enemies":"The Guardian","floor":16,"turns":16}],"seed_played":"4520201373190209789","potions_obtained":[{"floor":1,"key":"GamblersBrew"},{"floor":3,"key":"Ancient Potion"},{"floor":6,"key":"Regen Potion"}],"is_trial":false,"path_per_floor":["M","?","M","?","?","E","$","E","T","M","E","R","M","M","R","B"],"character_chosen":"DEFECT","items_purchased":["Electrodynamics"],"campfire_rested":0,"item_purchase_floors":[7],"current_hp_per_floor":[68,57,57,57,39,39,39,32,32,31,25,25,25,25,25,0,0],"gold":164,"neow_bonus":"THREE_ENEMY_KILL","is_daily":false,"chose_seed":false,"campfire_upgraded":2,"win_rate":0.0,"timestamp":1612095622,"path_taken":["M","?","M","?","?","E","$","E","T","M","E","R","M","M","R","BOSS"],"items_purchased_type":["Card"],"build_version":"2020-12-22","purchased_purges":0,"victory":false,"max_hp_per_floor":[75,75,75,75,75,75,75,75,75,75,75,75,75,75,75,75,75],"card_choices":[{"not_picked":["Beam Cell","Scrape"],"picked":"Glacier","floor":1},{"not_picked":["Rebound","Leap","Redo"],"picked":"SKIP","floor":3},{"not_picked":["Gash","Beam Cell"],"picked":"Skim","floor":6},{"not_picked":["Hologram","Beam Cell"],"picked":"Ball Lightning","floor":8},{"not_picked":["Leap","Redo"],"picked":"Hologram","floor":10},{"not_picked":["Ball Lightning","Redo"],"picked":"Fission","floor":11},{"not_picked":["Beam Cell","Go for the Eyes","Steam"],"picked":"SKIP","floor":13},{"not_picked":["Sunder","Cold Snap"],"picked":"Self Repair","floor":14}],"player_experience":325950,"relics_obtained":[{"floor":6,"key":"Ornamental Fan"},{"floor":8,"key":"Darkstone Periapt"},{"floor":9,"key":"HornCleat"},{"floor":11,"key":"Boot"}],"event_choices":[{"damage_healed":0,"gold_gain":75,"player_choice":"Gather Gold","damage_taken":11,"max_hp_gain":0,"max_hp_loss":0,"event_name":"World of Goop","floor":2,"gold_loss":0},{"cards_removed":["Strike_B"],"damage_healed":0,"gold_gain":0,"player_choice":"Card Removal","damage_taken":0,"max_hp_gain":0,"max_hp_loss":0,"event_name":"The Cleric","floor":4,"gold_loss":50},{"damage_healed":0,"gold_gain":0,"player_choice":"Take Damage","damage_taken":18,"relics_obtained":["Golden Idol"],"max_hp_gain":0,"max_hp_loss":0,"event_name":"Golden Idol","floor":5,"gold_loss":0}],"is_beta":false,"boss_relics":[],"items_purged_floors":[],"is_endless":false,"potions_floor_spawned":[1,3,6],"killed_by":"The Guardian","ascension_level":12}}