{"host":"zxkjcgzis4pm3za5","time":1612058958,"event":{"mods":["AchievementEnabler","Act Like it!","BaseMod","Colored Map","Colored Powertips","Friendly Minions","GifTheSpireLib","Minty Spire (QoL Compilation)","Quick Restart","RNG Fix","Random Character Button","Relic Filter Mod","Relic Sorter","Relic Stats","StSLib"],"gold_per_floor":[115,115,132,132,145,145,171,182,182,182,182,81,111,145,145,145,145],"floor_reached":16,"language":"ENG","playtime":457,"items_purged":["Strike_G"],"score":205,"play_id":"b6ca6318-ad6b-4c7b-80d3-17724e9b93ca","local_time":"20210131073918","is_ascension_mode":true,"campfire_choices":[{"data":"Cloak And Dagger","floor":6,"key":"SMITH"},{"data":"Footwork","floor":10,"key":"SMITH"},{"data":"Blade Dance","floor":15,"key":"SMITH"}],"circlet_count":0,"master_deck":["AscendersBane","Strike_G","Strike_G","Strike_G","Strike_G","Defend_G","Defend_G","Defend_G","Defend_G","Defend_G","Survivor","Neutralize","Blade Dance+1","Cloak And Dagger+1","Footwork+1","Dagger Spray","Blade Dance+1","Dodge and Roll"],"relics":["Ring of the Snake","NeowsBlessing","Unceasing Top","Calipers","TungstenRod","Odd Mushroom","Lantern"],"acts_visited":["Exordium"],"potions_floor_usage":[7,14,16],"damage_taken":[{"damage":0,"enemies":"Cultist","floor":1,"turns":1},{"damage":0,"enemies":"Jaw Worm","floor":3,"turns":1},{"damage":0,"enemies":"2 Louse","floor":5,"turns":1},{"damage":13,"enemies":"3 Sentries","floor":7,"turns":9},{"damage":12,"enemies":"Large Slime","floor":8,"turns":7},{"damage":14,"enemies":"The Mushroom Lair","floor":13,"turns":5},{"damage":19,"enemies":"Lagavulin","floor":14,"turns":8},{"damage":7,"enemies":"Hexaghost","floor":16,"turns":10}],"seed_played":"8460422173614350142","potions_obtained":[{"floor":5,"key":"DuplicationPotion"},{"floor":7,"key":"CunningPotion"},{"floor":8,"key":"LiquidMemories"}],"is_trial":false,"path_per_floor":["M","?","M","?","M","R","E","M","T","R","?","$","?","E","R","B"],"character_chosen":"THE_SILENT","items_purchased":["Dagger Spray"],"campfire_rested":0,"item_purchase_floors":[12],"current_hp_per_floor":[59,64,64,64,64,64,51,39,39,39,39,39,25,6,6,0,0],"gold":145,"neow_bonus":"THREE_ENEMY_KILL","is_daily":false,"chose_seed":false,"campfire_upgraded":3,"win_rate":0.0,"timestamp":1612058958,"path_taken":["M","?","M","?","M","R","E","M","T","R","?","$","?","E","R","BOSS"],"items_purchased_type":["Card"],"build_version":"2020-12-22","purchased_purges":1,"victory":false,"max_hp_per_floor":[66,71,71,71,71,71,71,71,71,71,71,71,71,71,71,71,71],"relic_stats":{"counters":[8,42],"obtain_stats":[{"Lantern":14,"Calipers":9,"NeowsBlessing":0,"Odd Mushroom":13,"Unceasing Top":7,"TungstenRod":11,"Ring of the Snake":0},{"Lantern":7,"Calipers":5,"NeowsBlessing":0,"Odd Mushroom":6,"Unceasing Top":4,"TungstenRod":5,"Ring of the Snake":0},{"Lantern":32,"Calipers":19,"NeowsBlessing":0,"Odd Mushroom":24,"Unceasing Top":12,"TungstenRod":19,"Ring of the Snake":0}],"Unceasing Top":[1],"TungstenRod":9,"Ring of the Snake":[16]},"card_choices":[{"not_picked":["Sucker Punch","Dagger Spray"],"picked":"Backstab","floor":1},{"not_picked":["Quick Slash","Poisoned Stab"],"picked":"Blade Dance","floor":3},{"not_picked":["Prepared","Deflect"],"picked":"Cloak And Dagger","floor":5},{"not_picked":["Choke","Finisher"],"picked":"Footwork","floor":7},{"not_picked":["Backstab","Bane","Expertise"],"picked":"SKIP","floor":8},{"not_picked":["Prepared","Underhanded Strike"],"picked":"Blade Dance","floor":13},{"not_picked":["Reflex","Crippling Poison"],"picked":"Dodge and Roll","floor":14}],"player_experience":294638,"relics_obtained":[{"floor":7,"key":"Unceasing Top"},{"floor":9,"key":"Calipers"},{"floor":13,"key":"Odd Mushroom"},{"floor":14,"key":"Lantern"}],"event_choices":[{"damage_healed":0,"gold_gain":0,"player_choice":"Donut","damage_taken":0,"max_hp_gain":5,"max_hp_loss":0,"event_name":"Big Fish","floor":2,"gold_loss":0},{"damage_healed":0,"gold_gain":0,"player_choice":"Grow","damage_taken":0,"max_hp_gain":0,"max_hp_loss":0,"event_name":"Living Wall","floor":4,"gold_loss":0,"cards_upgraded":["Blade Dance"]},{"cards_removed":["Backstab"],"damage_healed":0,"gold_gain":0,"player_choice":"Gave Card","damage_taken":0,"relics_obtained":["TungstenRod"],"max_hp_gain":0,"max_hp_loss":0,"event_name":"WeMeetAgain","floor":11,"gold_loss":0},{"damage_healed":0,"gold_gain":0,"player_choice":"Fought Mushrooms","damage_taken":0,"max_hp_gain":0,"max_hp_loss":0,"event_name":"Mushrooms","floor":13,"gold_loss":0}],"is_beta":false,"boss_relics":[],"items_purged_floors":[12],"is_endless":false,"potions_floor_spawned":[5,7,8],"killed_by":"Hexaghost","ascension_level":18}}