{"host":"jak4ncvfzor9mys0","time":1612053865,"event":{"mods":["2.2 Compatiblity","AchievementEnabler","BaseMod","Better Altar","Better Match","Better Note","Better Sensory Stone","Better Skull","Better Third Choice","BetterRewards","Block Reminder","Colored Map","Colored Powertips","Dark Map","Energized Spire","Gold Saver","Hubris","Infinite Spire","Key Reminder","Minty Spire (QoL Compilation)","Rare Cards Sparkle","Red Circlet Mod","Relic Sorter","Relic Stats","Replay The Spire","Retaliation","Spicy Shops","StSLib","SuperFastMode","The Blue Laboratory"],"gold_per_floor":[362,379,379,394,394,394,153,153,228,257,207,241,316,171,171,171,171],"floor_reached":16,"language":"ENG","playtime":410,"items_purged":[],"score":117,"play_id":"e4e2cff6-8929-4c49-b112-e4fa555a02a1","local_time":"20210130164425","is_ascension_mode":true,"campfire_choices":[{"data":"Infinite Blades","floor":6,"key":"SMITH"},{"data":"Neutralize","floor":8,"key":"SMITH"},{"floor":15,"key":"REST"}],"circlet_count":0,"master_deck":["Strike_G","Strike_G","Strike_G","Strike_G","Defend_G","Defend_G","Defend_G","Defend_G","Defend_G","Survivor","Neutralize+1","Infinite Blades+1","hubris:Counter"],"relics":["Ring of the Snake","NeowsBlessing","Mirror","Replay:Bottled Flurry","Letter Opener","hubris:MobiusCoin","Membership Card"],"acts_visited":["Exordium"],"potions_floor_usage":[10,10,16],"damage_taken":[{"damage":0,"enemies":"Small Slimes","floor":1,"turns":1},{"damage":0,"enemies":"Cultist","floor":2,"turns":1},{"damage":0,"enemies":"2 Louse","floor":4,"turns":1},{"damage":14,"enemies":"Lagavulin","floor":10,"turns":10},{"damage":23,"enemies":"Gremlin Nob","floor":12,"turns":5},{"damage":56,"enemies":"Fading Forest","floor":16,"turns":10}],"seed_played":"6136166851135928321","potions_obtained":[{"floor":2,"key":"Milkshake"},{"floor":3,"key":"blueLaboratory:CorrosionFlask"},{"floor":3,"key":"Languid Potion"},{"floor":10,"key":"blueLaboratory:ImpenetrablePotion"}],"is_trial":false,"path_per_floor":["M","M","?","M","?","R","$","R","T","E","?","E","?","$","R","B"],"character_chosen":"THE_SILENT","items_purchased":["Mirror","Membership Card"],"campfire_rested":1,"item_purchase_floors":[7,14],"current_hp_per_floor":[70,70,70,70,70,70,70,70,70,56,56,33,33,33,54,0,0],"gold":171,"neow_bonus":"THREE_ENEMY_KILL","is_daily":false,"chose_seed":false,"campfire_upgraded":2,"win_rate":0.0,"timestamp":1612053865,"path_taken":["M","M","?","?","?","R","$","R","T","E","?","E","?","?","R","BOSS"],"items_purchased_type":["Relic","Relic"],"build_version":"2020-12-22","purchased_purges":0,"victory":false,"max_hp_per_floor":[70,70,70,70,70,70,70,70,70,70,70,70,70,70,70,70,70],"relic_stats":{"counters":[6,28],"Letter Opener":[0],"obtain_stats":[{"hubris:MobiusCoin":12,"NeowsBlessing":0,"Replay:Bottled Flurry":9,"Letter Opener":10,"Membership Card":14,"Mirror":7,"Ring of the Snake":0},{"hubris:MobiusCoin":5,"NeowsBlessing":0,"Replay:Bottled Flurry":3,"Letter Opener":4,"Membership Card":5,"Mirror":3,"Ring of the Snake":0},{"hubris:MobiusCoin":18,"NeowsBlessing":0,"Replay:Bottled Flurry":3,"Letter Opener":13,"Membership Card":18,"Mirror":3,"Ring of the Snake":0}],"Ring of the Snake":[12]},"card_choices":[{"not_picked":["Quick Slash","PiercingWail","Flying Knee"],"picked":"SKIP","floor":1},{"not_picked":["Flying Knee","Acrobatics","Dagger Throw"],"picked":"SKIP","floor":2},{"not_picked":["Catalyst","Acrobatics"],"picked":"Infinite Blades","floor":4},{"not_picked":["Dagger Throw","Eviscerate"],"picked":"hubris:Counter","floor":10},{"not_picked":["Catalyst","Outmaneuver","Dodge and Roll"],"picked":"SKIP","floor":12}],"player_experience":2800325,"relics_obtained":[{"floor":9,"key":"Replay:Bottled Flurry"},{"floor":10,"key":"Letter Opener"},{"floor":12,"key":"hubris:MobiusCoin"}],"event_choices":[{"damage_healed":0,"gold_gain":0,"player_choice":"Got Potions","damage_taken":0,"max_hp_gain":0,"max_hp_loss":0,"event_name":"Lab","floor":3,"gold_loss":0},{"damage_healed":70,"gold_gain":0,"player_choice":"Leave","damage_taken":0,"max_hp_gain":0,"max_hp_loss":70,"event_name":"betterThird:BetterShining","floor":5,"gold_loss":0},{"cards_removed":["Strike_G"],"damage_healed":0,"gold_gain":0,"player_choice":"Card Removal","damage_taken":0,"max_hp_gain":0,"max_hp_loss":0,"event_name":"The Cleric","floor":11,"gold_loss":50}],"is_beta":false,"boss_relics":[],"items_purged_floors":[],"is_endless":false,"potions_floor_spawned":[2,10],"killed_by":"Fading Forest","ascension_level":2}}