{"host":"1i9jpj392h4nt9ho","time":1612067888,"event":{"mods":["AchievementEnabler","BaseMod","Colored Map","Minty Spire (QoL Compilation)"],"gold_per_floor":[118,118,134,154,168,168,168,196,196,39,39,57,81,101,101,227,227,242,242,255,255,275,275,275,53,53,53,53,72,72,87,87,186,186,201,217,217,231,36,36,86,0,0,35,46,59,59,77,77,77,77],"floor_reached":50,"language":"ENG","playtime":2809,"items_purged":["Strike_P"],"score":549,"play_id":"db5edf02-120a-4119-a6f7-5ae7aa54454f","local_time":"20210131153808","is_ascension_mode":false,"campfire_choices":[{"data":"BattleHymn","floor":6.0,"key":"SMITH"},{"floor":15.0,"key":"REST"},{"floor":24.0,"key":"REST"},{"data":"Eruption","floor":27.0,"key":"SMITH"},{"floor":32.0,"key":"REST"},{"data":"Apotheosis","floor":40.0,"key":"SMITH"},{"floor":49,"key":"REST"}],"circlet_count":0,"master_deck":["Strike_P","Defend_P","Defend_P","Defend_P","Eruption+1","Vigilance","BattleHymn+1","ForeignInfluence","FlyingSleeves","ReachHeaven","Pray","ThirdEye","MentalFortress","Alpha","Pray","Necronomicurse","WheelKick","Tantrum","Eruption+1","EmptyBody","JustLucky","Brilliance","CurseOfTheBell","ThirdEye+1","Halt+1","SpiritShield","Apotheosis+1","Meditate","Prostrate+1","Protect+1","InnerPeace+1","Swivel"],"relics":["PureWater","NeowsBlessing","StrikeDummy","Letter Opener","Anchor","Bloody Idol","MealTicket","Runic Pyramid","Necronomicon","MutagenicStrength","ClockworkSouvenir","Lantern","Calling Bell","Bronze Scales","Pantograph","StoneCalendar","Kunai","Prayer Wheel","Red Mask","Singing Bowl"],"acts_visited":["Exordium","TheCity","TheBeyond"],"potions_floor_usage":[44,48],"damage_taken":[{"damage":0.0,"enemies":"2 Louse","floor":1.0,"turns":1.0},{"damage":0.0,"enemies":"Cultist","floor":3.0,"turns":1.0},{"damage":0.0,"enemies":"Small Slimes","floor":4.0,"turns":1.0},{"damage":14.0,"enemies":"Exordium Wildlife","floor":5.0,"turns":3.0},{"damage":5.0,"enemies":"3 Sentries","floor":8.0,"turns":4.0},{"damage":2.0,"enemies":"Looter","floor":12.0,"turns":3.0},{"damage":5.0,"enemies":"3 Louse","floor":14.0,"turns":3.0},{"damage":0.0,"enemies":"Slime Boss","floor":16.0,"turns":4.0},{"damage":26.0,"enemies":"3 Byrds","floor":18.0,"turns":6.0},{"damage":7.0,"enemies":"2 Thieves","floor":20.0,"turns":4.0},{"damage":8.0,"enemies":"Snecko","floor":22.0,"turns":4.0},{"damage":11.0,"enemies":"Snake Plant","floor":29.0,"turns":2.0},{"damage":6.0,"enemies":"Centurion and Healer","floor":31.0,"turns":3.0},{"damage":25.0,"enemies":"Champ","floor":33.0,"turns":7.0},{"damage":0.0,"enemies":"Orb Walker","floor":35.0,"turns":2.0},{"damage":9.0,"enemies":"3 Darklings","floor":36.0,"turns":3.0},{"damage":5.0,"enemies":"Sphere and 2 Shapes","floor":38.0,"turns":3.0},{"damage":0.0,"enemies":"Mind Bloom Boss Battle","floor":41.0,"turns":2.0},{"damage":44,"enemies":"Giant Head","floor":44,"turns":8},{"damage":13,"enemies":"4 Shapes","floor":45,"turns":4},{"damage":17,"enemies":"3 Darklings","floor":46,"turns":4},{"damage":17,"enemies":"Spire Growth","floor":48,"turns":3},{"damage":68,"enemies":"Time Eater","floor":50,"turns":7}],"seed_played":"-4175771247940888797","potions_obtained":[{"floor":4.0,"key":"PowerPotion"},{"floor":12.0,"key":"SpeedPotion"},{"floor":16.0,"key":"Weak Potion"},{"floor":29.0,"key":"SkillPotion"},{"floor":31.0,"key":"Strength Potion"},{"floor":35.0,"key":"PowerPotion"},{"floor":38.0,"key":"BottledMiracle"},{"floor":46,"key":"FearPotion"}],"is_trial":false,"path_per_floor":["M","?","M","M","M","R","?","E","T","$","?","M","T","M","R","B",null,"M","?","M","?","M","?","R","$","T","R","?","M","?","M","R","B",null,"M","M","?","M","$","R","?","?","T","E","M","M","$","M","R","B"],"character_chosen":"WATCHER","items_purchased":["Anchor","ClockworkSouvenir","Apotheosis"],"campfire_rested":4,"item_purchase_floors":[10,25,39],"current_hp_per_floor":[72,72,72,72,58,58,51,46,46,46,28,26,26,21,42,42,72,46,30,23,23,15,15,36,51,51,51,51,45,45,44,65,45,72,72,68,68,68,72,72,72,72,72,35,27,15,30,20,42,0,0],"gold":77,"neow_bonus":"THREE_ENEMY_KILL","is_daily":false,"chose_seed":false,"campfire_upgraded":3,"win_rate":0.0,"timestamp":1612067888,"path_taken":["M","?","M","?","?","R","?","E","T","$","?","M","?","M","R","BOSS","M","?","M","?","M","?","R","$","T","R","?","?","?","M","R","BOSS","M","?","?","?","$","R","?","?","T","E","M","M","$","M","R","BOSS"],"items_purchased_type":["Relic","Relic","Card"],"build_version":"2020-12-22","purchased_purges":1,"victory":false,"max_hp_per_floor":[72,72,72,72,72,72,72,72,72,72,72,72,72,72,72,72,72,72,72,72,72,72,72,72,72,72,72,72,72,72,72,72,72,72,72,72,72,72,72,72,72,72,72,74,74,74,74,76,76,76,76],"card_choices":[{"not_picked":["Evaluate","CarveReality"],"picked":"BattleHymn","floor":1.0},{"not_picked":["Evaluate","Halt"],"picked":"ForeignInfluence","floor":3.0},{"not_picked":["Weave","CutThroughFate"],"picked":"FlyingSleeves","floor":4.0},{"not_picked":["EmptyFist","LikeWater"],"picked":"ReachHeaven","floor":5.0},{"not_picked":["Collect","ConjureBlade"],"picked":"Pray","floor":8.0},{"not_picked":["BowlingBash","SignatureMove"],"picked":"ThirdEye","floor":12.0},{"not_picked":["Wallop","ThirdEye"],"picked":"MentalFortress","floor":14.0},{"not_picked":["SpiritShield","Vault"],"picked":"Alpha","floor":16.0},{"not_picked":["Prostrate","Worship"],"picked":"Pray","floor":18.0},{"not_picked":["Worship","Prostrate"],"picked":"WheelKick","floor":20.0},{"not_picked":["CrushJoints","PathToVictory"],"picked":"Tantrum","floor":22.0},{"not_picked":["FlyingSleeves","CrushJoints"],"picked":"EmptyBody","floor":29.0},{"not_picked":["Protect","Study"],"picked":"JustLucky","floor":31.0},{"not_picked":["Blasphemy","Alpha"],"picked":"Brilliance","floor":33.0},{"not_picked":["LikeWater+1","Consecrate+1"],"picked":"ThirdEye+1","floor":35.0},{"not_picked":["BowlingBash","ThirdEye"],"picked":"Halt+1","floor":36.0},{"not_picked":["Meditate","ThirdEye"],"picked":"SpiritShield","floor":38.0},{"not_picked":["Crescendo+1","Collect"],"picked":"Meditate","floor":41.0},{"not_picked":["Halt+1","FlurryOfBlows+1","SashWhip"],"picked":"Singing Bowl","floor":44},{"not_picked":["WaveOfTheHand+1","Adaptation"],"picked":"Prostrate+1","floor":45},{"not_picked":["Halt","FlurryOfBlows+1","Perseverance+1"],"picked":"SKIP","floor":45},{"not_picked":["Blasphemy","WaveOfTheHand+1"],"picked":"Protect+1","floor":46},{"not_picked":["ThirdEye+1","EmptyFist"],"picked":"InnerPeace+1","floor":46},{"not_picked":["Study","Tantrum"],"picked":"Swivel","floor":48},{"not_picked":["PathToVictory","ReachHeaven","Worship"],"picked":"Singing Bowl","floor":48}],"player_experience":576544,"relics_obtained":[{"floor":8.0,"key":"StrikeDummy"},{"floor":9.0,"key":"Letter Opener"},{"floor":13.0,"key":"MealTicket"},{"floor":19.0,"key":"Necronomicon"},{"floor":26.0,"key":"Lantern"},{"floor":34.0,"key":"Bronze Scales"},{"floor":34.0,"key":"Pantograph"},{"floor":34.0,"key":"StoneCalendar"},{"floor":41.0,"key":"Prayer Wheel"},{"floor":44,"key":"Singing Bowl"}],"event_choices":[{"cards_removed":["Strike_P"],"damage_healed":0.0,"max_hp_gain":0.0,"max_hp_loss":0.0,"gold_gain":0.0,"event_name":"Purifier","player_choice":"Purged","floor":2.0,"gold_loss":0.0,"damage_taken":0.0},{"cards_removed":["Strike_P"],"damage_healed":0.0,"max_hp_gain":0.0,"max_hp_loss":0.0,"gold_gain":0.0,"event_name":"Golden Wing","player_choice":"Card Removal","floor":7.0,"gold_loss":0.0,"damage_taken":7.0},{"damage_healed":0.0,"max_hp_gain":0.0,"max_hp_loss":0.0,"gold_gain":0.0,"event_name":"Golden Idol","player_choice":"Take Damage","floor":11.0,"gold_loss":0.0,"damage_taken":18.0,"relics_obtained":["Golden Idol"]},{"damage_healed":0.0,"max_hp_gain":0.0,"max_hp_loss":0.0,"gold_gain":0.0,"event_name":"Cursed Tome","player_choice":"Obtained Book","floor":19.0,"gold_loss":0.0,"damage_taken":16.0},{"damage_healed":0.0,"max_hp_gain":0.0,"max_hp_loss":0.0,"gold_gain":0.0,"event_name":"Drug Dealer","player_choice":"Inject Mutagens","floor":21.0,"gold_loss":0.0,"damage_taken":0.0,"relics_obtained":["MutagenicStrength"]},{"damage_healed":0.0,"max_hp_gain":0.0,"max_hp_loss":0.0,"gold_gain":0.0,"event_name":"Forgotten Altar","player_choice":"Gave Idol","floor":23.0,"relics_lost":["Golden Idol"],"gold_loss":0.0,"damage_taken":0.0,"relics_obtained":["Bloody Idol"]},{"damage_healed":0.0,"max_hp_gain":0.0,"max_hp_loss":0.0,"gold_gain":0.0,"event_name":"Duplicator","player_choice":"Copied","floor":28.0,"gold_loss":0.0,"damage_taken":0.0,"cards_obtained":["Eruption"]},{"cards_removed":["Defend_P"],"damage_healed":0.0,"max_hp_gain":0.0,"max_hp_loss":0.0,"gold_gain":0.0,"event_name":"Purifier","player_choice":"Purged","floor":30.0,"gold_loss":0.0,"damage_taken":0.0},{"damage_healed":0.0,"max_hp_gain":0.0,"max_hp_loss":0.0,"gold_gain":0.0,"event_name":"WeMeetAgain","player_choice":"Gave Potion","floor":37.0,"gold_loss":0.0,"damage_taken":0.0,"relics_obtained":["Kunai"]},{"damage_healed":0.0,"max_hp_gain":0.0,"max_hp_loss":0.0,"gold_gain":0.0,"event_name":"MindBloom","player_choice":"Fight","floor":41.0,"gold_loss":0.0,"damage_taken":0.0},{"damage_healed":0.0,"max_hp_gain":0.0,"max_hp_loss":0.0,"gold_gain":0.0,"event_name":"Tomb of Lord Red Mask","player_choice":"Paid","floor":42.0,"gold_loss":86.0,"damage_taken":0.0,"relics_obtained":["Red Mask"]}],"is_beta":false,"boss_relics":[{"not_picked":["Empty Cage","Busted Crown"],"picked":"Runic Pyramid"},{"not_picked":["Cursed Key","Sozu"],"picked":"Calling Bell"}],"items_purged_floors":[25],"is_endless":false,"potions_floor_spawned":[4,12,16,29,31,35,38,46],"killed_by":"Time Eater","ascension_level":0}}