{"host":"uv5ws9rdk87e8i5k","time":1612064397,"event":{"mods":["AchievementEnabler","BaseMod","Colored Map","Minty Spire (QoL Compilation)","Permanent Neow","Quick Restart","StSLib","SuperFastMode","The Necromancer"],"gold_per_floor":[114,133,149,169,179,209,209,239,289,389,389,408,425,456,456,559,559,578,52,69,82,82,115,115,141,141,155,171,76,36,53,53,150,150,168,186,198,217,217,217,217],"floor_reached":40,"language":"ENG","playtime":892,"items_purged":["Shame"],"score":853,"play_id":"1804cadf-6a8a-4593-9310-2d350d393d12","local_time":"20210130213957","is_ascension_mode":true,"campfire_choices":[{"data":"Havoc","floor":7.0,"key":"SMITH"},{"data":"Havoc","floor":11.0,"key":"SMITH"},{"data":"Cleave","floor":15.0,"key":"SMITH"},{"data":"Demon Form","floor":24.0,"key":"SMITH"},{"floor":32,"key":"REST"}],"circlet_count":0,"master_deck":["Strike_R+1","Strike_R+1","Strike_R+1","Strike_R+1","Strike_R+1","Defend_R+1","Defend_R+1","Defend_R+1","Defend_R+1","Bash","Pommel Strike","Shrug It Off","Cleave+1","Hemokinesis","Cleave+1","Cleave","Double Tap","Havoc+1","Anger","Infernal Blade+1","Havoc+1","Wild Strike","Anger","Cleave","Pommel Strike","Reaper","Headbutt","Cleave","Whirlwind+1","Offering","Infernal Blade+1","Heavy Blade+1","Demon Form+1","Battle Trance+1","Reaper","Limit Break+1","Armaments+1","Rage+1","Metallicize","Burning Pact+1"],"relics":["Black Blood","Prayer Wheel","Happy Flower","Eternal Feather","Omamori","Bottled Flame","Velvet Choker","PreservedInsect","Ancient Tea Set","TheAbacus","Anchor","Toxic Egg 2","Paper Frog"],"acts_visited":["Exordium","TheCity","TheBeyond"],"potions_floor_usage":[25,33,33,33,37,37,38,38,40],"damage_taken":[{"damage":3.0,"enemies":"2 Louse","floor":1.0,"turns":3.0},{"damage":0.0,"enemies":"Cultist","floor":2.0,"turns":3.0},{"damage":2.0,"enemies":"Small Slimes","floor":3.0,"turns":3.0},{"damage":6.0,"enemies":"3 Louse","floor":4.0,"turns":2.0},{"damage":18.0,"enemies":"Exordium Wildlife","floor":5.0,"turns":3.0},{"damage":29.0,"enemies":"Lagavulin","floor":6.0,"turns":7.0},{"damage":15.0,"enemies":"3 Sentries","floor":8.0,"turns":4.0},{"damage":6.0,"enemies":"2 Fungi Beasts","floor":12.0,"turns":2.0},{"damage":8.0,"enemies":"Looter","floor":13.0,"turns":2.0},{"damage":34.0,"enemies":"Gremlin Nob","floor":14.0,"turns":4.0},{"damage":4.0,"enemies":"Slime Boss","floor":16.0,"turns":7.0},{"damage":50.0,"enemies":"Shell Parasite","floor":18.0,"turns":5.0},{"damage":0.0,"enemies":"3 Byrds","floor":20.0,"turns":2.0},{"damage":72.0,"enemies":"Snake Plant","floor":21.0,"turns":5.0},{"damage":0.0,"enemies":"Gremlin Leader","floor":23.0,"turns":3.0},{"damage":27,"enemies":"Book of Stabbing","floor":25,"turns":4},{"damage":8,"enemies":"Shelled Parasite and Fungi","floor":27,"turns":2},{"damage":6,"enemies":"3 Cultists","floor":28,"turns":4},{"damage":22,"enemies":"Centurion and Healer","floor":31,"turns":4},{"damage":48,"enemies":"Collector","floor":33,"turns":5},{"damage":14,"enemies":"3 Shapes","floor":35,"turns":2},{"damage":6,"enemies":"3 Darklings","floor":36,"turns":2},{"damage":34,"enemies":"4 Shapes","floor":37,"turns":3},{"damage":48,"enemies":"Maw","floor":38,"turns":7},{"damage":53,"enemies":"Reptomancer","floor":40,"turns":6}],"seed_played":"4821298749528192330","potions_obtained":[{"floor":2.0,"key":"CultistPotion"},{"floor":5.0,"key":"Fire Potion"},{"floor":8.0,"key":"Regen Potion"},{"floor":14.0,"key":"FairyPotion"},{"floor":20.0,"key":"Dexterity Potion"},{"floor":23.0,"key":"Weak Potion"},{"floor":25,"key":"Strength Potion"},{"floor":31,"key":"Regen Potion"},{"floor":35,"key":"EntropicBrew"},{"floor":37,"key":"EssenceOfSteel"}],"is_trial":false,"path_per_floor":["M","M","M","M","M","E","R","E","T","?","R","M","M","E","R","B",null,"M","$","M","M","?","E","R","E","T","M","M","$","?","M","R","B",null,"M","M","M","M","?","E"],"character_chosen":"IRONCLAD","items_purchased":["PreservedInsect","Ancient Tea Set","TheAbacus","CultistPotion"],"campfire_rested":1,"item_purchase_floors":[19,19,19,29],"current_hp_per_floor":[75,80,80,80,68,45,45,36,36,36,48,48,46,30,45,47,72,32,32,50,12,12,18,36,25,25,23,23,23,23,7,49,21,65,78,80,60,41,41,0,0],"gold":217,"neow_bonus":"ONE_RARE_RELIC","is_daily":false,"chose_seed":false,"campfire_upgraded":4,"win_rate":0.0,"timestamp":1612064397,"path_taken":["M","M","M","M","M","E","R","E","T","?","R","M","M","E","R","BOSS","M","$","M","M","?","E","R","E","T","M","M","$","?","M","R","BOSS","M","M","M","?","?","E"],"items_purchased_type":["Relic","Relic","Relic","Potion"],"build_version":"2020-12-22","purchased_purges":1,"victory":false,"max_hp_per_floor":[80,80,80,80,80,80,80,80,80,80,80,80,80,80,80,80,80,80,80,80,80,80,80,80,80,80,80,80,80,80,80,80,80,80,80,80,80,80,80,80,80],"card_choices":[{"not_picked":["Shockwave","Intimidate"],"picked":"Pommel Strike","floor":1.0},{"not_picked":["Blood for Blood","Flex"],"picked":"Shrug It Off","floor":1.0},{"not_picked":["Rampage","Flex"],"picked":"Cleave","floor":2.0},{"not_picked":["Dual Wield","Shockwave"],"picked":"Hemokinesis","floor":2.0},{"not_picked":["Warcry","Perfected Strike"],"picked":"Cleave","floor":3.0},{"not_picked":["Sever Soul","Body Slam"],"picked":"Cleave","floor":3.0},{"not_picked":["Body Slam","Rupture"],"picked":"Double Tap","floor":4.0},{"not_picked":["Warcry","Clothesline"],"picked":"Havoc","floor":4.0},{"not_picked":["Flex","Reckless Charge"],"picked":"Anger","floor":5.0},{"not_picked":["Dark Embrace","Anger"],"picked":"Infernal Blade","floor":5.0},{"not_picked":["Exhume","Entrench","Metallicize"],"picked":"SKIP","floor":6.0},{"not_picked":["Rampage","Burning Pact"],"picked":"Havoc","floor":8.0},{"not_picked":["Clothesline","Flex"],"picked":"Wild Strike","floor":12.0},{"not_picked":["Flex","Iron Wave"],"picked":"Anger","floor":12.0},{"not_picked":["Headbutt","Flex"],"picked":"Cleave","floor":13.0},{"not_picked":["Uppercut","Flex"],"picked":"Pommel Strike","floor":13.0},{"not_picked":["Clothesline","Limit Break","Intimidate"],"picked":"SKIP","floor":14.0},{"not_picked":["Bludgeon","Offering"],"picked":"Reaper","floor":16.0},{"not_picked":["Blood for Blood","Sword Boomerang"],"picked":"Headbutt","floor":18.0},{"not_picked":["Carnage","Dark Embrace"],"picked":"Cleave","floor":18.0},{"not_picked":["Ghostly Armor","Havoc"],"picked":"Whirlwind+1","floor":20.0},{"not_picked":["Wild Strike","Twin Strike"],"picked":"Offering","floor":20.0},{"not_picked":["Rupture","Warcry"],"picked":"Infernal Blade+1","floor":21.0},{"not_picked":["Power Through","Rage"],"picked":"Heavy Blade+1","floor":21.0},{"not_picked":["Flex","Inflame"],"picked":"Demon Form","floor":23.0},{"not_picked":["Sword Boomerang+1","Cleave+1"],"picked":"Battle Trance+1","floor":25},{"not_picked":["Pommel Strike+1","Metallicize","Blood for Blood"],"picked":"SKIP","floor":27},{"not_picked":["Warcry+1","Perfected Strike+1","Iron Wave"],"picked":"SKIP","floor":27},{"not_picked":["Ghostly Armor+1","Shrug It Off+1","Flex+1"],"picked":"SKIP","floor":28},{"not_picked":["Metallicize","Flex+1","Body Slam"],"picked":"SKIP","floor":28},{"not_picked":["Combust+1","Cleave","Wild Strike"],"picked":"SKIP","floor":31},{"not_picked":["Uppercut+1","Disarm+1","True Grit+1"],"picked":"SKIP","floor":31},{"not_picked":["Corruption","Double Tap+1"],"picked":"Reaper","floor":33},{"not_picked":["Searing Blow","Twin Strike+1"],"picked":"Limit Break+1","floor":35},{"not_picked":["Anger+1","Pommel Strike"],"picked":"Armaments+1","floor":35},{"not_picked":["Sword Boomerang+1","Anger+1"],"picked":"Rage+1","floor":36},{"not_picked":["Anger+1","Clothesline","True Grit+1"],"picked":"SKIP","floor":36},{"not_picked":["Wild Strike","Sword Boomerang"],"picked":"Metallicize","floor":37},{"not_picked":["Infernal Blade+1","Reckless Charge+1","Evolve"],"picked":"SKIP","floor":37},{"not_picked":["True Grit+1","Rupture"],"picked":"Burning Pact+1","floor":38},{"not_picked":["Feed","Clothesline+1","Warcry+1"],"picked":"SKIP","floor":38}],"player_experience":313619,"relics_obtained":[{"floor":6.0,"key":"Happy Flower"},{"floor":8.0,"key":"Eternal Feather"},{"floor":9.0,"key":"Omamori"},{"floor":14.0,"key":"Bottled Flame"},{"floor":23.0,"key":"Anchor"},{"floor":25,"key":"Toxic Egg 2"},{"floor":26,"key":"Paper Frog"}],"event_choices":[{"damage_healed":0.0,"max_hp_gain":0.0,"max_hp_loss":0.0,"gold_gain":100.0,"event_name":"Golden Shrine","player_choice":"Pray","floor":10.0,"gold_loss":0.0,"damage_taken":0.0},{"damage_healed":0.0,"max_hp_gain":0.0,"max_hp_loss":0.0,"gold_gain":0.0,"event_name":"Back to Basics","player_choice":"Simplicity","floor":22.0,"gold_loss":0.0,"damage_taken":0.0,"cards_upgraded":["Strike_R","Strike_R","Strike_R","Strike_R","Strike_R","Defend_R","Defend_R","Defend_R","Defend_R"]},{"damage_healed":0,"gold_gain":0,"player_choice":"Upgraded Two","damage_taken":0,"max_hp_gain":0,"max_hp_loss":0,"event_name":"Designer","floor":30,"gold_loss":40,"cards_upgraded":["Infernal Blade","Cleave"]},{"damage_healed":0,"gold_gain":0,"player_choice":"Memory 1","damage_taken":0,"max_hp_gain":0,"max_hp_loss":0,"event_name":"SensoryStone","floor":39,"gold_loss":0}],"is_beta":false,"boss_relics":[{"not_picked":["Empty Cage","Busted Crown"],"picked":"Velvet Choker"},{"not_picked":["Mark of Pain","Cursed Key"],"picked":"Black Blood"}],"items_purged_floors":[19],"is_endless":false,"potions_floor_spawned":[2,5,8,14,20,23,25,31,35,37],"killed_by":"Reptomancer","ascension_level":9}}