{"host":"y7357sx8ps3jkgoj","time":1612081661,"event":{"mods":["BaseMod","Friendly Minions","Minty Spire (QoL Compilation)","Permanent Neow","Relic Stats","Shop Mod","StSLib","The Alterego","Uncapped","Unceasing Turn Reminder"],"gold_per_floor":[120,130,130,55,68,68,68,103,103,117,137,137,185,215,215,229,240,240,250,325,325,420,420,438,40,55,55,66,66,80,80,80],"floor_reached":31,"language":"ENG","playtime":2493,"items_purged":["alterego_mod:Strike"],"score":399,"play_id":"b7c0a6c1-63fa-4b46-83b0-977609b3f97d","local_time":"20210131022741","is_ascension_mode":true,"campfire_choices":[{"data":"alterego_mod:BreastValley","floor":9.0,"key":"SMITH"},{"data":"alterego_mod:Table","floor":15,"key":"SMITH"},{"floor":18,"key":"REST"},{"data":"alterego_mod:BrynhildrsRune","floor":21,"key":"SMITH"},{"data":"alterego_mod:Venus","floor":29,"key":"SMITH"}],"circlet_count":0,"master_deck":["AscendersBane","alterego_mod:Strike","alterego_mod:Strike","alterego_mod:Strike","alterego_mod:Defend","alterego_mod:Defend","alterego_mod:Defend","alterego_mod:Defend","alterego_mod:Impale","alterego_mod:BigMeatyClaws","alterego_mod:BrynhildrsRune+1","alterego_mod:AlterEgo","alterego_mod:SakuraPetals","alterego_mod:Cushion","alterego_mod:BreastValley+1","alterego_mod:IndependentAction","alterego_mod:Table+1","alterego_mod:MaintainEyeContact","alterego_mod:SakuraPetals","alterego_mod:SakuraFive","alterego_mod:Venus+1","alterego_mod:Table","alterego_mod:BreastValley+1"],"relics":["alterego_mod:MasochisticConstitution","Question Card","Gremlin Horn","Nunchaku","Ancient Tea Set","Black Star","Chemical X","Mummified Hand"],"acts_visited":["Exordium","TheCity"],"potions_floor_usage":[22,22,22,31],"damage_taken":[{"damage":7.0,"enemies":"Jaw Worm","floor":1.0,"turns":5.0},{"damage":6.0,"enemies":"Small Slimes","floor":2.0,"turns":5.0},{"damage":16.0,"enemies":"Cultist","floor":5.0,"turns":5.0},{"damage":26.0,"enemies":"Gremlin Nob","floor":8.0,"turns":4.0},{"damage":28,"enemies":"Lots of Slimes","floor":10,"turns":9},{"damage":10,"enemies":"2 Fungi Beasts","floor":11,"turns":5},{"damage":42,"enemies":"3 Sentries","floor":14,"turns":12},{"damage":4,"enemies":"Looter","floor":16,"turns":5},{"damage":14,"enemies":"Large Slime","floor":17,"turns":7},{"damage":21,"enemies":"Exordium Wildlife","floor":19,"turns":7},{"damage":9,"enemies":"The Guardian","floor":22,"turns":17},{"damage":43,"enemies":"Spheric Guardian","floor":24,"turns":7},{"damage":15,"enemies":"Chosen","floor":26,"turns":6},{"damage":28,"enemies":"Snecko","floor":28,"turns":7},{"damage":18,"enemies":"3 Cultists","floor":30,"turns":6},{"damage":21,"enemies":"Book of Stabbing","floor":31,"turns":2}],"seed_played":"-4466834521222141966","potions_obtained":[{"floor":1.0,"key":"Block Potion"},{"floor":2.0,"key":"EssenceOfSteel"},{"floor":10,"key":"Block Potion"},{"floor":17,"key":"GamblersBrew"},{"floor":22,"key":"Explosive Potion"},{"floor":26,"key":"Dexterity Potion"},{"floor":30,"key":"DistilledChaos"}],"is_trial":false,"path_per_floor":["M","M","?","$","M","$","?","E","R","M","M","T","T","E","R","M","M","R","M","?","R","B",null,"M","$","M","?","M","R","M","E"],"character_chosen":"The_Alterego","items_purchased":["Chemical X","Mummified Hand"],"campfire_rested":1,"item_purchase_floors":[25,25],"current_hp_per_floor":[64,72,77,77,62,62,62,37,37,45,50,50,50,30,30,27,28,53,47,36,36,35,73,38,38,24,53,26,26,16,0,0],"gold":80,"neow_bonus":"ONE_RANDOM_RARE_CARD","is_daily":false,"chose_seed":false,"campfire_upgraded":4,"win_rate":0.0,"timestamp":1612081661,"path_taken":["M","M","?","$","M","$","?","E","R","M","M","T","T","E","R","M","?","R","?","?","R","BOSS","M","$","M","?","M","R","M","E"],"items_purchased_type":["Relic","Relic"],"build_version":"2020-12-22","purchased_purges":1,"victory":false,"max_hp_per_floor":[71,72,77,77,78,78,78,79,79,80,81,81,81,82,82,83,84,84,85,85,85,86,86,87,87,88,88,89,89,90,90,90],"relic_stats":{"Nunchaku":[18],"Gremlin Horn":[6,6],"counters":[16,109],"Mummified Hand":[7],"Black Star":0,"Chemical X":[10],"Question Card":11,"obtain_stats":[{"alterego_mod:MasochisticConstitution":0,"Nunchaku":13,"Gremlin Horn":12,"Mummified Hand":25,"Black Star":23,"Chemical X":25,"Question Card":8,"Ancient Tea Set":14},{"alterego_mod:MasochisticConstitution":0,"Nunchaku":6,"Gremlin Horn":6,"Mummified Hand":12,"Black Star":11,"Chemical X":12,"Question Card":4,"Ancient Tea Set":7},{"alterego_mod:MasochisticConstitution":0,"Nunchaku":33,"Gremlin Horn":33,"Mummified Hand":88,"Black Star":81,"Chemical X":88,"Question Card":19,"Ancient Tea Set":45}]},"card_choices":[{"not_picked":["alterego_mod:BeGentle","alterego_mod:BustOut"],"picked":"alterego_mod:Belle","floor":1.0},{"not_picked":["alterego_mod:BiFurious","alterego_mod:Smother"],"picked":"alterego_mod:SakuraPetals","floor":2.0},{"not_picked":["alterego_mod:BustOut","alterego_mod:Punishment"],"picked":"alterego_mod:Cushion","floor":5.0},{"not_picked":["alterego_mod:1TonWallop","alterego_mod:Clap"],"picked":"alterego_mod:BreastValley","floor":8.0},{"not_picked":["alterego_mod:PurpleHair","alterego_mod:Swimsuit","alterego_mod:Schoolgirl"],"picked":"alterego_mod:IndependentAction","floor":10},{"not_picked":["alterego_mod:Maid","alterego_mod:DiscoLights","alterego_mod:Lift"],"picked":"alterego_mod:Table","floor":11},{"not_picked":["alterego_mod:Cooking","alterego_mod:Schoolgirl","alterego_mod:Lingerie"],"picked":"alterego_mod:MaintainEyeContact","floor":14},{"not_picked":["alterego_mod:Skirt","alterego_mod:BiFurious","alterego_mod:Maid"],"picked":"alterego_mod:SakuraPetals","floor":16},{"not_picked":["alterego_mod:DestructionOfProperty","alterego_mod:TrashNCrash","alterego_mod:Undulate","alterego_mod:HighServant"],"picked":"SKIP","floor":17},{"not_picked":["alterego_mod:Punishment","alterego_mod:RidiculouslyBig","alterego_mod:PresenceConcealment"],"picked":"alterego_mod:SakuraFive","floor":19},{"not_picked":["alterego_mod:GIGAMILK","alterego_mod:Palingenesis","alterego_mod:Vow"],"picked":"alterego_mod:Venus","floor":22},{"not_picked":["alterego_mod:Bunnysuit","alterego_mod:RocketPunch+1","alterego_mod:Schoolgirl"],"picked":"alterego_mod:Table","floor":24},{"not_picked":["alterego_mod:Cooking","alterego_mod:GoddessCore","alterego_mod:Belle","alterego_mod:PurpleHair"],"picked":"SKIP","floor":26},{"not_picked":["alterego_mod:Maid","alterego_mod:Lingerie","alterego_mod:SuperDuperMasochism"],"picked":"alterego_mod:BreastValley+1","floor":28},{"not_picked":["alterego_mod:Punishment","alterego_mod:Cycle","alterego_mod:Santa","alterego_mod:GoddessCore"],"picked":"SKIP","floor":30}],"player_experience":368915,"relics_obtained":[{"floor":8.0,"key":"Question Card"},{"floor":12,"key":"Gremlin Horn"},{"floor":13,"key":"Nunchaku"},{"floor":14,"key":"Ancient Tea Set"}],"event_choices":[{"damage_healed":0.0,"max_hp_gain":5.0,"max_hp_loss":0.0,"gold_gain":0.0,"event_name":"Big Fish","player_choice":"Donut","floor":3.0,"gold_loss":0.0,"damage_taken":0.0},{"damage_healed":0.0,"max_hp_gain":0.0,"max_hp_loss":0.0,"gold_gain":0.0,"event_name":"Match and Keep!","player_choice":"0 cards matched","floor":7.0,"gold_loss":0.0,"damage_taken":0.0,"cards_obtained":[]},{"damage_healed":0,"gold_gain":75,"player_choice":"Gather Gold","damage_taken":11,"max_hp_gain":0,"max_hp_loss":0,"event_name":"World of Goop","floor":20,"gold_loss":0},{"damage_healed":29,"gold_gain":0,"player_choice":"Heal","damage_taken":0,"max_hp_gain":0,"max_hp_loss":0,"event_name":"The Library","floor":27,"gold_loss":0}],"is_beta":false,"boss_relics":[{"not_picked":["Snecko Eye","Ectoplasm"],"picked":"Black Star"}],"items_purged_floors":[4],"is_endless":false,"potions_floor_spawned":[1,2,10,11,17,22,26,30],"killed_by":"Book of Stabbing","ascension_level":10}}