{"host":"iirf6tm60n5v4e3j","time":1612079297,"event":{"mods":["Act Like it!","BaseMod","Gensokyo","Marisa????????","Minty Spire (QoL Compilation)","StSLib","The Marked"],"gold_per_floor":[119,74,74,100,126,167,201,201,201,243,243,274,323,353,353,353,353],"floor_reached":16,"language":"ENG","playtime":1105,"items_purged":[],"score":170,"play_id":"8b909132-46ec-4ab6-a461-fdaab0c9ad8d","local_time":"20210130234817","is_ascension_mode":true,"campfire_choices":[{"floor":8,"key":"REST"},{"data":"Occultation","floor":11,"key":"SMITH"},{"data":"DeepEcoloBomb","floor":15,"key":"SMITH"}],"circlet_count":0,"master_deck":["Strike_MRS","Strike_MRS","Strike_MRS","Strike_MRS","Defend_MRS","Defend_MRS","Defend_MRS","Defend_MRS","MasterSpark","UpSweep","Clumsy","CollectingQuirk","WitchOfGreed","MilkyWay","DoubleSpark","JA","Occultation+1","Acceleration","Orbital","DeepEcoloBomb+1"],"relics":["MiniHakkero","Gensokyo:YoukaiFlower","Tiny Chest","Sundial","Mango","Singing Bowl"],"acts_visited":["Exordium"],"potions_floor_usage":[6,10,10,10,13,16,16,16],"damage_taken":[{"damage":12.0,"enemies":"Gensokyo:Python","floor":1.0,"turns":3.0},{"damage":9,"enemies":"Gensokyo:2_Kodama","floor":4,"turns":4},{"damage":12,"enemies":"Gensokyo:3_Fairies","floor":5,"turns":6},{"damage":10,"enemies":"Gensokyo:Mamizou","floor":6,"turns":8},{"damage":19,"enemies":"Gensokyo:3_Kodama","floor":7,"turns":5},{"damage":1,"enemies":"Gensokyo:Aya","floor":10,"turns":6},{"damage":0,"enemies":"Gensokyo:VengefulSpirit","floor":12,"turns":2},{"damage":19,"enemies":"Gensokyo:Cirno","floor":13,"turns":6},{"damage":18,"enemies":"Gensokyo:2_Rabbits","floor":14,"turns":4},{"damage":24,"enemies":"Gensokyo:Kokoro","floor":16,"turns":5}],"seed_played":"3681053917872930971","potions_obtained":[{"floor":4,"key":"Ancient Potion"},{"floor":4,"key":"FearPotion"},{"floor":5,"key":"EssenceOfSteel"},{"floor":6,"key":"SkillPotion"},{"floor":6,"key":"Dexterity Potion"},{"floor":10,"key":"PowerPotion"},{"floor":10,"key":"FearPotion"},{"floor":12,"key":"CultistPotion"},{"floor":13,"key":"PowerPotion"}],"is_trial":false,"path_per_floor":["M","$","?","M","M","E","M","R","T","E","R","M","E","M","R","B"],"character_chosen":"MARISA","items_purchased":["WitchOfGreed"],"campfire_rested":1,"item_purchase_floors":[2],"current_hp_per_floor":[63,63,63,54,42,32,13,35,35,48,48,48,29,13,13,0,0],"gold":353,"neow_bonus":"THREE_RARE_CARDS","is_daily":false,"chose_seed":false,"campfire_upgraded":2,"win_rate":0.0,"timestamp":1612079297,"path_taken":["M","?","?","M","M","E","M","R","T","E","R","M","E","?","R","BOSS"],"items_purchased_type":["Card"],"build_version":"2020-12-22","purchased_purges":0,"victory":false,"max_hp_per_floor":[75,75,75,75,75,75,75,75,75,89,89,89,89,91,91,91,91],"card_choices":[{"not_picked":["BinaryStars","BlazingStar"],"picked":"CollectingQuirk","floor":0.0},{"not_picked":["ShootingEcho","PowerUp"],"picked":"GrandCross","floor":1.0},{"not_picked":["WitchLeyline","MachineGunSpark"],"picked":"MilkyWay","floor":4},{"not_picked":["GrandCross","NonDirectionalLaser"],"picked":"DoubleSpark","floor":5},{"not_picked":["6A","BlazeAway"],"picked":"JA","floor":6},{"not_picked":["ChargeUpSpray","DoubleSpark"],"picked":"Occultation","floor":7},{"not_picked":["EnergyRecoil","WitchOfGreed"],"picked":"Acceleration","floor":10},{"not_picked":["WitchLeyline","LuminesStrike"],"picked":"Orbital","floor":12},{"not_picked":["OrrerysSun","GalacticHalo"],"picked":"DeepEcoloBomb","floor":13},{"not_picked":["MilkyWay","WitchLeyline","DoubleSpark"],"picked":"Singing Bowl","floor":14}],"player_experience":183598,"relics_obtained":[{"floor":6,"key":"Tiny Chest"},{"floor":9,"key":"Sundial"},{"floor":10,"key":"Mango"},{"floor":13,"key":"Singing Bowl"}],"event_choices":[],"is_beta":false,"boss_relics":[],"items_purged_floors":[],"is_endless":false,"potions_floor_spawned":[4,5,6,10],"killed_by":"Gensokyo:Kokoro","ascension_level":5}}