{"host":"liwj66r6jjqhm4vi","time":1612065121,"event":{"mods":["BaseMod","Colored Map","Downfall","Minty Spire (QoL Compilation)","StSLib"],"gold_per_floor":[99,114,132,193,193,226,226,226,240,240,252,402,402,428,443,443,443,443],"floor_reached":16,"language":"ENG","playtime":920,"items_purged":[],"score":110,"play_id":"3ea16f8b-b6ed-4590-a4c1-42165b918b18","local_time":"20210130225201","is_ascension_mode":false,"campfire_choices":[{"data":"sneckomod:TailWhip","floor":1,"key":"SMITH"},{"floor":8,"key":"REST"},{"data":"sneckomod:UnknownDraw","floor":10,"key":"SMITH"}],"circlet_count":0,"master_deck":["sneckomod:Strike","sneckomod:Strike","sneckomod:Strike","sneckomod:Defend","sneckomod:Defend","sneckomod:Defend","sneckomod:TailWhip+1","sneckomod:SnekBite","sneckomod:Unknown","sneckomod:Unknown","Master of Strategy","sneckomod:UnknownCommonSkill","sneckomod:Nope","sneckomod:IronFang","sneckomod:UnknownDraw","sneckomod:UnknownBlock","downfall:Icky","Pommel Strike+1","sneckomod:Unknown2Cost"],"relics":["sneckomod:SneckoSoul","Bag of Marbles","Ornamental Fan","Letter Opener","sneckomod:ConfusingCodex"],"acts_visited":["Exordium"],"potions_floor_usage":[16],"damage_taken":[{"damage":2,"enemies":"2 Louse","floor":2,"turns":3},{"damage":0,"enemies":"Small Slimes","floor":3,"turns":3},{"damage":40,"enemies":"3 Sentries","floor":4,"turns":9},{"damage":18,"enemies":"Gremlin Nob","floor":6,"turns":5},{"damage":0,"enemies":"Cultist","floor":9,"turns":3},{"damage":0,"enemies":"2 Fungi Beasts","floor":11,"turns":3},{"damage":24,"enemies":"Lagavulin","floor":14,"turns":9},{"damage":0,"enemies":"Blue Slaver","floor":15,"turns":2},{"damage":6,"enemies":"WA_ARCHETYPE_RETAIN","floor":16,"turns":4}],"seed_played":"7299427312416737406","potions_obtained":[{"floor":4,"key":"GamblersBrew"},{"floor":11,"key":"CultistPotion"},{"floor":15,"key":"hexamod:SoulburnPotion"}],"is_trial":false,"path_per_floor":["R","M","M","?","?","E","T","R","M","R","M","?","R","E","M","B"],"character_chosen":"THE_SNECKO","items_purchased":[],"campfire_rested":1,"item_purchase_floors":[],"current_hp_per_floor":[63,61,61,21,21,3,3,30,30,30,30,30,30,6,6,0,0,0],"gold":443,"neow_bonus":"RANDOM_COLORLESS_2","is_daily":false,"chose_seed":false,"campfire_upgraded":2,"win_rate":0.0,"timestamp":1612065121,"path_taken":["R","M","M","?","?","E","T","R","M","R","?","?","R","E","M","BOSS"],"items_purchased_type":[],"build_version":"2020-12-22","purchased_purges":0,"victory":false,"max_hp_per_floor":[90,90,90,90,90,90,90,90,90,90,90,90,90,90,90,90,90,90],"card_choices":[{"not_picked":["Chrysalis","Violence"],"picked":"Master of Strategy","floor":0},{"not_picked":["sneckomod:Rotation","sneckomod:RainOfDice"],"picked":"sneckomod:UnknownCommonSkill","floor":2},{"not_picked":["sneckomod:SoulDraw","sneckomod:UnknownBlock"],"picked":"sneckomod:UnknownDraw","floor":3},{"not_picked":["sneckomod:UnknownCommonSkill","sneckomod:QuickBite"],"picked":"sneckomod:Nope","floor":4},{"not_picked":["sneckomod:SoulDraw","sneckomod:UnknownCommonAttack"],"picked":"sneckomod:IronFang","floor":6},{"not_picked":["sneckomod:SoulExchange","sneckomod:QuickMove"],"picked":"sneckomod:UnknownDraw","floor":9},{"not_picked":["sneckomod:SoulRoll","sneckomod:Unknown1Cost"],"picked":"sneckomod:UnknownBlock","floor":11},{"not_picked":["sneckomod:UnknownCommonAttack","sneckomod:DiceBoulder"],"picked":"sneckomod:Unknown2Cost","floor":14},{"not_picked":["sneckomod:WideSting","sneckomod:UnknownCommonSkill","sneckomod:UnknownBlock"],"picked":"SKIP","floor":15}],"player_experience":172305,"relics_obtained":[{"floor":4,"key":"Bag of Marbles"},{"floor":6,"key":"Ornamental Fan"},{"floor":7,"key":"Letter Opener"},{"floor":14,"key":"sneckomod:ConfusingCodex"}],"event_choices":[],"is_beta":false,"boss_relics":[],"items_purged_floors":[],"is_endless":false,"potions_floor_spawned":[4,11,15],"killed_by":"WA_ARCHETYPE_RETAIN","ascension_level":0}}