{"host":"zrwwt1jjq0fpdjej","time":1612096441,"event":{"mods":["AchievementEnabler","BaseMod","Colored Map","Minty Spire (QoL Compilation)","StSLib","SuperFastMode"],"gold_per_floor":[116,116,134,134,149,180,180,64,64,97,107,163,163,204,204,304,304,322,368,368,41,58,92,92,121,145,239,239,289,339,381,381,485,485,525,15,32,130,54,82,82,112,183,248,262,262,312,5,5,5,5],"floor_reached":50,"language":"KOR","playtime":3311,"items_purged":["Strike_P","Strike_P"],"score":844,"play_id":"3f1c404f-a451-4548-811d-e6d6c006ba38","local_time":"20210131213401","is_ascension_mode":true,"campfire_choices":[{"data":"Adaptation","floor":7.0,"key":"SMITH"},{"data":"Wish","floor":13.0,"key":"SMITH"},{"data":"Vigilance","floor":15.0,"key":"SMITH"},{"floor":28.0,"key":"REST"},{"data":"Establishment","floor":32.0,"key":"SMITH"},{"floor":41.0,"key":"REST"},{"floor":46.0,"key":"REST"},{"floor":49.0,"key":"RECALL"}],"circlet_count":0,"master_deck":["Strike_P+1","Strike_P","Defend_P","Defend_P","Defend_P","Eruption+1","Vigilance+1","FlurryOfBlows","EmptyBody","Adaptation+1","BattleHymn","EmptyFist+1","Wish+1","Consecrate+1","ReachHeaven+1","Ragnarok+1","ThirdEye","TalkToTheHand+1","FlurryOfBlows+1","Establishment+1","Evaluate","Protect+1","FollowUp+1","Wish","TalkToTheHand+1","Tantrum+1","Wallop+1","Vault","Protect","DevaForm","TalkToTheHand+1","MentalFortress+1","ThirdEye","Evaluate+1"],"relics":["PureWater","NeowsBlessing","Matryoshka","Molten Egg 2","StrikeDummy","Omamori","Ice Cream","Philosopher\u0027s Stone","SsserpentHead","Blood Vial","Whetstone","Vajra","Potion Belt","Juzu Bracelet","VioletLotus","Gremlin Horn","Thread and Needle","Boot","Damaru","White Beast Statue","Yang"],"acts_visited":["Exordium","TheCity","TheBeyond"],"potions_floor_usage":[50,50],"damage_taken":[{"damage":0.0,"enemies":"Small Slimes","floor":1.0,"turns":1.0},{"damage":0.0,"enemies":"Cultist","floor":3.0,"turns":1.0},{"damage":0.0,"enemies":"2 Louse","floor":5.0,"turns":2.0},{"damage":8.0,"enemies":"3 Sentries","floor":6.0,"turns":5.0},{"damage":0.0,"enemies":"Lagavulin","floor":10.0,"turns":4.0},{"damage":10.0,"enemies":"Gremlin Gang","floor":11.0,"turns":3.0},{"damage":5.0,"enemies":"3 Sentries","floor":12.0,"turns":6.0},{"damage":4.0,"enemies":"2 Fungi Beasts","floor":14.0,"turns":4.0},{"damage":15.0,"enemies":"Hexaghost","floor":16.0,"turns":6.0},{"damage":15.0,"enemies":"Shell Parasite","floor":18.0,"turns":4.0},{"damage":0.0,"enemies":"Spheric Guardian","floor":19.0,"turns":3.0},{"damage":3.0,"enemies":"Chosen and Byrds","floor":22.0,"turns":6.0},{"damage":1.0,"enemies":"Book of Stabbing","floor":23.0,"turns":6.0},{"damage":0.0,"enemies":"Centurion and Healer","floor":24.0,"turns":1.0},{"damage":37.0,"enemies":"Slavers","floor":25.0,"turns":5.0},{"damage":2.0,"enemies":"Cultist and Chosen","floor":27.0,"turns":3.0},{"damage":0.0,"enemies":"Snake Plant","floor":31.0,"turns":2.0},{"damage":27.0,"enemies":"Collector","floor":33.0,"turns":6.0},{"damage":6.0,"enemies":"3 Shapes","floor":35.0,"turns":6.0},{"damage":0.0,"enemies":"3 Darklings","floor":37.0,"turns":4.0},{"damage":36.0,"enemies":"2 Orb Walkers","floor":38.0,"turns":6.0},{"damage":10.0,"enemies":"Nemesis","floor":40.0,"turns":9.0},{"damage":2.0,"enemies":"Reptomancer","floor":42.0,"turns":4.0},{"damage":10.0,"enemies":"Writhing Mass","floor":44.0,"turns":6.0},{"damage":12.0,"enemies":"Spire Growth","floor":45.0,"turns":6.0},{"damage":51,"enemies":"Time Eater","floor":50,"turns":3}],"seed_played":"-2700688133421324164","potions_obtained":[{"floor":6.0,"key":"Regen Potion"},{"floor":10.0,"key":"Dexterity Potion"},{"floor":11.0,"key":"PowerPotion"},{"floor":12.0,"key":"BottledMiracle"},{"floor":16.0,"key":"Weak Potion"},{"floor":18.0,"key":"SmokeBomb"},{"floor":19.0,"key":"CultistPotion"},{"floor":33.0,"key":"SpeedPotion"},{"floor":37.0,"key":"SkillPotion"},{"floor":42.0,"key":"BottledMiracle"},{"floor":44.0,"key":"CultistPotion"},{"floor":45.0,"key":"BlessingOfTheForge"}],"is_trial":false,"path_per_floor":["M","?","M","?","M","E","R","$","T","E","M","E","R","M","R","B",null,"M","M","?","$","M","E","M","E","T","M","R","?","?","M","R","B",null,"M","$","M","?","$","E","R","E","T","M","M","R","?","$","R","B"],"character_chosen":"WATCHER","items_purchased":["BattleHymn","TalkToTheHand+1","Blood Vial","Gremlin Horn","Tantrum+1","Wallop+1","Vault","TalkToTheHand+1","Yang","Dexterity Potion"],"campfire_rested":3,"item_purchase_floors":[8,21,21,36,36,36,36,39,48,48],"current_hp_per_floor":[65,65,65,65,65,57,57,57,57,57,47,42,42,38,38,38,64,49,49,49,49,48,49,51,16,16,16,37,61,61,63,63,38,64,60,60,62,28,28,20,41,41,41,33,23,44,44,44,44,0,0],"gold":5,"neow_bonus":"THREE_ENEMY_KILL","is_daily":false,"chose_seed":false,"campfire_upgraded":4,"win_rate":0.0,"timestamp":1612096441,"path_taken":["M","?","?","?","?","E","R","$","T","E","M","E","R","M","R","BOSS","M","M","?","$","M","E","M","E","T","?","R","?","?","M","R","BOSS","M","$","M","?","$","E","R","E","T","M","M","R","?","$","R","BOSS"],"items_purchased_type":["Card","Card","Relic","Relic","Card","Card","Card","Card","Relic","Potion"],"build_version":"2020-12-22","purchased_purges":2,"victory":false,"max_hp_per_floor":[72,72,72,72,72,72,72,72,72,72,72,72,72,72,72,72,72,72,72,72,72,72,72,72,72,72,72,72,72,72,72,72,72,72,72,72,72,72,72,72,72,72,72,72,72,72,72,72,72,72,72],"card_choices":[{"not_picked":["Evaluate","JustLucky"],"picked":"FlurryOfBlows","floor":1.0},{"not_picked":["Meditate","Nirvana"],"picked":"EmptyBody","floor":3.0},{"not_picked":["Weave","Indignation","CutThroughFate"],"picked":"SKIP","floor":5.0},{"not_picked":["EmptyFist","Wish"],"picked":"Adaptation","floor":6.0},{"not_picked":["EmptyMind","Evaluate"],"picked":"EmptyFist+1","floor":10.0},{"not_picked":["JustLucky+1","Prostrate"],"picked":"Wish","floor":11.0},{"not_picked":["Collect","Halt"],"picked":"Consecrate+1","floor":12.0},{"not_picked":["ClearTheMind","FlyingSleeves+1"],"picked":"ReachHeaven+1","floor":14.0},{"not_picked":["Blasphemy","SpiritShield"],"picked":"Ragnarok+1","floor":16.0},{"not_picked":["CutThroughFate+1","Perseverance"],"picked":"ThirdEye","floor":18.0},{"not_picked":["EmptyFist+1","EmptyBody","PathToVictory"],"picked":"SKIP","floor":19.0},{"not_picked":["FollowUp+1","ThirdEye"],"picked":"FlurryOfBlows+1","floor":22.0},{"not_picked":["EmptyMind+1","CrushJoints+1"],"picked":"Establishment","floor":23.0},{"not_picked":["PathToVictory","SignatureMove+1"],"picked":"Evaluate","floor":25.0},{"not_picked":["CarveReality+1","CutThroughFate+1"],"picked":"Protect+1","floor":27.0},{"not_picked":["Study+1","ThirdEye"],"picked":"FollowUp+1","floor":31.0},{"not_picked":["Alpha","ConjureBlade"],"picked":"Wish","floor":33.0},{"not_picked":["Worship+1","CrushJoints+1"],"picked":"TalkToTheHand+1","floor":35.0},{"not_picked":["FlurryOfBlows+1","BowlingBash+1"],"picked":"Protect","floor":37.0},{"not_picked":["CrushJoints+1","Crescendo+1"],"picked":"DevaForm","floor":38.0},{"not_picked":["FlyingSleeves+1","ThirdEye"],"picked":"MentalFortress+1","floor":40.0},{"not_picked":["FlyingSleeves+1","Establishment"],"picked":"ThirdEye","floor":42.0},{"not_picked":["ReachHeaven+1","WheelKick+1","Vengeance+1"],"picked":"SKIP","floor":44.0},{"not_picked":["WreathOfFlame+1","CutThroughFate+1"],"picked":"Evaluate+1","floor":45.0}],"player_experience":247148,"relics_obtained":[{"floor":6.0,"key":"Matryoshka"},{"floor":9.0,"key":"Molten Egg 2"},{"floor":9.0,"key":"StrikeDummy"},{"floor":10.0,"key":"Omamori"},{"floor":12.0,"key":"Ice Cream"},{"floor":23.0,"key":"Whetstone"},{"floor":25.0,"key":"Vajra"},{"floor":26.0,"key":"Potion Belt"},{"floor":38.0,"key":"Thread and Needle"},{"floor":40.0,"key":"Boot"},{"floor":42.0,"key":"Damaru"},{"floor":43.0,"key":"White Beast Statue"}],"event_choices":[{"damage_healed":0.0,"max_hp_gain":0.0,"max_hp_loss":0.0,"gold_gain":0.0,"event_name":"Upgrade Shrine","player_choice":"Upgraded","floor":2.0,"gold_loss":0.0,"damage_taken":0.0,"cards_upgraded":["Eruption"]},{"damage_healed":0.0,"max_hp_gain":0.0,"max_hp_loss":0.0,"gold_gain":0.0,"cards_transformed":["Defend_P"],"event_name":"Transmorgrifier","player_choice":"Transformed","floor":4.0,"gold_loss":0.0,"damage_taken":0.0,"cards_obtained":["CarveReality"]},{"damage_healed":0.0,"max_hp_gain":0.0,"max_hp_loss":0.0,"gold_gain":0.0,"event_name":"FaceTrader","player_choice":"Trade","floor":20.0,"gold_loss":0.0,"damage_taken":0.0,"relics_obtained":["SsserpentHead"]},{"damage_healed":24.0,"max_hp_gain":0.0,"max_hp_loss":0.0,"gold_gain":0.0,"event_name":"The Library","player_choice":"Heal","floor":29.0,"gold_loss":0.0,"damage_taken":0.0},{"cards_removed":["CarveReality"],"damage_healed":0.0,"max_hp_gain":0.0,"max_hp_loss":0.0,"gold_gain":0.0,"event_name":"WeMeetAgain","player_choice":"Gave Card","floor":30.0,"gold_loss":0.0,"damage_taken":0.0,"relics_obtained":["Juzu Bracelet"]},{"damage_healed":0.0,"max_hp_gain":0.0,"max_hp_loss":0.0,"gold_gain":0.0,"event_name":"Mysterious Sphere","player_choice":"Fight","floor":38.0,"gold_loss":0.0,"damage_taken":0.0},{"damage_healed":0.0,"max_hp_gain":0.0,"max_hp_loss":0.0,"gold_gain":0.0,"event_name":"SensoryStone","player_choice":"Memory 1","floor":47.0,"gold_loss":0.0,"damage_taken":0.0}],"is_beta":false,"boss_relics":[{"not_picked":["Coffee Dripper","Empty Cage"],"picked":"Philosopher\u0027s Stone"},{"not_picked":["Runic Dome","Busted Crown"],"picked":"VioletLotus"}],"items_purged_floors":[8,21],"is_endless":false,"potions_floor_spawned":[6,10,11,12,16,18,19,24,33,37,42,44,45],"killed_by":"Time Eater","ascension_level":8}}