{"host":"cijhj3091wf4aho3","time":1612063436,"event":{"mods":["BaseMod","Colored Map","Colored Powertips","Downfall","Friendly Minions","GifTheSpireLib","Highlight Path","Minty Spire (QoL Compilation)","Permanent Neow","Random Character Button","Relic Sorter","Relic Stats","StSLib","everything is the same but u backflip on backflip","slay the spire mod where everything is the same but ironclad has a cowboy hat"],"gold_per_floor":[99,110,210,221,234,75,75,110,110,44,44,73,73,88,104,104,104,104],"floor_reached":16,"language":"ENG","playtime":891,"items_purged":["bronze:Strike"],"score":132,"play_id":"20ca7553-d674-413c-9e70-e48158f2d6c3","local_time":"20210130192356","is_ascension_mode":true,"campfire_choices":[{"floor":1,"key":"RECALL"},{"data":"bronze:BuggyMess","floor":11,"key":"SMITH"},{"data":"bronze:ItsAFeature","floor":13,"key":"SMITH"}],"circlet_count":0,"master_deck":["bronze:Strike","bronze:Strike","bronze:Strike","bronze:Defend","bronze:Defend","bronze:Defend","bronze:Defend","bronze:Replicate","bronze:Goto","Master of Strategy","bronze:CutThrough","bronze:WhirlingStrike","bronze:BronzeArmor","bronze:ItsAFeature+1","bronze:BuggyMess+1","bronze:MaxOutput"],"relics":["bronze:BronzeCore","Singing Bowl","hexamod:CandleOfCauterizing","PreservedInsect"],"acts_visited":["Exordium"],"potions_floor_usage":[16,16],"damage_taken":[{"damage":0,"enemies":"Jaw Worm","floor":2,"turns":4},{"damage":3,"enemies":"Small Slimes","floor":4,"turns":4},{"damage":0,"enemies":"2 Louse","floor":5,"turns":4},{"damage":0,"enemies":"downfall:FleeingMerchant","floor":6,"turns":4},{"damage":30,"enemies":"3 Sentries","floor":8,"turns":7},{"damage":5,"enemies":"downfall:FleeingMerchant","floor":10,"turns":4},{"damage":9,"enemies":"Lagavulin","floor":12,"turns":7},{"damage":32,"enemies":"Exordium Thugs","floor":14,"turns":4},{"damage":0,"enemies":"Gremlin Gang","floor":15,"turns":2},{"damage":19,"enemies":"WA_ARCHETYPE_RETAIN","floor":16,"turns":4}],"seed_played":"3210330538841525293","potions_obtained":[{"floor":5,"key":"EssenceOfSteel"},{"floor":8,"key":"bronze:FreeFunctionsPotion"},{"floor":12,"key":"Explosive Potion"}],"is_trial":false,"path_per_floor":["R","M","?","M","M","$","T","E","?","$","R","E","R","M","M","B"],"character_chosen":"THE_AUTOMATON","items_purchased":["bronze:BronzeArmor","bronze:BuggyMess"],"campfire_rested":0,"item_purchase_floors":[6,10],"current_hp_per_floor":[63,63,63,60,60,60,60,30,51,48,48,39,39,9,11,0,0,0],"gold":104,"neow_bonus":"RANDOM_COLORLESS_2","is_daily":false,"chose_seed":false,"campfire_upgraded":2,"win_rate":0.0,"timestamp":1612063436,"path_taken":["R","M","?","M","M","$","T","E","?","?","R","E","R","M","M","BOSS"],"items_purchased_type":["Card","Card"],"build_version":"2020-12-22","purchased_purges":1,"victory":false,"max_hp_per_floor":[63,63,63,63,63,63,63,63,63,65,65,65,65,67,69,69,69,69],"relic_stats":{"Singing Bowl":6,"counters":[10,44],"PreservedInsect":0,"obtain_stats":[{"hexamod:CandleOfCauterizing":8,"bronze:BronzeCore":0,"Singing Bowl":7,"PreservedInsect":12},{"hexamod:CandleOfCauterizing":5,"bronze:BronzeCore":0,"Singing Bowl":4,"PreservedInsect":7},{"hexamod:CandleOfCauterizing":23,"bronze:BronzeCore":0,"Singing Bowl":16,"PreservedInsect":34}]},"card_choices":[{"not_picked":["Mayhem","Chrysalis"],"picked":"Master of Strategy","floor":0},{"not_picked":["bronze:Shield","bronze:Overload"],"picked":"bronze:CutThrough","floor":2},{"not_picked":["bronze:Overheat","bronze:WildBeam","bronze:DarkDash"],"picked":"SKIP","floor":4},{"not_picked":["bronze:Separator","bronze:CutThrough"],"picked":"bronze:WhirlingStrike","floor":5},{"not_picked":["bronze:Turbo","bronze:FineTuning","bronze:Shield"],"picked":"SKIP","floor":6},{"not_picked":["bronze:DelayedGuard","bronze:BuggyMess"],"picked":"bronze:ItsAFeature","floor":8},{"not_picked":["bronze:FineTuning","bronze:ThunderWave","bronze:Invalidate"],"picked":"Singing Bowl","floor":10},{"not_picked":["bronze:Branch","bronze:DigitalCarnage"],"picked":"bronze:MaxOutput","floor":12},{"not_picked":["bronze:BugBarrage","bronze:DelayedGuard","bronze:Repulsor"],"picked":"Singing Bowl","floor":14},{"not_picked":["bronze:Deprecate","bronze:BugBarrage","bronze:Boost"],"picked":"Singing Bowl","floor":15}],"player_experience":536720,"relics_obtained":[{"floor":7,"key":"Singing Bowl"},{"floor":8,"key":"hexamod:CandleOfCauterizing"},{"floor":12,"key":"PreservedInsect"}],"event_choices":[{"damage_healed":21,"gold_gain":0,"player_choice":"Banana","damage_taken":0,"max_hp_gain":0,"max_hp_loss":0,"event_name":"Big Fish","floor":9,"gold_loss":0}],"is_beta":false,"boss_relics":[],"items_purged_floors":[6],"is_endless":false,"potions_floor_spawned":[5,8,12,14],"killed_by":"WA_ARCHETYPE_RETAIN","ascension_level":4}}