{"host":"88sw61cmk1203zgj","time":1612069881,"event":{"mods":["BaseMod","Minty Spire (QoL Compilation)"],"gold_per_floor":[119,137,147,147,164,189,189,204,228,228,228,261,261,288,288,359,359,374,374,393,393,412,412,424,424,424,438,180,193,209,229,229,308,308,327,346,346,364,380,380,398,433,433,433,346,363,363,373,373,373,373,373,126,157,157],"floor_reached":56,"language":"ENG","playtime":5013,"items_purged":["Twin Strike","Fire Breathing","Pommel Strike"],"score":1975,"play_id":"69abc364-baea-4e4f-9d31-37560156fe37","local_time":"20210131001121","is_ascension_mode":true,"campfire_choices":[{"data":"Dark Embrace","floor":7.0,"key":"SMITH"},{"data":"Body Slam","floor":10.0,"key":"SMITH"},{"data":"Berserk","floor":13.0,"key":"SMITH"},{"data":"Double Tap","floor":15.0,"key":"SMITH"},{"data":"Barricade","floor":23.0,"key":"SMITH"},{"data":"Power Through","floor":25.0,"key":"SMITH"},{"floor":32.0,"key":"REST"},{"floor":40,"key":"REST"},{"floor":44,"key":"RECALL"},{"data":"True Grit","floor":49,"key":"SMITH"},{"data":"Battle Trance","floor":52,"key":"SMITH"}],"circlet_count":0,"master_deck":["AscendersBane","Bash","Reckless Charge","Berserk+1","Fiend Fire","Shockwave","Dark Embrace+1","Spot Weakness","Double Tap+1","Power Through+1","Flame Barrier","Body Slam+1","Power Through","Intimidate","Battle Trance+1","Barricade+1","Body Slam+1","Shrug It Off+1","Shrug It Off","Feel No Pain","Ghostly Armor","True Grit+1","Impervious","Dark Shackles","True Grit+1","Dual Wield+1","Exhume","Juggernaut","Infernal Blade","Panacea","Flame Barrier"],"relics":["Pandora\u0027s Box","Prayer Wheel","Art of War","Dream Catcher","MealTicket","Sozu","Bottled Lightning","Molten Egg 2","Membership Card","Runic Pyramid","Smiling Mask","Pear"],"acts_visited":["Exordium","TheCity","TheBeyond","TheEnding"],"potions_floor_usage":[55],"damage_taken":[{"damage":0.0,"enemies":"Small Slimes","floor":1.0,"turns":2.0},{"damage":0.0,"enemies":"Cultist","floor":2.0,"turns":3.0},{"damage":0.0,"enemies":"2 Louse","floor":3.0,"turns":2.0},{"damage":0.0,"enemies":"Exordium Wildlife","floor":5.0,"turns":5.0},{"damage":14.0,"enemies":"Lagavulin","floor":6.0,"turns":8.0},{"damage":4.0,"enemies":"Exordium Thugs","floor":8.0,"turns":4.0},{"damage":7.0,"enemies":"Gremlin Nob","floor":12.0,"turns":3.0},{"damage":0.0,"enemies":"Lagavulin","floor":14.0,"turns":4.0},{"damage":0.0,"enemies":"The Guardian","floor":16.0,"turns":6.0},{"damage":0.0,"enemies":"Shell Parasite","floor":18.0,"turns":3.0},{"damage":21.0,"enemies":"2 Thieves","floor":20.0,"turns":3.0},{"damage":0.0,"enemies":"Cultist and Chosen","floor":22.0,"turns":4.0},{"damage":25.0,"enemies":"Snake Plant","floor":24.0,"turns":5.0},{"damage":8.0,"enemies":"Shelled Parasite and Fungi","floor":27.0,"turns":4.0},{"damage":0.0,"enemies":"Chosen and Byrds","floor":29.0,"turns":6.0},{"damage":15.0,"enemies":"Snecko","floor":30.0,"turns":5.0},{"damage":10.0,"enemies":"Snake Plant","floor":31.0,"turns":4.0},{"damage":0.0,"enemies":"Automaton","floor":33.0,"turns":8.0},{"damage":12.0,"enemies":"3 Darklings","floor":35.0,"turns":5.0},{"damage":0.0,"enemies":"Orb Walker","floor":36.0,"turns":3.0},{"damage":0.0,"enemies":"Maw","floor":38.0,"turns":6.0},{"damage":4,"enemies":"Writhing Mass","floor":39,"turns":6},{"damage":0,"enemies":"3 Darklings","floor":41,"turns":6},{"damage":29,"enemies":"Reptomancer","floor":42,"turns":7},{"damage":0,"enemies":"Maw","floor":46,"turns":7},{"damage":0,"enemies":"Sphere and 2 Shapes","floor":48,"turns":5},{"damage":9,"enemies":"Donu and Deca","floor":50,"turns":5},{"damage":73,"enemies":"Shield and Spear","floor":54,"turns":8},{"damage":2,"enemies":"The Heart","floor":55,"turns":6}],"seed_played":"2935642176637881777","potions_obtained":[{"floor":2.0,"key":"CultistPotion"},{"floor":3.0,"key":"Energy Potion"}],"is_trial":false,"path_per_floor":["M","M","M","?","M","E","R","M","T","R","?","E","R","E","R","B",null,"M","?","M","T","M","R","M","R","T","M","$","M","M","M","R","B",null,"M","M","?","M","M","R","M","E","T","R","$","M","?","M","R","B",null,"R","$","E","B",null],"character_chosen":"IRONCLAD","items_purchased":["Membership Card","Fire Breathing","Ghostly Armor","Exhume","Panacea","Pear","Flame Barrier"],"campfire_rested":2,"item_purchase_floors":[28,28,28,45,53,53,53],"current_hp_per_floor":[72,72,72,72,72,58,58,54,54,54,59,52,52,52,52,52,77,77,77,56,56,56,56,31,31,31,23,38,38,23,13,38,38,73,61,61,61,61,57,82,82,53,53,53,68,68,68,68,68,59,79,79,95,22,20],"gold":157,"neow_bonus":"BOSS_RELIC","is_daily":false,"chose_seed":false,"campfire_upgraded":8,"win_rate":0.0,"timestamp":1612069881,"path_taken":["M","M","M","?","M","E","R","?","T","R","?","E","R","E","R","BOSS","M","?","M","?","M","R","?","R","T","M","$","M","?","M","R","BOSS","M","M","?","M","M","R","M","E","T","R","$","M","?","M","R","BOSS","R","$","E","BOSS"],"items_purchased_type":["Relic","Card","Card","Card","Card","Relic","Card"],"build_version":"2020-12-22","purchased_purges":3,"victory":true,"max_hp_per_floor":[80,80,80,80,80,80,80,80,80,80,85,85,85,85,85,85,85,85,85,85,85,85,85,85,85,85,85,85,85,85,85,85,85,85,85,85,85,85,85,85,85,85,85,85,85,85,85,85,85,85,85,85,95,95,95],"card_choices":[{"not_picked":["Shrug It Off","Perfected Strike"],"picked":"Body Slam","floor":1.0},{"not_picked":["Iron Wave","Dual Wield"],"picked":"Twin Strike","floor":2.0},{"not_picked":["Clothesline","Perfected Strike"],"picked":"Power Through","floor":3.0},{"not_picked":["Headbutt","Brutality"],"picked":"Intimidate","floor":5.0},{"not_picked":["Perfected Strike","Flame Barrier"],"picked":"Pommel Strike","floor":6.0},{"not_picked":["Shrug It Off","Dual Wield"],"picked":"Battle Trance","floor":8.0},{"not_picked":["Clash","Clothesline","Twin Strike"],"picked":"SKIP","floor":8.0},{"not_picked":["Heavy Blade","Clash","Perfected Strike"],"picked":"SKIP","floor":12.0},{"not_picked":["Wild Strike","Flame Barrier","Cleave"],"picked":"SKIP","floor":14.0},{"not_picked":["Offering","Feed"],"picked":"Barricade","floor":16.0},{"not_picked":["Dark Embrace","Blood for Blood"],"picked":"Body Slam+1","floor":18.0},{"not_picked":["Body Slam","Sentinel","Power Through"],"picked":"SKIP","floor":18.0},{"not_picked":["Twin Strike","Body Slam+1"],"picked":"Shrug It Off+1","floor":20.0},{"not_picked":["Headbutt","Dark Embrace","Body Slam"],"picked":"SKIP","floor":20.0},{"not_picked":["Havoc","Feed"],"picked":"Shrug It Off","floor":22.0},{"not_picked":["Warcry","Thunderclap","Searing Blow+1"],"picked":"SKIP","floor":22.0},{"not_picked":["Thunderclap+1","Anger","Cleave"],"picked":"SKIP","floor":24.0},{"not_picked":["Armaments","Demon Form","Perfected Strike"],"picked":"SKIP","floor":24.0},{"not_picked":["Anger+1","Twin Strike+1"],"picked":"Feel No Pain","floor":27.0},{"not_picked":["Sword Boomerang+1","Body Slam+1","Shrug It Off"],"picked":"SKIP","floor":27.0},{"not_picked":["Thunderclap+1","Armaments"],"picked":"True Grit+1","floor":29.0},{"not_picked":["Iron Wave+1","Body Slam+1"],"picked":"Fire Breathing+1","floor":29.0},{"not_picked":["Burning Pact","Havoc+1","Shockwave"],"picked":"SKIP","floor":30.0},{"not_picked":["Havoc","Blood for Blood+1","Perfected Strike+1"],"picked":"SKIP","floor":30.0},{"not_picked":["Pummel+1","Havoc","Searing Blow+1"],"picked":"SKIP","floor":31.0},{"not_picked":["Perfected Strike+1","Sentinel","Headbutt+1"],"picked":"SKIP","floor":31.0},{"not_picked":["Pummel+1","Havoc","Searing Blow+1"],"picked":"SKIP","floor":31.0},{"not_picked":["Perfected Strike+1","Sentinel","Headbutt+1"],"picked":"SKIP","floor":31.0},{"not_picked":["Feed+1","Barricade"],"picked":"Impervious","floor":33.0},{"not_picked":["Pommel Strike+1","Armaments","Flex"],"picked":"SKIP","floor":35.0},{"not_picked":["Perfected Strike+1","Wild Strike+1","Anger+1"],"picked":"SKIP","floor":35.0},{"not_picked":["Reckless Charge+1","Body Slam+1","Pommel Strike+1"],"picked":"SKIP","floor":36.0},{"not_picked":["Burning Pact","Brutality","Heavy Blade+1"],"picked":"SKIP","floor":36.0},{"not_picked":["Madness","Enlightenment"],"picked":"Dark Shackles","floor":37.0},{"not_picked":["Evolve+1","Shockwave","Dropkick+1"],"picked":"SKIP","floor":38.0},{"not_picked":["Perfected Strike+1","Metallicize","Pommel Strike+1"],"picked":"SKIP","floor":38.0},{"not_picked":["Combust","Thunderclap+1","Warcry"],"picked":"SKIP","floor":39},{"not_picked":["Heavy Blade+1","Whirlwind+1","Metallicize"],"picked":"SKIP","floor":39},{"not_picked":["Headbutt+1","Carnage+1"],"picked":"True Grit","floor":41},{"not_picked":["Wild Strike+1","Iron Wave+1","Pommel Strike+1"],"picked":"SKIP","floor":41},{"not_picked":["Headbutt+1","Whirlwind+1"],"picked":"Dual Wield+1","floor":42},{"not_picked":["Ghostly Armor","Rampage+1"],"picked":"Juggernaut","floor":46},{"not_picked":["Havoc","Pummel+1","Clothesline+1"],"picked":"SKIP","floor":46},{"not_picked":["Perfected Strike+1","Body Slam+1","Sword Boomerang+1"],"picked":"SKIP","floor":48},{"not_picked":["True Grit","Sentinel","Sword Boomerang+1"],"picked":"SKIP","floor":48},{"not_picked":["Demon Form","Heavy Blade+1","Dual Wield"],"picked":"SKIP","floor":54}],"player_experience":1539408,"relics_obtained":[{"floor":6.0,"key":"Prayer Wheel"},{"floor":9.0,"key":"Art of War"},{"floor":12.0,"key":"Dream Catcher"},{"floor":14.0,"key":"MealTicket"},{"floor":21.0,"key":"Bottled Lightning"},{"floor":26.0,"key":"Molten Egg 2"},{"floor":42,"key":"Smiling Mask"}],"event_choices":[{"damage_healed":0.0,"max_hp_gain":0.0,"max_hp_loss":0.0,"gold_gain":0.0,"event_name":"Lab","player_choice":"Got Potions","floor":4.0,"gold_loss":0.0,"damage_taken":0.0},{"damage_healed":0.0,"max_hp_gain":5.0,"max_hp_loss":0.0,"gold_gain":0.0,"event_name":"Big Fish","player_choice":"Donut","floor":11.0,"gold_loss":0.0,"damage_taken":0.0},{"damage_healed":0.0,"max_hp_gain":0.0,"max_hp_loss":0.0,"gold_gain":0.0,"event_name":"Ghosts","player_choice":"Ignored","floor":19.0,"gold_loss":0.0,"damage_taken":0.0},{"damage_healed":0.0,"max_hp_gain":0.0,"max_hp_loss":0.0,"gold_gain":0.0,"event_name":"SensoryStone","player_choice":"Memory 1","floor":37.0,"gold_loss":0.0,"damage_taken":0.0},{"damage_healed":0,"gold_gain":0,"cards_transformed":["Fire Breathing"],"player_choice":"Transformed","damage_taken":0,"max_hp_gain":0,"max_hp_loss":0,"event_name":"Transmorgrifier","floor":47,"gold_loss":0,"cards_obtained":["Infernal Blade"]}],"is_beta":false,"boss_relics":[{"not_picked":["Fusion Hammer","SlaversCollar"],"picked":"Sozu"},{"not_picked":["Snecko Eye","Mark of Pain"],"picked":"Runic Pyramid"}],"items_purged_floors":[28,45,53],"is_endless":false,"potions_floor_spawned":[2,3,5,12,14,24,27,29,31,38,41,46],"ascension_level":13}}