{"host":"5804jsr9z0rnmtnc","time":1612094371,"event":{"mods":["BaseMod","Colored Powertips","Duelist Mod","GifTheSpireLib","Hermit","Marisa????????","Minty Spire (QoL Compilation)","READ ME - Guardian Mod","StSLib","The Disciple","The Necromancer"],"gold_per_floor":[115,115,125,145,163,163,178,178,202,222,297,20,20,20,20,121,121,138,138,153,153,3,20,20,20],"floor_reached":24,"language":"ENG","playtime":1701,"items_purged":[],"score":188,"play_id":"fe2710b1-24d1-45c1-b41b-e2f237427fad","local_time":"20210131215931","is_ascension_mode":false,"campfire_choices":[{"floor":6,"key":"REST"},{"data":"hermit:Ricochet","floor":8,"key":"SMITH"},{"data":"hermit:CursedWeapon","floor":15,"key":"SMITH"}],"circlet_count":0,"master_deck":["hermit:Strike_Hermit","hermit:Strike_Hermit","hermit:Strike_Hermit","hermit:Strike_Hermit","hermit:Defend_Hermit","hermit:Defend_Hermit","hermit:Defend_Hermit","hermit:Snapshot","hermit:Covet","hermit:Glare","hermit:HeroicBravado","hermit:Misfire","hermit:Coalescence","hermit:HighCaliber","hermit:Ricochet+1","hermit:Brawl","hermit:BodyArmor","hermit:Misfire","hermit:CursedWeapon+1","hermit:Determination","Parasite","hermit:DeadOrAlive","hermit:Scavenge+1","Writhe","hermit:Glare+1","hermit:Ricochet+1"],"relics":["hermit:Momento","NeowsBlessing","Orichalcum","Runic Pyramid","Lantern"],"acts_visited":["Exordium","TheCity"],"potions_floor_usage":[16,16,24,24],"damage_taken":[{"damage":0,"enemies":"Small Slimes","floor":1,"turns":1},{"damage":0,"enemies":"Cultist","floor":3,"turns":1},{"damage":0,"enemies":"2 Louse","floor":4,"turns":2},{"damage":27,"enemies":"Large Slime","floor":5,"turns":8},{"damage":2,"enemies":"3 Louse","floor":7,"turns":3},{"damage":0,"enemies":"Exordium Wildlife","floor":10,"turns":3},{"damage":49,"enemies":"Hexaghost","floor":16,"turns":11},{"damage":2,"enemies":"Chosen","floor":18,"turns":4},{"damage":26,"enemies":"Spheric Guardian","floor":20,"turns":6},{"damage":34,"enemies":"Shelled Parasite and Fungi","floor":23,"turns":6},{"damage":21,"enemies":"Slavers","floor":24,"turns":1}],"seed_played":"527547844493730073","potions_obtained":[{"floor":1,"key":"GamblersBrew"},{"floor":10,"key":"hermit:Tonic"}],"is_trial":false,"path_per_floor":["M","?","M","M","M","R","M","R","T","M","?","$","?","?","R","B",null,"M","?","M","?","$","M","E"],"character_chosen":"HERMIT","items_purchased":["hermit:BodyArmor","hermit:Misfire","SkillPotion","hermit:CursedWeapon","hermit:Determination","DistilledChaos","Regen Potion"],"campfire_rested":1,"item_purchase_floors":[12,12,12,12,12,22,22],"current_hp_per_floor":[75,75,75,75,48,70,68,68,68,68,57,57,57,75,75,26,75,73,73,47,47,47,13,0,0],"gold":20,"neow_bonus":"THREE_ENEMY_KILL","is_daily":false,"chose_seed":false,"campfire_upgraded":2,"win_rate":0.0,"timestamp":1612094371,"path_taken":["M","?","M","?","M","R","M","R","T","M","?","$","?","?","R","BOSS","M","?","M","?","?","M","E"],"items_purchased_type":["Card","Card","Potion","Card","Card","Potion","Potion"],"build_version":"2020-12-22","purchased_purges":0,"victory":false,"max_hp_per_floor":[75,75,75,75,75,75,75,75,75,75,75,75,75,75,75,75,75,75,75,75,75,75,75,75,75],"card_choices":[{"not_picked":["hermit:Ricochet","hermit:LuckOfTheDraw"],"picked":"hermit:Glare","floor":1},{"not_picked":["hermit:HoleUp","hermit:Scavenge"],"picked":"hermit:Misfire","floor":3},{"not_picked":["hermit:LoneWolf","hermit:CalledShot"],"picked":"hermit:Coalescence","floor":4},{"not_picked":["hermit:Virtue","hermit:CalledShot"],"picked":"hermit:HighCaliber","floor":5},{"not_picked":["hermit:SprayPray","hermit:Snipe"],"picked":"hermit:Ricochet","floor":7},{"not_picked":["hermit:Cheat","hermit:Virtue"],"picked":"hermit:Brawl","floor":10},{"not_picked":["hermit:BlackWind","hermit:Roughhouse"],"picked":"hermit:DeadOrAlive","floor":16},{"not_picked":["hermit:LuckOfTheDraw","hermit:Coalescence"],"picked":"hermit:Scavenge+1","floor":18},{"not_picked":["hermit:Spite","hermit:Misfire"],"picked":"hermit:Glare+1","floor":20},{"not_picked":["hermit:Roulette","hermit:LuckOfTheDraw"],"picked":"hermit:Ricochet+1","floor":23}],"player_experience":36067,"relics_obtained":[{"floor":9,"key":"Orichalcum"}],"event_choices":[{"damage_healed":0,"gold_gain":0,"cards_transformed":["hermit:Defend_Hermit"],"player_choice":"Transformed","damage_taken":0,"max_hp_gain":0,"max_hp_loss":0,"event_name":"Transmorgrifier","floor":2,"gold_loss":0,"cards_obtained":["hermit:HeroicBravado"]},{"damage_healed":0,"gold_gain":75,"player_choice":"Gather Gold","damage_taken":11,"max_hp_gain":0,"max_hp_loss":0,"event_name":"World of Goop","floor":11,"gold_loss":0},{"damage_healed":0,"gold_gain":0,"player_choice":"Ignored","damage_taken":0,"max_hp_gain":0,"max_hp_loss":0,"event_name":"Liars Game","floor":13,"gold_loss":0},{"damage_healed":18,"gold_gain":0,"player_choice":"Healed and dodged fight","damage_taken":0,"max_hp_gain":0,"max_hp_loss":0,"event_name":"Mushrooms","floor":14,"gold_loss":0,"cards_obtained":["Parasite"]},{"damage_healed":0,"gold_gain":0,"player_choice":"Opened","damage_taken":0,"relics_obtained":["Lantern"],"max_hp_gain":0,"max_hp_loss":0,"event_name":"The Mausoleum","floor":19,"gold_loss":0,"cards_obtained":["Writhe"]},{"damage_healed":0,"gold_gain":0,"player_choice":"Ignored","damage_taken":0,"max_hp_gain":0,"max_hp_loss":0,"event_name":"Vampires","floor":21,"gold_loss":0}],"is_beta":false,"boss_relics":[{"not_picked":["Snecko Eye","Cursed Key"],"picked":"Runic Pyramid"}],"items_purged_floors":[],"is_endless":false,"potions_floor_spawned":[1,10,23],"killed_by":"Slavers","ascension_level":0}}