{"host":"aqym1xxr3lb31d9m","time":1612104469,"event":{"mods":["BaseMod","Block Reminder","Colored Map","Colored Powertips","DeckTracker","Highlight Path","Minty Spire (QoL Compilation)","Quick Restart","Random Character Button","StSLib","SuperFastMode","UnlockEverythingMod"],"gold_per_floor":[112,126,126,102,102,102,102,102,102,112,127,127,155,168,168,168,168],"floor_reached":16,"language":"JPN","playtime":1750,"items_purged":[],"score":200,"play_id":"0335730f-f317-4251-8ef4-1f2eb7da4586","local_time":"20210131234749","is_ascension_mode":true,"campfire_choices":[{"data":"Sweeping Beam","floor":6,"key":"SMITH"},{"data":"Cold Snap","floor":8,"key":"SMITH"},{"data":"Hologram","floor":12,"key":"SMITH"},{"data":"Glacier","floor":15,"key":"SMITH"}],"circlet_count":0,"master_deck":["AscendersBane","Strike_B","Strike_B","Strike_B","Defend_B","Defend_B","Defend_B","Defend_B","Zap","Dualcast","Cold Snap+1","Gash","Sweeping Beam+1","Cold Snap","Hologram+1","BootSequence","Glacier+1"],"relics":["Sozu","Symbiotic Virus","Boot","Question Card"],"acts_visited":["Exordium"],"potions_floor_usage":[],"damage_taken":[{"damage":0,"enemies":"Cultist","floor":1,"turns":4},{"damage":0,"enemies":"Small Slimes","floor":2,"turns":3},{"damage":5,"enemies":"Jaw Worm","floor":10,"turns":2},{"damage":13,"enemies":"Exordium Thugs","floor":11,"turns":4},{"damage":9,"enemies":"Lagavulin","floor":13,"turns":7},{"damage":6,"enemies":"Looter","floor":14,"turns":3},{"damage":25,"enemies":"The Guardian","floor":16,"turns":2}],"seed_played":"3004956344649151093","potions_obtained":[],"is_trial":false,"path_per_floor":["M","M","T","$","$","R","?","R","T","M","M","R","E","M","R","B"],"character_chosen":"DEFECT","items_purchased":["Sweeping Beam"],"campfire_rested":0,"item_purchase_floors":[4],"current_hp_per_floor":[64,64,64,64,64,64,57,57,57,52,39,39,30,24,24,0,0],"gold":168,"neow_bonus":"BOSS_RELIC","is_daily":false,"chose_seed":false,"campfire_upgraded":4,"win_rate":0.0,"timestamp":1612104469,"path_taken":["M","?","?","?","$","R","?","R","T","?","M","R","E","M","R","BOSS"],"items_purchased_type":["Card"],"build_version":"2020-12-22","purchased_purges":0,"victory":false,"max_hp_per_floor":[71,71,71,71,71,71,71,71,71,71,71,71,71,71,71,71,71],"card_choices":[{"not_picked":["Stack","Heatsinks"],"picked":"Cold Snap","floor":1},{"not_picked":["Hologram","Steam"],"picked":"Gash","floor":2},{"not_picked":["Conserve Battery","Consume"],"picked":"Cold Snap","floor":10},{"not_picked":["Reprogram","Rebound"],"picked":"Hologram","floor":11},{"not_picked":["Scrape","Conserve Battery"],"picked":"BootSequence","floor":13},{"not_picked":["Reinforced Body","Coolheaded","White Noise"],"picked":"Glacier","floor":14}],"player_experience":4140950,"relics_obtained":[{"floor":3,"key":"Symbiotic Virus"},{"floor":9,"key":"Boot"},{"floor":13,"key":"Question Card"}],"event_choices":[{"cards_removed":["Strike_B"],"damage_healed":0,"gold_gain":0,"player_choice":"Card Removal","damage_taken":7,"max_hp_gain":0,"max_hp_loss":0,"event_name":"Golden Wing","floor":7,"gold_loss":0}],"is_beta":false,"boss_relics":[],"items_purged_floors":[],"is_endless":false,"potions_floor_spawned":[2,14],"killed_by":"The Guardian","ascension_level":20}}