{"host":"0nndazl0keusavit","time":1612055111,"event":{"mods":["AchievementEnabler","BaseMod","Colored Map","Curses Come First","Highlight Path","Minty Spire (QoL Compilation)","Relic Stats","StSLib"],"gold_per_floor":[113,127,138,138,158,192,192,192,192],"floor_reached":8,"language":"ENG","playtime":350,"items_purged":[],"score":116,"play_id":"9de10123-5373-45f9-b60e-51348b098b55","local_time":"20210130200511","is_ascension_mode":true,"campfire_choices":[{"floor":7,"key":"REST"}],"circlet_count":0,"master_deck":["AscendersBane","Strike_P","Strike_P+1","Strike_P","Strike_P+1","Defend_P","Defend_P","Defend_P","Defend_P","Eruption","Vigilance","LikeWater","Consecrate","FollowUp","Wallop"],"relics":["Philosopher\u0027s Stone","MealTicket"],"acts_visited":["Exordium"],"potions_floor_usage":[6,6],"damage_taken":[{"damage":0,"enemies":"2 Louse","floor":1,"turns":2},{"damage":8,"enemies":"Jaw Worm","floor":2,"turns":7},{"damage":0,"enemies":"Cultist","floor":3,"turns":2},{"damage":2,"enemies":"Exordium Wildlife","floor":5,"turns":4},{"damage":30,"enemies":"3 Sentries","floor":6,"turns":6},{"damage":25,"enemies":"Gremlin Nob","floor":8,"turns":3}],"seed_played":"2842138117784320081","potions_obtained":[{"floor":1,"key":"EssenceOfSteel"},{"floor":2,"key":"ColorlessPotion"}],"is_trial":false,"path_per_floor":["M","M","M","?","M","E","R","E"],"character_chosen":"WATCHER","items_purchased":[],"campfire_rested":1,"item_purchase_floors":[],"current_hp_per_floor":[61,53,53,33,31,1,21,0,0],"gold":192,"neow_bonus":"BOSS_RELIC","is_daily":false,"chose_seed":false,"campfire_upgraded":0,"win_rate":0.0,"timestamp":1612055111,"path_taken":["M","M","M","?","M","E","R","E"],"items_purchased_type":[],"build_version":"2020-12-22","purchased_purges":0,"victory":false,"max_hp_per_floor":[68,68,68,68,68,68,68,68,68],"relic_stats":{"counters":[6,24],"MealTicket":0,"obtain_stats":[{"Philosopher\u0027s Stone":0,"MealTicket":6,"PureWater":0},{"Philosopher\u0027s Stone":0,"MealTicket":5,"PureWater":0},{"Philosopher\u0027s Stone":0,"MealTicket":21,"PureWater":0}]},"card_choices":[{"not_picked":["PathToVictory","Sanctity"],"picked":"LikeWater","floor":1},{"not_picked":["PathToVictory","CrushJoints","ThirdEye"],"picked":"SKIP","floor":2},{"not_picked":["Crescendo","Fasting2"],"picked":"Consecrate","floor":3},{"not_picked":["Fasting2","DeceiveReality"],"picked":"FollowUp","floor":5},{"not_picked":["SignatureMove","EmptyFist"],"picked":"Wallop","floor":6}],"player_experience":895912,"relics_obtained":[{"floor":6,"key":"MealTicket"}],"event_choices":[{"damage_healed":0,"gold_gain":0,"player_choice":"Entered Light","damage_taken":20,"max_hp_gain":0,"max_hp_loss":0,"event_name":"Shining Light","floor":4,"gold_loss":0,"cards_upgraded":["Strike_P","Strike_P"]}],"is_beta":false,"boss_relics":[],"items_purged_floors":[],"is_endless":false,"potions_floor_spawned":[1,2],"killed_by":"Gremlin Nob","ascension_level":20}}