{"host":"f0gpob8hq9vgebej","time":1612078445,"event":{"mods":["AchievementEnabler","BaseMod","Minty Spire (QoL Compilation)","Quick Restart","SuperFastMode"],"gold_per_floor":[14,32,51,65,81,111,42,57,57,84,84,95,95,105,105,105,105],"floor_reached":16,"language":"KOR","playtime":351,"items_purged":[],"score":203,"play_id":"3f3ede70-34dc-445c-959b-f3e8d4833b10","local_time":"20210131163405","is_ascension_mode":true,"campfire_choices":[{"floor":13.0,"key":"REST"},{"data":"Burning Pact","floor":15.0,"key":"SMITH"}],"circlet_count":0,"master_deck":["AscendersBane","Strike_R","Strike_R","Strike_R","Strike_R","Strike_R","Defend_R","Defend_R","Defend_R","Defend_R","Bash","Uppercut","Perfected Strike","Shockwave","Wild Strike","Shrug It Off","Carnage","Dropkick","Burning Pact+1"],"relics":["Burning Blood","Gambling Chip","Art of War","The Courier","Peace Pipe","Lizard Tail"],"acts_visited":["Exordium"],"potions_floor_usage":[16],"damage_taken":[{"damage":1.0,"enemies":"Cultist","floor":1.0,"turns":4.0},{"damage":4.0,"enemies":"Jaw Worm","floor":2.0,"turns":5.0},{"damage":10.0,"enemies":"Small Slimes","floor":3.0,"turns":4.0},{"damage":6.0,"enemies":"Looter","floor":4.0,"turns":3.0},{"damage":7.0,"enemies":"Blue Slaver","floor":5.0,"turns":4.0},{"damage":45.0,"enemies":"Lagavulin","floor":6.0,"turns":6.0},{"damage":11.0,"enemies":"Gremlin Gang","floor":8.0,"turns":4.0},{"damage":22.0,"enemies":"3 Sentries","floor":10.0,"turns":6.0},{"damage":22.0,"enemies":"Large Slime","floor":12.0,"turns":6.0},{"damage":8.0,"enemies":"3 Louse","floor":14.0,"turns":2.0},{"damage":26,"enemies":"Slime Boss","floor":16,"turns":7}],"seed_played":"860875259022146176","potions_obtained":[{"floor":1.0,"key":"Ancient Potion"},{"floor":4.0,"key":"LiquidMemories"},{"floor":6.0,"key":"Regen Potion"},{"floor":14.0,"key":"DuplicationPotion"}],"is_trial":false,"path_per_floor":["M","M","M","M","M","E","$","M","T","E","T","M","R","M","R","B"],"character_chosen":"IRONCLAD","items_purchased":["Dropkick"],"campfire_rested":1,"item_purchase_floors":[7],"current_hp_per_floor":[73,75,71,71,70,31,31,26,26,25,25,9,31,29,29,3,3],"gold":105,"neow_bonus":"ONE_RARE_RELIC","is_daily":false,"chose_seed":false,"campfire_upgraded":1,"win_rate":0.0,"timestamp":1612078445,"path_taken":["M","M","M","M","M","E","$","M","T","E","?","?","R","M","R","BOSS"],"items_purchased_type":["Card"],"build_version":"2020-12-22","purchased_purges":0,"victory":false,"max_hp_per_floor":[75,75,75,75,75,75,75,75,75,75,75,75,75,75,75,75,75],"card_choices":[{"not_picked":["Searing Blow","True Grit"],"picked":"Uppercut","floor":1.0},{"not_picked":["Armaments","Body Slam","Perfected Strike"],"picked":"SKIP","floor":2.0},{"not_picked":["Armaments","Body Slam"],"picked":"Perfected Strike","floor":2.0},{"not_picked":["Disarm","Entrench"],"picked":"Shockwave","floor":3.0},{"not_picked":["Sword Boomerang","Thunderclap"],"picked":"Wild Strike","floor":4.0},{"not_picked":["Limit Break","Twin Strike"],"picked":"Shrug It Off","floor":5.0},{"not_picked":["Inflame","Rampage"],"picked":"Carnage","floor":6.0},{"not_picked":["Cleave","Clash"],"picked":"Burning Pact","floor":8.0},{"not_picked":["Perfected Strike","Clash","Headbutt"],"picked":"SKIP","floor":10.0},{"not_picked":["Intimidate","Clothesline","Body Slam"],"picked":"SKIP","floor":12.0},{"not_picked":["Clash","Second Wind","Thunderclap"],"picked":"SKIP","floor":14.0}],"player_experience":309685,"relics_obtained":[{"floor":6.0,"key":"Art of War"},{"floor":9.0,"key":"The Courier"},{"floor":10.0,"key":"Peace Pipe"},{"floor":11.0,"key":"Lizard Tail"}],"event_choices":[],"is_beta":false,"boss_relics":[],"items_purged_floors":[],"is_endless":false,"potions_floor_spawned":[1,4,6,14],"killed_by":"Slime Boss","ascension_level":15}}