{"host":"yy1cu9q9bsxhflzi","time":1612077010,"event":{"mods":["BaseMod","DeckTracker","Minty Spire (QoL Compilation)","Quick Restart","StSLib","everything is the same but u backflip on backflip"],"gold_per_floor":[116,129,54,204,215,250,250,250,250],"floor_reached":8,"language":"KOR","playtime":399,"items_purged":[],"score":137,"play_id":"88246327-5eae-4106-954f-d7382f7be836","local_time":"20210131161010","is_ascension_mode":true,"campfire_choices":[{"data":"A Thousand Cuts","floor":7,"key":"SMITH"}],"circlet_count":0,"master_deck":["AscendersBane","Defend_G","Defend_G","Defend_G","Defend_G","Survivor","A Thousand Cuts+1","A Thousand Cuts","A Thousand Cuts","A Thousand Cuts","A Thousand Cuts","Acrobatics","Doubt","PiercingWail","PiercingWail"],"relics":["Ring of the Snake","Mummified Hand","Bird Faced Urn","Omamori"],"acts_visited":["Exordium"],"potions_floor_usage":[6,8],"damage_taken":[{"damage":0.0,"enemies":"2 Louse","floor":1.0,"turns":3.0},{"damage":7.0,"enemies":"Jaw Worm","floor":2.0,"turns":5.0},{"damage":16.0,"enemies":"Small Slimes","floor":5.0,"turns":5.0},{"damage":45,"enemies":"3 Sentries","floor":6,"turns":7},{"damage":8,"enemies":"Gremlin Nob","floor":8,"turns":3}],"seed_played":"-7576759540363258034","potions_obtained":[{"floor":2.0,"key":"DuplicationPotion"},{"floor":6,"key":"Energy Potion"}],"is_trial":true,"path_per_floor":["M","M","?","?","M","E","R","E"],"character_chosen":"THE_SILENT","items_purchased":[],"campfire_rested":0,"item_purchase_floors":[],"current_hp_per_floor":[66,59,59,59,51,16,16,18,18],"gold":250,"neow_bonus":"","is_daily":false,"chose_seed":false,"campfire_upgraded":1,"win_rate":0.0,"timestamp":1612077010,"path_taken":["M","M","?","?","M","E","R","E"],"items_purchased_type":[],"build_version":"2020-12-22","purchased_purges":0,"victory":false,"max_hp_per_floor":[66,66,66,66,66,66,66,66,66],"card_choices":[{"not_picked":["Deadly Poison","Quick Slash","Blade Dance"],"picked":"SKIP","floor":1.0},{"not_picked":["Dagger Spray","PiercingWail"],"picked":"Acrobatics","floor":2.0},{"not_picked":["Flying Knee","Eviscerate"],"picked":"PiercingWail","floor":5.0},{"not_picked":["Flying Knee","Blade Dance"],"picked":"PiercingWail","floor":6}],"player_experience":3890238,"relics_obtained":[{"floor":6,"key":"Omamori"}],"event_choices":[{"cards_removed":["Defend_G"],"damage_healed":0.0,"max_hp_gain":0.0,"max_hp_loss":0.0,"gold_gain":0.0,"event_name":"The Cleric","player_choice":"Card Removal","floor":3.0,"gold_loss":75.0,"damage_taken":0.0},{"damage_healed":0.0,"max_hp_gain":0.0,"max_hp_loss":0.0,"gold_gain":150.0,"event_name":"Liars Game","player_choice":"AGREE","floor":4.0,"gold_loss":0.0,"damage_taken":0.0,"cards_obtained":["Doubt"]}],"is_beta":false,"boss_relics":[],"items_purged_floors":[],"is_endless":false,"potions_floor_spawned":[2,6],"killed_by":"Gremlin Nob","ascension_level":20}}