{"host":"sian7qp8a9pc9xwd","time":1612121214,"event":{"mods":["BaseMod","Minty Spire (QoL Compilation)","StSLib","SuperFastMode"],"gold_per_floor":[59,94,130,190,220,220,245,258,258,433,433,493,79,79,79,208,208,247,247,0,270,312,312,312,371,396,88,128,153,153],"floor_reached":29,"language":"ENG","playtime":1879,"items_purged":["Doubt","Bash"],"score":405,"play_id":"184ebc24-5a87-49a7-a067-820d79daeded","local_time":"20210131142654","is_ascension_mode":true,"campfire_choices":[{"data":"HandOfGreed","floor":6.0,"key":"SMITH"},{"data":"Uppercut","floor":11.0,"key":"SMITH"},{"data":"Shrug It Off","floor":15.0,"key":"SMITH"},{"floor":23.0,"key":"REST"}],"circlet_count":0,"master_deck":["AscendersBane","Strike_R","Strike_R","Strike_R","Strike_R","Strike_R","Defend_R","Defend_R","Defend_R","Defend_R","HandOfGreed+1","Clothesline","Inflame+1","Shrug It Off+1","Uppercut+1","Finesse+1","Double Tap+1","Offering+1","Havoc+1","True Grit+1"],"relics":["Burning Blood","Juzu Bracelet","Toxic Egg 2","Frozen Egg 2","Sozu","Nilry\u0027s Codex","MutagenicStrength","Happy Flower","Bag of Marbles","Paper Frog"],"acts_visited":["Exordium","TheCity"],"potions_floor_usage":[],"damage_taken":[{"damage":7.0,"enemies":"Small Slimes","floor":1.0,"turns":5.0},{"damage":2.0,"enemies":"Jaw Worm","floor":2.0,"turns":3.0},{"damage":2.0,"enemies":"Cultist","floor":3.0,"turns":4.0},{"damage":1.0,"enemies":"3 Louse","floor":4.0,"turns":6.0},{"damage":7.0,"enemies":"Blue Slaver","floor":5.0,"turns":4.0},{"damage":30.0,"enemies":"Lagavulin","floor":7.0,"turns":6.0},{"damage":14.0,"enemies":"Looter","floor":8.0,"turns":3.0},{"damage":10.0,"enemies":"3 Louse","floor":12.0,"turns":5.0},{"damage":21.0,"enemies":"Slime Boss","floor":16.0,"turns":8.0},{"damage":0.0,"enemies":"Chosen","floor":18.0,"turns":4.0},{"damage":16.0,"enemies":"Shell Parasite","floor":22.0,"turns":3.0},{"damage":15.0,"enemies":"Gremlin Leader","floor":25.0,"turns":5.0},{"damage":15.0,"enemies":"Centurion and Healer","floor":28.0,"turns":3.0},{"damage":33,"enemies":"Slavers","floor":29,"turns":4}],"seed_played":"4088243567427943586","potions_obtained":[{"floor":1.0,"key":"LiquidBronze"},{"floor":3.0,"key":"Explosive Potion"},{"floor":7.0,"key":"SkillPotion"},{"floor":8.0,"key":"SteroidPotion"},{"floor":12.0,"key":"Fruit Juice"}],"is_trial":false,"path_per_floor":["M","M","M","M","M","R","E","M","T","?","R","M","$","?","R","B",null,"M","?","$","?","M","R","?","E","T","$","M","E"],"character_chosen":"IRONCLAD","items_purchased":["Frozen Egg 2","Finesse+1","Offering+1","Paper Frog","True Grit+1"],"campfire_rested":1,"item_purchase_floors":[13,13,20,27,27],"current_hp_per_floor":[71,75,79,80,79,79,55,47,47,47,47,43,48,48,48,33,72,78,62,62,35,25,50,50,41,41,41,32,0,0],"gold":153,"neow_bonus":"RANDOM_COLORLESS_2","is_daily":false,"chose_seed":false,"campfire_upgraded":3,"win_rate":0.0,"timestamp":1612121214,"path_taken":["M","M","M","M","M","R","E","M","T","?","R","M","$","?","R","BOSS","M","?","$","?","M","R","?","E","T","$","M","E"],"items_purchased_type":["Relic","Card","Card","Relic","Card"],"build_version":"2020-12-22","purchased_purges":2,"victory":false,"max_hp_per_floor":[80,80,80,80,80,80,80,80,80,80,80,80,85,85,85,85,85,85,85,85,85,85,85,85,85,85,85,85,85,85],"card_choices":[{"not_picked":["Chrysalis","Violence"],"picked":"HandOfGreed","floor":0.0},{"not_picked":["Flex","Flame Barrier"],"picked":"Clothesline","floor":1.0},{"not_picked":["Infernal Blade","Whirlwind","Flex"],"picked":"SKIP","floor":2.0},{"not_picked":["Iron Wave","Reckless Charge"],"picked":"Inflame","floor":3.0},{"not_picked":["True Grit","Heavy Blade","Carnage"],"picked":"SKIP","floor":4.0},{"not_picked":["Searing Blow","Fire Breathing","Whirlwind"],"picked":"SKIP","floor":5.0},{"not_picked":["Twin Strike","Feed"],"picked":"Shrug It Off","floor":7.0},{"not_picked":["Entrench","Pommel Strike"],"picked":"Uppercut","floor":8.0},{"not_picked":["Body Slam","Heavy Blade","Twin Strike"],"picked":"SKIP","floor":12.0},{"not_picked":["Corruption+1","Demon Form+1"],"picked":"Double Tap+1","floor":16.0},{"not_picked":["Dropkick","Pommel Strike","Body Slam"],"picked":"SKIP","floor":18.0},{"not_picked":["Body Slam","Iron Wave+1"],"picked":"Havoc+1","floor":22.0},{"not_picked":["Searing Blow","Evolve+1","Rampage"],"picked":"SKIP","floor":25.0},{"not_picked":["Anger","Pummel","Armaments+1"],"picked":"SKIP","floor":28.0}],"player_experience":852222,"relics_obtained":[{"floor":7.0,"key":"Juzu Bracelet"},{"floor":9.0,"key":"Toxic Egg 2"},{"floor":19.0,"key":"Nilry\u0027s Codex"},{"floor":25.0,"key":"Happy Flower"},{"floor":26.0,"key":"Bag of Marbles"}],"event_choices":[{"damage_healed":0.0,"max_hp_gain":0.0,"max_hp_loss":0.0,"gold_gain":175.0,"event_name":"Liars Game","player_choice":"AGREE","floor":10.0,"gold_loss":0.0,"damage_taken":0.0,"cards_obtained":["Doubt"]},{"damage_healed":0.0,"max_hp_gain":0.0,"max_hp_loss":0.0,"gold_gain":0.0,"event_name":"Living Wall","player_choice":"Grow","floor":14.0,"gold_loss":0.0,"damage_taken":0.0,"cards_upgraded":["Inflame"]},{"damage_healed":0.0,"max_hp_gain":0.0,"max_hp_loss":0.0,"gold_gain":0.0,"event_name":"Cursed Tome","player_choice":"Obtained Book","floor":19.0,"gold_loss":0.0,"damage_taken":16.0},{"damage_healed":0.0,"max_hp_gain":0.0,"max_hp_loss":0.0,"gold_gain":270.0,"event_name":"Knowing Skull","player_choice":"GOLD GOLD GOLD ","floor":21.0,"potions_obtained":[],"gold_loss":0.0,"damage_taken":27.0,"cards_obtained":[]},{"damage_healed":0.0,"max_hp_gain":0.0,"max_hp_loss":0.0,"gold_gain":0.0,"event_name":"Drug Dealer","player_choice":"Inject Mutagens","floor":24.0,"gold_loss":0.0,"damage_taken":0.0,"relics_obtained":["MutagenicStrength"]}],"is_beta":false,"boss_relics":[{"not_picked":["Ectoplasm","Black Blood"],"picked":"Sozu"}],"items_purged_floors":[13,20],"is_endless":false,"potions_floor_spawned":[1,3,7,8,12,18],"killed_by":"Slavers","ascension_level":11}}