{"host":"u9h06qdlnp3wgzsw","time":1612121850,"event":{"mods":["Act Like it!","BaseMod","Conspire","Curses Come First","Downfall","Hallownest","Hermit","Hubris","Minty Spire (QoL Compilation)","Quick Restart","Rare Cards Sparkle","Replay The Spire","Shop Mod","StSLib","The Disciple","The Hierophant","The Servant 0.9.4"],"gold_per_floor":[112,37,53,53,68,68,84,112,112,112,112],"floor_reached":10,"language":"ENG","playtime":504,"items_purged":["Replay:Hysterical Blindness"],"score":68,"play_id":"f44ccb13-2e8d-4aac-8c0c-13d107b1ad8a","local_time":"20210131143730","is_ascension_mode":false,"campfire_choices":[{"data":"Streamline","floor":6,"key":"SMITH"}],"circlet_count":0,"master_deck":["Strike_B","Defend_B","Defend_B","Zap","Dualcast","Streamline+1","Gash","Chaos"],"relics":["Kintsugi","Orichalcum","Letter Opener"],"acts_visited":["Exordium"],"potions_floor_usage":[7,7,10],"damage_taken":[{"damage":6,"enemies":"Cultist","floor":1,"turns":5},{"damage":0,"enemies":"conspire:RoseBush","floor":3,"turns":2},{"damage":1,"enemies":"2 Louse","floor":5,"turns":2},{"damage":11,"enemies":"Gremlin Gang","floor":7,"turns":4},{"damage":39,"enemies":"3 Sentries","floor":8,"turns":7},{"damage":29,"enemies":"Gremlin Nob","floor":10,"turns":4}],"seed_played":"-2264403446685091985","potions_obtained":[{"floor":1,"key":"Adrenaline Potion"},{"floor":5,"key":"ColorlessPotion"},{"floor":8,"key":"SkillPotion"}],"is_trial":false,"path_per_floor":["M","$","M","?","M","R","M","E","T","E"],"character_chosen":"DEFECT","items_purchased":[],"campfire_rested":0,"item_purchase_floors":[],"current_hp_per_floor":[69,69,69,69,68,68,57,18,18,0,0],"gold":112,"neow_bonus":"BOSS_RELIC","is_daily":false,"chose_seed":false,"campfire_upgraded":1,"win_rate":0.0,"timestamp":1612121850,"path_taken":["M","?","?","?","?","R","M","E","T","E"],"items_purchased_type":[],"build_version":"2020-12-22","purchased_purges":1,"victory":false,"max_hp_per_floor":[75,75,75,75,75,75,75,75,75,75,75],"card_choices":[{"not_picked":["Scrape","Sweeping Beam"],"picked":"Streamline","floor":1},{"not_picked":["Rebound","Sweeping Beam","Scrape"],"picked":"SKIP","floor":3},{"not_picked":["ReplayTheSpireMod:Reroute Power","Steam","Thunder Strike"],"picked":"SKIP","floor":5},{"not_picked":["Coolheaded","Skim"],"picked":"Gash","floor":7},{"not_picked":["ReplayTheSpireMod:Omega Cannon","Compile Driver"],"picked":"Chaos","floor":8}],"player_experience":973267,"relics_obtained":[{"floor":8,"key":"Orichalcum"},{"floor":9,"key":"Letter Opener"}],"event_choices":[{"cards_removed":["downfall:Icky"],"damage_healed":0,"gold_gain":0,"player_choice":"Removed Curses","damage_taken":0,"max_hp_gain":0,"max_hp_loss":0,"event_name":"Fountain of Cleansing","floor":4,"gold_loss":0}],"is_beta":false,"boss_relics":[],"items_purged_floors":[2],"is_endless":false,"potions_floor_spawned":[1,5,8],"killed_by":"Gremlin Nob","ascension_level":0}}