{"host":"627up2rvtmm0cf0r","time":1612104959,"event":{"mods":["ATMod(°¢èªMod)","Act Like it!","BaseMod","Better Vampires","CapriCore","Card Filter","Card Forge","Colored Powertips","DeckTracker","Dota2Spire","Downfall","Energized Spire","Friendly Minions","Highlight Path","Infinite Spire","Jedi Mod","Minty Spire (QoL Compilation)","MostiFishMod","Permanent Neow","Practice Mode","Quick Restart","Relic Stats","Reliquary","Shop Mod","Spicy Shops","StSLib","SuperFastMode","TestMod","¡¾ÒÅÎï¿¨ÅÆ¡¿REMEMod","óô»ðÖ¸ÄÏ"],"gold_per_floor":[99,112,125,225,245,245,245,260,260,260,260],"floor_reached":9,"language":"ZHS","playtime":465,"items_purged":[],"score":61,"play_id":"6e362cf8-a271-4d96-b5c0-24dc2b3b8384","local_time":"20210131225559","is_ascension_mode":true,"campfire_choices":[{"data":"AT_FocusSwordFire","floor":1,"key":"SMITH"}],"circlet_count":0,"master_deck":["Slimebound:Strike_Slimebound","Slimebound:Strike_Slimebound","Slimebound:Tackle","Slimebound:Defend_Slimebound","Slimebound:Defend_Slimebound","Slimebound:Defend_Slimebound","Slimebound:Defend_Slimebound","Slimebound:Split","Slimebound:CorrosiveSpit","AT_FocusSwordFire+1"],"relics":["Slimebound:AbsorbEndCombat","Hammer of Thor","Seething Fire","Anvil of the Gods","DaveBox","testmod-TestBox","REME_ComplimentaryCards","AT_ATBox","testmod-Justice","HaiYi:Twilight","Lantern","testmod-Fortitude"],"acts_visited":["Exordium"],"potions_floor_usage":[],"damage_taken":[{"damage":9,"enemies":"2 Louse","floor":2,"turns":3},{"damage":4,"enemies":"Cultist","floor":3,"turns":4},{"damage":10,"enemies":"Jaw Worm","floor":5,"turns":2},{"damage":4,"enemies":"Red Slaver","floor":8,"turns":4},{"damage":74,"enemies":"Gremlin Nob","floor":9,"turns":4}],"seed_played":"-4020669581384837018","potions_obtained":[{"floor":5,"key":"Ancient Potion"},{"floor":8,"key":"SteroidPotion"}],"is_trial":false,"path_per_floor":["R","M","M","?","M","?","T","M","E"],"character_chosen":"SLIMEBOUND","items_purchased":[],"campfire_rested":0,"item_purchase_floors":[],"current_hp_per_floor":[65,58,58,58,50,50,50,50,0,0,0],"gold":260,"neow_bonus":"RANDOM_COMMON_RELIC","is_daily":false,"chose_seed":false,"campfire_upgraded":1,"win_rate":0.0,"timestamp":1612104959,"path_taken":["R","M","M","?","?","?","T","M","E"],"items_purchased_type":[],"build_version":"2020-12-22","purchased_purges":0,"victory":false,"max_hp_per_floor":[65,65,65,65,65,65,65,65,65,65,65],"relic_stats":{"counters":[5,16],"obtain_stats":[{"testmod-Fortitude":7,"Lantern":0,"testmod-TestBox":0,"AT_ATBox":0,"DaveBox":0,"HaiYi:Twilight":0,"Anvil of the Gods":0,"Hammer of Thor":0,"Slimebound:AbsorbEndCombat":0,"Seething Fire":0,"testmod-Justice":0,"REME_ComplimentaryCards":0},{"testmod-Fortitude":3,"Lantern":0,"testmod-TestBox":0,"AT_ATBox":0,"DaveBox":0,"HaiYi:Twilight":0,"Anvil of the Gods":0,"Hammer of Thor":0,"Slimebound:AbsorbEndCombat":0,"Seething Fire":0,"testmod-Justice":0,"REME_ComplimentaryCards":0},{"testmod-Fortitude":8,"Lantern":0,"testmod-TestBox":0,"AT_ATBox":0,"DaveBox":0,"HaiYi:Twilight":0,"Anvil of the Gods":0,"Hammer of Thor":0,"Slimebound:AbsorbEndCombat":0,"Seething Fire":0,"testmod-Justice":0,"REME_ComplimentaryCards":0}]},"card_choices":[{"not_picked":["Slimebound:ItLooksTasty","Slimebound:SplitAcid","Slimebound:LeadByExample"],"picked":"SKIP","floor":2},{"not_picked":["Slimebound:Repurpose","Slimebound:SplitMire","Slimebound:SlimeSpikes"],"picked":"SKIP","floor":3},{"not_picked":["Slimebound:AcidTongue","Slimebound:Schlurp","Slimebound:HauntingLick"],"picked":"SKIP","floor":5},{"not_picked":["Slimebound:SamplingLick","Slimebound:SpikyOuterGoop","Slimebound:SlimeSpikes"],"picked":"SKIP","floor":8}],"player_experience":134191,"relics_obtained":[{"floor":7,"key":"testmod-Fortitude"}],"event_choices":[{"cards_removed":["Slimebound:Strike_Slimebound"],"damage_healed":0,"gold_gain":0,"player_choice":"Offered Basic","damage_taken":0,"max_hp_gain":0,"max_hp_loss":0,"event_name":"Bonfire Elementals","floor":6,"gold_loss":0}],"is_beta":false,"boss_relics":[],"items_purged_floors":[],"is_endless":false,"potions_floor_spawned":[5,8],"killed_by":"Gremlin Nob","ascension_level":3}}