{"host":"39i3emxub3h8uyq3","time":1612070190,"event":{"mods":["AchievementEnabler","BaseMod","Clockwork Mod","Colored Map","Downfall","Glutton Mod","Gold Saver","Minty Spire (QoL Compilation)","StSLib","TheHeartMod"],"gold_per_floor":[647,661,661,677,690,690,723,723,749,763,763,763,763,140,140,140,140],"floor_reached":16,"language":"ENG","playtime":1119,"items_purged":["Regret"],"score":100,"play_id":"3115790a-ab82-49cb-bf4e-46bec373d98c","local_time":"20210131001630","is_ascension_mode":false,"campfire_choices":[{"floor":6,"key":"REST"},{"floor":8,"key":"REST"},{"floor":11,"key":"REST"},{"data":"Poisoned Stab","floor":13,"key":"SMITH"},{"data":"Noxious Fumes","floor":15,"key":"SMITH"}],"circlet_count":0,"master_deck":["Strike_G","Strike_G","Strike_G","Strike_G","Strike_G","Defend_G","Defend_G","Defend_G","Defend_G","Defend_G","Survivor","Neutralize","Flying Knee","Poisoned Stab+1","Catalyst","Blade Dance","Slice","Slice","Noxious Fumes+1","Masterful Stab+1"],"relics":["Snecko Eye","Happy Flower","Regal Pillow","Molten Egg 2","Medical Kit"],"acts_visited":["Exordium"],"potions_floor_usage":[16,16],"damage_taken":[{"damage":1,"enemies":"Jaw Worm","floor":1,"turns":4},{"damage":0,"enemies":"Small Slimes","floor":2,"turns":4},{"damage":0,"enemies":"Cultist","floor":4,"turns":3},{"damage":8,"enemies":"2 Fungi Beasts","floor":5,"turns":5},{"damage":33,"enemies":"Gremlin Nob","floor":7,"turns":5},{"damage":17,"enemies":"Lots of Slimes","floor":10,"turns":5},{"damage":63,"enemies":"The Guardian","floor":16,"turns":7}],"seed_played":"2538344151194624296","potions_obtained":[{"floor":4,"key":"SteroidPotion"},{"floor":5,"key":"Ancient Potion"},{"floor":7,"key":"EssenceOfSteel"},{"floor":10,"key":"hexamod:SoulburnPotion"}],"is_trial":false,"path_per_floor":["M","M","?","M","M","R","E","R","T","M","R","?","R","$","R","B"],"character_chosen":"THE_SILENT","items_purchased":["Noxious Fumes","Molten Egg 2","Medical Kit","Masterful Stab+1"],"campfire_rested":3,"item_purchase_floors":[14,14,14,14],"current_hp_per_floor":[69,69,69,69,61,70,37,58,58,41,62,62,62,62,62,0,0],"gold":140,"neow_bonus":"BOSS_RELIC","is_daily":false,"chose_seed":false,"campfire_upgraded":2,"win_rate":0.0,"timestamp":1612070190,"path_taken":["M","M","?","M","M","R","E","R","T","M","R","?","R","$","R","BOSS"],"items_purchased_type":["Card","Relic","Relic","Card"],"build_version":"2020-12-22","purchased_purges":1,"victory":false,"max_hp_per_floor":[70,70,70,70,70,70,70,70,70,70,70,70,70,70,70,70,70],"card_choices":[{"not_picked":["Blur","Expertise"],"picked":"Flying Knee","floor":1},{"not_picked":["Dodge and Roll","Infinite Blades"],"picked":"Poisoned Stab","floor":2},{"not_picked":["Acrobatics","Dagger Throw"],"picked":"Catalyst","floor":4},{"not_picked":["Infinite Blades","Tactician"],"picked":"Blade Dance","floor":5},{"not_picked":["Dash","Blade Dance"],"picked":"Slice","floor":7},{"not_picked":["Riddle With Holes","Predator"],"picked":"Slice","floor":10}],"player_experience":80513,"relics_obtained":[{"floor":9,"key":"Happy Flower"}],"event_choices":[{"damage_healed":0,"gold_gain":0,"player_choice":"Ignored","damage_taken":0,"max_hp_gain":0,"max_hp_loss":0,"event_name":"Shining Light","floor":3,"gold_loss":0},{"damage_healed":0,"gold_gain":0,"player_choice":"Box","damage_taken":0,"relics_obtained":["Regal Pillow"],"max_hp_gain":0,"max_hp_loss":0,"event_name":"Big Fish","floor":12,"gold_loss":0,"cards_obtained":["Regret"]}],"is_beta":false,"boss_relics":[],"items_purged_floors":[14],"is_endless":false,"potions_floor_spawned":[4,5,7,10],"killed_by":"The Guardian","ascension_level":0}}