{"host":"sd43e7bfckslw1n5","time":1612072362,"event":{"mods":["BaseMod","Colored Powertips","Hermit","Minty Spire (QoL Compilation)","StSLib","Steal the Spire","The Wild Card"],"gold_per_floor":[115,125,136,148,160,189,189,189,216,229,240,271,271,288,288,392,392,407,417,266,286,303,303,303,331,331,343,343,343],"floor_reached":28,"language":"ENG","playtime":2349,"items_purged":[],"score":256,"play_id":"e1c90cda-78ee-4d3f-82f5-732c409a2371","local_time":"20210130235242","is_ascension_mode":false,"campfire_choices":[{"floor":7.0,"key":"RECALL"},{"data":"hermit:Quickdraw","floor":8.0,"key":"SMITH"},{"floor":13.0,"key":"REST"},{"data":"hermit:Maintenance","floor":15.0,"key":"SMITH"},{"floor":23.0,"key":"REST"},{"floor":24.0,"key":"REST"}],"circlet_count":0,"master_deck":["hermit:Strike_Hermit","hermit:Strike_Hermit","hermit:Strike_Hermit","hermit:Strike_Hermit","hermit:Defend_Hermit","hermit:Defend_Hermit","hermit:Defend_Hermit","hermit:Defend_Hermit","hermit:Snapshot","hermit:Covet","hermit:Vantage","hermit:Ricochet","hermit:Maintenance+1","hermit:PistolWhip","hermit:Horror","hermit:Quickdraw+1","hermit:Brawl","hermit:Grudge","hermit:Quickdraw","hermit:Magnum","hermit:Headshot","hermit:HeroicBravado","hermit:BodyArmor","hermit:TakeCover","hermit:TakeAim","hermit:TrackingShot","hermit:Maintenance+1","hermit:HighCaliber+1","hermit:LowProfile","hermit:LuckOfTheDraw+1"],"relics":["hermit:Momento","PreservedInsect","WingedGreaves","Dream Catcher","Boot","Philosopher\u0027s Stone","Bag of Marbles","Orichalcum"],"acts_visited":["Exordium","TheCity"],"potions_floor_usage":[28],"damage_taken":[{"damage":0.0,"enemies":"Cultist","floor":1.0,"turns":4.0},{"damage":3.0,"enemies":"Small Slimes","floor":2.0,"turns":5.0},{"damage":0.0,"enemies":"Jaw Worm","floor":3.0,"turns":4.0},{"damage":0.0,"enemies":"3 Louse","floor":4.0,"turns":2.0},{"damage":0.0,"enemies":"2 Fungi Beasts","floor":5.0,"turns":3.0},{"damage":8.0,"enemies":"Gremlin Nob","floor":6.0,"turns":3.0},{"damage":0.0,"enemies":"Blue Slaver","floor":10.0,"turns":3.0},{"damage":9.0,"enemies":"Red Slaver","floor":11.0,"turns":2.0},{"damage":15.0,"enemies":"3 Sentries","floor":12.0,"turns":6.0},{"damage":0.0,"enemies":"3 Louse","floor":14.0,"turns":3.0},{"damage":32.0,"enemies":"Hexaghost","floor":16.0,"turns":8.0},{"damage":4.0,"enemies":"Shell Parasite","floor":18.0,"turns":4.0},{"damage":19.0,"enemies":"2 Thieves","floor":19.0,"turns":4.0},{"damage":23.0,"enemies":"Centurion and Healer","floor":21.0,"turns":7.0},{"damage":11.0,"enemies":"Snake Plant","floor":22.0,"turns":5.0},{"damage":1.0,"enemies":"Book of Stabbing","floor":25.0,"turns":4.0},{"damage":26.0,"enemies":"Shelled Parasite and Fungi","floor":27.0,"turns":6.0},{"damage":37,"enemies":"Sentry and Sphere","floor":28,"turns":6}],"seed_played":"2305051254647955957","potions_obtained":[{"floor":4.0,"key":"BlessingOfTheForge"},{"floor":5.0,"key":"Explosive Potion"},{"floor":6.0,"key":"Regen Potion"},{"floor":12.0,"key":"ColorlessPotion"},{"floor":16.0,"key":"DistilledChaos"},{"floor":19.0,"key":"DistilledChaos"}],"is_trial":false,"path_per_floor":["M","M","M","M","M","E","R","R","T","M","M","E","R","M","R","B",null,"M","M","$","M","M","R","R","E","T","M","M"],"character_chosen":"HERMIT","items_purchased":["Bag of Marbles"],"campfire_rested":3,"item_purchase_floors":[20],"current_hp_per_floor":[75,72,72,72,72,64,64,64,64,64,55,40,62,62,62,45,75,71,52,52,29,18,40,62,61,61,35,0,0],"gold":343,"neow_bonus":"RANDOM_COMMON_RELIC","is_daily":false,"chose_seed":false,"campfire_upgraded":2,"win_rate":0.0,"timestamp":1612072362,"path_taken":["M","M","M","M","M","E","R","R","T","M","M","E","R","M","R","BOSS","M","?","$","M","M","R","R","E","T","M","M"],"items_purchased_type":["Relic"],"build_version":"2020-12-22","purchased_purges":0,"victory":false,"max_hp_per_floor":[75,75,75,75,75,75,75,75,75,75,75,75,75,75,75,75,75,75,75,75,75,75,75,75,75,75,75,75,75],"card_choices":[{"not_picked":["hermit:Manifest","hermit:LuckOfTheDraw"],"picked":"hermit:Vantage","floor":1.0},{"not_picked":["hermit:FullyLoaded","hermit:Feint"],"picked":"hermit:Ricochet","floor":2.0},{"not_picked":["hermit:Combo","hermit:Feint"],"picked":"hermit:Maintenance","floor":3.0},{"not_picked":["hermit:HeroicBravado","hermit:TrackingShot"],"picked":"hermit:PistolWhip","floor":4.0},{"not_picked":["hermit:Glare","hermit:PistolWhip"],"picked":"hermit:Horror","floor":5.0},{"not_picked":["hermit:HighCaliber","hermit:Virtue"],"picked":"hermit:Quickdraw","floor":6.0},{"not_picked":["hermit:Cheat","hermit:Vantage"],"picked":"hermit:Brawl","floor":10.0},{"not_picked":["hermit:Misfire","hermit:SprayPray"],"picked":"hermit:Grudge","floor":11.0},{"not_picked":["hermit:Snipe","hermit:Malice"],"picked":"hermit:Quickdraw","floor":12.0},{"not_picked":["hermit:Desperado","hermit:Ricochet"],"picked":"hermit:Magnum","floor":13.0},{"not_picked":["hermit:PistolWhip","hermit:LowProfile"],"picked":"hermit:Headshot","floor":14.0},{"not_picked":["hermit:Adapt","hermit:FinalCanter"],"picked":"hermit:HeroicBravado","floor":16.0},{"not_picked":["hermit:CalledShot","hermit:Snipe"],"picked":"hermit:BodyArmor","floor":18.0},{"not_picked":["hermit:Malice","hermit:Misfire"],"picked":"hermit:TakeCover","floor":19.0},{"not_picked":["hermit:HoleUp","hermit:Adapt"],"picked":"hermit:TakeAim","floor":21.0},{"not_picked":["hermit:LuckOfTheDraw","hermit:Misfire"],"picked":"hermit:TrackingShot","floor":22.0},{"not_picked":["hermit:Ricochet","hermit:Grudge+1"],"picked":"hermit:Maintenance+1","floor":23.0},{"not_picked":["hermit:Feint","hermit:TrackingShot"],"picked":"hermit:HighCaliber+1","floor":24.0},{"not_picked":["hermit:Roulette","hermit:Magnum"],"picked":"hermit:LowProfile","floor":25.0},{"not_picked":["hermit:Misfire","hermit:Manifest"],"picked":"hermit:LuckOfTheDraw+1","floor":27.0}],"player_experience":75549,"relics_obtained":[{"floor":6.0,"key":"WingedGreaves"},{"floor":9.0,"key":"Dream Catcher"},{"floor":12.0,"key":"Boot"},{"floor":25.0,"key":"Orichalcum"}],"event_choices":[],"is_beta":false,"boss_relics":[{"not_picked":["hermit:BartenderGlass","Cursed Key"],"picked":"Philosopher\u0027s Stone"}],"items_purged_floors":[],"is_endless":false,"potions_floor_spawned":[4,5,6,12,16,19,21],"killed_by":"Sentry and Sphere","ascension_level":0}}