{"host":"v54ek091sdz7ha6h","time":1612066756,"event":{"mods":["BaseMod","Better Vampires","Colored Map","Colored Powertips","Custom Start","DeckTracker","Highlight Path","KOR Keyword Fix","Minty Spire (QoL Compilation)","Rare Cards Sparkle","Relic Stats","StSLib","SuperFastMode","everything is the same but u backflip on backflip"],"gold_per_floor":[109,109,127,127,142,142,156,156,156,156,156,175,194,227,227,304,304,320,320,188,188,198,226,226,226,251,251,263,6,19,39,39,118,118,131,150,25,43,61,96,146,173,173,191,25,42,72,88,88,88,88,88,88,35,65,65],"floor_reached":57,"language":"KOR","playtime":2752,"items_purged":["Sucker Punch","Flying Knee","Underhanded Strike"],"score":3507,"play_id":"6538ebee-5716-4862-8edc-3168d45539ed","local_time":"20210131131916","is_ascension_mode":true,"campfire_choices":[{"data":"All Out Attack","floor":6.0,"key":"SMITH"},{"data":"Prepared","floor":8.0,"key":"SMITH"},{"data":"Eviscerate","floor":11.0,"key":"SMITH"},{"data":"Acrobatics","floor":15.0,"key":"SMITH"},{"data":"Concentrate","floor":24.0,"key":"SMITH"},{"floor":27.0,"key":"REST"},{"floor":32.0,"key":"REST"},{"floor":49,"key":"RECALL"},{"data":"Acrobatics","floor":53,"key":"SMITH"}],"circlet_count":0,"master_deck":["AscendersBane","Survivor","Neutralize","Eviscerate+1","All Out Attack+1","Prepared+1","Acrobatics+1","After Image","Concentrate+1","Crippling Poison","Die Die Die","Calculated Gamble","Deadly Poison","Infinite Blades","Leg Sweep","PiercingWail","Acrobatics+1","Grand Finale","Expertise+1","Backflip","After Image"],"relics":["Ring of the Snake","Bag of Marbles","Letter Opener","Pandora\u0027s Box","Darkstone Periapt","TheAbacus","HoveringKite","FossilizedHelix","Centennial Puzzle","Molten Egg 2","Medical Kit","Potion Belt","Nunchaku"],"acts_visited":["Exordium","TheCity","TheBeyond","TheEnding"],"potions_floor_usage":[56,56,56,56],"damage_taken":[{"damage":1.0,"enemies":"2 Louse","floor":1.0,"turns":3.0},{"damage":4.0,"enemies":"Small Slimes","floor":3.0,"turns":4.0},{"damage":2.0,"enemies":"Jaw Worm","floor":5.0,"turns":3.0},{"damage":0.0,"enemies":"3 Louse","floor":7.0,"turns":2.0},{"damage":0.0,"enemies":"Gremlin Gang","floor":12.0,"turns":2.0},{"damage":1.0,"enemies":"Large Slime","floor":13.0,"turns":4.0},{"damage":12.0,"enemies":"3 Sentries","floor":14.0,"turns":5.0},{"damage":14.0,"enemies":"Slime Boss","floor":16.0,"turns":6.0},{"damage":3.0,"enemies":"2 Thieves","floor":18.0,"turns":2.0},{"damage":7.0,"enemies":"Chosen","floor":22.0,"turns":5.0},{"damage":9.0,"enemies":"Slavers","floor":23.0,"turns":3.0},{"damage":8.0,"enemies":"Snake Plant","floor":28.0,"turns":4.0},{"damage":17.0,"enemies":"Chosen and Byrds","floor":30.0,"turns":4.0},{"damage":0.0,"enemies":"3 Cultists","floor":31.0,"turns":3.0},{"damage":16.0,"enemies":"Automaton","floor":33.0,"turns":10.0},{"damage":0.0,"enemies":"3 Darklings","floor":35.0,"turns":4.0},{"damage":0.0,"enemies":"Orb Walker","floor":36.0,"turns":2.0},{"damage":0.0,"enemies":"3 Darklings","floor":38.0,"turns":2.0},{"damage":0.0,"enemies":"Spire Growth","floor":39.0,"turns":2.0},{"damage":0.0,"enemies":"Giant Head","floor":40.0,"turns":4.0},{"damage":15.0,"enemies":"Nemesis","floor":42.0,"turns":9.0},{"damage":0.0,"enemies":"Transient","floor":44.0,"turns":6.0},{"damage":0.0,"enemies":"Jaw Worm Horde","floor":46.0,"turns":1.0},{"damage":0,"enemies":"Reptomancer","floor":47,"turns":3},{"damage":13,"enemies":"Spire Growth","floor":48,"turns":3},{"damage":9,"enemies":"Time Eater","floor":50,"turns":10},{"damage":5,"enemies":"Donu and Deca","floor":51,"turns":5},{"damage":0,"enemies":"Shield and Spear","floor":55,"turns":5},{"damage":50,"enemies":"The Heart","floor":56,"turns":8}],"seed_played":"-3542989397050431660","potions_obtained":[{"floor":1.0,"key":"Dexterity Potion"},{"floor":3.0,"key":"Poison Potion"},{"floor":16.0,"key":"LiquidBronze"},{"floor":30.0,"key":"LiquidMemories"},{"floor":38.0,"key":"Ancient Potion"},{"floor":39.0,"key":"Strength Potion"},{"floor":47,"key":"FearPotion"}],"is_trial":false,"path_per_floor":["M","?","M","?","M","R","M","R","T","?","R","M","M","E","R","B",null,"M","?","$","?","M","E","R","?","T","R","M","$","M","M","R","B",null,"M","M","$","M","M","E","?","E","T","M","$","M","E","M","R","B","B",null,"R","$","E","B",null],"character_chosen":"THE_SILENT","items_purchased":["SteroidPotion","TheAbacus","Medical Kit","PowerPotion"],"campfire_rested":2,"item_purchase_floors":[20,29,45,54],"current_hp_per_floor":[58,51,47,52,50,50,50,50,50,50,50,50,49,37,37,23,59,56,36,36,36,29,20,20,14,14,36,28,28,11,11,33,17,61,61,61,61,61,61,61,61,46,46,46,46,46,46,33,33,24,19,62,62,62,62,12],"gold":65,"neow_bonus":"REMOVE_CARD","is_daily":false,"chose_seed":false,"campfire_upgraded":6,"win_rate":0.0,"timestamp":1612066756,"path_taken":["M","?","M","?","M","R","?","R","T","?","R","M","?","E","R","BOSS","M","?","$","?","M","E","R","?","T","R","M","$","M","M","R","BOSS","M","M","$","M","?","E","?","E","T","M","$","M","E","M","R","BOSS","BOSS","R","$","E","BOSS"],"items_purchased_type":["Potion","Relic","Relic","Potion"],"build_version":"2020-12-22","purchased_purges":3,"victory":true,"max_hp_per_floor":[66,66,66,71,71,71,71,71,71,71,71,71,71,71,71,71,71,71,76,76,76,76,76,76,76,76,76,76,76,76,76,76,76,76,76,76,76,76,76,76,76,76,76,76,76,76,76,76,76,76,76,76,76,76,76,76],"relic_stats":{"Darkstone Periapt":0,"Centennial Puzzle":[12],"Nunchaku":[3],"TheAbacus":[636],"counters":[29,124],"HoveringKite":[59],"Pandora\u0027s Box":["Concentrate","Crippling Poison","Die Die Die","Sucker Punch","Flying Knee","Calculated Gamble","Deadly Poison","Infinite Blades"],"Letter Opener":[575],"Medical Kit":[11],"obtain_stats":[{"Darkstone Periapt":23,"Potion Belt":47,"HoveringKite":34,"Letter Opener":14,"Medical Kit":45,"Centennial Puzzle":42,"Nunchaku":55,"TheAbacus":29,"Pandora\u0027s Box":17,"Molten Egg 2":43,"Bag of Marbles":9,"FossilizedHelix":40,"Ring of the Snake":0},{"Darkstone Periapt":11,"Potion Belt":24,"HoveringKite":15,"Letter Opener":7,"Medical Kit":22,"Centennial Puzzle":21,"Nunchaku":28,"TheAbacus":12,"Pandora\u0027s Box":8,"Molten Egg 2":21,"Bag of Marbles":4,"FossilizedHelix":20,"Ring of the Snake":0},{"Darkstone Periapt":39,"Potion Belt":93,"HoveringKite":60,"Letter Opener":23,"Medical Kit":89,"Centennial Puzzle":83,"Nunchaku":116,"TheAbacus":43,"Pandora\u0027s Box":29,"Molten Egg 2":83,"Bag of Marbles":12,"FossilizedHelix":74,"Ring of the Snake":0}],"Ring of the Snake":[58]},"card_choices":[{"not_picked":["Distraction","Expertise"],"picked":"Eviscerate","floor":1.0},{"not_picked":["Cloak And Dagger","Quick Slash"],"picked":"Underhanded Strike","floor":3.0},{"not_picked":["All Out Attack","Distraction","Outmaneuver"],"picked":"SKIP","floor":5.0},{"not_picked":["Distraction","Outmaneuver"],"picked":"All Out Attack","floor":5.0},{"not_picked":["Backflip","Deadly Poison"],"picked":"Prepared","floor":7.0},{"not_picked":["PiercingWail","Prepared","Predator"],"picked":"SKIP","floor":12.0},{"not_picked":["PiercingWail","Terror","Prepared"],"picked":"SKIP","floor":13.0},{"not_picked":["Quick Slash","Bane"],"picked":"Acrobatics","floor":14.0},{"not_picked":["Phantasmal Killer","Corpse Explosion"],"picked":"After Image","floor":16.0},{"not_picked":["Outmaneuver","Eviscerate","Quick Slash"],"picked":"SKIP","floor":18.0},{"not_picked":["All Out Attack+1","Blade Dance"],"picked":"PiercingWail","floor":22.0},{"not_picked":["Dagger Spray","Crippling Poison","Flechettes"],"picked":"SKIP","floor":23.0},{"not_picked":["Underhanded Strike","Sucker Punch","Calculated Gamble"],"picked":"SKIP","floor":28.0},{"not_picked":["Finisher","Dagger Throw"],"picked":"Acrobatics","floor":30.0},{"not_picked":["Flechettes","Catalyst","Dodge and Roll+1"],"picked":"SKIP","floor":31.0},{"not_picked":["A Thousand Cuts","Wraith Form v2"],"picked":"Grand Finale","floor":33.0},{"not_picked":["Noxious Fumes+1","Underhanded Strike+1","Flechettes"],"picked":"SKIP","floor":35.0},{"not_picked":["Concentrate","Eviscerate","Blur+1"],"picked":"SKIP","floor":36.0},{"not_picked":["Sucker Punch","Dagger Spray"],"picked":"Expertise+1","floor":38.0},{"not_picked":["Dagger Throw","Flying Knee"],"picked":"Backflip","floor":39.0},{"not_picked":["Heel Hook","Dodge and Roll","Poisoned Stab"],"picked":"SKIP","floor":40.0},{"not_picked":["Noxious Fumes+1","Predator+1"],"picked":"After Image","floor":42.0},{"not_picked":["Blade Dance","Deflect","Caltrops"],"picked":"SKIP","floor":44.0},{"not_picked":["Setup","Acrobatics+1","Slice+1"],"picked":"SKIP","floor":46.0},{"not_picked":["Deadly Poison","Blade Dance","Wraith Form v2"],"picked":"SKIP","floor":47},{"not_picked":["Backflip","Choke+1","Poisoned Stab+1"],"picked":"SKIP","floor":48},{"not_picked":["Distraction","Riddle With Holes+1","Backflip+1"],"picked":"SKIP","floor":55}],"player_experience":1460823,"relics_obtained":[{"floor":9.0,"key":"Bag of Marbles"},{"floor":14.0,"key":"Letter Opener"},{"floor":23.0,"key":"Darkstone Periapt"},{"floor":40.0,"key":"FossilizedHelix"},{"floor":42.0,"key":"Centennial Puzzle"},{"floor":43.0,"key":"Molten Egg 2"},{"floor":47,"key":"Potion Belt"},{"floor":55,"key":"Nunchaku"}],"event_choices":[{"cards_removed":["Strike_G"],"damage_healed":0.0,"max_hp_gain":0.0,"max_hp_loss":0.0,"gold_gain":0.0,"event_name":"Golden Wing","player_choice":"Card Removal","floor":2.0,"gold_loss":0.0,"damage_taken":7.0},{"damage_healed":0.0,"max_hp_gain":5.0,"max_hp_loss":0.0,"gold_gain":0.0,"event_name":"Big Fish","player_choice":"Donut","floor":4.0,"gold_loss":0.0,"damage_taken":0.0},{"damage_healed":0.0,"max_hp_gain":0.0,"max_hp_loss":0.0,"gold_gain":0.0,"event_name":"Match and Keep!","player_choice":"0 cards matched","floor":10.0,"gold_loss":0.0,"damage_taken":0.0,"cards_obtained":[]},{"damage_healed":0.0,"max_hp_gain":5.0,"max_hp_loss":0.0,"gold_gain":0.0,"event_name":"Forgotten Altar","player_choice":"Shed Blood","floor":19.0,"gold_loss":0.0,"damage_taken":25.0},{"damage_healed":0.0,"max_hp_gain":0.0,"max_hp_loss":0.0,"gold_gain":0.0,"event_name":"The Library","player_choice":"Read","floor":21.0,"gold_loss":0.0,"damage_taken":0.0,"cards_obtained":["Leg Sweep"]},{"damage_healed":0.0,"max_hp_gain":0.0,"max_hp_loss":0.0,"gold_gain":0.0,"event_name":"Knowing Skull","player_choice":"","floor":25.0,"potions_obtained":[],"gold_loss":0.0,"damage_taken":6.0,"cards_obtained":[]},{"damage_healed":0.0,"max_hp_gain":0.0,"max_hp_loss":0.0,"gold_gain":50.0,"event_name":"Golden Shrine","player_choice":"Pray","floor":41.0,"gold_loss":0.0,"damage_taken":0.0}],"is_beta":false,"boss_relics":[{"not_picked":["Black Star","Philosopher\u0027s Stone"],"picked":"Pandora\u0027s Box"},{"not_picked":["Tiny House","SlaversCollar"],"picked":"HoveringKite"}],"items_purged_floors":[20,29,37],"is_endless":false,"potions_floor_spawned":[1,3,16,30,31,38,39,40,46,47],"ascension_level":20}}