{"host":"m3rs92yjkwi06hli","time":1612052064,"event":{"mods":["Act Like it!","Aspiration","BaseMod","Colored Map","Conspire","Defuse TimeMaze Blight","Downfall","Energized Spire","Hubris","Infinite Spire","Minty Spire (QoL Compilation)","Relic Stats","Replay The Spire","Spicy Shops","StSLib"],"gold_per_floor":[99,99,99,249,249,276,299,299,299,329,229,88,88,103,115,115,115,115],"floor_reached":16,"language":"ENG","playtime":401,"items_purged":["Pain"],"score":109,"play_id":"b2be208f-17f6-4d44-a271-e6a48afc75c4","local_time":"20210130181424","is_ascension_mode":true,"campfire_choices":[{"floor":1,"key":"RECALL"},{"floor":11,"key":"REST"},{"data":"Guardian:StasisStrike","floor":13,"key":"SMITH"}],"circlet_count":0,"master_deck":["Guardian:Strike_Guardian","Guardian:Strike_Guardian+1","Guardian:Strike_Guardian","Guardian:Strike_Guardian+1","Guardian:Defend_Guardian","Guardian:Defend_Guardian","Guardian:Defend_Guardian+1","Guardian:Defend_Guardian","Guardian:CurlUp","Guardian:TwinSlam","Guardian:CrystalBeam","Guardian:Gem_Lightblue","downfall:Icky","downfall:Malfunctioning","Guardian:StasisStrike+1","Guardian:SpikerProtocol","Replay:BluntJabs","Setup"],"relics":["Guardian:ModeShifter","downfall:HeartsMalice","Smiling Mask","hubris:TenFootPole","WarpedTongs","WingedGreaves","downfall:HeartBlessingRed","PrismaticShard"],"acts_visited":["Exordium"],"potions_floor_usage":[10],"damage_taken":[{"damage":0,"enemies":"Cultist","floor":2,"turns":1},{"damage":0,"enemies":"Jaw Worm","floor":3,"turns":1},{"damage":0,"enemies":"conspire:RoseBush","floor":5,"turns":1},{"damage":30,"enemies":"Gremlin Nob","floor":6,"turns":6},{"damage":23,"enemies":"Lagavulin","floor":10,"turns":7},{"damage":5,"enemies":"downfall:FleeingMerchant","floor":12,"turns":4},{"damage":6,"enemies":"Exordium Thugs","floor":14,"turns":4},{"damage":7,"enemies":"3 Louse","floor":15,"turns":2},{"damage":0,"enemies":"DF_ARCHETYPE_STREAMLINE","floor":16,"turns":1}],"seed_played":"6270355391528470987","potions_obtained":[{"floor":6,"key":"LifebloodPotion"},{"floor":10,"key":"SpeedPotion"},{"floor":15,"key":"Slimebound:ThreeZeroPotion"}],"is_trial":false,"path_per_floor":["R_BF","M","M","?","M","E","T","?","?","E","R","$","R","M","M","B"],"character_chosen":"GUARDIAN","items_purchased":["PrismaticShard"],"campfire_rested":1,"item_purchase_floors":[12],"current_hp_per_floor":[80,80,80,80,80,50,50,50,50,27,51,46,46,40,33,33,33,33],"gold":115,"neow_bonus":"THREE_ENEMY_KILL","is_daily":false,"chose_seed":false,"campfire_upgraded":1,"win_rate":0.0,"timestamp":1612052064,"path_taken":["R_BF","M","M","?","M","E","T","?","?","E","R","$","R","M","M","BOSS"],"items_purchased_type":["Relic"],"build_version":"2020-12-22","purchased_purges":1,"victory":false,"max_hp_per_floor":[80,80,80,80,80,80,80,80,80,80,80,80,80,80,80,80,80,80],"relic_stats":{"counters":[8,23],"Smiling Mask":25,"obtain_stats":[{"downfall:HeartBlessingRed":11,"Guardian:ModeShifter":0,"downfall:HeartsMalice":0,"WingedGreaves":10,"hubris:TenFootPole":7,"Smiling Mask":6,"PrismaticShard":12,"WarpedTongs":9},{"downfall:HeartBlessingRed":5,"Guardian:ModeShifter":0,"downfall:HeartsMalice":0,"WingedGreaves":5,"hubris:TenFootPole":4,"Smiling Mask":4,"PrismaticShard":6,"WarpedTongs":4},{"downfall:HeartBlessingRed":13,"Guardian:ModeShifter":0,"downfall:HeartsMalice":0,"WingedGreaves":13,"hubris:TenFootPole":6,"Smiling Mask":6,"PrismaticShard":17,"WarpedTongs":6}],"WarpedTongs":[16]},"card_choices":[{"not_picked":["Guardian:ShieldCharger","Guardian:Reroute"],"picked":"Guardian:CrystalBeam","floor":2},{"not_picked":["Guardian:Reroute","Guardian:RollAttack"],"picked":"Guardian:Gem_Lightblue","floor":3},{"not_picked":["Guardian:ShieldSpikes","Guardian:Gem_Yellow"],"picked":"Guardian:Gem_Cyan","floor":5},{"not_picked":["Guardian:ChargeUp","Guardian:RollAttack"],"picked":"Guardian:Gem_Cyan","floor":6},{"not_picked":["Guardian:PrismaticBeam","Guardian:FuturePlans"],"picked":"Guardian:StasisStrike","floor":10},{"not_picked":["Guardian:ChargeCore","Guardian:Recover"],"picked":"Guardian:SpikerProtocol","floor":12},{"not_picked":["champ:Duel","champ:TornadoPunch"],"picked":"Replay:BluntJabs","floor":14},{"not_picked":["champ:RageSigil","Slimebound:AcidTongue"],"picked":"Setup","floor":15}],"player_experience":919083,"relics_obtained":[{"floor":6,"key":"Smiling Mask"},{"floor":7,"key":"hubris:TenFootPole"},{"floor":10,"key":"WingedGreaves"}],"event_choices":[],"is_beta":false,"boss_relics":[],"items_purged_floors":[12],"is_endless":false,"potions_floor_spawned":[6,10,15],"killed_by":"DF_ARCHETYPE_STREAMLINE","ascension_level":1}}