{"host":"yecadp3kwkksam5a","time":1612107744,"event":{"mods":["100% Spire Juice","Arknights","BaseMod","Minty Spire (QoL Compilation)","Replay The Spire","StSLib","SuperFastMode","The Cursed","WarShipGirlsR/??á´Ò³R mod"],"gold_per_floor":[114,130,130,149,34,34,85,114,167,167,91,91,116,116,116,188,288,307,57,73,191,69,100,100,110,110,110,209,239,289,303,303,382,382,392,352,392,392,215,246,260,293,293,319,338,115,115,131,131,131,131,131,131,159,159],"floor_reached":56,"language":"KOR","playtime":2742,"items_purged":["Strike_R","Strike_R","Strike_R","Strike_R"],"score":2067,"play_id":"88079672-f12d-4208-9e5c-0af46506be29","local_time":"20210201004224","is_ascension_mode":true,"campfire_choices":[{"data":"Armaments","floor":6.0,"key":"SMITH"},{"data":"Uppercut","floor":10.0,"key":"SMITH"},{"data":"Demon Form","floor":15.0,"key":"SMITH"},{"floor":24.0,"key":"RECALL"},{"data":"Shockwave","floor":27.0,"key":"SMITH"},{"data":"ReplayReversal","floor":32.0,"key":"SMITH"},{"floor":47,"key":"DIG"},{"floor":49,"key":"DIG"},{"floor":52,"key":"DIG"}],"circlet_count":0,"master_deck":["AscendersBane","Defend_R+1","Defend_R+1","Defend_R+1","Defend_R","Bash","Armaments+1","Mayhem+1","Mayhem+1","Mayhem+1","Mayhem+1","Mayhem+1","Uppercut+1","Shrug It Off","ReplayTheSpireMod:Stacked","ReplayTheSpireMod:Limb From Limb","Uppercut","Body Slam","Demon Form+1","Reaper","Shrug It Off","Uppercut+1","Shockwave+1","Flash of Steel","Madness","HandOfGreed","ReplayReversal+1","Sword Boomerang","Flame Barrier+1","Limit Break+1","Abandon","Sword Boomerang","Pommel Strike","Body Slam","Armaments","Shockwave","Armaments+1","Dark Embrace","Disarm"],"relics":["Burning Blood","Bird Faced Urn","Onion Ring","Happy Flower","Bag of Marbles","ReplayTheSpireMod:Spearhead","TheAbacus","Tiny House","ReplayTheSpireMod:ShopPack","White Beast Statue","Magic Flower","Gremlin Food","Philosopher\u0027s Stone","Shovel","War Paint","StrikeDummy","Garlic","Replay:PocketPolymizer","Divine Protection","Bag of Preparation"],"acts_visited":["TheCity","TheBeyond","TheEnding"],"potions_floor_usage":[45,45],"damage_taken":[{"damage":0.0,"enemies":"Jaw Worm","floor":1.0,"turns":4.0},{"damage":0.0,"enemies":"Small Slimes","floor":2.0,"turns":4.0},{"damage":15.0,"enemies":"2 Louse","floor":4.0,"turns":3.0},{"damage":2.0,"enemies":"Red Slaver","floor":7.0,"turns":5.0},{"damage":16.0,"enemies":"Gremlin Nob","floor":8.0,"turns":5.0},{"damage":0.0,"enemies":"Lagavulin","floor":13.0,"turns":4.0},{"damage":13.0,"enemies":"Fading Forest","floor":16.0,"turns":11.0},{"damage":24.0,"enemies":"2 Thieves","floor":18.0,"turns":4.0},{"damage":25.0,"enemies":"Chosen","floor":20.0,"turns":5.0},{"damage":22.0,"enemies":"3 Cultists","floor":21.0,"turns":4.0},{"damage":58.0,"enemies":"Gremlin Leader","floor":23.0,"turns":7.0},{"damage":22.0,"enemies":"Chosen and Byrds","floor":25.0,"turns":5.0},{"damage":11.0,"enemies":"Centurion and Healer","floor":29.0,"turns":5.0},{"damage":26.0,"enemies":"Book of Stabbing","floor":30.0,"turns":4.0},{"damage":7.0,"enemies":"Snecko","floor":31.0,"turns":3.0},{"damage":26.0,"enemies":"Collector","floor":33.0,"turns":7.0},{"damage":23.0,"enemies":"3 Darklings","floor":35.0,"turns":6.0},{"damage":24.0,"enemies":"3 Shapes","floor":37.0,"turns":5.0},{"damage":42,"enemies":"Giant Head","floor":40,"turns":8},{"damage":53,"enemies":"Spire Growth","floor":41,"turns":5},{"damage":58,"enemies":"Reptomancer","floor":42,"turns":5},{"damage":9,"enemies":"Nemesis","floor":44,"turns":5},{"damage":28,"enemies":"Jaw Worm Horde","floor":45,"turns":4},{"damage":46,"enemies":"Sphere and 2 Shapes","floor":48,"turns":7},{"damage":49,"enemies":"Donu and Deca","floor":50,"turns":8},{"damage":45,"enemies":"Shield and Spear","floor":54,"turns":7},{"damage":115,"enemies":"The Heart","floor":55,"turns":8}],"seed_played":"6382944932947462416","potions_obtained":[{"floor":4.0,"key":"Milkshake"},{"floor":13.0,"key":"Languid Potion"},{"floor":20.0,"key":"BloodPotion"},{"floor":25.0,"key":"Flashbang"},{"floor":45,"key":"Adrenaline Potion"},{"floor":48,"key":"BloodPotion"}],"is_trial":false,"path_per_floor":["M","M","?","M","$","R","M","E","T","R","$","?","E","?","R","B",null,"M","$","M","M","$","E","R","M","T","R","?","M","E","M","R","B",null,"M","?","M","?","$","E","M","E","T","E","M","$","R","M","R","B",null,"R","$","E","B",null],"character_chosen":"IRONCLAD","items_purchased":["ReplayTheSpireMod:LeadingStrike","Uppercut","TheAbacus","ReplayTheSpireMod:ShopPack","Pommel Strike","Dark Embrace"],"campfire_rested":0,"item_purchase_floors":[5,11,19,22,39,46],"current_hp_per_floor":[75,75,68,65,65,65,75,69,69,69,69,69,75,75,75,68,73,67,67,60,70,70,52,52,62,62,62,62,80,69,80,80,80,80,80,80,80,80,80,70,44,22,22,48,74,74,74,64,64,71,78,78,78,67,26],"gold":159,"neow_bonus":"THREE_CARDS","is_daily":false,"chose_seed":false,"campfire_upgraded":5,"win_rate":0.0,"timestamp":1612107744,"path_taken":["M","M","?","M","$","R","M","E","T","R","$","?","E","?","R","BOSS","BOSS","M","$","M","M","?","E","R","?","T","R","?","M","E","M","R","BOSS","M","?","?","?","$","E","M","E","T","E","M","$","R","?","R","BOSS","R","$","E","BOSS"],"items_purchased_type":["Card","Card","Relic","Relic","Card","Card"],"build_version":"2020-12-22","purchased_purges":4,"victory":true,"max_hp_per_floor":[75,75,75,75,75,75,75,75,75,75,75,75,75,75,75,75,75,75,75,75,80,80,80,80,80,80,80,80,80,80,80,80,80,80,80,80,80,80,80,80,80,80,80,80,80,80,80,80,80,80,80,80,80,80,80],"card_choices":[{"not_picked":["Clothesline","Thunderclap"],"picked":"Armaments","floor":0.0},{"not_picked":["Body Slam","Sever Soul"],"picked":"Uppercut","floor":1.0},{"not_picked":["Armaments","Body Slam"],"picked":"Shrug It Off","floor":2.0},{"not_picked":["Clash","Heavy Blade","Warcry"],"picked":"SKIP","floor":4.0},{"not_picked":["Intimidate","Anger"],"picked":"ReplayTheSpireMod:Stacked","floor":7.0},{"not_picked":["Intimidate","Life Link"],"picked":"ReplayTheSpireMod:Limb From Limb","floor":8.0},{"not_picked":["Battle Trance","Cleave"],"picked":"Body Slam","floor":13.0},{"not_picked":["Replay:Many Hands","Brutality"],"picked":"Reaper","floor":16.0},{"not_picked":["Inflame","Combust+1"],"picked":"Shrug It Off","floor":18.0},{"not_picked":["Blood for Blood","Evolve"],"picked":"Uppercut+1","floor":20.0},{"not_picked":["Wild Strike+1","Havoc"],"picked":"Shockwave","floor":21.0},{"not_picked":["Defy Death","Sentinel","Sword Boomerang"],"picked":"SKIP","floor":21.0},{"not_picked":["Forethought","ReplayTheSpireMod:Uncanny Aura"],"picked":"Flash of Steel","floor":22.0},{"not_picked":["Secret Technique","Discovery"],"picked":"Madness","floor":22.0},{"not_picked":["Thinking Ahead","Transmutation"],"picked":"HandOfGreed","floor":22.0},{"not_picked":["Armaments","Defy Death","Fiend Fire"],"picked":"SKIP","floor":23.0},{"not_picked":["Flex","ReplayTheSpireMod:Strike From Hell","Clash"],"picked":"SKIP","floor":25.0},{"not_picked":["Iron Wave","Life Link"],"picked":"ReplayReversal","floor":29.0},{"not_picked":["Infernal Blade+1","Corruption"],"picked":"Sword Boomerang","floor":30.0},{"not_picked":["Searing Blow","Pommel Strike"],"picked":"Flame Barrier+1","floor":31.0},{"not_picked":["Corruption","Fiend Fire"],"picked":"Limit Break","floor":33.0},{"not_picked":["Clothesline","Rupture"],"picked":"Abandon","floor":35.0},{"not_picked":[],"picked":"Sword Boomerang","floor":36.0},{"not_picked":["Shrug It Off","Twin Strike","Iron Wave"],"picked":"SKIP","floor":37.0},{"not_picked":["Evolve","ReplayTheSpireMod:LeadingStrike","Fiend Fire"],"picked":"SKIP","floor":40},{"not_picked":["ReplayTheSpireMod:Stacked","Anger"],"picked":"Body Slam","floor":41},{"not_picked":["Havoc+1","Impervious"],"picked":"Armaments","floor":42},{"not_picked":["Run Through","Second Wind"],"picked":"Shockwave","floor":44},{"not_picked":["ReplayTheSpireMod:Stacked","ReplayTheSpireMod:Muscle Training"],"picked":"Armaments+1","floor":45},{"not_picked":["Clash","Replay:Undeath\u0027s Touch","Carnage+1"],"picked":"SKIP","floor":48},{"not_picked":["Flex","Pommel Strike"],"picked":"Disarm","floor":54}],"player_experience":575972,"relics_obtained":[{"floor":8.0,"key":"Happy Flower"},{"floor":9.0,"key":"Bag of Marbles"},{"floor":13.0,"key":"ReplayTheSpireMod:Spearhead"},{"floor":23.0,"key":"White Beast Statue"},{"floor":26.0,"key":"Magic Flower"},{"floor":30.0,"key":"Gremlin Food"},{"floor":40,"key":"Shovel"},{"floor":42,"key":"War Paint"},{"floor":44,"key":"StrikeDummy"},{"floor":47,"key":"Garlic"},{"floor":49,"key":"Replay:PocketPolymizer"},{"floor":52,"key":"Divine Protection"},{"floor":54,"key":"Bag of Preparation"}],"event_choices":[{"damage_healed":0.0,"max_hp_gain":0.0,"max_hp_loss":0.0,"gold_gain":0.0,"event_name":"Scrap Ooze","player_choice":"Success","floor":3.0,"gold_loss":0.0,"damage_taken":7.0,"relics_obtained":["Onion Ring"]},{"damage_healed":0.0,"max_hp_gain":0.0,"max_hp_loss":0.0,"gold_gain":0.0,"event_name":"Liars Game","player_choice":"Ignored","floor":12.0,"gold_loss":0.0,"damage_taken":0.0},{"damage_healed":0.0,"max_hp_gain":0.0,"max_hp_loss":0.0,"gold_gain":0.0,"cards_transformed":["Strike_R"],"event_name":"Transmorgrifier","player_choice":"Transformed","floor":14.0,"gold_loss":0.0,"damage_taken":0.0,"cards_obtained":["Demon Form"]},{"damage_healed":0.0,"max_hp_gain":0.0,"max_hp_loss":0.0,"gold_gain":99.0,"event_name":"Nest","player_choice":"Stole From Cult","floor":28.0,"gold_loss":0.0,"damage_taken":0.0},{"damage_healed":0.0,"max_hp_gain":0.0,"max_hp_loss":0.0,"gold_gain":0.0,"event_name":"Upgrade Shrine","player_choice":"Upgraded","floor":38.0,"gold_loss":0.0,"damage_taken":0.0,"cards_upgraded":["Limit Break"]}],"is_beta":false,"boss_relics":[{"not_picked":["Tiny House","Replay:Drink Me"],"picked":"Replay:Wanted Poster"},{"not_picked":["Electric Blood","Calling Bell"],"picked":"Philosopher\u0027s Stone"}],"items_purged_floors":[5,19,39,46],"is_endless":false,"potions_floor_spawned":[4,13,16,18,20,25,29,30,31,33,35,37,40,41,42,44,45,48,54],"ascension_level":14}}