{"host":"p7cjtxxrilhp4dw7","time":1612136763,"event":{"mods":["BaseMod","Block Reminder","Colored Map","Curses Come First","Highlight Path","Minty Spire (QoL Compilation)","Replay The Spire","StSLib","The Hierophant"],"gold_per_floor":[94,94,44,5,19,49,49,84,161,161,175,198,216,229,229,330,330,350,265,265,298,298,298,317,329,341,366,401,438,450,466,478,616,628,660,685,720,753,588,588,621,644,644,644,399,399,399,414,414,414],"floor_reached":51,"language":"ENG","playtime":5413,"items_purged":["Parasite","hierophant:Strike_Hierophant"],"score":867,"play_id":"14d2e67d-c39b-45f9-8787-c9846e740ed0","local_time":"20210131164603","is_ascension_mode":true,"campfire_choices":[{"floor":7,"key":"REST"},{"data":"hierophant:Kindle","floor":15,"key":"SMITH"},{"floor":23,"key":"REST"},{"floor":25,"key":"REST"},{"data":"hierophant:ChurchCoffers","floor":32,"key":"SMITH"},{"data":"Enlightenment","floor":40,"key":"SMITH"},{"floor":44,"key":"REST"},{"data":"Collect","floor":47,"key":"SMITH"},{"floor":49,"key":"REST"}],"circlet_count":0,"master_deck":["hierophant:Strike_Hierophant","hierophant:Strike_Hierophant","hierophant:Strike_Hierophant","hierophant:Punish","hierophant:Defend_Hierophant","hierophant:Defend_Hierophant","hierophant:Defend_Hierophant","hierophant:Defend_Hierophant","hierophant:ChurchCoffers+1","hierophant:Shelter","hierophant:FlamingChariot+1","hierophant:HammerAndAnvil","hierophant:FlamingChariot+1","hierophant:Kindle+1","Headbutt+1","Iron Wave+1","Twin Strike+1","Judgement","Collect+1","Enlightenment+1","Sanctity+1","Slice+1","Armaments+1","Die Die Die+1","Thunderclap+1","Flying Knee+1","Ghostly Armor+1","hierophant:FieryStrike+1","hierophant:Kindle+1"],"relics":["hierophant:PropheticMaskRelic","Pen Nib","Golden Idol","Omamori","Molten Egg 2","Question Card","PrismaticShard","Black Star","Garlic","Nilry\u0027s Codex","Red Mask","MawBank","Boot","Bag of Preparation","Replay:Towering Pillar of Hats","Replay:Bottled Steam","Meat on the Bone","Abe\u0027s Treasure","ReplayFunnel","White Beast Statue","Shuriken","Anchor"],"acts_visited":["Exordium","TheCity","TheBeyond"],"potions_floor_usage":[16,18,21,33,39,41,42,50,50],"damage_taken":[{"damage":0,"enemies":"2 Louse","floor":1,"turns":2},{"damage":4,"enemies":"Small Slimes","floor":5,"turns":2},{"damage":25,"enemies":"Gremlin Nob","floor":6,"turns":4},{"damage":1,"enemies":"Replay:BlueRogue","floor":8,"turns":3},{"damage":2,"enemies":"Jaw Worm","floor":11,"turns":2},{"damage":5,"enemies":"Red Slaver","floor":12,"turns":3},{"damage":0,"enemies":"Large Slime","floor":13,"turns":2},{"damage":0,"enemies":"3 Louse","floor":14,"turns":3},{"damage":26,"enemies":"Hexaghost","floor":16,"turns":4},{"damage":12,"enemies":"2 Thieves","floor":18,"turns":3},{"damage":0,"enemies":"Masked Bandits","floor":21,"turns":3},{"damage":3,"enemies":"Replay:Snechameleon","floor":24,"turns":4},{"damage":0,"enemies":"Spheric Guardian","floor":27,"turns":1},{"damage":9,"enemies":"Slavers","floor":28,"turns":4},{"damage":0,"enemies":"Chosen and Byrds","floor":29,"turns":4},{"damage":5,"enemies":"Shelled Parasite and Fungi","floor":31,"turns":4},{"damage":14,"enemies":"Pondfish","floor":33,"turns":7},{"damage":0,"enemies":"3 Shapes","floor":35,"turns":3},{"damage":0,"enemies":"Orb Walker","floor":36,"turns":2},{"damage":5,"enemies":"Writhing Mass","floor":37,"turns":3},{"damage":0,"enemies":"Sphere and 2 Shapes","floor":38,"turns":3},{"damage":15,"enemies":"Reptomancer","floor":41,"turns":4},{"damage":37,"enemies":"Transient","floor":42,"turns":5},{"damage":0,"enemies":"4 Shapes","floor":48,"turns":3},{"damage":28,"enemies":"Donu and Deca","floor":50,"turns":6}],"seed_played":"6193842019025779621","potions_obtained":[{"floor":8,"key":"LiquidMemories"},{"floor":11,"key":"SteroidPotion"},{"floor":13,"key":"CultistPotion"},{"floor":21,"key":"LifebloodPotion"},{"floor":24,"key":"Fire Potion"},{"floor":28,"key":"FearPotion"},{"floor":31,"key":"LiquidMemories"},{"floor":33,"key":"ColorlessPotion"},{"floor":38,"key":"SkillPotion"},{"floor":42,"key":"Explosive Potion"},{"floor":48,"key":"Dexterity Potion"}],"is_trial":false,"path_per_floor":["M","?","?","$","M","E","R","E","T","?","M","M","M","M","R_BF","B",null,"M","?","?","?","?","R","E","R","T","M","E","M","?","M","R","B",null,"M","M","M","M","$","R","E","M","T","R","$","?","R","M","R","B",null],"character_chosen":"HIEROPHANT","items_purchased":["hierophant:FlamingChariot+1","Fruit Juice","Anchor"],"campfire_rested":5,"item_purchase_floors":[4,39,45],"current_hp_per_floor":[75,75,75,75,71,46,68,67,67,67,65,60,60,60,60,34,75,63,63,47,47,35,57,54,75,75,75,66,66,66,61,61,47,75,75,75,70,70,75,75,60,35,35,58,58,58,58,58,77,49],"gold":414,"neow_bonus":"RANDOM_COMMON_RELIC","is_daily":false,"chose_seed":false,"campfire_upgraded":4,"win_rate":0.0,"timestamp":1612136763,"path_taken":["M","?","?","$","M","E","R","E","T","?","M","?","M","M","R_BF","BOSS","M","?","?","?","?","R","E","R","T","?","E","M","?","M","R","BOSS","M","M","M","M","$","R","E","M","T","R","$","?","R","?","R","BOSS"],"items_purchased_type":["Card","Potion","Relic"],"build_version":"2020-12-22","purchased_purges":2,"victory":true,"max_hp_per_floor":[75,75,75,75,75,75,75,75,75,75,75,75,75,75,75,75,75,75,75,75,75,75,75,75,75,75,75,75,75,75,75,75,75,75,75,75,75,75,77,77,77,77,77,77,77,77,77,77,77,77],"card_choices":[{"not_picked":["hierophant:Encroach","hierophant:FaithHealing"],"picked":"hierophant:Shelter","floor":1},{"not_picked":["hierophant:RustyCrate","hierophant:Mercenaries","hierophant:SecretStash"],"picked":"SKIP","floor":5},{"not_picked":["hierophant:Determination","hierophant:Zeal"],"picked":"hierophant:HammerAndAnvil","floor":6},{"not_picked":["hierophant:Shelter","hierophant:MorningPrayer"],"picked":"hierophant:FlamingChariot+1","floor":8},{"not_picked":["Clothesline+1","hierophant:Sermon","Bouncing Flask"],"picked":"hierophant:Kindle","floor":11},{"not_picked":["Chill","ReplayReversal","Replay:BluntJabs+1"],"picked":"Headbutt+1","floor":12},{"not_picked":["FlurryOfBlows+1","hierophant:Purify+1","hierophant:PassingBell+1"],"picked":"Iron Wave+1","floor":13},{"not_picked":["Slice+1","hierophant:CursedGold","Panacea"],"picked":"Twin Strike+1","floor":14},{"not_picked":["ReplayTheSpireMod:From All Sides+1","ReplayTheSpireMod:Necrogeddon+1","Thinking Ahead"],"picked":"Judgement","floor":16},{"not_picked":["Meditate+1","Replay:Battleflow","ClearTheMind","SignatureMove+1"],"picked":"SKIP","floor":18},{"not_picked":["Slice+1","Setup","Replay:Battleflow"],"picked":"Collect","floor":21},{"not_picked":["hierophant:Dazzle","Replay:Hum","Bouncing Flask","Electrodynamics"],"picked":"SKIP","floor":24},{"not_picked":["ReplayTheSpireMod:Shiv Toss","hierophant:Smite+1","BowlingBash+1"],"picked":"Sanctity+1","floor":27},{"not_picked":["ReplayTheSpireMod:Uncanny Aura","Catalyst","PanicButton"],"picked":"Slice+1","floor":28},{"not_picked":["hierophant:Community","hierophant:Dazzle+1","Crescendo","Pommel Strike+1"],"picked":"SKIP","floor":29},{"not_picked":["Wild Strike+1","Bloodletting","Night Terror"],"picked":"Armaments+1","floor":31},{"not_picked":["ReplayTheSpireMod:Omega Cannon+1","A Thousand Cuts","Envenom"],"picked":"Die Die Die+1","floor":33},{"not_picked":["Cold Snap+1","ReplayTheSpireMod:Stacked+1","Armaments+1"],"picked":"Thunderclap+1","floor":35},{"not_picked":["Poisoned Stab+1","BasicCrystalCard","FlyingSleeves+1"],"picked":"Flying Knee+1","floor":36},{"not_picked":["Concentrate+1","Clash+1","Worship"],"picked":"Ghostly Armor+1","floor":37},{"not_picked":["ReplayTheSpireMod:Repulse+1","ReplayTheSpireMod:LeadingStrike+1","Pommel Strike+1","hierophant:Remorse+1"],"picked":"SKIP","floor":38},{"not_picked":["Quick Slash+1","Iron Wave+1","Havoc+1"],"picked":"hierophant:FieryStrike+1","floor":41},{"not_picked":["Abandon","Madness+1","FlurryOfBlows+1","Sever Soul+1"],"picked":"SKIP","floor":42},{"not_picked":["hierophant:OrnateBuckler+1","Beam Cell+1","CarveReality+1","Crystallizer+1"],"picked":"SKIP","floor":48}],"player_experience":593131,"relics_obtained":[{"floor":6,"key":"Omamori"},{"floor":8,"key":"Molten Egg 2"},{"floor":9,"key":"Question Card"},{"floor":20,"key":"Nilry\u0027s Codex"},{"floor":21,"key":"Red Mask"},{"floor":24,"key":"MawBank"},{"floor":24,"key":"Boot"},{"floor":26,"key":"Bag of Preparation"},{"floor":28,"key":"Replay:Towering Pillar of Hats"},{"floor":28,"key":"Replay:Bottled Steam"},{"floor":41,"key":"ReplayFunnel"},{"floor":41,"key":"White Beast Statue"},{"floor":43,"key":"Shuriken"}],"event_choices":[{"damage_healed":0,"gold_gain":0,"player_choice":"Take Wound","damage_taken":0,"relics_obtained":["Golden Idol"],"max_hp_gain":0,"max_hp_loss":0,"event_name":"Golden Idol","floor":2,"gold_loss":0,"cards_obtained":["Injury"]},{"cards_removed":["Injury"],"damage_healed":0,"gold_gain":0,"player_choice":"Card Removal","damage_taken":0,"max_hp_gain":0,"max_hp_loss":0,"event_name":"The Cleric","floor":3,"gold_loss":50},{"damage_healed":0,"gold_gain":0,"player_choice":"Obtained Relic","damage_taken":0,"relics_obtained":["Garlic"],"max_hp_gain":0,"max_hp_loss":0,"event_name":"Addict","floor":19,"gold_loss":85},{"damage_healed":0,"gold_gain":0,"player_choice":"Obtained Book","damage_taken":16,"max_hp_gain":0,"max_hp_loss":0,"event_name":"Cursed Tome","floor":20,"gold_loss":0},{"damage_healed":0,"gold_gain":0,"player_choice":"Fought Bandits","damage_taken":0,"max_hp_gain":0,"max_hp_loss":0,"event_name":"Masked Bandits","floor":21,"gold_loss":0},{"damage_healed":0,"gold_gain":0,"player_choice":"CARD ","damage_taken":12,"max_hp_gain":0,"max_hp_loss":0,"event_name":"Knowing Skull","floor":22,"potions_obtained":[],"gold_loss":0,"cards_obtained":["Enlightenment"]},{"damage_healed":0,"gold_gain":0,"player_choice":"Opened","damage_taken":0,"relics_obtained":["Meat on the Bone"],"max_hp_gain":0,"max_hp_loss":0,"event_name":"The Mausoleum","floor":30,"gold_loss":0},{"damage_healed":0,"gold_gain":0,"player_choice":"Copied","damage_taken":0,"max_hp_gain":0,"max_hp_loss":0,"event_name":"Duplicator","floor":46,"gold_loss":0,"cards_obtained":["hierophant:Kindle"]}],"is_beta":false,"boss_relics":[{"not_picked":["Busted Crown","Fusion Hammer"],"picked":"Black Star"},{"not_picked":["Ring of Chaos","SlaversCollar"],"picked":"Abe\u0027s Treasure"}],"items_purged_floors":[39,45],"is_endless":false,"potions_floor_spawned":[8,11,13,21,24,28,31,33,38,42,48],"ascension_level":4}}