{"host":"cxn6tbf67hppzwy1","time":1612090232,"event":{"mods":["BaseMod","Minty Spire (QoL Compilation)"],"gold_per_floor":[116,116,66,84,84,100,100,119,119,134,146,179,179,507,507,507,507],"floor_reached":16,"language":"ZHS","playtime":376,"items_purged":[],"score":118,"play_id":"73008cdd-35f6-4b44-80dd-b7666a47867e","local_time":"20210131185032","is_ascension_mode":true,"campfire_choices":[{"data":"Defragment","floor":13,"key":"SMITH"},{"data":"Dualcast","floor":15,"key":"SMITH"}],"circlet_count":0,"master_deck":["Strike_B","Strike_B","Defend_B","Defend_B","Defend_B","Zap","Dualcast+1","Glacier","Seek","Turbo","Sunder+1","Defragment+1"],"relics":["Cracked Core","NeowsBlessing","Torii","Old Coin"],"acts_visited":["Exordium"],"potions_floor_usage":[],"damage_taken":[{"damage":0,"enemies":"Small Slimes","floor":1,"turns":1},{"damage":0,"enemies":"2 Louse","floor":4,"turns":1},{"damage":0,"enemies":"Cultist","floor":6,"turns":1},{"damage":0,"enemies":"Blue Slaver","floor":8,"turns":1},{"damage":0,"enemies":"Red Slaver","floor":10,"turns":1},{"damage":0,"enemies":"Large Slime","floor":11,"turns":3},{"damage":2,"enemies":"Lagavulin","floor":12,"turns":9},{"damage":18,"enemies":"Gremlin Nob","floor":14,"turns":5},{"damage":63,"enemies":"Slime Boss","floor":16,"turns":7}],"seed_played":"950510851595571881","potions_obtained":[{"floor":4,"key":"Swift Potion"},{"floor":6,"key":"CultistPotion"},{"floor":10,"key":"EntropicBrew"},{"floor":14,"key":"PowerPotion"}],"is_trial":false,"path_per_floor":["M","?","?","M","?","M","?","M","T","M","M","E","R","E","R","B"],"character_chosen":"DEFECT","items_purchased":[],"campfire_rested":0,"item_purchase_floors":[],"current_hp_per_floor":[75,75,75,75,75,75,75,75,75,75,75,73,73,55,55,0,0],"gold":507,"neow_bonus":"THREE_ENEMY_KILL","is_daily":false,"chose_seed":false,"campfire_upgraded":2,"win_rate":0.0,"timestamp":1612090232,"path_taken":["M","?","?","M","?","?","?","?","T","M","M","E","R","E","R","BOSS"],"items_purchased_type":[],"build_version":"2020-12-22","purchased_purges":0,"victory":false,"max_hp_per_floor":[75,75,75,75,75,75,75,75,75,75,75,75,75,75,75,75,75],"card_choices":[{"not_picked":["Go for the Eyes","Steam"],"picked":"Glacier","floor":1},{"not_picked":["Steam","Hologram"],"picked":"Turbo","floor":4},{"not_picked":["BootSequence","Force Field"],"picked":"Sunder","floor":6},{"not_picked":["Go for the Eyes","Hologram"],"picked":"Defragment","floor":8},{"not_picked":["Melter","Sunder","Aggregate"],"picked":"SKIP","floor":10},{"not_picked":["Aggregate","Glacier","Steam Power"],"picked":"SKIP","floor":11},{"not_picked":["Gash","Tempest","Steam Power"],"picked":"SKIP","floor":12},{"not_picked":["Sweeping Beam","Reinforced Body","Hello World"],"picked":"SKIP","floor":14}],"player_experience":59042,"relics_obtained":[{"floor":12,"key":"Torii"},{"floor":14,"key":"Old Coin"}],"event_choices":[{"damage_healed":0,"gold_gain":0,"cards_transformed":["Strike_B"],"player_choice":"Change","damage_taken":0,"max_hp_gain":0,"max_hp_loss":0,"event_name":"Living Wall","floor":2,"gold_loss":0,"cards_obtained":["Seek"]},{"cards_removed":["Defend_B"],"damage_healed":0,"gold_gain":0,"player_choice":"Card Removal","damage_taken":0,"max_hp_gain":0,"max_hp_loss":0,"event_name":"The Cleric","floor":3,"gold_loss":50},{"cards_removed":["Strike_B"],"damage_healed":0,"gold_gain":0,"player_choice":"Card Removal","damage_taken":0,"max_hp_gain":0,"max_hp_loss":0,"event_name":"Wheel of Change","floor":5,"gold_loss":0},{"damage_healed":0,"gold_gain":0,"player_choice":"Forge","damage_taken":0,"max_hp_gain":0,"max_hp_loss":0,"event_name":"Accursed Blacksmith","floor":7,"gold_loss":0,"cards_upgraded":["Sunder"]}],"is_beta":false,"boss_relics":[],"items_purged_floors":[],"is_endless":false,"potions_floor_spawned":[4,6,10,14],"killed_by":"Slime Boss","ascension_level":1}}