{"host":"zfh44j5h77tkupss","time":1612096978,"event":{"mods":["AchievementEnabler","BaseMod","Bestiary","Better Skull","Better Third Choice","Better Vampires","Colored Map","Colored Powertips","Highlight Path","Minty Spire (QoL Compilation)","Permanent Neow","Quick Restart","Rare Cards Sparkle","Relic Stats","StSLib"],"gold_per_floor":[114,131,151,37,51,79,79,111,111,143,143,43,43,53,53,152,152,170,45,45,57,57,57,57,88,140,175,190,190,190],"floor_reached":29,"language":"ENG","playtime":992,"items_purged":["Strike_G","Strike_G","Defend_G"],"score":379,"play_id":"6529da9e-aed0-4c2c-81fc-fbb6351cff17","local_time":"20210131134258","is_ascension_mode":true,"campfire_choices":[{"floor":7.0,"key":"REST"},{"floor":13.0,"key":"REST"},{"floor":15.0,"key":"REST"},{"floor":23.0,"key":"REST"}],"circlet_count":0,"master_deck":["Strike_G","Strike_G","Strike_G+1","Defend_G+1","Defend_G","Defend_G","Defend_G","Survivor","Neutralize+1","Slice","Infinite Blades","Blade Dance+1","Accuracy","Backflip","Endless Agony","Storm of Steel","Blade Dance","Adrenaline","Accuracy","Accuracy","Quick Slash","Deflect+1"],"relics":["WristBlade","Art of War","Omamori","War Paint","Bottled Tornado","Cursed Key","Paper Crane","InkBottle","Juzu Bracelet","Lantern"],"acts_visited":["Exordium","TheCity"],"potions_floor_usage":[29],"damage_taken":[{"damage":7.0,"enemies":"Small Slimes","floor":1.0,"turns":4.0},{"damage":5.0,"enemies":"Jaw Worm","floor":2.0,"turns":3.0},{"damage":1.0,"enemies":"2 Louse","floor":3.0,"turns":3.0},{"damage":5.0,"enemies":"Red Slaver","floor":5.0,"turns":4.0},{"damage":6.0,"enemies":"3 Sentries","floor":6.0,"turns":6.0},{"damage":25.0,"enemies":"Gremlin Nob","floor":8.0,"turns":4.0},{"damage":2.0,"enemies":"3 Sentries","floor":10.0,"turns":4.0},{"damage":10.0,"enemies":"Lots of Slimes","floor":14.0,"turns":3.0},{"damage":15.0,"enemies":"Hexaghost","floor":16.0,"turns":4.0},{"damage":17.0,"enemies":"2 Thieves","floor":18.0,"turns":2.0},{"damage":1.0,"enemies":"Shell Parasite","floor":21.0,"turns":2.0},{"damage":25.0,"enemies":"Slavers","floor":25.0,"turns":3.0},{"damage":25.0,"enemies":"Book of Stabbing","floor":27.0,"turns":3.0},{"damage":7.0,"enemies":"Centurion and Healer","floor":28.0,"turns":3.0},{"damage":19,"enemies":"Slavers","floor":29,"turns":1}],"seed_played":"5971518098767720773","potions_obtained":[{"floor":2.0,"key":"Dexterity Potion"},{"floor":3.0,"key":"SteroidPotion"},{"floor":6.0,"key":"CultistPotion"},{"floor":14.0,"key":"ColorlessPotion"},{"floor":27.0,"key":"SpeedPotion"},{"floor":28.0,"key":"LiquidBronze"}],"is_trial":false,"path_per_floor":["M","M","M","$","M","E","R","E","T","E","?","$","R","M","R","B",null,"M","$","?","M","T","R","?","E","T","E","M","E"],"character_chosen":"THE_SILENT","items_purchased":["Accuracy"],"campfire_rested":4,"item_purchase_floors":[4],"current_hp_per_floor":[56,51,50,50,45,39,60,35,35,33,19,19,40,30,51,36,62,45,45,32,31,31,53,75,50,50,25,18,0,0],"gold":190,"neow_bonus":"BOSS_RELIC","is_daily":false,"chose_seed":false,"campfire_upgraded":0,"win_rate":0.0,"timestamp":1612096978,"path_taken":["M","M","M","$","M","E","R","E","T","E","?","$","R","M","R","BOSS","M","$","?","M","?","R","?","E","T","E","M","E"],"items_purchased_type":["Card"],"build_version":"2020-12-22","purchased_purges":3,"victory":false,"max_hp_per_floor":[70,70,70,70,70,70,70,70,70,70,70,70,70,70,70,70,70,70,70,75,75,75,75,75,75,75,75,75,75,75],"relic_stats":{"counters":[15,49],"Art of War":[1],"Juzu Bracelet":0,"War Paint":["Blade Dance","Defend_G"],"Cursed Key":2,"obtain_stats":[{"Lantern":27,"WristBlade":0,"Art of War":6,"Omamori":8,"Juzu Bracelet":26,"War Paint":9,"Bottled Tornado":10,"Paper Crane":22,"Cursed Key":17,"InkBottle":25,"Ring of the Snake":0},{"Lantern":13,"WristBlade":0,"Art of War":5,"Omamori":6,"Juzu Bracelet":12,"War Paint":6,"Bottled Tornado":7,"Paper Crane":11,"Cursed Key":9,"InkBottle":12,"Ring of the Snake":0},{"Lantern":45,"WristBlade":0,"Art of War":20,"Omamori":24,"Juzu Bracelet":42,"War Paint":24,"Bottled Tornado":28,"Paper Crane":39,"Cursed Key":35,"InkBottle":42,"Ring of the Snake":0}],"InkBottle":[4]},"card_choices":[{"not_picked":["Expertise","Footwork"],"picked":"Slice","floor":1.0},{"not_picked":["Blur","Deadly Poison"],"picked":"Infinite Blades","floor":2.0},{"not_picked":["Bane","Crippling Poison"],"picked":"Blade Dance","floor":3.0},{"not_picked":["Slice","Prepared"],"picked":"Backflip","floor":5.0},{"not_picked":["Flechettes","Concentrate"],"picked":"Endless Agony","floor":6.0},{"not_picked":["Poisoned Stab","Slice","Deflect"],"picked":"SKIP","floor":8.0},{"not_picked":["Sucker Punch","Reflex"],"picked":"Storm of Steel","floor":10.0},{"not_picked":["Setup","Dagger Spray"],"picked":"Blade Dance","floor":14.0},{"not_picked":["Doppelganger","Tools of the Trade"],"picked":"Adrenaline","floor":16.0},{"not_picked":["Leg Sweep","Acrobatics","Heel Hook"],"picked":"SKIP","floor":18.0},{"not_picked":["Bane+1","Outmaneuver+1"],"picked":"Accuracy","floor":21.0},{"not_picked":["Caltrops","Deflect"],"picked":"Accuracy","floor":25.0},{"not_picked":["Well Laid Plans","Sucker Punch"],"picked":"Quick Slash","floor":27.0},{"not_picked":["Corpse Explosion","Concentrate"],"picked":"Deflect+1","floor":28.0}],"player_experience":325412,"relics_obtained":[{"floor":6.0,"key":"Art of War"},{"floor":8.0,"key":"Omamori"},{"floor":9.0,"key":"War Paint"},{"floor":10.0,"key":"Bottled Tornado"},{"floor":22.0,"key":"Paper Crane"},{"floor":25.0,"key":"InkBottle"},{"floor":26.0,"key":"Juzu Bracelet"},{"floor":27.0,"key":"Lantern"}],"event_choices":[{"damage_healed":33.0,"max_hp_gain":0.0,"max_hp_loss":70.0,"gold_gain":0.0,"event_name":"betterThird:BetterShining","player_choice":"Upgrade","floor":11.0,"gold_loss":0.0,"damage_taken":14.0,"cards_upgraded":["Neutralize","Strike_G"]},{"damage_healed":0.0,"max_hp_gain":5.0,"max_hp_loss":0.0,"gold_gain":0.0,"event_name":"Forgotten Altar","player_choice":"Shed Blood","floor":20.0,"gold_loss":0.0,"damage_taken":18.0},{"damage_healed":25.0,"max_hp_gain":0.0,"max_hp_loss":0.0,"gold_gain":0.0,"event_name":"The Library","player_choice":"Heal","floor":24.0,"gold_loss":0.0,"damage_taken":0.0}],"is_beta":false,"boss_relics":[{"not_picked":["Sozu","Velvet Choker"],"picked":"Cursed Key"}],"items_purged_floors":[4,12,19],"is_endless":false,"potions_floor_spawned":[2,3,6,14,27,28],"killed_by":"Slavers","ascension_level":7}}