{"host":"sad04l3m69qtnhom","time":1612076575,"event":{"mods":["AchievementEnabler","BaseMod","Colored Map","Colored Powertips","DeckTracker","Highlight Path","Minty Spire (QoL Compilation)","Permanent Neow","Quick Restart","SuperFastMode","everything is the same but u backflip on backflip"],"gold_per_floor":[112,112,112,133,152,196,219,219,219,257,282,282,303,24,24,145,145,145,145],"floor_reached":18,"language":"KOR","playtime":813,"items_purged":[],"score":206,"play_id":"a5c481ac-9e02-49d5-904e-1aeaf35edd2f","local_time":"20210131160255","is_ascension_mode":true,"campfire_choices":[{"data":"Hyperbeam","floor":8,"key":"SMITH"},{"floor":15,"key":"REST"}],"circlet_count":0,"master_deck":["Strike_B","Strike_B","Defend_B","Defend_B","Defend_B","Defend_B","Zap","Dualcast","Hyperbeam+1","Fusion","Go for the Eyes","Seek","Conserve Battery","Fusion","Skim+1","Machine Learning"],"relics":["Cracked Core","Golden Idol","Eternal Feather","Gambling Chip","StoneCalendar","Toxic Egg 2","Inserter"],"acts_visited":["Exordium","TheCity"],"potions_floor_usage":[6,6],"damage_taken":[{"damage":0,"enemies":"Cultist","floor":1,"turns":2},{"damage":7,"enemies":"Jaw Worm","floor":4,"turns":3},{"damage":0,"enemies":"Small Slimes","floor":5,"turns":1},{"damage":15,"enemies":"3 Sentries","floor":6,"turns":4},{"damage":8,"enemies":"Red Slaver","floor":7,"turns":3},{"damage":27,"enemies":"Lagavulin","floor":10,"turns":8},{"damage":3,"enemies":"Looter","floor":11,"turns":2},{"damage":0,"enemies":"Exordium Wildlife","floor":13,"turns":1},{"damage":34,"enemies":"Hexaghost","floor":16,"turns":11},{"damage":10,"enemies":"Shell Parasite","floor":18,"turns":3}],"seed_played":"-836226937584164970","potions_obtained":[{"floor":1,"key":"Energy Potion"},{"floor":4,"key":"SkillPotion"},{"floor":11,"key":"LiquidMemories"},{"floor":16,"key":"DistilledChaos"}],"is_trial":false,"path_per_floor":["M","?","?","M","M","E","M","R","T","E","M","?","M","$","R","B",null,"M"],"character_chosen":"DEFECT","items_purchased":["Toxic Egg 2","Skim+1"],"campfire_rested":1,"item_purchase_floors":[14,14],"current_hp_per_floor":[75,69,69,62,62,47,39,45,45,18,15,15,15,15,44,10,69,59,59],"gold":145,"neow_bonus":"ONE_RANDOM_RARE_CARD","is_daily":false,"chose_seed":false,"campfire_upgraded":1,"win_rate":0.0,"timestamp":1612076575,"path_taken":["M","?","?","M","M","E","M","R","T","E","?","?","M","$","R","BOSS","M"],"items_purchased_type":["Relic","Card"],"build_version":"2020-12-22","purchased_purges":0,"victory":false,"max_hp_per_floor":[75,69,69,69,69,69,69,69,69,69,69,69,69,69,69,69,69,69,69],"card_choices":[{"not_picked":["Steam","Rebound","Compile Driver"],"picked":"SKIP","floor":1},{"not_picked":["Gash","Coolheaded","Force Field"],"picked":"SKIP","floor":4},{"not_picked":["Hologram","Leap"],"picked":"Fusion","floor":5},{"not_picked":["Static Discharge","Defragment","Sweeping Beam"],"picked":"SKIP","floor":6},{"not_picked":["Electrodynamics","Streamline"],"picked":"Go for the Eyes","floor":7},{"not_picked":["Glacier","Melter"],"picked":"Seek","floor":10},{"not_picked":["Rebound","Turbo"],"picked":"Conserve Battery","floor":11},{"not_picked":["Steam","Ball Lightning","Hologram"],"picked":"SKIP","floor":13},{"not_picked":["Thunder Strike","Fission+1"],"picked":"Machine Learning","floor":16}],"player_experience":422451,"relics_obtained":[{"floor":6,"key":"Eternal Feather"},{"floor":9,"key":"Gambling Chip"},{"floor":10,"key":"StoneCalendar"}],"event_choices":[{"damage_healed":0,"gold_gain":0,"player_choice":"Lose Max HP","damage_taken":0,"relics_obtained":["Golden Idol"],"max_hp_gain":0,"max_hp_loss":6,"event_name":"Golden Idol","floor":2,"gold_loss":0},{"cards_removed":["Strike_B"],"damage_healed":0,"gold_gain":0,"player_choice":"Offered Basic","damage_taken":0,"max_hp_gain":0,"max_hp_loss":0,"event_name":"Bonfire Elementals","floor":3,"gold_loss":0},{"damage_healed":0,"gold_gain":0,"cards_transformed":["Strike_B"],"player_choice":"Transformed","damage_taken":0,"max_hp_gain":0,"max_hp_loss":0,"event_name":"Transmorgrifier","floor":12,"gold_loss":0,"cards_obtained":["Fusion"]}],"is_beta":false,"boss_relics":[{"not_picked":["Snecko Eye","Ectoplasm"],"picked":"Inserter"}],"items_purged_floors":[],"is_endless":false,"potions_floor_spawned":[1,4,11,16],"killed_by":"Shell Parasite","ascension_level":4}}