{"host":"Nexxot","time":1612115269,"event":{"mods":["AchievementEnabler","BaseMod","Bestiary","Colored Map","Curses Come First","Downfall","Highlight Path","Minty Spire (QoL Compilation)","Relic Stats","StSLib"],"gold_per_floor":[99,115,134,284,299,312,312,331,357,357,457,160,160,175,188,188,188,188],"floor_reached":16,"language":"ENG","playtime":1317,"items_purged":["champ:Strike"],"score":109,"play_id":"2e474ad5-f96e-4586-b9ff-a82e6a0a81cb","local_time":"20210131184749","is_ascension_mode":true,"campfire_choices":[{"data":"champ:Taunt","floor":1,"key":"SMITH"},{"data":"champ:BerserkerStyle","floor":10,"key":"SMITH"},{"floor":13,"key":"REST"}],"circlet_count":0,"master_deck":["champ:Strike","champ:Strike","champ:Defend","champ:Defend","champ:Defend","champ:Defend","champ:Execute","champ:Taunt+1","champ:PreciseThrust","champ:EnragedBash","champ:AdrenalArmor","champ:BerserkerStyle+1","champ:Haymaker","champ:BringItOn","champ:TripleStrike+1","champ:GladiatorStyle","champ:IronFortress","champ:GutPunch","champ:FlashCut","champ:DefensiveStyle","champ:TornadoPunch"],"relics":["champ:ChampionCrown","Pocketwatch","Bird Faced Urn","Anchor"],"acts_visited":["Exordium"],"potions_floor_usage":[11],"damage_taken":[{"damage":10,"enemies":"Small Slimes","floor":2,"turns":5},{"damage":8,"enemies":"2 Louse","floor":3,"turns":2},{"damage":15,"enemies":"Jaw Worm","floor":5,"turns":2},{"damage":45,"enemies":"Large Slime","floor":6,"turns":8},{"damage":36,"enemies":"2 Fungi Beasts","floor":8,"turns":4},{"damage":38,"enemies":"Gremlin Nob","floor":9,"turns":4},{"damage":68,"enemies":"downfall:Heads","floor":11,"turns":7},{"damage":40,"enemies":"downfall:FleeingMerchant","floor":12,"turns":4},{"damage":51,"enemies":"Exordium Wildlife","floor":14,"turns":3},{"damage":13,"enemies":"Red Slaver","floor":15,"turns":3},{"damage":64,"enemies":"IC_STATUS_ARCHETYPE","floor":16,"turns":8}],"seed_played":"5913410769169612119","potions_obtained":[{"floor":3,"key":"BlessingOfTheForge"},{"floor":8,"key":"SpeedPotion"},{"floor":14,"key":"Dexterity Potion"}],"is_trial":false,"path_per_floor":["R","M","M","?","M","M","T","M","E","R","?","$","R","M","M","B"],"character_chosen":"THE_CHAMP","items_purchased":["Anchor","champ:FlashCut"],"campfire_rested":1,"item_purchase_floors":[12,12],"current_hp_per_floor":[90,90,87,87,87,77,77,70,42,42,22,24,51,44,47,0,0,0],"gold":188,"neow_bonus":"THREE_CARDS","is_daily":false,"chose_seed":false,"campfire_upgraded":2,"win_rate":0.0,"timestamp":1612115269,"path_taken":["R","M","M","?","M","M","T","M","E","R","?","$","R","M","M","BOSS"],"items_purchased_type":["Relic","Card"],"build_version":"2020-12-18","purchased_purges":1,"victory":false,"max_hp_per_floor":[90,90,90,90,90,90,90,90,90,90,90,90,90,90,90,90,90,90],"relic_stats":{"counters":[11,50],"Bird Faced Urn":[20],"obtain_stats":[{"Anchor":12,"Bird Faced Urn":9,"champ:ChampionCrown":0,"Pocketwatch":7},{"Anchor":8,"Bird Faced Urn":6,"champ:ChampionCrown":0,"Pocketwatch":4},{"Anchor":36,"Bird Faced Urn":25,"champ:ChampionCrown":0,"Pocketwatch":17}],"Pocketwatch":[48]},"card_choices":[{"not_picked":["champ:BerserkersShout","champ:EnGarde"],"picked":"champ:PreciseThrust","floor":0},{"not_picked":["champ:BerserkersShout","champ:BladeFlurry"],"picked":"champ:EnragedBash","floor":2},{"not_picked":["champ:EnGarde","champ:Duel"],"picked":"champ:AdrenalArmor","floor":3},{"not_picked":["champ:SwordSigil","champ:FlashCut"],"picked":"champ:BerserkerStyle","floor":5},{"not_picked":["champ:CrownThrow","champ:Circumvent"],"picked":"champ:Haymaker","floor":6},{"not_picked":["champ:PreciseThrust","champ:StanceDance"],"picked":"champ:BringItOn","floor":8},{"not_picked":["champ:CalledShot","champ:DefensiveShout"],"picked":"champ:TripleStrike","floor":9},{"not_picked":["champ:FlashCut","champ:AdrenalArmor"],"picked":"champ:IronFortress","floor":11},{"not_picked":["champ:TornadoPunch","champ:Circumvent"],"picked":"champ:GutPunch","floor":12},{"not_picked":["champ:PreciseThrust","champ:EnragedBash"],"picked":"champ:DefensiveStyle","floor":14},{"not_picked":["champ:PerfectedStrike","champ:RageSigil"],"picked":"champ:TornadoPunch","floor":15}],"player_experience":402933,"relics_obtained":[{"floor":7,"key":"Pocketwatch"},{"floor":9,"key":"Bird Faced Urn"}],"event_choices":[],"is_beta":true,"boss_relics":[],"items_purged_floors":[12],"is_endless":false,"potions_floor_spawned":[3,8,14],"killed_by":"IC_STATUS_ARCHETYPE","ascension_level":1}}