{"host":"stk82ot58bnorhun","time":1612072695,"event":{"mods":["BaseMod","Colored Powertips","Highlight Path","Minty Spire (QoL Compilation)","Replay The Spire","Shop Mod","StSLib","SuperFastMode"],"gold_per_floor":[117,130,130,144,157,157,175,175,175,192,225,248,248,268,268,367,367,379,379,395,407,407,407,435,447,513,550,596,319,353,384,384,499,499,519,519,519,519,519,562,584,624,676,699,699,535,558,37,37,43,43],"floor_reached":50,"language":"ZHS","playtime":2588,"items_purged":["Pain","Defend_B"],"score":676,"play_id":"8feac854-b359-4f44-aeae-191e9f8bdbfd","local_time":"20210131135815","is_ascension_mode":false,"campfire_choices":[{"data":"Dualcast","floor":6.0,"key":"SMITH"},{"data":"Hologram","floor":15.0,"key":"SMITH"},{"floor":23.0,"key":"REST"},{"data":"1","floor":25.0,"key":"LIFT"},{"floor":32.0,"key":"REST"},{"floor":45,"key":"REST"},{"floor":49,"key":"REST"}],"circlet_count":0,"master_deck":["Strike_B+1","Zap","Dualcast+1","Conserve Battery","Gash+1","Gash","Consume","Gash","Compile Driver","Redo","Hologram+1","Beam Cell","Electrodynamics","Coolheaded","Conserve Battery","Hologram+1","Hologram","Redo","Melter","Seek","Chaos","Crystallizer+1","Capacitor","Gash","Stack","Amplify","Doom and Gloom+1","Writhe","Delirium","BootSequence+1","Skim+1","BasicCrystalCard+1","ReplayTheSpireMod:System Scan+1","Self Repair+1","Reinforced Body+1","ReplaySort","Panic Button","BootSequence+1","Panic Button+1","Heatsinks+1","Lockon+1","BasicCrystalCard"],"relics":["Cracked Core","WarpedTongs","Blue Candle","Potion Belt","Girya","Replay:PocketPolymizer","Runic Dome","Philosopher\u0027s Stone","Black Star","Replay:Bandana","Replay:Wax Seal","Toy Ornithopter","Ring of Chaos","Ring of Hypnosis","ReplayTheSpireMod:Ring of Addiction","White Beast Statue","SacredBark","Prayer Wheel","Bottled Lightning","Regal Pillow","Sundial","Replay:Antivirus Software","MerchantsRug","Gremlin Food","Snack Pack"],"acts_visited":["Exordium","TheCity","TheBeyond"],"potions_floor_usage":[42,42,44,47,50,50],"damage_taken":[{"damage":3.0,"enemies":"Jaw Worm","floor":1.0,"turns":4.0},{"damage":0.0,"enemies":"Cultist","floor":2.0,"turns":3.0},{"damage":2.0,"enemies":"Small Slimes","floor":4.0,"turns":4.0},{"damage":5.0,"enemies":"2 Fungi Beasts","floor":5.0,"turns":3.0},{"damage":13.0,"enemies":"Gremlin Gang","floor":7.0,"turns":4.0},{"damage":2.0,"enemies":"Looter","floor":10.0,"turns":3.0},{"damage":8.0,"enemies":"3 Sentries","floor":11.0,"turns":6.0},{"damage":6.0,"enemies":"3 Louse","floor":14.0,"turns":2.0},{"damage":18.0,"enemies":"Hexaghost","floor":16.0,"turns":9.0},{"damage":25.0,"enemies":"3 Byrds","floor":18.0,"turns":2.0},{"damage":11.0,"enemies":"Chosen","floor":20.0,"turns":3.0},{"damage":12.0,"enemies":"Sentry and Sphere","floor":21.0,"turns":4.0},{"damage":9.0,"enemies":"Slavers","floor":24.0,"turns":3.0},{"damage":15.0,"enemies":"Snake Plant","floor":27.0,"turns":4.0},{"damage":1.0,"enemies":"3 Cultists","floor":28.0,"turns":4.0},{"damage":3.0,"enemies":"Centurion and Healer","floor":30.0,"turns":4.0},{"damage":15.0,"enemies":"Cultist and Chosen","floor":31.0,"turns":5.0},{"damage":10.0,"enemies":"Champ","floor":33.0,"turns":11.0},{"damage":30.0,"enemies":"3 Darklings","floor":35.0,"turns":7.0},{"damage":42.0,"enemies":"R_Hoarder","floor":40.0,"turns":8.0},{"damage":7.0,"enemies":"Orb Walker","floor":41.0,"turns":4.0},{"damage":1,"enemies":"Nemesis","floor":42,"turns":5},{"damage":19,"enemies":"Spire Growth","floor":44,"turns":4},{"damage":69,"enemies":"Transient","floor":47,"turns":5},{"damage":69,"enemies":"Awakened One","floor":50,"turns":3}],"seed_played":"-205411360864839932","potions_obtained":[{"floor":4.0,"key":"DuplicationPotion"},{"floor":10.0,"key":"Swift Potion"},{"floor":11.0,"key":"EntropicBrew"},{"floor":21.0,"key":"DistilledChaos"},{"floor":27.0,"key":"Flashbang"},{"floor":28.0,"key":"ColorlessPotion"},{"floor":30.0,"key":"Block Potion"},{"floor":33.0,"key":"ColorlessPotion"},{"floor":39.0,"key":"Explosive Potion"},{"floor":39.0,"key":"SpeedPotion"},{"floor":39.0,"key":"Energy Potion"},{"floor":40.0,"key":"SmokeBomb"},{"floor":41.0,"key":"Languid Potion"},{"floor":42,"key":"SkillPotion"},{"floor":44,"key":"PowerPotion"},{"floor":47,"key":"FocusPotion"}],"is_trial":false,"path_per_floor":["M","M","?","M","M","R","M","?","T","M","E","?","?","M","R","B",null,"M","?","M","M","?","R","E","R","T","M","M","$","M","M","R","B",null,"M","?","?","?","?","E","M","E","T","M","R","$","M","$","R","B"],"character_chosen":"DEFECT","items_purchased":["Crystallizer+1","Toy Ornithopter","Panic Button","MerchantsRug","Gremlin Food","Heatsinks+1","Snack Pack","Lockon","ColorlessPotion"],"campfire_rested":4,"item_purchase_floors":[29,29,46,46,46,48,48,48,48],"current_hp_per_floor":[79,79,79,77,72,72,59,59,59,57,49,49,46,40,40,22,82,57,57,46,34,34,58,49,49,49,34,33,33,35,20,44,44,82,55,76,76,76,76,44,37,46,46,32,71,71,17,17,56,0,0],"gold":43,"neow_bonus":"TEN_PERCENT_HP_BONUS","is_daily":false,"chose_seed":false,"campfire_upgraded":2,"win_rate":0.0,"timestamp":1612072695,"path_taken":["M","M","?","M","?","R","M","?","T","M","E","?","?","M","R","BOSS","M","?","M","M","?","R","E","R","T","M","?","$","M","M","R","BOSS","M","?","?","?","?","E","M","E","T","?","R","$","M","$","R","BOSS"],"items_purchased_type":["Card","Relic","Card","Relic","Relic","Card","Relic","Card","Potion"],"build_version":"2020-12-22","purchased_purges":2,"victory":false,"max_hp_per_floor":[82,82,82,82,82,82,82,82,82,82,82,82,82,82,82,82,82,82,82,82,82,82,82,82,82,82,82,82,82,82,82,82,82,82,82,82,82,82,82,82,82,82,82,82,82,82,82,82,82,82,82],"card_choices":[{"not_picked":["Sweeping Beam","Heatsinks"],"picked":"Cold Snap","floor":1.0},{"not_picked":["Steam","Rebound"],"picked":"Conserve Battery","floor":2.0},{"not_picked":["Sweeping Beam","BasicCrystalCard"],"picked":"Gash","floor":4.0},{"not_picked":["ReplayTheSpireMod:System Scan","Heatsinks"],"picked":"Gash","floor":5.0},{"not_picked":["ReplayTheSpireMod:GoodbyeWorld","Seek"],"picked":"Consume","floor":7.0},{"not_picked":["Rebound","Cold Snap"],"picked":"Gash","floor":10.0},{"not_picked":["Sweeping Beam","Force Field"],"picked":"Compile Driver","floor":11.0},{"not_picked":["Steam","Gash"],"picked":"Redo","floor":12.0},{"not_picked":["ReplaySort","ReplayGash"],"picked":"Hologram","floor":14.0},{"not_picked":["Thunder Strike","Buffer"],"picked":"Electrodynamics","floor":16.0},{"not_picked":["Redo","Leap"],"picked":"Coolheaded","floor":18.0},{"not_picked":["Gash+1","ReplayGash"],"picked":"Thunder Strike","floor":20.0},{"not_picked":["Coolheaded","Compile Driver+1"],"picked":"Conserve Battery","floor":21.0},{"not_picked":["Scrape","Rebound+1"],"picked":"Redo","floor":24.0},{"not_picked":["Steam","Redo"],"picked":"Seek","floor":27.0},{"not_picked":["Hologram","Streamline"],"picked":"Chaos","floor":28.0},{"not_picked":["Cold Snap","Sweeping Beam"],"picked":"Capacitor","floor":30.0},{"not_picked":["Auto Shields","Conserve Battery"],"picked":"Gash","floor":31.0},{"not_picked":["Rainbow","ReplayRNGCard"],"picked":"Amplify","floor":33.0},{"not_picked":["Coolheaded","Ball Lightning"],"picked":"Doom and Gloom+1","floor":35.0},{"not_picked":["Streamline+1","Doom and Gloom"],"picked":"BootSequence+1","floor":40.0},{"not_picked":["Barrage+1","Go for the Eyes"],"picked":"Skim+1","floor":41.0},{"not_picked":["Chill+1","Reprogram+1"],"picked":"BasicCrystalCard+1","floor":41.0},{"not_picked":["Undo","Buffer"],"picked":"ReplayTheSpireMod:System Scan+1","floor":42},{"not_picked":["Storm+1","Hologram+1"],"picked":"Self Repair+1","floor":44},{"not_picked":["Time Bomb","Rip and Tear"],"picked":"Reinforced Body+1","floor":44},{"not_picked":["Redo","Cold Snap+1"],"picked":"BootSequence+1","floor":47},{"not_picked":["Seek","Redo"],"picked":"Panic Button+1","floor":47}],"player_experience":42851,"relics_obtained":[{"floor":9.0,"key":"Blue Candle"},{"floor":11.0,"key":"Potion Belt"},{"floor":12.0,"key":"Girya"},{"floor":24.0,"key":"MawBank"},{"floor":24.0,"key":"Replay:Bandana"},{"floor":26.0,"key":"Replay:Wax Seal"},{"floor":39.0,"key":"Ring of Hypnosis"},{"floor":39.0,"key":"ReplayTheSpireMod:Ring of Addiction"},{"floor":39.0,"key":"White Beast Statue"},{"floor":39.0,"key":"SacredBark"},{"floor":40.0,"key":"Bottled Lightning"},{"floor":40.0,"key":"Whetstone"},{"floor":42,"key":"Regal Pillow"},{"floor":42,"key":"Sundial"},{"floor":43,"key":"Replay:Antivirus Software"}],"event_choices":[{"damage_healed":0.0,"max_hp_gain":0.0,"max_hp_loss":0.0,"gold_gain":0.0,"event_name":"Accursed Blacksmith","player_choice":"Rummage","floor":3.0,"gold_loss":0.0,"damage_taken":0.0,"relics_obtained":["WarpedTongs"],"cards_obtained":["Pain"]},{"damage_healed":0.0,"max_hp_gain":0.0,"max_hp_loss":0.0,"gold_gain":0.0,"event_name":"Scrap Ooze","player_choice":"Success","floor":13.0,"gold_loss":0.0,"damage_taken":3.0,"relics_obtained":["Replay:PocketPolymizer"]},{"damage_healed":0.0,"max_hp_gain":0.0,"max_hp_loss":0.0,"gold_gain":0.0,"event_name":"Vampires","player_choice":"Ignored","floor":19.0,"gold_loss":0.0,"damage_taken":0.0},{"damage_healed":0.0,"max_hp_gain":0.0,"max_hp_loss":0.0,"gold_gain":0.0,"event_name":"Duplicator","player_choice":"Copied","floor":22.0,"gold_loss":0.0,"damage_taken":0.0,"cards_obtained":["Hologram"]},{"damage_healed":21.0,"max_hp_gain":0.0,"max_hp_loss":0.0,"gold_gain":0.0,"event_name":"Winding Halls","player_choice":"Writhe","floor":36.0,"gold_loss":0.0,"damage_taken":0.0,"cards_obtained":["Writhe"]},{"cards_removed":["Cold Snap"],"damage_healed":0.0,"max_hp_gain":0.0,"max_hp_loss":0.0,"gold_gain":0.0,"event_name":"Falling","player_choice":"Removed Attack","floor":37.0,"gold_loss":0.0,"damage_taken":0.0},{"damage_healed":0.0,"max_hp_gain":0.0,"max_hp_loss":0.0,"gold_gain":0.0,"event_name":"Tomb of Lord Red Mask","player_choice":"Ignored","floor":38.0,"gold_loss":0.0,"damage_taken":0.0}],"is_beta":false,"boss_relics":[{"not_picked":["FrozenCore","Abe\u0027s Treasure"],"picked":"Replay:Grab Bag"},{"not_picked":["ChewingGum","Cursed Key"],"picked":"Runic Dome"},{"not_picked":["Sozu","Busted Crown"],"picked":"Philosopher\u0027s Stone"},{"not_picked":["Astrolabe","SacredBark"],"picked":"Black Star"},{"not_picked":["Tiny House","Kintsugi"],"picked":"Ring of Chaos"}],"items_purged_floors":[29,48],"is_endless":false,"potions_floor_spawned":[4,10,11,21,27,28,30,33,40,41,42,44,47],"killed_by":"Awakened One","ascension_level":0}}