{"host":"pgm1p3lvdjflie30","time":1612111914,"event":{"mods":["ATMod(阿瑾Mod)","AchievementEnabler","Alarm Clock","Aspiration","Astrologer","Bard","BaseMod","Colored Map","Colored Powertips","Conspire","Dark Map","Dota2Spire","Downfall","Energized Spire","GungeonMod","Highlight Path","Hunter ?人","LagranYue(拉格朗·月)","Mari Mod (Legacy)","Mari\u0027s V1 Patch","Minty Spire (QoL Compilation)","MostiFishMod","Nova Terra(?娃·泰拉)","Quarter Circle Forward PUNCH!","Quick Restart","Relic Stats","Reliquary","Replay The Spire","SOS（斯巴?之子）","Spicy Shops","StSLib","TestMod","The Blackbeard","The Bladedancer","The Bug Knight","The Cursed","The Dragon Tamer","The Hayseed","The Hierophant","The IronCluck","The Jungle","The Mystic","The Runesmith","The Saiyan","The Showman","TheHeartMod","TheWitcher","Waifu the Spire","【?物卡牌】REMEMod","篝火指南"],"gold_per_floor":[116,116,66,77,122,122,188,188,250,302,377,377,377,377,1,40,40,187,187,245,304,304,112,163,163,210,210,210,210,210,270,270,344,344,492,492,512,67,160,160,160,160,223,223,223,273,32,51,90,90,90,108,108,108,15,49,91],"floor_reached":58,"language":"ZHS","playtime":2228,"items_purged":[],"score":1629,"play_id":"39ed3f99-c6de-4542-bd6e-81bc370fb312","local_time":"20210201005154","is_ascension_mode":false,"campfire_choices":[{"floor":6,"key":"RECALL"},{"data":"blackbeard:Bandana","floor":12,"key":"SMITH"},{"data":"blackbeard:PirateStrength","floor":25,"key":"SMITH"},{"data":"blackbeard:TerrorOfTheSeas","floor":30,"key":"SMITH"},{"data":"blackbeard:CannonballSupply","floor":32,"key":"SMITH"},{"data":"blackbeard:GoldenStrike","floor":34,"key":"SMITH"},{"data":"blackbeard:GoldenRain","floor":42,"key":"SMITH"},{"data":"blackbeard:BeatUp","floor":44,"key":"SMITH"},{"data":"blackbeard:AgileStrike","floor":51,"key":"SMITH"},{"data":"MostiFishMod:OneDayCity","floor":54,"key":"SMITH"}],"circlet_count":0,"master_deck":["blackbeard:BlackbeardStrike","blackbeard:BlackbeardStrike","blackbeard:BlackbeardStrike","blackbeard:BlackbeardStrike","blackbeard:IntimidatingStrike","blackbeard:BlackbeardDefend","blackbeard:BlackbeardDefend","blackbeard:BlackbeardDefend","blackbeard:Cutlass+1","MostiFishMod:OneDayCity+1","blackbeard:DangerousBlow+1","blackbeard:BlindAttacks+1","blackbeard:Bandana+1","blackbeard:TerrorOfTheSeas+1","blackbeard:PowderKeg+1","blackbeard:GoldenStrike+1","blackbeard:PirateStrength+1","blackbeard:AgileStrike+1","blackbeard:BeatUp+1","blackbeard:Dagger+1","blackbeard:CatONineTails+1","blackbeard:CannonballSupply+1","blackbeard:JollyRoger+1","blackbeard:GoldenRain+1","blackbeard:WiseDefense+1","blackbeard:RearmingStrike+1","Pain"],"relics":["blackbeard:LoadTheCannons","AT_ATBox","REME_ComplimentaryCards","DaveBox","testmod-TestBox","LagranYue:RandomDrawCardRelic","DianDianMeat","testmod-DeterminationOfClimber","NeowsBlessing","DemoMod:GlassGuonStoneRelic","SynthV:TestCard","Ring of Panic","SacredBark","Potion Belt","LagranYue:ReturningEmperorRelic","Runic Dome","aspiration:HiddenCompartment","Orichalcum","Omamori","DemoMod:LamentConfigurum","testmod-CrystalShield","Black Star","Runesmith:Nanobots","ChiLing","Chi","Ling","reliquary:BoilingFlask","reliquary:PrincelyHelmet","theJungle:SneckoAutograph","DemoMod:BlueGuonStone","qcfpunch:Black_Training_Shirt","Dream Catcher","conspire:RunicOctahedron","White Beast Statue","reliquary:TatteredRug","SynthV","War Paint","Matryoshka","AT_RedTearstoneRing","AT_ArchangelStaff","Nunchaku","reliquary:Sideboard","WarpedTongs","AT_SunfireAegis","REME_HandOfSuture","ImprovedEquipment","Membership Card","Pantograph","Technique","Letter Opener","Quantum Egg","Replay:WaspNest","Sundial","blackbeard:Penknife","Lantern","qcfpunch:School_Backpack","aspiration:Lifesprig","Dota2Spire:DivineRapier"],"acts_visited":["Exordium","Exordium","TheBeyond","TheEnding"],"potions_floor_usage":[5,16,18,31,57],"damage_taken":[{"damage":0,"enemies":"2 Louse","floor":1,"turns":1},{"damage":0,"enemies":"Small Slimes","floor":4,"turns":1},{"damage":0,"enemies":"Cultist","floor":5,"turns":1},{"damage":1,"enemies":"Lagavulin","floor":7,"turns":2},{"damage":0,"enemies":"Exordium Wildlife","floor":9,"turns":3},{"damage":0,"enemies":"Exordium Wildlife","floor":16,"turns":2},{"damage":0,"enemies":"Hexaghost","floor":18,"turns":2},{"damage":0,"enemies":"theJungle:5_Spyders","floor":20,"turns":2},{"damage":0,"enemies":"theJungle:MUSHROOMGANG","floor":21,"turns":2},{"damage":1,"enemies":"theJungle:JungleHuntersEncounter","floor":24,"turns":1},{"damage":2,"enemies":"theJungle:2_Snecko_Cultists","floor":26,"turns":1},{"damage":3,"enemies":"theJungle:SlimyTreeVines","floor":31,"turns":2},{"damage":1,"enemies":"theJungle:Cassacara","floor":33,"turns":1},{"damage":3,"enemies":"theJungle:QueenSpyder","floor":35,"turns":1},{"damage":7,"enemies":"3 Shapes","floor":37,"turns":1},{"damage":6,"enemies":"Nemesis","floor":43,"turns":1},{"damage":0,"enemies":"3 Darklings","floor":46,"turns":2},{"damage":1,"enemies":"4 Shapes","floor":48,"turns":1},{"damage":3,"enemies":"HollowMod:StalkingDevout","floor":49,"turns":2},{"damage":3,"enemies":"Replay:Hell Engine","floor":52,"turns":1},{"damage":0,"enemies":"Shield and Spear","floor":56,"turns":1},{"damage":7,"enemies":"NeowBoss","floor":57,"turns":2}],"seed_played":"-4840842535226436895","potions_obtained":[{"floor":1,"key":"SpeedPotion"},{"floor":2,"key":"TheSimpletonMod:MoonshinePotion"},{"floor":2,"key":"SpeedPotion"},{"floor":2,"key":"REME_GoldPotion"},{"floor":5,"key":"Toxic Potion"},{"floor":17,"key":"EssenceOfSteel"},{"floor":17,"key":"AttackPotion"},{"floor":24,"key":"SpeedPotion"},{"floor":31,"key":"Elixir"},{"floor":39,"key":"conspire:TimeTravelPotion"},{"floor":39,"key":"Cursed Concoction"},{"floor":39,"key":"LiquidMemories"},{"floor":43,"key":"EssenceOfSteel"},{"floor":46,"key":"SkillPotion"},{"floor":48,"key":"Dota2Spire:Clarity"},{"floor":49,"key":"DemoMod:BlankPotion"},{"floor":56,"key":"Explosive Potion"}],"is_trial":false,"path_per_floor":["M","?","?","M","M","R","E","?","T","T","?","R","PTL","PTL","$","M","R_BF","B",null,"M","M","?","$","M","R","M","T","T","?","R","M","R","E","R","B",null,"M","$","?","T","?","R","E","R","T","M","$","M","E","?","R","B",null,"R","$","E","B",null],"character_chosen":"BLACKBEARD_CLASS","items_purchased":["Orichalcum","Omamori","DemoMod:LamentConfigurum","Runesmith:Nanobots","ChiLing","reliquary:TatteredRug","SynthV","War Paint","Matryoshka","Membership Card","Pantograph","Technique","Letter Opener","Quantum Egg","Lantern","qcfpunch:School_Backpack"],"campfire_rested":0,"item_purchase_floors":[15,15,15,23,23,38,38,38,38,47,47,47,47,47,55,55],"current_hp_per_floor":[81,85,85,90,96,96,102,102,111,111,100,100,100,100,100,120,120,130,130,141,153,163,163,176,176,190,190,190,190,190,204,204,220,220,238,238,249,249,288,288,309,309,311,311,311,315,315,314,312,312,312,316,316,316,316,316,314],"gold":91,"neow_bonus":"THREE_ENEMY_KILL","is_daily":false,"chose_seed":false,"campfire_upgraded":9,"win_rate":0.0,"timestamp":1612111914,"path_taken":["M","?","?","M","M","R","E","?","T","?","?","R","PTL","PTL","$","M","R_BF","BOSS","M","M","?","?","M","R","M","?","T","?","R","M","R","E","R","BOSS","M","$","?","?","?","R","E","R","T","?","?","M","E","?","R","BOSS","R","$","E","BOSS"],"items_purchased_type":["Relic","Relic","Relic","Relic","Relic","Relic","Relic","Relic","Relic","Relic","Relic","Relic","Relic","Relic","Relic","Relic"],"build_version":"2020-12-22","purchased_purges":0,"victory":true,"max_hp_per_floor":[81,85,85,90,96,96,103,103,111,111,111,111,111,111,111,120,120,130,130,141,153,163,163,176,176,190,190,190,190,190,205,205,221,221,238,238,256,256,295,295,316,316,316,316,316,316,316,316,316,316,316,316,316,316,316,316,316],"relic_stats":{"Dream Catcher":0,"Nunchaku":[5],"counters":[22,33],"Sundial":[0],"Pantograph":4,"Black Star":4,"Letter Opener":[63],"Orichalcum":[12],"War Paint":["blackbeard:Cutlass","blackbeard:PowderKeg"],"obtain_stats":[{"DemoMod:BlueGuonStone":33,"AT_ATBox":0,"LagranYue:RandomDrawCardRelic":0,"Chi":23,"DemoMod:GlassGuonStoneRelic":1,"AT_ArchangelStaff":39,"LagranYue:ReturningEmperorRelic":7,"theJungle:SneckoAutograph":29,"Sundial":49,"DemoMod:LamentConfigurum":15,"Dota2Spire:DivineRapier":56,"DianDianMeat":0,"AT_RedTearstoneRing":39,"testmod-TestBox":0,"blackbeard:Penknife":49,"reliquary:Sideboard":40,"ReplayTheSpireMod:Ring of Addiction":2,"reliquary:TatteredRug":38,"Letter Opener":47,"War Paint":38,"aspiration:HiddenCompartment":10,"WarpedTongs":41,"Runic Dome":8,"Ling":23,"qcfpunch:School_Backpack":55,"Black Star":19,"Technique":47,"ChiLing":23,"Lantern":55,"aspiration:Lifesprig":56,"DaveBox":0,"reliquary:PrincelyHelmet":28,"SynthV":38,"SacredBark":2,"reliquary:BoilingFlask":27,"testmod-CrystalShield":18,"Dream Catcher":33,"Nunchaku":40,"Matryoshka":38,"Pantograph":47,"testmod-DeterminationOfClimber":0,"Ring of Panic":2,"Potion Belt":2,"Runesmith:Nanobots":23,"NeowsBlessing":0,"blackbeard:LoadTheCannons":0,"qcfpunch:Black_Training_Shirt":33,"ImprovedEquipment":45,"Quantum Egg":47,"conspire:RunicOctahedron":36,"Replay:WaspNest":48,"Omamori":15,"Orichalcum":15,"White Beast Statue":38,"SynthV:TestCard":1,"REME_HandOfSuture":43,"Membership Card":47,"AT_SunfireAegis":43,"REME_ComplimentaryCards":0},{"DemoMod:BlueGuonStone":13,"AT_ATBox":0,"LagranYue:RandomDrawCardRelic":0,"Chi":9,"DemoMod:GlassGuonStoneRelic":1,"AT_ArchangelStaff":15,"LagranYue:ReturningEmperorRelic":4,"theJungle:SneckoAutograph":11,"Sundial":19,"DemoMod:LamentConfigurum":5,"Dota2Spire:DivineRapier":21,"DianDianMeat":0,"AT_RedTearstoneRing":15,"testmod-TestBox":0,"blackbeard:Penknife":19,"reliquary:Sideboard":15,"ReplayTheSpireMod:Ring of Addiction":1,"reliquary:TatteredRug":15,"Letter Opener":17,"War Paint":15,"aspiration:HiddenCompartment":5,"WarpedTongs":15,"Runic Dome":4,"Ling":9,"qcfpunch:School_Backpack":20,"Black Star":7,"Technique":17,"ChiLing":9,"Lantern":20,"aspiration:Lifesprig":21,"DaveBox":0,"reliquary:PrincelyHelmet":11,"SynthV":15,"SacredBark":1,"reliquary:BoilingFlask":11,"testmod-CrystalShield":7,"Dream Catcher":13,"Nunchaku":15,"Matryoshka":15,"Pantograph":17,"testmod-DeterminationOfClimber":0,"Ring of Panic":1,"Potion Belt":1,"Runesmith:Nanobots":9,"NeowsBlessing":0,"blackbeard:LoadTheCannons":0,"qcfpunch:Black_Training_Shirt":13,"ImprovedEquipment":16,"Quantum Egg":17,"conspire:RunicOctahedron":14,"Replay:WaspNest":18,"Omamori":5,"Orichalcum":5,"White Beast Statue":15,"SynthV:TestCard":1,"REME_HandOfSuture":16,"Membership Card":17,"AT_SunfireAegis":16,"REME_ComplimentaryCards":0},{"DemoMod:BlueGuonStone":21,"AT_ATBox":0,"LagranYue:RandomDrawCardRelic":0,"Chi":16,"DemoMod:GlassGuonStoneRelic":1,"AT_ArchangelStaff":23,"LagranYue:ReturningEmperorRelic":5,"theJungle:SneckoAutograph":18,"Sundial":29,"DemoMod:LamentConfigurum":8,"Dota2Spire:DivineRapier":31,"DianDianMeat":0,"AT_RedTearstoneRing":23,"testmod-TestBox":0,"blackbeard:Penknife":29,"reliquary:Sideboard":23,"ReplayTheSpireMod:Ring of Addiction":1,"reliquary:TatteredRug":23,"Letter Opener":26,"War Paint":23,"aspiration:HiddenCompartment":8,"WarpedTongs":23,"Runic Dome":5,"Ling":16,"qcfpunch:School_Backpack":30,"Black Star":12,"Technique":26,"ChiLing":16,"Lantern":30,"aspiration:Lifesprig":31,"DaveBox":0,"reliquary:PrincelyHelmet":18,"SynthV":23,"SacredBark":1,"reliquary:BoilingFlask":18,"testmod-CrystalShield":11,"Dream Catcher":21,"Nunchaku":23,"Matryoshka":23,"Pantograph":26,"testmod-DeterminationOfClimber":0,"Ring of Panic":1,"Potion Belt":1,"Runesmith:Nanobots":16,"NeowsBlessing":0,"blackbeard:LoadTheCannons":0,"qcfpunch:Black_Training_Shirt":21,"ImprovedEquipment":24,"Quantum Egg":26,"conspire:RunicOctahedron":22,"Replay:WaspNest":27,"Omamori":8,"Orichalcum":8,"White Beast Statue":23,"SynthV:TestCard":1,"REME_HandOfSuture":24,"Membership Card":26,"AT_SunfireAegis":24,"REME_ComplimentaryCards":0}],"WarpedTongs":[10]},"card_choices":[{"not_picked":["blackbeard:DelayedPain","blackbeard:SwordDance"],"picked":"blackbeard:DangerousBlow","floor":1},{"not_picked":["blackbeard:BeatUp","blackbeard:BrownPants","blackbeard:GoldenStrike","blackbeard:DoubleCannonball"],"picked":"blackbeard:BlindAttacks","floor":4},{"not_picked":["blackbeard:GoldenDefense","blackbeard:GoldenCannonball","blackbeard:GoldenGuillotine","blackbeard:Shrapnel"],"picked":"blackbeard:Bandana","floor":5},{"not_picked":["blackbeard:JollyRoger","blackbeard:Toast","blackbeard:FieryDefense","blackbeard:WiseDefense"],"picked":"blackbeard:TerrorOfTheSeas","floor":7},{"not_picked":["blackbeard:Eyepatch","blackbeard:SwordDance","blackbeard:Bandana","blackbeard:Sword"],"picked":"blackbeard:PowderKeg","floor":9},{"not_picked":["blackbeard:TerrorOfTheSeas","blackbeard:DeadlyArsenal","blackbeard:BlindAttacks","blackbeard:Provisioning"],"picked":"blackbeard:GoldenStrike","floor":16},{"not_picked":["blackbeard:MegaUpgrade","blackbeard:BoostMorale","blackbeard:Intoxication","blackbeard:GoldenRain"],"picked":"blackbeard:PirateStrength","floor":18},{"not_picked":["blackbeard:Sharpening","blackbeard:DoubleBottom","blackbeard:DelayedPain+1","blackbeard:Revenge"],"picked":"blackbeard:AgileStrike","floor":20},{"not_picked":["blackbeard:DeadlyArsenal","blackbeard:Bandana","blackbeard:Toast+1","blackbeard:CannonBarrage+1"],"picked":"blackbeard:BeatUp","floor":21},{"not_picked":["blackbeard:RearmingStrike","blackbeard:CloakAndCannonball","blackbeard:Spear","blackbeard:WiseDefense+1"],"picked":"blackbeard:Dagger+1","floor":24},{"not_picked":["blackbeard:CloakAndCannonball","blackbeard:SwordDance+1","blackbeard:TacticalRetreat","blackbeard:AgileStrike"],"picked":"blackbeard:CatONineTails+1","floor":26},{"not_picked":["blackbeard:CloakAndCannonball","blackbeard:DelayedPain","blackbeard:Sword","blackbeard:Fencing"],"picked":"blackbeard:CannonballSupply","floor":31},{"not_picked":["blackbeard:Sword","blackbeard:BeatUp","blackbeard:Lifeboat","blackbeard:Fencing+1"],"picked":"blackbeard:JollyRoger+1","floor":33},{"not_picked":["blackbeard:PirateStrength","blackbeard:ReapersScythe","blackbeard:Salvager","blackbeard:CaptainsHat"],"picked":"blackbeard:GoldenRain","floor":35},{"not_picked":["blackbeard:DelayedPain","blackbeard:CloakAndCannonball","blackbeard:DeadlyArsenal+1","blackbeard:Sword"],"picked":"blackbeard:WiseDefense+1","floor":37},{"not_picked":["blackbeard:AgileStrike","blackbeard:WiseDefense+1","blackbeard:Dagger","blackbeard:Sword+1"],"picked":"blackbeard:RearmingStrike+1","floor":39},{"not_picked":["blackbeard:CatONineTails","blackbeard:Revenge","blackbeard:SwordDance+1","blackbeard:RearmingStrike"],"picked":"blackbeard:Murder","floor":39},{"not_picked":["blackbeard:Dagger+1","blackbeard:FishingNets","blackbeard:Shrapnel","blackbeard:TacticalRetreat"],"picked":"blackbeard:Sharpening","floor":43},{"not_picked":["blackbeard:Dagger+1","blackbeard:Lifeboat","blackbeard:BlindAttacks","blackbeard:GoldenStrike"],"picked":"blackbeard:Toast","floor":46},{"not_picked":["blackbeard:Spear+1","blackbeard:BeatUp+1","blackbeard:Dagger","blackbeard:WiseDefense"],"picked":"blackbeard:GoldenCannonball+1","floor":48},{"not_picked":["blackbeard:GoldenCannonball+1","blackbeard:RearmingStrike","blackbeard:BeatUp+1","blackbeard:Sharpening"],"picked":"blackbeard:FishingNets","floor":49},{"not_picked":["Sweeping Beam","Gash"],"picked":"Turbo","floor":56},{"not_picked":["blackbeard:WeaponProficiency+1","blackbeard:GoldenCannonball","blackbeard:RemoveScurvy","blackbeard:Anchor+1"],"picked":"blackbeard:BountyHunter","floor":56}],"player_experience":302530,"relics_obtained":[{"floor":1,"key":"SynthV:TestCard"},{"floor":2,"key":"Ring of Panic"},{"floor":2,"key":"ReplayTheSpireMod:Ring of Addiction"},{"floor":2,"key":"SacredBark"},{"floor":2,"key":"Potion Belt"},{"floor":7,"key":"LagranYue:ReturningEmperorRelic"},{"floor":10,"key":"aspiration:HiddenCompartment"},{"floor":27,"key":"reliquary:BoilingFlask"},{"floor":28,"key":"reliquary:PrincelyHelmet"},{"floor":33,"key":"qcfpunch:Black_Training_Shirt"},{"floor":33,"key":"Dream Catcher"},{"floor":39,"key":"AT_RedTearstoneRing"},{"floor":39,"key":"AT_ArchangelStaff"},{"floor":40,"key":"Nunchaku"},{"floor":40,"key":"reliquary:Sideboard"},{"floor":43,"key":"AT_SunfireAegis"},{"floor":43,"key":"REME_HandOfSuture"},{"floor":45,"key":"ImprovedEquipment"},{"floor":49,"key":"Sundial"},{"floor":49,"key":"blackbeard:Penknife"},{"floor":56,"key":"aspiration:Lifesprig"},{"floor":56,"key":"Dota2Spire:DivineRapier"}],"event_choices":[{"cards_removed":["Looming Evil"],"damage_healed":0,"gold_gain":0,"player_choice":"Card Removal","damage_taken":0,"max_hp_gain":0,"max_hp_loss":0,"event_name":"The Cleric","floor":3,"gold_loss":50},{"damage_healed":0,"gold_gain":0,"player_choice":"Swap Relic","damage_taken":0,"relics_obtained":["Runic Dome"],"max_hp_gain":0,"max_hp_loss":0,"event_name":"?自己的盒子","floor":8,"relics_lost":["ReplayTheSpireMod:Ring of Addiction"],"gold_loss":0},{"damage_healed":0,"gold_gain":75,"player_choice":"Gather Gold","damage_taken":11,"max_hp_gain":0,"max_hp_loss":0,"event_name":"World of Goop","floor":11,"gold_loss":0},{"cards_removed":["AT_FamilyPortrait"],"damage_healed":0,"gold_gain":0,"player_choice":"Offered Rare","damage_taken":0,"max_hp_gain":10,"max_hp_loss":0,"event_name":"Bonfire Elementals","floor":22,"gold_loss":0},{"damage_healed":0,"gold_gain":0,"player_choice":"Rummage","damage_taken":0,"relics_obtained":["WarpedTongs"],"max_hp_gain":0,"max_hp_loss":0,"event_name":"Accursed Blacksmith","floor":41,"gold_loss":0,"cards_obtained":["Pain"]},{"cards_removed":["blackbeard:BlackbeardDefend"],"damage_healed":0,"gold_gain":0,"player_choice":"Removed Skill","damage_taken":0,"max_hp_gain":0,"max_hp_loss":0,"event_name":"Falling","floor":50,"gold_loss":0}],"is_beta":false,"boss_relics":[{"not_picked":["RhineFirstAidKit","testmod-IncinerationGenerator"],"picked":"Black Star"},{"not_picked":["Fusion Hammer","NightmareShop"],"picked":"conspire:RunicOctahedron"}],"items_purged_floors":[],"is_endless":false,"potions_floor_spawned":[1,5,24,31,43,46,48,49,56],"ascension_level":0}}