{"host":"fzjk61lpi4bwj033","time":1612055878,"event":{"mods":["Ascension Unlocker","BaseMod","Conspire","Downfall","Hermit","Hubris","Infinite Spire","Jorbs\u0027s Wanderer Trilogy","Minty Spire (QoL Compilation)","Rare Cards Sparkle","Replay The Spire","StSLib","The Jungle"],"gold_per_floor":[99,117,130,130,34,51,78,78,78,104,104,104,104,135,146,224,224,224,239,250,264,264,264,264,264,264,264,264],"floor_reached":26,"language":"ENG","playtime":1426,"items_purged":[],"score":428,"play_id":"e746b5f2-1d86-4eb8-904c-49419593eaa6","local_time":"20210130191758","daily_mods":["Draft","Heirloom","Elite Swarm"],"is_ascension_mode":true,"campfire_choices":[{"data":"Guardian:CrystalBeam","floor":1.0,"key":"SMITH"},{"floor":8.0,"key":"REST"},{"data":"hubris:InfiniteBlow","floor":13.0,"key":"SMITH"},{"data":"Apotheosis","floor":18,"key":"SMITH"},{"data":"hubris:InfiniteBlow+1","floor":18,"key":"SMITH"},{"data":"hubris:InfiniteBlow+2","floor":23,"key":"SMITH"},{"data":"hubris:InfiniteBlow+3","floor":23,"key":"SMITH"},{"floor":25,"key":"REST"}],"circlet_count":0,"master_deck":["AscendersBane","Guardian:RollAttack","Guardian:BronzeArmor","Guardian:Reroute","Guardian:ShieldSpikes","Guardian:TemporalShield","Guardian:RollAttack+1","Guardian:FloatingOrbs","Guardian:EvasiveProtocol","Guardian:CrystalBeam+1","Guardian:PiercingHide","Guardian:WalkerClaw","Guardian:PrimingBeam","hubris:InfiniteBlow+4","Apotheosis+1","Good Instincts","Flash of Steel","Guardian:BodySlam","Guardian:BronzeOrb+1","Guardian:StasisStrike","Guardian:ExploitGems","Guardian:ConstructionForm","Guardian:PolyBeam"],"relics":["Burning Blood","hubris:64BitClover","hubris:KleinBottle","ReplayTheSpireMod:ShopPack","Orichalcum","infinitespire:Cubic Diamond","Replay:Bottled Snecko","Replay:Arrowhead","hubris:Backtick","Calipers","Juzu Bracelet","Whetstone"],"acts_visited":["Exordium","Exordium"],"potions_floor_usage":[21],"damage_taken":[{"damage":6.0,"enemies":"Cultist","floor":2.0,"turns":3.0},{"damage":2.0,"enemies":"Small Slimes","floor":3.0,"turns":3.0},{"damage":0.0,"enemies":"downfall:FleeingMerchant","floor":5.0,"turns":4.0},{"damage":0.0,"enemies":"2 Louse","floor":6.0,"turns":3.0},{"damage":8.0,"enemies":"3 Sentries","floor":10.0,"turns":5.0},{"damage":6.0,"enemies":"Gremlin Nob","floor":14.0,"turns":4.0},{"damage":0.0,"enemies":"Exordium Wildlife","floor":15.0,"turns":2.0},{"damage":33.0,"enemies":"WA_ARCHETYPE_RETAIN","floor":16.0,"turns":7.0},{"damage":2,"enemies":"theJungle:MUSHROOMGANG","floor":19,"turns":5},{"damage":11,"enemies":"theJungle:GiantWrat","floor":20,"turns":6},{"damage":38,"enemies":"theJungle:2_Flameangoes","floor":21,"turns":7},{"damage":63,"enemies":"theJungle:Cassacara","floor":26,"turns":8}],"seed_played":"8989781589311874515","potions_obtained":[{"floor":3.0,"key":"Weak Potion"},{"floor":15.0,"key":"Strength Potion"},{"floor":16.0,"key":"ColorlessPotion"},{"floor":21,"key":"FearPotion"}],"is_trial":true,"path_per_floor":["R","M","M","$","$","M","T","R","?","E","?","?","R","E","M","B",null,"R","M","M","M","?","R","T","R","E"],"character_chosen":"GUARDIAN","items_purchased":["hubris:KleinBottle","ReplayTheSpireMod:ShopPack","Guardian:BronzeOrb"],"campfire_rested":2,"item_purchase_floors":[4,4,5],"current_hp_per_floor":[65,59,57,30,30,30,30,51,51,49,49,72,72,72,72,45,65,65,69,64,32,28,28,28,49,0,0,0],"gold":264,"neow_bonus":"","is_daily":false,"chose_seed":false,"campfire_upgraded":6,"win_rate":0.0,"timestamp":1612055878,"path_taken":["R","M","M","?","$","M","T","R","?","E","?","?","R","E","M","BOSS","R","M","M","M","?","R","T","R","E"],"items_purchased_type":["Relic","Relic","Card"],"build_version":"2020-12-22","purchased_purges":0,"victory":false,"max_hp_per_floor":[72,72,72,72,72,72,72,72,72,72,72,72,72,72,72,72,72,72,72,72,72,72,72,72,72,72,72,72],"card_choices":[{"not_picked":["Guardian:WalkerClaw","Guardian:Gem_Green"],"picked":"Guardian:RollAttack","floor":0.0},{"not_picked":["Guardian:ShieldCharger","Guardian:Reroute"],"picked":"Guardian:BronzeArmor","floor":0.0},{"not_picked":["Guardian:Suspension","Guardian:CrystalBeam"],"picked":"Guardian:Reroute","floor":0.0},{"not_picked":["Guardian:TemporalShield","Guardian:PiercingHide"],"picked":"Guardian:Gem_Lightblue","floor":0.0},{"not_picked":["Guardian:FloatingOrbs","Guardian:Recover"],"picked":"Guardian:ShieldSpikes","floor":0.0},{"not_picked":["Guardian:CrystalBeam","Guardian:Gem_Lightblue"],"picked":"Guardian:TemporalShield","floor":0.0},{"not_picked":["Guardian:Reroute","Guardian:Suspension"],"picked":"Guardian:RollAttack","floor":0.0},{"not_picked":["Guardian:RollAttack","Guardian:Gem_Cyan"],"picked":"Guardian:Gem_Red","floor":0.0},{"not_picked":["Guardian:Gem_Red","Guardian:Gem_Blue"],"picked":"Guardian:Gem_Purple","floor":0.0},{"not_picked":["Guardian:Reroute","Guardian:Gem_Lightblue"],"picked":"Guardian:FloatingOrbs","floor":0.0},{"not_picked":["Guardian:TemporalStrike","Guardian:ShieldCharger"],"picked":"Guardian:EvasiveProtocol","floor":0.0},{"not_picked":["Guardian:Planning","Guardian:ShieldSpikes"],"picked":"Guardian:CrystalBeam","floor":0.0},{"not_picked":["Guardian:Planning","Guardian:ShieldCharger"],"picked":"Guardian:PiercingHide","floor":0.0},{"not_picked":["Guardian:Harden","Guardian:TemporalShield"],"picked":"Guardian:Gem_Yellow","floor":0.0},{"not_picked":["Guardian:Reroute","Guardian:Gem_Green"],"picked":"Guardian:Gem_Purple","floor":0.0},{"not_picked":["Guardian:TemporalShield","Guardian:SentryBeam"],"picked":"Guardian:WalkerClaw","floor":2.0},{"not_picked":["Guardian:Planning","Guardian:Harden"],"picked":"Guardian:PrimingBeam","floor":3.0},{"not_picked":["infinitespire:FinalStrike","hubris:Rewind"],"picked":"hubris:InfiniteBlow","floor":4.0},{"not_picked":["HandOfGreed","Poisoned Strike"],"picked":"Apotheosis","floor":4.0},{"not_picked":["Panacea","Magnetism"],"picked":"Good Instincts","floor":4.0},{"not_picked":["Master of Strategy","hubris:Ssssneak"],"picked":"Flash of Steel","floor":4.0},{"not_picked":["Guardian:Gem_Red","Guardian:SphericShield"],"picked":"Guardian:BodySlam","floor":5.0},{"not_picked":["Guardian:ShieldCharger","Guardian:TemporalShield","Guardian:BronzeArmor"],"picked":"SKIP","floor":6.0},{"not_picked":["Guardian:StasisField","Guardian:HyperBeam_Guardian"],"picked":"Guardian:StasisStrike","floor":10.0},{"not_picked":["Guardian:StasisField","Guardian:SphericShield"],"picked":"Guardian:ExploitGems","floor":14.0},{"not_picked":["Guardian:Planning","Guardian:WalkerClaw"],"picked":"Guardian:Gem_Cyan","floor":15.0},{"not_picked":["Guardian:HyperBeam_Guardian","Guardian:StasisStrike"],"picked":"Guardian:ConstructionForm","floor":16.0},{"not_picked":["Guardian:Gem_Cyan","Guardian:Planning"],"picked":"Guardian:PolyBeam","floor":19},{"not_picked":["Guardian:CrystalBeam","Guardian:Planning+1","Guardian:BodySlam"],"picked":"SKIP","floor":20},{"not_picked":["Guardian:Planning","Guardian:WalkerClaw","Guardian:TemporalShield"],"picked":"SKIP","floor":21}],"player_experience":804976,"relics_obtained":[{"floor":7.0,"key":"Orichalcum"},{"floor":10.0,"key":"Replay:Bottled Snecko"},{"floor":14.0,"key":"Replay:Arrowhead"},{"floor":20,"key":"Juzu Bracelet"},{"floor":24,"key":"Whetstone"}],"event_choices":[{"damage_healed":0.0,"max_hp_gain":0.0,"max_hp_loss":0.0,"gold_gain":0.0,"event_name":"conspire:LoneGhost","player_choice":"Disagree","floor":11.0,"gold_loss":0.0,"damage_taken":0.0},{"damage_healed":24.0,"max_hp_gain":0.0,"max_hp_loss":0.0,"gold_gain":0.0,"event_name":"Big Fish","player_choice":"Banana","floor":12.0,"gold_loss":0.0,"damage_taken":0.0},{"damage_healed":0,"gold_gain":0,"player_choice":"Leave","damage_taken":0,"max_hp_gain":0,"max_hp_loss":0,"event_name":"conspire:Investor","floor":22,"gold_loss":0}],"is_beta":false,"boss_relics":[{"not_picked":["Tiny House","Abe\u0027s Treasure"],"picked":"hubris:Backtick"}],"items_purged_floors":[],"is_endless":false,"potions_floor_spawned":[3,15,16,20,21],"killed_by":"theJungle:Cassacara","ascension_level":20}}