{"host":"xp5rvh2jwe2ejyfm","time":1612126304,"event":{"mods":["Aspiration","BaseMod","BetterRewards","Colored Powertips","Conspire","Downfall","Duelist Mod","GifTheSpireLib","Gremlin Mod","Hermit","Hubris","Minty Spire (QoL Compilation)","Robot Space Explorer","StSLib","The Blackbeard","The Clintock","The Construct","The Cursed","The Disciple","The Forsaken","The Hierophant","The Necromancer","The Runesmith","The Servant 0.9.4"],"gold_per_floor":[118,134,209,224,235,261,261,0,0,0,10,10,25,37,37,137,137,157,175,191,191,117,117,151,169,169,93,112,112,123,123,123],"floor_reached":31,"language":"ENG","playtime":1281,"items_purged":[],"score":361,"play_id":"e053440d-1062-4f90-b0ce-58d904918693","local_time":"20210131155144","is_ascension_mode":false,"campfire_choices":[{"floor":10,"key":"REST"},{"floor":12,"key":"RECALL"},{"floor":15,"key":"REST"},{"floor":23,"key":"REST"},{"floor":29,"key":"REST"}],"circlet_count":0,"master_deck":["TheCursedMod:Strike_TheCursed","TheCursedMod:Strike_TheCursed","TheCursedMod:Strike_TheCursed","TheCursedMod:Strike_TheCursed","TheCursedMod:Defend_TheCursed","TheCursedMod:Defend_TheCursed","TheCursedMod:Defend_TheCursed","TheCursedMod:Defend_TheCursed","TheCursedMod:CursedWand","TheCursedMod:CleanUpWorkshop","TheCursedMod:Dregs","Sadistic Nature","TheCursedMod:SmokeScreen","TheCursedMod:CursedBlade","TheCursedMod:Torture","TheCursedMod:CircleOfFlame","TheCursedMod:CircleOfCorruption","Apotheosis","TheCursedMod:FleshFromBone","TheCursedMod:FuryStrike","TheCursedMod:Hemoplague","TheCursedMod:Hemoplague","TheCursedMod:WearCloak","TheCursedMod:CircleOfAbyss","TheCursedMod:TacticalStrike","TheCursedMod:SpitefulStrike+1","TheCursedMod:SpitefulStrike+1","TheCursedMod:CircleOfCorruption","TheCursedMod:VitalStrike","TheCursedMod:AbyssShockwave","TheCursedMod:Torture+1","TheCursedMod:SaltUponWound","TheCursedMod:CircleOfFlame","TheCursedMod:CircleOfFlame"],"relics":["TheCursedMod:BlackMagic101","theForsaken:ScaryMask","OrangePellets","Turnip","hubris:Towel","Ice Cream","hubris:Backtick","Du-Vu Doll","hubris:Icosahedron","construct:RocketBooster"],"acts_visited":["Exordium","TheCity"],"potions_floor_usage":[6,24,28,31,31],"damage_taken":[{"damage":1,"enemies":"2 Louse","floor":1,"turns":3},{"damage":3,"enemies":"conspire:RoseBush","floor":2,"turns":2},{"damage":0,"enemies":"Small Slimes","floor":4,"turns":4},{"damage":4,"enemies":"Blue Slaver","floor":5,"turns":4},{"damage":13,"enemies":"3 Sentries","floor":6,"turns":6},{"damage":0,"enemies":"Looter","floor":11,"turns":4},{"damage":0,"enemies":"2 Fungi Beasts","floor":13,"turns":3},{"damage":2,"enemies":"Exordium Thugs","floor":14,"turns":4},{"damage":30,"enemies":"Slime Boss","floor":16,"turns":9},{"damage":1,"enemies":"conspire:FuzzyDice","floor":18,"turns":6},{"damage":12,"enemies":"Shell Parasite","floor":19,"turns":4},{"damage":10,"enemies":"Snake Plant","floor":20,"turns":4},{"damage":15,"enemies":"conspire:Head Lice","floor":24,"turns":6},{"damage":18,"enemies":"conspire:HollyBat","floor":25,"turns":7},{"damage":23,"enemies":"Snecko","floor":28,"turns":5},{"damage":21,"enemies":"Snake Plant","floor":30,"turns":4},{"damage":31,"enemies":"Colosseum Slavers","floor":31,"turns":3}],"seed_played":"7842409986419904327","potions_obtained":[{"floor":4,"key":"SteroidPotion"},{"floor":6,"key":"Dexterity Potion"},{"floor":11,"key":"EssenceOfSteel"},{"floor":16,"key":"construct:ShiftPotion"},{"floor":24,"key":"BlessingOfTheForge"},{"floor":30,"key":"hexamod:SoulburnPotion"}],"is_trial":false,"path_per_floor":["M","M","?","M","M","E","?","$","T","R","M","R","M","M","R","B",null,"M","M","M","?","$","R","E","M","T","$","M","R","M","?"],"character_chosen":"THE_CURSED","items_purchased":["theForsaken:ScaryMask","OrangePellets","Sadistic Nature","Apotheosis","TheCursedMod:FleshFromBone","TheCursedMod:FuryStrike","TheCursedMod:CircleOfCorruption","TheCursedMod:VitalStrike","TheCursedMod:SaltUponWound"],"campfire_rested":4,"item_purchase_floors":[0,0,0,8,8,8,22,22,27],"current_hp_per_floor":[52,49,38,38,34,21,21,21,21,43,43,43,43,41,63,33,75,74,62,52,52,52,74,67,49,49,49,26,48,27,0,0],"gold":123,"neow_bonus":"","is_daily":false,"chose_seed":false,"campfire_upgraded":0,"win_rate":0.0,"timestamp":1612126304,"path_taken":["M","M","?","M","M","E","?","$","T","R","M","R","M","M","R","BOSS","M","M","M","?","$","R","E","M","T","$","M","R","M","?"],"items_purchased_type":["Relic","Relic","Card","Card","Card","Card","Card","Card","Card"],"build_version":"2020-12-22","purchased_purges":0,"victory":false,"max_hp_per_floor":[75,75,75,75,75,75,75,75,75,75,75,75,75,75,75,75,75,75,75,75,75,75,75,75,75,75,75,75,75,75,75,75],"card_choices":[{"not_picked":["TheCursedMod:Stretching","TheCursedMod:CircleOfWindfury"],"picked":"TheCursedMod:SmokeScreen","floor":1},{"not_picked":["TheCursedMod:SpitefulPlan","TheCursedMod:Stretching"],"picked":"TheCursedMod:CursedBlade","floor":2},{"not_picked":["TheCursedMod:TroublousMinions","TheCursedMod:SpitefulPray"],"picked":"TheCursedMod:Torture","floor":4},{"not_picked":["TheCursedMod:SmokeScreen","TheCursedMod:RapidMovement"],"picked":"TheCursedMod:CircleOfFlame","floor":5},{"not_picked":["TheCursedMod:PrepareRite","TheCursedMod:TacticalStrike"],"picked":"TheCursedMod:CircleOfCorruption","floor":6},{"not_picked":["TheCursedMod:PrepareRite","TheCursedMod:FuryStrike"],"picked":"TheCursedMod:Hemoplague","floor":11},{"not_picked":["TheCursedMod:Wield","TheCursedMod:ManaBullet"],"picked":"TheCursedMod:Hemoplague","floor":13},{"not_picked":["TheCursedMod:Hemoplague","TheCursedMod:Torture"],"picked":"TheCursedMod:WearCloak","floor":14},{"not_picked":["TheCursedMod:ForbiddenAlchemy","TheCursedMod:Neurasthenia"],"picked":"TheCursedMod:CircleOfAbyss","floor":16},{"not_picked":["TheCursedMod:RavingStaff+1","TheCursedMod:CursedMace"],"picked":"TheCursedMod:TacticalStrike","floor":18},{"not_picked":["TheCursedMod:TacticalStrike","TheCursedMod:RavingStaff"],"picked":"TheCursedMod:SpitefulStrike+1","floor":19},{"not_picked":["TheCursedMod:CursedMace","TheCursedMod:RavingStaff+1"],"picked":"TheCursedMod:SpitefulStrike+1","floor":20},{"not_picked":["TheCursedMod:CursedRelics","TheCursedMod:LuckyCharm"],"picked":"TheCursedMod:AbyssShockwave","floor":24},{"not_picked":["TheCursedMod:CursedMace","TheCursedMod:Stretching"],"picked":"TheCursedMod:Torture+1","floor":25},{"not_picked":["TheCursedMod:Wield+1","TheCursedMod:Stretching"],"picked":"TheCursedMod:CircleOfFlame","floor":28},{"not_picked":["TheCursedMod:SpitefulStrike","TheCursedMod:ManaBullet"],"picked":"TheCursedMod:CircleOfFlame","floor":30}],"player_experience":366793,"relics_obtained":[{"floor":6,"key":"Turnip"},{"floor":9,"key":"Ice Cream"},{"floor":24,"key":"construct:RocketBooster"}],"event_choices":[{"damage_healed":0,"gold_gain":75,"player_choice":"Gather Gold","damage_taken":11,"max_hp_gain":0,"max_hp_loss":0,"event_name":"World of Goop","floor":3,"gold_loss":0},{"damage_healed":0,"gold_gain":0,"player_choice":"Fight","damage_taken":0,"max_hp_gain":0,"max_hp_loss":0,"event_name":"Colosseum","floor":31,"gold_loss":0}],"is_beta":false,"boss_relics":[{"not_picked":["Cursed Key","aspiration:RunicSpoon"],"picked":"hubris:Backtick"}],"items_purged_floors":[],"is_endless":false,"potions_floor_spawned":[4,6,11,16,24,30],"killed_by":"Colosseum Slavers","ascension_level":0}}