{"host":"wahmi3v2b4ozu27r","time":1612081813,"event":{"mods":["AchievementEnabler","Act Like it!","Astrologer","BaseMod","Colored Powertips","Energized Spire","Infinite Spire","Minty Spire (QoL Compilation)","Pale of the Ancients","Permanent Neow","Rare Cards Sparkle","Replay The Spire","Shop Mod","Spikes Relics","StSLib","The Animator","The Bug Knight","The Hierophant","The Problem Sleuth","TheBandit","TheFirefly","Trackpad","egg","everything is the same but u backflip on backflip","slay the spire mod where everything is the same but ironclad has a cowboy hat"],"gold_per_floor":[117,117,97,111,59,59,84,84,84,97,29,63,26,37,37,132,132,150,150,75,75,125,160,160,175,175,191,191,106,126,136,136,239,239,254,265,19,31,31,31,31,31],"floor_reached":41,"language":"ENG","playtime":4171,"items_purged":[],"score":444,"play_id":"72a65dc0-c17a-49e6-8ac5-880df6d82d7e","local_time":"20210131033013","is_ascension_mode":false,"campfire_choices":[{"data":"Dualcast","floor":6,"key":"SMITH"},{"data":"BasicCrystalCard","floor":8,"key":"SMITH"},{"floor":15,"key":"REST"},{"floor":28,"key":"REST"},{"floor":32,"key":"REST"},{"floor":40,"key":"RECALL"}],"circlet_count":0,"master_deck":["Strike_B","Strike_B","Strike_B+1","Strike_B+1","Defend_B","Defend_B","Defend_B","Defend_B","Zap","Dualcast+1","Sweeping Beam","Coolheaded","Conserve Battery","BasicCrystalCard+1","Cold Snap","RefreshScreen","Meteor Strike","FIFO Queue","Mirror Shield","Cold Snap","RitualDagger+1","Chaos","Hallucinations","Redo","Panic Button","Sweeping Beam","Buffer","Redo+1","Regret","Meteor Strike","Coolheaded+1","DiskWipe+1","Ball Lightning","Barrage+1"],"relics":["SlaversCollar","Mercury Hourglass","infinitespire:PuzzleCube","Nuclear Battery","Ring of Peace","Ring of Greed","trackpad:RapidFire","Pet Ghost","Whetstone","Carrot","Prayer Wheel","energizedSpire:DeadBattery","infinitespire:Broken Mirror"],"acts_visited":["Exordium","TheCity","TheBeyond"],"potions_floor_usage":[7,12,16,23,23,27,33,41],"damage_taken":[{"damage":0,"enemies":"Small Slimes","floor":1,"turns":3},{"damage":10,"enemies":"2 Louse","floor":4,"turns":2},{"damage":0,"enemies":"Replay:BlueRogue","floor":7,"turns":7},{"damage":0,"enemies":"Cultist","floor":10,"turns":3},{"damage":8,"enemies":"HollowMod:MossKnight","floor":12,"turns":5},{"damage":18,"enemies":"3 Louse","floor":14,"turns":3},{"damage":7,"enemies":"Hexaghost","floor":16,"turns":10},{"damage":30,"enemies":"2 Thieves","floor":18,"turns":4},{"damage":16,"enemies":"Replay:Snechameleon","floor":23,"turns":9},{"damage":0,"enemies":"Chosen","floor":25,"turns":5},{"damage":11,"enemies":"Centurion and Healer","floor":27,"turns":11},{"damage":0,"enemies":"Snake Plant","floor":30,"turns":5},{"damage":0,"enemies":"Chosen and Byrds","floor":31,"turns":4},{"damage":43,"enemies":"Champ","floor":33,"turns":17},{"damage":23,"enemies":"3 Shapes","floor":35,"turns":3},{"damage":1,"enemies":"Orb Walker","floor":36,"turns":4},{"damage":0,"enemies":"Jaw Worm Horde","floor":38,"turns":4},{"damage":52,"enemies":"Reptomancer","floor":41,"turns":6}],"seed_played":"-8036888569015294301","potions_obtained":[{"floor":1,"key":"Ancient Potion"},{"floor":3,"key":"Weak Potion"},{"floor":10,"key":"Strength Potion"},{"floor":14,"key":"Weak Potion"},{"floor":16,"key":"AttackPotion"},{"floor":18,"key":"Flashbang"},{"floor":30,"key":"SkillPotion"},{"floor":33,"key":"Swift Potion"},{"floor":35,"key":"ColorlessPotion"},{"floor":36,"key":"Ancient Potion"}],"is_trial":false,"path_per_floor":["M","?","?","M","$","R","E","R","T","M","$","E","$","M","R","B",null,"M","?","$","?","?","E","T","M","T","M","R","?","M","M","R","B",null,"M","M","$","M","?","R","E"],"character_chosen":"DEFECT","items_purchased":["Conserve Battery","RefreshScreen","FIFO Queue","Chaos","infinitespire:Broken Mirror"],"campfire_rested":3,"item_purchase_floors":[5,11,13,20,37],"current_hp_per_floor":[75,75,75,65,65,65,65,65,65,65,65,57,57,39,61,54,75,45,39,39,39,39,23,23,23,23,12,34,34,34,34,56,13,75,52,51,51,51,51,51,0,0],"gold":31,"neow_bonus":"BOSS_RELIC","is_daily":false,"chose_seed":false,"campfire_upgraded":2,"win_rate":0.0,"timestamp":1612081813,"path_taken":["M","?","?","M","$","R","E","R","T","M","$","E","$","M","R","BOSS","M","?","$","?","?","E","?","M","T","M","R","?","M","M","R","BOSS","M","M","$","M","?","R","E"],"items_purchased_type":["Card","Card","Card","Card","Relic"],"build_version":"2020-12-22","purchased_purges":0,"victory":false,"max_hp_per_floor":[75,75,75,75,75,75,75,75,75,75,75,75,75,75,75,75,75,75,75,75,75,75,75,75,75,75,75,75,75,75,75,75,75,75,75,75,75,75,75,75,75,75],"card_choices":[{"not_picked":["Streamline","Redo"],"picked":"Sweeping Beam","floor":1},{"not_picked":["Go for the Eyes","ReplaySort"],"picked":"Coolheaded","floor":4},{"not_picked":["Chill","Seek"],"picked":"BasicCrystalCard","floor":7},{"not_picked":["Turbo","Go for the Eyes"],"picked":"Cold Snap","floor":10},{"not_picked":["Streamline","Coolheaded"],"picked":"Meteor Strike","floor":12},{"not_picked":["Steam","Blizzard","Compile Driver"],"picked":"SKIP","floor":14},{"not_picked":["Biased Cognition","All For One"],"picked":"Mirror Shield","floor":16},{"not_picked":["Time Bomb","Heatsinks"],"picked":"Cold Snap","floor":18},{"not_picked":["Beam Cell","Steam"],"picked":"Redo","floor":23},{"not_picked":["Leap","Conserve Battery"],"picked":"Panic Button","floor":25},{"not_picked":["Turbo","Coolheaded"],"picked":"Sweeping Beam","floor":27},{"not_picked":["Coolheaded","Panic Button"],"picked":"Buffer","floor":30},{"not_picked":["Blizzard+1","Leap"],"picked":"Redo+1","floor":31},{"not_picked":["All For One","Thunder Strike"],"picked":"Meteor Strike","floor":33},{"not_picked":["Compile Driver","Scrape"],"picked":"Coolheaded+1","floor":35},{"not_picked":["Auto Shields","Go for the Eyes"],"picked":"DiskWipe+1","floor":35},{"not_picked":["Steam","Scrape"],"picked":"Ball Lightning","floor":36},{"not_picked":["Hologram+1","Streamline+1"],"picked":"Barrage+1","floor":36},{"not_picked":["Darkness","Time Bomb","Coolheaded"],"picked":"SKIP","floor":38},{"not_picked":["Hello World","Barrage","Loop"],"picked":"SKIP","floor":38}],"player_experience":39210,"relics_obtained":[{"floor":7,"key":"Mercury Hourglass"},{"floor":12,"key":"infinitespire:PuzzleCube"},{"floor":22,"key":"Ring of Peace"},{"floor":22,"key":"Ring of Greed"},{"floor":23,"key":"trackpad:RapidFire"},{"floor":24,"key":"Pet Ghost"},{"floor":26,"key":"Whetstone"}],"event_choices":[{"damage_healed":0,"gold_gain":0,"player_choice":"Bought 1 Potion","damage_taken":0,"max_hp_gain":0,"max_hp_loss":0,"event_name":"The Woman in Blue","floor":3,"gold_loss":0},{"damage_healed":0,"gold_gain":0,"player_choice":"Joined the Cult","damage_taken":6,"max_hp_gain":0,"max_hp_loss":0,"event_name":"Nest","floor":19,"gold_loss":0,"cards_obtained":["RitualDagger"]},{"damage_healed":0,"gold_gain":0,"player_choice":"Smashed Altar","damage_taken":0,"max_hp_gain":0,"max_hp_loss":0,"event_name":"Forgotten Altar","floor":21,"gold_loss":0,"cards_obtained":["Decay"]},{"damage_healed":0,"gold_gain":0,"player_choice":"Obtained Relic","damage_taken":0,"relics_obtained":["Carrot"],"max_hp_gain":0,"max_hp_loss":0,"event_name":"Addict","floor":29,"gold_loss":85},{"cards_removed":["Decay"],"damage_healed":0,"gold_gain":0,"player_choice":"Purged","damage_taken":0,"max_hp_gain":0,"max_hp_loss":0,"event_name":"Purifier","floor":39,"gold_loss":0}],"is_beta":false,"boss_relics":[{"not_picked":["energizedSpire:CursedPentagram","Honey Jar"],"picked":"Nuclear Battery"},{"not_picked":["energizedSpire:OldTV","Ring of Chaos"],"picked":"energizedSpire:DeadBattery"}],"items_purged_floors":[],"is_endless":false,"potions_floor_spawned":[1,10,14,16,18,30,33,35,36],"killed_by":"Reptomancer","ascension_level":0}}