{"host":"ewe4oe702q4ujr6i","time":1612083100,"event":{"mods":["BaseMod","Colored Map","Colored Powertips","DeckTracker","Minty Spire (QoL Compilation)","SuperFastMode"],"gold_per_floor":[110,185,196,196,121,121,135,135,135,135,163,177,33,46,46,144,144,156,156,156,168,183,211,211,221,296,3,21,36,55,55,55,157,157,172,188,188,211,227,268,268,228,253,272,272,116,136,495,495,495,495,495,14,43,43],"floor_reached":56,"language":"KOR","playtime":3454,"items_purged":["Strike_R","Strike_R+1","Strike_R+1"],"score":1174,"play_id":"9ff7393d-4654-4434-9737-0a83f3e7b860","local_time":"20210131175140","is_ascension_mode":false,"campfire_choices":[{"data":"Headbutt","floor":6,"key":"SMITH"},{"data":"Shockwave","floor":8,"key":"SMITH"},{"floor":10,"key":"RECALL"},{"data":"Armaments","floor":15,"key":"SMITH"},{"data":"Double Tap","floor":24,"key":"SMITH"},{"data":"Spot Weakness","floor":32,"key":"SMITH"},{"data":"Rupture","floor":41,"key":"SMITH"},{"data":"Pommel Strike","floor":45,"key":"SMITH"},{"data":"J.A.X.","floor":49,"key":"SMITH"},{"data":"Inflame","floor":52,"key":"SMITH"}],"circlet_count":0,"master_deck":["Strike_R+1","Strike_R+1","Defend_R+1","Defend_R+1","Defend_R+1","Defend_R+1","Bash+1","Headbutt+1","Shockwave+1","Armaments+1","Spot Weakness+1","Double Tap+1","Pummel+1","Demon Form+1","Burning Pact","Shrug It Off+1","Inflame","Pummel+1","Inflame+1","J.A.X.+1","Reaper+1","Flex","Rupture+1","Pommel Strike+1","Inflame+1"],"relics":["Burning Blood","InkBottle","Boot","Happy Flower","SlaversCollar","Bag of Marbles","Tiny Chest","HornCleat","Omamori","Runic Cube","CeramicFish","Vajra","Potion Belt","Centennial Puzzle","Old Coin","Oddly Smooth Stone","Toy Ornithopter","Whetstone"],"acts_visited":["Exordium","TheCity","TheBeyond","TheEnding"],"potions_floor_usage":[25,25,30,33,37,37,55,55,55,55,55],"damage_taken":[{"damage":5,"enemies":"Small Slimes","floor":1,"turns":3},{"damage":0,"enemies":"2 Louse","floor":3,"turns":3},{"damage":6,"enemies":"Cultist","floor":7,"turns":3},{"damage":21,"enemies":"Lagavulin","floor":11,"turns":6},{"damage":19,"enemies":"Lots of Slimes","floor":12,"turns":7},{"damage":6,"enemies":"2 Fungi Beasts","floor":14,"turns":4},{"damage":16,"enemies":"Slime Boss","floor":16,"turns":9},{"damage":10,"enemies":"3 Byrds","floor":18,"turns":8},{"damage":0,"enemies":"Shell Parasite","floor":21,"turns":4},{"damage":15,"enemies":"Snake Plant","floor":22,"turns":4},{"damage":10,"enemies":"Book of Stabbing","floor":23,"turns":3},{"damage":8,"enemies":"Centurion and Healer","floor":25,"turns":4},{"damage":0,"enemies":"3 Cultists","floor":28,"turns":3},{"damage":20,"enemies":"Sentry and Sphere","floor":29,"turns":5},{"damage":0,"enemies":"Snake Plant","floor":30,"turns":3},{"damage":30,"enemies":"Automaton","floor":33,"turns":6},{"damage":30,"enemies":"3 Darklings","floor":35,"turns":9},{"damage":0,"enemies":"3 Shapes","floor":36,"turns":2},{"damage":31,"enemies":"Maw","floor":39,"turns":7},{"damage":14,"enemies":"Giant Head","floor":40,"turns":6},{"damage":46,"enemies":"Transient","floor":44,"turns":5},{"damage":6,"enemies":"Jaw Worm Horde","floor":47,"turns":5},{"damage":13,"enemies":"Mind Bloom Boss Battle","floor":48,"turns":5},{"damage":89,"enemies":"Donu and Deca","floor":50,"turns":6},{"damage":31,"enemies":"Shield and Spear","floor":54,"turns":4},{"damage":86,"enemies":"The Heart","floor":55,"turns":8}],"seed_played":"-1303727923174651365","potions_obtained":[{"floor":3,"key":"Strength Potion"},{"floor":7,"key":"AttackPotion"},{"floor":22,"key":"SkillPotion"},{"floor":25,"key":"BlessingOfTheForge"},{"floor":30,"key":"DistilledChaos"},{"floor":33,"key":"PowerPotion"},{"floor":35,"key":"LiquidMemories"},{"floor":36,"key":"BloodPotion"},{"floor":37,"key":"EntropicBrew"},{"floor":37,"key":"GamblersBrew"},{"floor":44,"key":"DistilledChaos"}],"is_trial":false,"path_per_floor":["M","?","M","?","$","R","M","R","T","R","E","M","$","M","R","B",null,"M","?","T","M","M","E","R","M","T","$","M","M","M","?","R","B",null,"M","M","?","T","M","E","R","?","T","M","R","$","M","?","R","B",null,"R","$","E","B",null],"character_chosen":"IRONCLAD","items_purchased":["Happy Flower","Inflame","Omamori","Centennial Puzzle","Oddly Smooth Stone","Toy Ornithopter","Weak Potion"],"campfire_rested":0,"item_purchase_floors":[13,27,27,46,53,53,53],"current_hp_per_floor":[80,69,75,75,75,75,75,75,75,75,60,47,47,47,47,37,80,76,76,76,80,71,67,67,65,65,65,71,57,63,63,63,39,80,64,70,80,80,70,71,71,71,71,40,40,40,61,80,80,62,80,80,80,80,80],"gold":43,"neow_bonus":"UPGRADE_CARD","is_daily":false,"chose_seed":false,"campfire_upgraded":9,"win_rate":0.0,"timestamp":1612083100,"path_taken":["M","?","M","?","$","R","M","R","T","R","E","?","?","M","R","BOSS","M","?","?","?","M","E","R","M","T","?","M","M","M","?","R","BOSS","M","M","?","?","M","E","R","?","T","?","R","$","M","?","R","BOSS","R","$","E","BOSS"],"items_purchased_type":["Relic","Card","Relic","Relic","Relic","Relic","Potion"],"build_version":"2020-12-22","purchased_purges":3,"victory":true,"max_hp_per_floor":[80,80,80,80,80,80,80,80,80,80,80,80,80,80,80,80,80,80,80,80,80,80,80,80,80,80,80,80,80,80,80,80,80,80,80,80,80,80,80,80,80,80,80,80,80,80,80,80,80,80,80,80,80,80,80],"card_choices":[{"not_picked":["Havoc","Clothesline"],"picked":"Headbutt","floor":1},{"not_picked":["Dual Wield","Uppercut","Headbutt"],"picked":"SKIP","floor":3},{"not_picked":["Sword Boomerang","Heavy Blade"],"picked":"Shockwave","floor":7},{"not_picked":["Clash","Clothesline","Power Through"],"picked":"SKIP","floor":11},{"not_picked":["Entrench","Warcry","Armaments"],"picked":"SKIP","floor":12},{"not_picked":["Entrench","Warcry"],"picked":"Armaments","floor":12},{"not_picked":["Entrench","Pummel"],"picked":"Spot Weakness","floor":14},{"not_picked":["Berserk","Impervious"],"picked":"Double Tap","floor":16},{"not_picked":["Pommel Strike","True Grit"],"picked":"Pummel+1","floor":18},{"not_picked":["Body Slam","Armaments","Dual Wield"],"picked":"SKIP","floor":21},{"not_picked":["Havoc","Clothesline+1"],"picked":"Demon Form","floor":22},{"not_picked":["Metallicize","Wild Strike+1"],"picked":"Burning Pact","floor":23},{"not_picked":["Uppercut","Sever Soul"],"picked":"Shrug It Off+1","floor":25},{"not_picked":["Thunderclap","Rampage","Shockwave"],"picked":"SKIP","floor":28},{"not_picked":["Iron Wave","Intimidate"],"picked":"Pummel+1","floor":29},{"not_picked":["Combust","True Grit"],"picked":"Inflame","floor":30},{"not_picked":["Juggernaut","Demon Form"],"picked":"Reaper","floor":33},{"not_picked":["Warcry+1","Wild Strike+1","Blood for Blood"],"picked":"SKIP","floor":35},{"not_picked":["Uppercut+1","Dark Embrace+1"],"picked":"Flex","floor":36},{"not_picked":["Intimidate+1","Ghostly Armor+1","Clothesline"],"picked":"SKIP","floor":39},{"not_picked":["Havoc","Inflame"],"picked":"Rupture","floor":40},{"not_picked":["Flex+1","Thunderclap+1"],"picked":"Pommel Strike","floor":44},{"not_picked":["Evolve","Power Through+1","Sword Boomerang+1"],"picked":"SKIP","floor":47},{"not_picked":["Carnage+1","Immolate"],"picked":"Inflame+1","floor":48},{"not_picked":["Thunderclap+1","Cleave+1","Iron Wave+1"],"picked":"SKIP","floor":54}],"player_experience":179447,"relics_obtained":[{"floor":4,"key":"InkBottle"},{"floor":11,"key":"Boot"},{"floor":20,"key":"Bag of Marbles"},{"floor":23,"key":"Tiny Chest"},{"floor":26,"key":"HornCleat"},{"floor":38,"key":"CeramicFish"},{"floor":40,"key":"Vajra"},{"floor":43,"key":"Potion Belt"},{"floor":48,"key":"Old Coin"},{"floor":54,"key":"Whetstone"}],"event_choices":[{"damage_healed":0,"gold_gain":75,"player_choice":"Gather Gold","damage_taken":11,"max_hp_gain":0,"max_hp_loss":0,"event_name":"World of Goop","floor":2,"gold_loss":0},{"damage_healed":0,"gold_gain":0,"player_choice":"Relic","damage_taken":0,"max_hp_gain":0,"max_hp_loss":0,"event_name":"Wheel of Change","floor":4,"gold_loss":0},{"damage_healed":0,"gold_gain":0,"player_choice":"Simplicity","damage_taken":0,"max_hp_gain":0,"max_hp_loss":0,"event_name":"Back to Basics","floor":19,"gold_loss":0,"cards_upgraded":["Strike_R","Strike_R","Strike_R","Strike_R","Defend_R","Defend_R","Defend_R","Defend_R"]},{"damage_healed":0,"gold_gain":0,"player_choice":"Obtain J.A.X.","damage_taken":0,"max_hp_gain":0,"max_hp_loss":0,"event_name":"Drug Dealer","floor":31,"gold_loss":0,"cards_obtained":["J.A.X."]},{"damage_healed":0,"gold_gain":0,"player_choice":"Got Potions","damage_taken":0,"max_hp_gain":0,"max_hp_loss":0,"event_name":"Lab","floor":37,"gold_loss":0},{"damage_healed":0,"gold_gain":0,"player_choice":"Upgraded Two","damage_taken":0,"max_hp_gain":0,"max_hp_loss":0,"event_name":"Designer","floor":42,"gold_loss":40,"cards_upgraded":["Demon Form","Reaper"]},{"damage_healed":0,"gold_gain":0,"player_choice":"Fight","damage_taken":0,"max_hp_gain":0,"max_hp_loss":0,"event_name":"MindBloom","floor":48,"gold_loss":0}],"is_beta":false,"boss_relics":[{"not_picked":["Runic Dome","Empty Cage"],"picked":"SlaversCollar"},{"not_picked":["Cursed Key","Mark of Pain"],"picked":"Runic Cube"}],"items_purged_floors":[5,27,53],"is_endless":false,"potions_floor_spawned":[3,7,22,23,25,30,33,35,36,40,44],"ascension_level":0}}