{"host":"xjs3b8lu14idcd3l","time":1612108503,"event":{"mods":["Act Like it!","BaseMod","CapriCore","Friendly Minions","Gensokyo","Kiyohime£®«Âºß£©","Koishi","Marisa£®ÏF”Í°°ƒß¿Ì…≥£©","Minty Spire (QoL Compilation)","Prisma Mod","Reimu£®≤©¿ˆ¡È√Œ£©","Remilia£®¿Ÿ√◊¿Ú—«£©","Replay The Spire","StSLib","The Administrix","The Immortal","The Servant 0.9.4","Youmu£®ªÍ∆«—˝√Œ£©","Yuyuko"],"gold_per_floor":[114,114,130,149,47,75,105,134,134,134,154,181,181,265,265,370,370,383,400,56,56,74,109,109,143,143,153,171,197,197,222,222,319,319,330,330,430,168,209,254,288,375,375,424,424,424,424,462,462,492,492,492,27,70,84],"floor_reached":56,"language":"ZHS","playtime":3727,"items_purged":["Strike_YM","LotusPostureSlash","Strike_YM"],"score":1531,"play_id":"6286716f-130b-470d-95c9-206e5cde4c95","local_time":"20210131235503","is_ascension_mode":true,"campfire_choices":[{"data":"BizarrenessOfSixRealms","floor":10,"key":"SMITH"},{"data":"WheelOfPainOfLivingAndDead","floor":13,"key":"SMITH"},{"floor":15,"key":"REST"},{"data":"IrresoluteSoul","floor":24,"key":"SMITH"},{"floor":32,"key":"REST"},{"floor":46,"key":"RECALL"},{"data":"HesitationCuttingSword","floor":49,"key":"SMITH"},{"data":"DispleasureOfTheSevenHakus","floor":52,"key":"SMITH"}],"circlet_count":0,"master_deck":["Strike_YM","Strike_YM","Defend_YM","Defend_YM","Defend_YM","SlashOfPresentWorld+1","WheelOfPainOfLivingAndDead+1","BizarrenessOfSixRealms+1","ThoughtCuttingSword","DoubleWheelOfPain","HumanGodSword","CherryBlossomFlashing+1","DispleasureOfTheSevenHakus+1","HellRealmSword","ReincarnationSword+1","SanzenSekai","HellFireSword","SwordExtraction","CherryBlossomFlashing","IrresoluteSoul+1","FlashingScatteredFlowers+1","SpiritCuttingSword+1","HesitationCuttingSword+1","SwordExtraction","SwordExtraction","CelestialStarSword","HesitationCuttingSword+1","SlashOfSaigyouSpringWind+1","HiganSword","HumanGodSword","SuddenPhantomFormationSlashOfKarmicWind+1","SlashOfDelusionalInnerEye+1","DispleasureOfTheSevenHakus+1","SuddenPhantomFormationSlashOfKarmicWind+1","ObsessionWithThePresentWorld+1","SuddenPhantomFormationSlashOfKarmicWind","HellFireSword","Specialist"],"relics":["HalfPhantom","PreservedInsect","Bronze Scales","Odd Mushroom","Pantograph","Blood Vial","Gremlin Food","Whetstone","SlaversCollar","Vajra","Prayer Wheel","ReplayTheSpireMod:TigerMarble","Mango","Replay:WaspNest","Smiling Mask","Simple Rune","Replay:Grab Bag","Sozu","Coffee Dripper","Black Star","Replay:Bandana","Juzu Bracelet","Unceasing Top","CatCart","PureWhite:ReiMu","Singing Bowl","ReplayTheSpireMod:Ninjato","Thread and Needle","HornCleat"],"acts_visited":["Exordium","TheCity","TheBeyond","TheEnding"],"potions_floor_usage":[6,7,12,16,25,25,29,31,33,55,55],"damage_taken":[{"damage":1,"enemies":"2 Louse","floor":1,"turns":3},{"damage":1,"enemies":"Cultist","floor":3,"turns":4},{"damage":1,"enemies":"Small Slimes","floor":4,"turns":3},{"damage":6,"enemies":"Lagavulin","floor":6,"turns":5},{"damage":15,"enemies":"The Mushroom Lair","floor":7,"turns":4},{"damage":23,"enemies":"Gremlin Nob","floor":8,"turns":4},{"damage":0,"enemies":"Blue Slaver","floor":11,"turns":3},{"damage":4,"enemies":"Lagavulin","floor":12,"turns":7},{"damage":6,"enemies":"The Guardian","floor":16,"turns":7},{"damage":0,"enemies":"2 Thieves","floor":18,"turns":3},{"damage":8,"enemies":"3 Byrds","floor":19,"turns":3},{"damage":0,"enemies":"Snake Plant","floor":22,"turns":2},{"damage":0,"enemies":"Replay:Snechameleon","floor":23,"turns":2},{"damage":14,"enemies":"Slavers","floor":25,"turns":3},{"damage":8,"enemies":"Chosen and Byrds","floor":27,"turns":7},{"damage":10,"enemies":"Centurion and Healer","floor":28,"turns":5},{"damage":0,"enemies":"Book of Stabbing","floor":29,"turns":3},{"damage":30,"enemies":"Gremlin Leader","floor":31,"turns":3},{"damage":4,"enemies":"Automaton","floor":33,"turns":4},{"damage":10,"enemies":"3 Darklings","floor":35,"turns":3},{"damage":18,"enemies":"3 Shapes","floor":39,"turns":4},{"damage":23,"enemies":"Reptomancer","floor":40,"turns":5},{"damage":0,"enemies":"Maw","floor":41,"turns":4},{"damage":0,"enemies":"Orin","floor":42,"turns":5},{"damage":0,"enemies":"Nemesis","floor":44,"turns":3},{"damage":11,"enemies":"Spire Growth","floor":48,"turns":3},{"damage":0,"enemies":"Donu and Deca","floor":50,"turns":7},{"damage":10,"enemies":"Shield and Spear","floor":54,"turns":5},{"damage":48,"enemies":"The Heart","floor":55,"turns":6}],"seed_played":"4026681680845809288","potions_obtained":[{"floor":2,"key":"GamblersBrew"},{"floor":2,"key":"AttackPotion"},{"floor":2,"key":"Venom Potion"},{"floor":4,"key":"LiquidBronze"},{"floor":11,"key":"Dexterity Potion"},{"floor":14,"key":"SneckoOil"},{"floor":14,"key":"ZuzhouPotion:ReiMu"},{"floor":16,"key":"Weak Potion"},{"floor":18,"key":"SkillPotion"},{"floor":28,"key":"SkillPotion"},{"floor":29,"key":"FearPotion"},{"floor":31,"key":"Ancient Potion"},{"floor":33,"key":"PowerPotion"}],"is_trial":false,"path_per_floor":["M","?","M","M","$","E","?","E","T","R","M","E","R","?","R","B",null,"M","M","$","?","M","E","R","E","T","M","M","E","T","E","R","B",null,"M","?","?","$","M","E","M","?","T","E","?","R","?","M","R","B",null,"R","$","E","B",null],"character_chosen":"YOUMU","items_purchased":["HumanGodSword","CherryBlossomFlashing","HellFireSword","Vajra","SwordExtraction","Replay:Bandana","HumanGodSword","HellFireSword","ReplayTheSpireMod:Ninjato","Specialist"],"campfire_rested":2,"item_purchase_floors":[5,5,20,20,20,38,38,53,53,53],"current_hp_per_floor":[74,74,73,72,72,66,51,28,28,28,30,28,28,10,32,53,75,75,67,67,67,69,71,71,59,73,67,59,61,61,33,59,82,89,79,79,79,79,63,42,48,50,50,54,54,54,54,49,49,76,95,95,95,87,49],"gold":84,"neow_bonus":"RANDOM_COMMON_RELIC","is_daily":false,"chose_seed":false,"campfire_upgraded":5,"win_rate":0.0,"timestamp":1612108503,"path_taken":["M","?","?","M","$","E","?","E","T","R","M","E","R","?","R","BOSS","M","M","$","?","?","E","R","E","T","M","M","E","?","E","R","BOSS","M","?","?","$","M","E","M","?","T","E","?","R","?","M","R","BOSS","R","$","E","BOSS"],"items_purchased_type":["Card","Card","Card","Relic","Card","Relic","Card","Card","Relic","Card"],"build_version":"2020-12-22","purchased_purges":3,"victory":true,"max_hp_per_floor":[75,75,75,75,75,75,75,75,75,75,75,75,75,75,75,75,75,75,75,75,75,75,75,75,75,89,89,89,89,89,89,89,89,89,89,89,89,89,89,89,89,89,89,91,91,91,91,95,95,95,95,95,95,97,97],"card_choices":[{"not_picked":["CrescentMoonSlash","FlashingScatteredFlowers"],"picked":"BizarrenessOfSixRealms","floor":1},{"not_picked":["BloodOfAsura","SanzenSekai"],"picked":"ThoughtCuttingSword","floor":3},{"not_picked":["HumanKnowledgeSword","SlashOfMeditation"],"picked":"DoubleWheelOfPain","floor":4},{"not_picked":["LightFlashOfTheNetherworld","HeavenGodSword"],"picked":"DispleasureOfTheSevenHakus","floor":6},{"not_picked":["KarmicPunishmentOfTheIdleAndUnfocused","CherryBlossomFlashing","LifeCuttingSword"],"picked":"SKIP","floor":8},{"not_picked":["CherryBlossomFlashing","SwordOfBindingDesires","LowerRealmReflectionSlash"],"picked":"SKIP","floor":11},{"not_picked":["LifeCuttingSword","BloodOfAsura"],"picked":"HellRealmSword","floor":12},{"not_picked":["LifeCuttingSword","HumanKnowledgeSword"],"picked":"LotusPostureSlash","floor":14},{"not_picked":["SlashOfTheEternalFuture","HeavenSword"],"picked":"ReincarnationSword","floor":16},{"not_picked":["TenKingsRetributionOnThePreta","SwordOfBindingDesires"],"picked":"SanzenSekai","floor":18},{"not_picked":["DispleasureOfTheSevenHakus","LifeCuttingSword","TwoHundredYojanaInOneSlash"],"picked":"SKIP","floor":19},{"not_picked":["HumanGodSword","ThreeKonsSevenHakus+1"],"picked":"CherryBlossomFlashing","floor":22},{"not_picked":["ConstancyOfTheConventionalTruth+1","HeavenSword"],"picked":"IrresoluteSoul","floor":23},{"not_picked":["SpiritMediumsBind+1","HumanKnowledgeSword"],"picked":"FlashingScatteredFlowers","floor":25},{"not_picked":["ReincarnationSword","TwoHundredYojanaInOneSlash"],"picked":"SpiritCuttingSword+1","floor":27},{"not_picked":["SanzenSekai","TwoHundredYojanaInOneSlash"],"picked":"HesitationCuttingSword+1","floor":27},{"not_picked":["FlashingScatteredFlowers","HumanKnowledgeSword"],"picked":"SwordExtraction","floor":28},{"not_picked":["LifeCuttingSword","SwordOfBindingDesires"],"picked":"SwordExtraction","floor":28},{"not_picked":["LowerRealmReflectionSlash+1","SpiderLilyBurial"],"picked":"CelestialStarSword","floor":29},{"not_picked":["HumanKnowledgeSword","KarmicPunishmentOfTheIdleAndUnfocused"],"picked":"HesitationCuttingSword","floor":31},{"not_picked":["ASingleThoughtAndInfiniteKalpas","HeavenGodSword"],"picked":"SlashOfSaigyouSpringWind","floor":33},{"not_picked":["HeartExcerptSlash","LowerRealmReflectionSlash+1"],"picked":"HiganSword","floor":35},{"not_picked":["TwoHundredYojanaInOneSlash+1","HumanKnowledgeSword+1","DispleasureOfTheSevenHakus"],"picked":"SKIP","floor":35},{"not_picked":["HeartExcerptSlash+1","TurningAngelCut+1"],"picked":"SuddenPhantomFormationSlashOfKarmicWind+1","floor":39},{"not_picked":["TwoHundredYojanaInOneSlash","HeavenlyHaloSlash+1"],"picked":"SlashOfDelusionalInnerEye+1","floor":39},{"not_picked":["TwoHundredYojanaInOneSlash","PhosphoricSlash"],"picked":"DispleasureOfTheSevenHakus+1","floor":40},{"not_picked":["LifeCuttingSword","GhostSword"],"picked":"SuddenPhantomFormationSlashOfKarmicWind+1","floor":41},{"not_picked":["ConstancyOfTheConventionalTruth","TwoHundredYojanaInOneSlash"],"picked":"ObsessionWithThePresentWorld+1","floor":41},{"not_picked":["SlashOfMeditation","PhosphoricSlash"],"picked":"SuddenPhantomFormationSlashOfKarmicWind","floor":42},{"not_picked":["WickedSoul","TransmigrationSlash+1","SanzenSekai+1"],"picked":"Singing Bowl","floor":44},{"not_picked":["RapidSlash","SpiritMediumsBind+1","LowerRealmReflectionSlash+1"],"picked":"Singing Bowl","floor":48},{"not_picked":["HellGodSword","HumanGodSword","SwordOfBindingDesires+1"],"picked":"Singing Bowl","floor":48},{"not_picked":["LotusPostureSlash+1","IrresoluteSoul","ObsessionSword+1"],"picked":"Singing Bowl","floor":54}],"player_experience":203085,"relics_obtained":[{"floor":6,"key":"Bronze Scales"},{"floor":7,"key":"Odd Mushroom"},{"floor":8,"key":"Pantograph"},{"floor":9,"key":"Blood Vial"},{"floor":12,"key":"Gremlin Food"},{"floor":14,"key":"Whetstone"},{"floor":23,"key":"Prayer Wheel"},{"floor":25,"key":"ReplayTheSpireMod:TigerMarble"},{"floor":26,"key":"Mango"},{"floor":29,"key":"Replay:WaspNest"},{"floor":30,"key":"Smiling Mask"},{"floor":31,"key":"Simple Rune"},{"floor":40,"key":"Juzu Bracelet"},{"floor":40,"key":"Unceasing Top"},{"floor":42,"key":"CatCart"},{"floor":44,"key":"PureWhite:ReiMu"},{"floor":44,"key":"Singing Bowl"},{"floor":54,"key":"Thread and Needle"},{"floor":54,"key":"HornCleat"}],"event_choices":[{"damage_healed":0,"gold_gain":0,"player_choice":"Got Potions","damage_taken":0,"max_hp_gain":0,"max_hp_loss":0,"event_name":"Lab","floor":2,"gold_loss":0},{"damage_healed":0,"gold_gain":0,"player_choice":"Fought Mushrooms","damage_taken":0,"max_hp_gain":0,"max_hp_loss":0,"event_name":"Mushrooms","floor":7,"gold_loss":0},{"damage_healed":0,"gold_gain":0,"player_choice":"Upgraded","damage_taken":0,"max_hp_gain":0,"max_hp_loss":0,"event_name":"Upgrade Shrine","floor":21,"gold_loss":0,"cards_upgraded":["ReincarnationSword"]},{"damage_healed":0,"gold_gain":0,"player_choice":"Ignored","damage_taken":0,"max_hp_gain":0,"max_hp_loss":0,"event_name":"Tomb of Lord Red Mask","floor":36,"gold_loss":0},{"damage_healed":0,"gold_gain":100,"player_choice":"Pray","damage_taken":0,"max_hp_gain":0,"max_hp_loss":0,"event_name":"Golden Shrine","floor":37,"gold_loss":0},{"damage_healed":0,"gold_gain":0,"player_choice":"Fight","damage_taken":0,"max_hp_gain":0,"max_hp_loss":0,"event_name":"OrinTheCat","floor":42,"gold_loss":0},{"cards_removed":["Defend_YM"],"damage_healed":0,"gold_gain":0,"player_choice":"Removed Skill","damage_taken":0,"max_hp_gain":0,"max_hp_loss":0,"event_name":"Falling","floor":45,"gold_loss":0},{"damage_healed":0,"gold_gain":0,"player_choice":"Forge","damage_taken":0,"max_hp_gain":0,"max_hp_loss":0,"event_name":"Accursed Blacksmith","floor":47,"gold_loss":0,"cards_upgraded":["SlashOfSaigyouSpringWind"]}],"is_beta":false,"boss_relics":[{"not_picked":["Fusion Hammer","Runic Pyramid"],"picked":"SlaversCollar"},{"not_picked":["Replay:Drink Me","Busted Crown"],"picked":"Replay:Grab Bag"},{"not_picked":["Runic Dome","ChewingGum"],"picked":"Sozu"},{"not_picked":["Velvet Choker","Cursed Key"],"picked":"Coffee Dripper"},{"not_picked":["SacredBark","Honey Jar"],"picked":"Black Star"}],"items_purged_floors":[20,38,53],"is_endless":false,"potions_floor_spawned":[4,11,16,18,28,29,31,33,35,41,48,54],"ascension_level":1}}