{"host":"h3ybbam5olp21xet","time":1612118978,"event":{"mods":["BaseMod","BetterRewards","Downfall","Hermit","Hubris","Infinite Spire","Minty Spire (QoL Compilation)","Replay The Spire","StSLib","The Bug Knight","The Cursed"],"gold_per_floor":[115,132,205,51,51,51,78,115,115,102,102,139,85,114,114,243,243,291,95,138,228,63,63,131,175,175,100,100,145,145,212,212,242,242],"floor_reached":33,"language":"ENG","playtime":1476,"items_purged":["Regret"],"score":308,"play_id":"b029f8f0-2cb4-461d-8822-53a38297b9c8","local_time":"20210131124938","is_ascension_mode":false,"campfire_choices":[{"data":"hermit:CursedWeapon","floor":6,"key":"SMITH"},{"floor":15,"key":"REST"},{"data":"hermit:GoldenBullet","floor":23,"key":"SMITH"},{"floor":28,"key":"REST"},{"floor":30,"key":"REST"},{"floor":32,"key":"REST"}],"circlet_count":0,"master_deck":["hermit:Strike_Hermit","hermit:Strike_Hermit","hermit:Strike_Hermit","hermit:Strike_Hermit","hermit:Defend_Hermit","hermit:Defend_Hermit","hermit:Defend_Hermit","hermit:Defend_Hermit","hermit:Snapshot","hermit:Covet","hermit:Dissolve","hermit:CalledShot","hermit:TrackingShot","hermit:CursedWeapon+1","hermit:TakeAim","hermit:CalledShot","hermit:SprayPray","hermit:HighCaliber","hermit:BigShot","hermit:TrackingShot","hermit:HighCaliber","hermit:Deadeye","hermit:Headshot","hermit:FatalDesire","hermit:GoldenBullet+1","hermit:Quickdraw","hermit:TrackingShot","hermit:Gambit","ReplayTheSpireMod:IOU","hubris:Greed","hermit:Snipe","hermit:Roulette+1","Dramatic Entrance","hubris:Greed","hermit:HighCaliber","Specialist","hermit:Headshot","hermit:Glare","hermit:BigShot+1","hermit:Quickdraw","hermit:CursedWeapon","hermit:Malice+1","infinitespire:FutureSight","hermit:BlackWind"],"relics":["hermit:Momento","hubris:ToyBattleship","Orrery","hubris:Icosahedron","Replay:Bandana","Blue Doll","Replay:Ancient Bell","Replay:Baseball","hermit:Spyglass","CaptainsWheel","Lee\u0027s Waffle","Prayer Wheel","Pen Nib","Simple Rune"],"acts_visited":["Exordium","TheCity"],"potions_floor_usage":[16,31,33,33,33],"damage_taken":[{"damage":0,"enemies":"Jaw Worm","floor":1,"turns":3},{"damage":2,"enemies":"2 Louse","floor":2,"turns":3},{"damage":14,"enemies":"Gremlin Nob","floor":7,"turns":3},{"damage":3,"enemies":"Cultist","floor":8,"turns":3},{"damage":8,"enemies":"Lots of Slimes","floor":12,"turns":3},{"damage":7,"enemies":"Blue Slaver","floor":14,"turns":2},{"damage":39,"enemies":"Fading Forest","floor":16,"turns":11},{"damage":19,"enemies":"Shell Parasite","floor":18,"turns":4},{"damage":10,"enemies":"Chosen","floor":20,"turns":3},{"damage":65,"enemies":"Gremlin Leader","floor":24,"turns":5},{"damage":5,"enemies":"Snake Plant","floor":25,"turns":3},{"damage":10,"enemies":"Sentry and Sphere","floor":29,"turns":3},{"damage":22,"enemies":"Nightmare","floor":31,"turns":5},{"damage":69,"enemies":"hubris:MusketHawk","floor":33,"turns":6}],"seed_played":"-6695695140731794873","potions_obtained":[{"floor":7,"key":"Block Potion"},{"floor":14,"key":"infinitespire:BlackPotion"},{"floor":24,"key":"PowerPotion"},{"floor":25,"key":"Fire Potion"},{"floor":31,"key":"SpeedPotion"}],"is_trial":false,"path_per_floor":["M","M","?","$","?","R","E","M","T","$","?","M","$","M","R","B",null,"M","$","M","?","$","R","E","M","T","?","R","M","R","NM","R","B"],"character_chosen":"HERMIT","items_purchased":["Orrery","hermit:Headshot","hermit:Quickdraw","hermit:Roulette+1","Dramatic Entrance","Lee\u0027s Waffle","hermit:Headshot"],"campfire_rested":4,"item_purchase_floors":[4,10,13,19,19,22,22],"current_hp_per_floor":[75,73,73,73,73,73,59,56,56,56,56,48,48,41,63,34,75,56,56,46,28,82,82,17,12,12,12,36,26,50,28,52,0,0],"gold":242,"neow_bonus":"ONE_RANDOM_RARE_CARD","is_daily":false,"chose_seed":false,"campfire_upgraded":2,"win_rate":0.0,"timestamp":1612118978,"path_taken":["M","M","?","?","?","R","E","?","T","?","?","M","$","M","R","BOSS","M","$","M","?","$","R","E","?","T","?","R","M","R","NM","R","BOSS"],"items_purchased_type":["Relic","Card","Card","Card","Card","Relic","Card"],"build_version":"2020-12-22","purchased_purges":1,"victory":false,"max_hp_per_floor":[75,75,75,75,75,75,75,75,75,75,75,75,75,75,75,75,75,75,75,75,75,82,82,82,82,82,82,82,82,82,82,82,82,82],"card_choices":[{"not_picked":["hermit:ItchyTrigger","hermit:GhostlyPresence"],"picked":"hermit:CalledShot","floor":1},{"not_picked":["hermit:DeadMansHand","hermit:Snipe"],"picked":"hermit:TrackingShot","floor":2},{"not_picked":["hermit:Desperado","hermit:Coalescence"],"picked":"hermit:CursedWeapon","floor":3},{"not_picked":["hermit:Scavenge","hermit:Glare"],"picked":"hermit:TakeAim","floor":3},{"not_picked":["hermit:FatalDesire","hermit:ItchyTrigger"],"picked":"hermit:CalledShot","floor":4},{"not_picked":["hermit:Feint","hermit:BodyArmor"],"picked":"hermit:SprayPray","floor":4},{"not_picked":["hermit:Malice","hermit:BodyArmor"],"picked":"hermit:HighCaliber","floor":4},{"not_picked":["hermit:Determination","hermit:Reprieve"],"picked":"hermit:BigShot","floor":4},{"not_picked":["hermit:Gestalt","hermit:Horror"],"picked":"hermit:TrackingShot","floor":4},{"not_picked":["hermit:WideOpen","hermit:Cheat"],"picked":"hermit:HighCaliber","floor":7},{"not_picked":["hermit:LoneWolf","hermit:FullyLoaded"],"picked":"hermit:Deadeye","floor":8},{"not_picked":["hermit:CursedWeapon","hermit:Virtue"],"picked":"hermit:GoldenBullet","floor":12},{"not_picked":["hermit:Roulette","hermit:Vantage"],"picked":"hermit:TrackingShot","floor":14},{"not_picked":["hermit:Adapt","hermit:BlackWind"],"picked":"hermit:Gambit","floor":16},{"not_picked":["ReplayTheSpireMod:Faulty Equipment","Normality"],"picked":"ReplayTheSpireMod:IOU","floor":17},{"not_picked":["Injury","hubris:Gluttony"],"picked":"Regret","floor":17},{"not_picked":["Looming Evil","Replay:Hysterical Blindness"],"picked":"hubris:Greed","floor":17},{"not_picked":["hermit:LoneWolf","hermit:NoHoldsBarred"],"picked":"hermit:Snipe","floor":18},{"not_picked":["hermit:LowProfile+1","hermit:Snipe"],"picked":"hermit:HighCaliber","floor":20},{"not_picked":["hermit:Adapt","hermit:FullyLoaded"],"picked":"hermit:Glare","floor":24},{"not_picked":["hermit:Headshot","hermit:Quickdraw"],"picked":"hermit:BigShot+1","floor":25},{"not_picked":["hermit:Grudge","hermit:TrackingShot"],"picked":"hermit:Quickdraw","floor":25},{"not_picked":["hermit:NoHoldsBarred+1","hermit:HighCaliber+1"],"picked":"hermit:CursedWeapon","floor":29},{"not_picked":["hermit:TakeAim","hermit:Maintenance"],"picked":"hermit:Malice+1","floor":29},{"not_picked":["infinitespire:SealOfDarkness+","ReplayTheSpireMod:Echoes of Time"],"picked":"infinitespire:FutureSight","floor":31},{"not_picked":["hermit:Vantage","hermit:FatalDesire"],"picked":"hermit:BlackWind","floor":31}],"player_experience":635162,"relics_obtained":[{"floor":3,"key":"hubris:ToyBattleship"},{"floor":7,"key":"Replay:Bandana"},{"floor":9,"key":"Blue Doll"},{"floor":24,"key":"Prayer Wheel"},{"floor":26,"key":"Pen Nib"},{"floor":31,"key":"Simple Rune"}],"event_choices":[{"damage_healed":0,"gold_gain":0,"player_choice":"1 cards matched","damage_taken":0,"max_hp_gain":0,"max_hp_loss":0,"event_name":"Match and Keep!","floor":11,"gold_loss":0,"cards_obtained":["hermit:FatalDesire"]},{"damage_healed":0,"gold_gain":0,"player_choice":"1 cards matched","damage_taken":0,"max_hp_gain":0,"max_hp_loss":0,"event_name":"Match and Keep!","floor":11,"gold_loss":0,"cards_obtained":["hermit:FatalDesire"]},{"damage_healed":0,"gold_gain":90,"player_choice":"GOLD CARD ","damage_taken":18,"max_hp_gain":0,"max_hp_loss":0,"event_name":"Knowing Skull","floor":21,"potions_obtained":[],"gold_loss":0,"cards_obtained":["Specialist"]},{"cards_removed":["ReplayTheSpireMod:Splinters"],"damage_healed":0,"gold_gain":0,"player_choice":"Gave Gold","damage_taken":0,"max_hp_gain":0,"max_hp_loss":0,"event_name":"Beggar","floor":27,"gold_loss":75}],"is_beta":false,"boss_relics":[{"not_picked":["hubris:Stopwatch","ReplayTheSpireMod:DimensionalGlitch"],"picked":"Replay:Ancient Bell"},{"not_picked":["ReplayTheSpireMod:TigerMarble","PreservedInsect"],"picked":"Replay:Baseball"},{"not_picked":["infinitespire:Broken Mirror","Replay:Bottled Steam"],"picked":"hermit:Spyglass"},{"not_picked":["infinitespire:Golems Mask","Incense Burner"],"picked":"CaptainsWheel"}],"items_purged_floors":[19],"is_endless":true,"potions_floor_spawned":[7,14,24,25,31],"killed_by":"hubris:MusketHawk","ascension_level":0}}