{"host":"zw3dvemvayodnaug","time":1612101123,"event":{"mods":["Act Like it!","BaseMod","Colored Map","Decade(王小明)","Gensokyo","Gremlin Mod","Hermit","Hunter 猎人","Koishi","LagranYue(拉格朗・月)","Marisa（F雨　魔理沙）","Minty Spire (QoL Compilation)","Quick Restart","Remilia（蕾米莉亚）","Replay The Spire","Robot Space Explorer","RumiaBox-露米娅的神秘盒子","StSLib","Td1madao Mod","TestMod","The Administrix","The Blackbeard","The Bladedancer","The Construct","The Cursed","The Gatherer","The Runesmith","Yuyuko","[GremlinLeader]The Maniac","[IsaacMod]以撒尖塔"],"gold_per_floor":[111,511,530,549,135,161,161,177,202,232,232,243,255,255,255,351,351,371,435,435,452,471,502,130,142,142,241,241,267,286,317,317,312,312,330,348,409,423,442,466,483,507,531,546,546,558,558,611,611,611,611,611,290,319,319],"floor_reached":56,"language":"ZHS","playtime":2585,"items_purged":["RobotSpaceExplorer:Strike","RobotSpaceExplorer:Strike"],"score":1558,"play_id":"22cf9623-d61b-4ef7-87ff-9203a8075d35","local_time":"20210131215203","is_ascension_mode":false,"campfire_choices":[{"data":"RobotSpaceExplorer:StarDust","floor":7,"key":"SMITH"},{"data":"RobotSpaceExplorer:StarLightning","floor":15,"key":"SMITH"},{"data":"RobotSpaceExplorer:PlasmaMissile","floor":28,"key":"SMITH"},{"floor":32,"key":"RECALL"},{"data":"RobotSpaceExplorer:StarDust","floor":45,"key":"SMITH"},{"data":"RobotSpaceExplorer:StarLightning","floor":49,"key":"SMITH"},{"data":"RobotSpaceExplorer:FrostMissile","floor":52,"key":"SMITH"}],"circlet_count":0,"master_deck":["RobotSpaceExplorer:Pulsar+1","RobotSpaceExplorer:StarDust+1","RobotSpaceExplorer:FrostMissile+1","RobotSpaceExplorer:StarLightning+1","testmod-TaurusBlackCat+1","RobotSpaceExplorer:TurboDodge+1","RobotSpaceExplorer:PlasmaMissile+1","RobotSpaceExplorer:Pulsar+1","RobotSpaceExplorer:IronShell+1","RobotSpaceExplorer:StarDust+1","RobotSpaceExplorer:StarLightning+1","RobotSpaceExplorer:StarLightning+1","RobotSpaceExplorer:Pulsar","RobotSpaceExplorer:Pulsar","RobotSpaceExplorer:StarLightning"],"relics":["RobotSpaceExplorer:RoboCore","testmod-TestBox","HowToJump","testmod-Alchemist","LagranYue:RandomDrawCardRelic","NeowsBlessing","testmod-Brilliant","Blue Doll","War Paint","Oddly Smooth Stone","testmod-Fanaticism","AntiCross","testmod-Charity","MagicDraw3","ChaoDraw","Eternal Feather","BelialBook","Garlic","testmod-KeyOfTheVoid","Replay:Accelerometer","Smiling Mask","testmod-EqualTreatment","Divine Protection","Akabeko"],"acts_visited":["Exordium","TheCity","TheBeyond","TheEnding"],"potions_floor_usage":[16,16],"damage_taken":[{"damage":0,"enemies":"2 Louse","floor":1,"turns":1},{"damage":0,"enemies":"Jaw Worm","floor":3,"turns":1},{"damage":0,"enemies":"Cultist","floor":4,"turns":1},{"damage":27,"enemies":"Lagavulin","floor":6,"turns":7},{"damage":6,"enemies":"2 Fungi Beasts","floor":8,"turns":2},{"damage":0,"enemies":"3 Sentries","floor":10,"turns":2},{"damage":0,"enemies":"Lots of Slimes","floor":12,"turns":1},{"damage":1,"enemies":"Looter","floor":13,"turns":2},{"damage":3,"enemies":"Fading Forest","floor":16,"turns":11},{"damage":9,"enemies":"Shell Parasite","floor":18,"turns":2},{"damage":4,"enemies":"2 Thieves","floor":21,"turns":2},{"damage":6,"enemies":"Cultist and Chosen","floor":22,"turns":2},{"damage":0,"enemies":"Gremlin Leader","floor":23,"turns":2},{"damage":15,"enemies":"Shelled Parasite and Fungi","floor":25,"turns":3},{"damage":0,"enemies":"Colosseum Slavers","floor":27,"turns":1},{"damage":0,"enemies":"Colosseum Nobs","floor":27,"turns":3},{"damage":0,"enemies":"Book of Stabbing","floor":29,"turns":2},{"damage":4,"enemies":"Snake Plant","floor":30,"turns":2},{"damage":0,"enemies":"Gremlin Leader","floor":31,"turns":3},{"damage":0,"enemies":"Champ","floor":33,"turns":6},{"damage":0,"enemies":"3 Darklings","floor":35,"turns":2},{"damage":0,"enemies":"3 Shapes","floor":36,"turns":1},{"damage":21,"enemies":"Writhing Mass","floor":38,"turns":4},{"damage":12,"enemies":"Transient","floor":39,"turns":5},{"damage":0,"enemies":"R_Hoarder","floor":40,"turns":3},{"damage":0,"enemies":"Sphere and 2 Shapes","floor":41,"turns":1},{"damage":69,"enemies":"Nemesis","floor":42,"turns":5},{"damage":7,"enemies":"Maw","floor":44,"turns":4},{"damage":0,"enemies":"Jaw Worm Horde","floor":46,"turns":1},{"damage":37,"enemies":"Writhing Mass","floor":47,"turns":4},{"damage":0,"enemies":"2 Orb Walkers","floor":48,"turns":3},{"damage":36,"enemies":"Time Eater","floor":50,"turns":7},{"damage":82,"enemies":"Shield and Spear","floor":54,"turns":6},{"damage":106,"enemies":"The Heart","floor":55,"turns":6}],"seed_played":"986021086447312412","potions_obtained":[{"floor":1,"key":"SpeedPotion"},{"floor":6,"key":"AttackPotion"},{"floor":12,"key":"GamblersBrew"},{"floor":13,"key":"FearPotion"},{"floor":21,"key":"RobotSpaceExplorer:RecyclePotion"},{"floor":25,"key":"Dexterity Potion"},{"floor":29,"key":"ColorlessPotion"}],"is_trial":false,"path_per_floor":["M","?","M","M","$","E","R","M","T","E","?","M","M","?","R","B",null,"M","?","?","M","M","E","$","M","T","?","R","E","M","E","R","B",null,"M","M","?","M","M","E","M","E","T","M","R","M","M","?","R","B",null,"R","$","E","B",null],"character_chosen":"RobotSpaceExplorer","items_purchased":["testmod-Brilliant","RobotSpaceExplorer:ShovelStrike+1","testmod-TaurusBlackCat+1","testmod-Charity","RobotSpaceExplorer:StarLightning+1","Divine Protection","RobotSpaceExplorer:Pulsar"],"campfire_rested":0,"item_purchase_floors":[5,5,24,24,53,53,53],"current_hp_per_floor":[75,75,75,75,75,48,48,42,42,42,42,42,41,41,41,48,75,73,58,58,54,49,49,49,51,51,52,64,65,63,64,76,77,81,82,83,51,33,86,87,88,53,54,51,60,61,32,33,39,93,93,93,93,94,94],"gold":319,"neow_bonus":"THREE_ENEMY_KILL","is_daily":false,"chose_seed":false,"campfire_upgraded":6,"win_rate":0.0,"timestamp":1612101123,"path_taken":["M","?","M","M","?","E","R","M","T","E","?","M","M","?","R","BOSS","M","?","?","M","M","E","$","M","T","?","R","E","?","E","R","BOSS","M","M","?","M","M","E","M","E","T","M","R","M","M","?","R","BOSS","R","$","E","BOSS"],"items_purchased_type":["Relic","Card","Card","Relic","Card","Relic","Card"],"build_version":"2020-12-22","purchased_purges":2,"victory":true,"max_hp_per_floor":[75,75,75,75,75,75,75,75,75,75,75,75,75,75,75,75,75,75,75,75,75,75,75,75,76,76,77,77,78,79,80,80,81,81,82,83,84,85,86,87,88,89,90,91,91,92,92,93,93,93,93,93,93,94,94],"card_choices":[{"not_picked":["RobotSpaceExplorer:ScrapToss","RobotSpaceExplorer:GlueShot"],"picked":"RobotSpaceExplorer:Pulsar","floor":1},{"not_picked":["RobotSpaceExplorer:ExhaustFan","RobotSpaceExplorer:RigExplosive"],"picked":"RobotSpaceExplorer:StarDust","floor":3},{"not_picked":["RobotSpaceExplorer:Counterblock","RobotSpaceExplorer:SwiftStep"],"picked":"RobotSpaceExplorer:StunGrenade","floor":4},{"not_picked":["RobotSpaceExplorer:SwiftStep","RobotSpaceExplorer:GearShield"],"picked":"RobotSpaceExplorer:IronShell","floor":6},{"not_picked":["RobotSpaceExplorer:DoubleBlock","RobotSpaceExplorer:IronShell"],"picked":"RobotSpaceExplorer:FrostMissile","floor":8},{"not_picked":["RobotSpaceExplorer:Discharger","RobotSpaceExplorer:StunGrenade"],"picked":"RobotSpaceExplorer:StarLightning","floor":10},{"not_picked":["RobotSpaceExplorer:MiniDrones","RobotSpaceExplorer:LaserBurst"],"picked":"RobotSpaceExplorer:DroneSwarm","floor":12},{"not_picked":["RobotSpaceExplorer:SwiftStep","RobotSpaceExplorer:MiniDrones"],"picked":"RobotSpaceExplorer:ScrapMissile","floor":13},{"not_picked":["RobotSpaceExplorer:ShovelStrike","RobotSpaceExplorer:RigExplosive+1","RobotSpaceExplorer:ImprovisedAttack"],"picked":"SKIP","floor":18},{"not_picked":["RobotSpaceExplorer:MakeshiftVolley","RobotSpaceExplorer:Electropulse"],"picked":"RobotSpaceExplorer:Smokescreen","floor":21},{"not_picked":["RobotSpaceExplorer:Probe","RobotSpaceExplorer:SlimeMissile","RobotSpaceExplorer:ShockKick"],"picked":"SKIP","floor":22},{"not_picked":["RobotSpaceExplorer:Smokescreen+1","RobotSpaceExplorer:Counterblock"],"picked":"RobotSpaceExplorer:SwiftStep+1","floor":23},{"not_picked":["RobotSpaceExplorer:SlimeMissile","RobotSpaceExplorer:ScrapMissile"],"picked":"RobotSpaceExplorer:TurboDodge+1","floor":25},{"not_picked":["RobotSpaceExplorer:Exploration","RobotSpaceExplorer:ShovelStrike"],"picked":"RobotSpaceExplorer:PlasmaMissile","floor":27},{"not_picked":["RobotSpaceExplorer:StunGrenade","RobotSpaceExplorer:BigMissile"],"picked":"RobotSpaceExplorer:ShovelStrike+1","floor":29},{"not_picked":["RobotSpaceExplorer:Electroshield+1","RobotSpaceExplorer:ExhaustFan"],"picked":"RobotSpaceExplorer:GlueShot+1","floor":30},{"not_picked":["RobotSpaceExplorer:Probe","RobotSpaceExplorer:ToxicBomb"],"picked":"RobotSpaceExplorer:Blaster","floor":31},{"not_picked":["RobotSpaceExplorer:Accelerator","RobotSpaceExplorer:Arsenal"],"picked":"RobotSpaceExplorer:BlastShield","floor":33},{"not_picked":["RobotSpaceExplorer:Fix","RobotSpaceExplorer:SwiftStep"],"picked":"RobotSpaceExplorer:Pulsar+1","floor":35},{"not_picked":["RobotSpaceExplorer:StunGrenade+1","RobotSpaceExplorer:Fix+1"],"picked":"RobotSpaceExplorer:Probe+1","floor":36},{"not_picked":["RobotSpaceExplorer:Probe+1","RobotSpaceExplorer:ScrapMissile+1"],"picked":"RobotSpaceExplorer:IronShell+1","floor":37},{"not_picked":["RobotSpaceExplorer:HighVoltage","RobotSpaceExplorer:FranticSearch+1","RobotSpaceExplorer:ShockKick"],"picked":"SKIP","floor":38},{"not_picked":["RobotSpaceExplorer:GlueShot","RobotSpaceExplorer:LuckyStrike+1"],"picked":"RobotSpaceExplorer:DualCore","floor":39},{"not_picked":["RobotSpaceExplorer:Blaster","RobotSpaceExplorer:DoubleBlock"],"picked":"RobotSpaceExplorer:SurgingShield+1","floor":40},{"not_picked":["RobotSpaceExplorer:Electropulse+1","RobotSpaceExplorer:GearShield+1"],"picked":"RobotSpaceExplorer:ShovelStrike","floor":41},{"not_picked":["RobotSpaceExplorer:ScrapMissile+1","RobotSpaceExplorer:JunkDive"],"picked":"RobotSpaceExplorer:StarDust","floor":42},{"not_picked":["RobotSpaceExplorer:SlimeMissile+1","RobotSpaceExplorer:ExhaustFan+1"],"picked":"RobotSpaceExplorer:ShovelStrike+1","floor":44},{"not_picked":["RobotSpaceExplorer:GlueShot","RobotSpaceExplorer:ShovelStrike+1"],"picked":"RobotSpaceExplorer:LuckyStrike+1","floor":46},{"not_picked":["RobotSpaceExplorer:Discharger+1","RobotSpaceExplorer:ShovelStrike+1","RobotSpaceExplorer:TurboDodge+1"],"picked":"SKIP","floor":47},{"not_picked":["RobotSpaceExplorer:ShovelStrike","RobotSpaceExplorer:Explosion"],"picked":"RobotSpaceExplorer:StarLightning","floor":48},{"not_picked":["RobotSpaceExplorer:SwiftStep","RobotSpaceExplorer:SurgingShield+1"],"picked":"RobotSpaceExplorer:StarLightning","floor":54}],"player_experience":56921,"relics_obtained":[{"floor":6,"key":"Blue Doll"},{"floor":9,"key":"War Paint"},{"floor":10,"key":"Oddly Smooth Stone"},{"floor":23,"key":"AntiCross"},{"floor":26,"key":"MagicDraw3"},{"floor":27,"key":"ChaoDraw"},{"floor":27,"key":"Eternal Feather"},{"floor":29,"key":"BelialBook"},{"floor":31,"key":"Garlic"},{"floor":40,"key":"Replay:Accelerometer"},{"floor":42,"key":"Smiling Mask"},{"floor":48,"key":"testmod-EqualTreatment"},{"floor":54,"key":"Akabeko"}],"event_choices":[{"damage_healed":0,"gold_gain":400,"player_choice":"Sell","damage_taken":0,"max_hp_gain":0,"max_hp_loss":0,"event_name":"恩洛斯的盘子","floor":2,"relics_lost":["HushsDoor"],"gold_loss":0},{"damage_healed":0,"gold_gain":0,"player_choice":"Ignored","damage_taken":0,"max_hp_gain":0,"max_hp_loss":0,"event_name":"Ghosts","floor":20,"gold_loss":0},{"damage_healed":0,"gold_gain":0,"player_choice":"Fight","damage_taken":0,"max_hp_gain":0,"max_hp_loss":0,"event_name":"Colosseum","floor":27,"gold_loss":0},{"damage_healed":0,"gold_gain":0,"player_choice":"Fought Nobs","damage_taken":0,"max_hp_gain":0,"max_hp_loss":0,"event_name":"Colosseum","floor":27,"gold_loss":0},{"damage_healed":0,"gold_gain":0,"player_choice":"Fight","damage_taken":0,"max_hp_gain":0,"max_hp_loss":0,"event_name":"Mysterious Sphere","floor":48,"gold_loss":0}],"is_beta":false,"boss_relics":[{"not_picked":["Coffee Dripper","ChampionBelt"],"picked":"testmod-Fanaticism"},{"not_picked":["construct:ClawGrip","LagranYue:ContractPerformanceRelic"],"picked":"testmod-KeyOfTheVoid"}],"items_purged_floors":[5,24],"is_endless":false,"potions_floor_spawned":[1,6,12,13,21,25,29,31,33,35,36,44,46],"ascension_level":0}}