{"host":"xi8yg1ddhptuxb9d","time":1612125969,"event":{"mods":["AchievementEnabler","BaseMod","Block Reminder","Minty Spire (QoL Compilation)","Relic Sorter","StSLib"],"gold_per_floor":[116,116,75,95,51,82,82,95,122,449,459,477,477,495,495,574,574,593,626,626,626],"floor_reached":20,"language":"ENG","playtime":942,"items_purged":[],"score":350,"play_id":"d524cd9d-d833-4568-b5b6-e0cf8445cbe8","local_time":"20210131154609","is_ascension_mode":true,"campfire_choices":[{"data":"Accuracy","floor":7,"key":"SMITH"},{"floor":13,"key":"REST"},{"floor":15,"key":"REST"}],"circlet_count":0,"master_deck":["AscendersBane","Strike_G","Strike_G","Strike_G","Strike_G","Strike_G","Defend_G","Defend_G","Defend_G","Defend_G","Defend_G","Survivor","Neutralize","Infinite Blades","Dodge and Roll","Accuracy+1","Sucker Punch","Die Die Die","Acrobatics","Dagger Throw","Cloak And Dagger","Leg Sweep","Envenom","Blade Dance","Accuracy"],"relics":["Ring of the Snake","WingedGreaves","Dream Catcher","Oddly Smooth Stone","Old Coin","WristBlade","Red Mask"],"acts_visited":["Exordium","TheCity"],"potions_floor_usage":[12,16,18,20],"damage_taken":[{"damage":4.0,"enemies":"Jaw Worm","floor":1.0,"turns":4.0},{"damage":12.0,"enemies":"Cultist","floor":4.0,"turns":4.0},{"damage":7.0,"enemies":"Lagavulin","floor":6.0,"turns":7.0},{"damage":9,"enemies":"2 Louse","floor":8,"turns":3},{"damage":34,"enemies":"Gremlin Nob","floor":10,"turns":5},{"damage":0,"enemies":"2 Fungi Beasts","floor":11,"turns":4},{"damage":2,"enemies":"Looter","floor":12,"turns":4},{"damage":3,"enemies":"3 Louse","floor":14,"turns":3},{"damage":17,"enemies":"The Guardian","floor":16,"turns":16},{"damage":23,"enemies":"Chosen","floor":18,"turns":5},{"damage":26,"enemies":"Masked Bandits","floor":19,"turns":5},{"damage":10,"enemies":"3 Byrds","floor":20,"turns":3}],"seed_played":"3243242038312423912","potions_obtained":[{"floor":1.0,"key":"PowerPotion"},{"floor":8,"key":"Explosive Potion"},{"floor":11,"key":"SpeedPotion"},{"floor":16,"key":"Fire Potion"},{"floor":19,"key":"Explosive Potion"}],"is_trial":false,"path_per_floor":["M","?","$","M","$","E","R","M","T","E","M","M","R","M","R","B",null,"M","?","M"],"character_chosen":"THE_SILENT","items_purchased":["Infinite Blades","Accuracy"],"campfire_rested":2,"item_purchase_floors":[3,5],"current_hp_per_floor":[40,66,66,54,54,47,47,38,38,4,4,2,21,18,37,20,55,32,6,0,0],"gold":626,"neow_bonus":"ONE_RARE_RELIC","is_daily":false,"chose_seed":false,"campfire_upgraded":1,"win_rate":0.0,"timestamp":1612125969,"path_taken":["M","?","$","M","?","E","R","M","T","E","?","M","R","M","R","BOSS","M","?","M"],"items_purchased_type":["Card","Card"],"build_version":"2020-12-22","purchased_purges":0,"victory":false,"max_hp_per_floor":[66,66,66,66,66,66,66,66,66,66,66,66,66,66,66,66,66,66,66,66,66],"card_choices":[{"not_picked":["Eviscerate","Finisher"],"picked":"Dash","floor":1.0},{"not_picked":["Backflip","Slice"],"picked":"Dodge and Roll","floor":4.0},{"not_picked":["Heel Hook","Deadly Poison","Skewer"],"picked":"SKIP","floor":6.0},{"not_picked":["Well Laid Plans","Deflect"],"picked":"Sucker Punch","floor":8},{"not_picked":["Poisoned Stab","Quick Slash"],"picked":"Die Die Die","floor":10},{"not_picked":["Concentrate","Flechettes"],"picked":"Acrobatics","floor":11},{"not_picked":["Slice","Heel Hook"],"picked":"Dagger Throw","floor":12},{"not_picked":["Skewer","Sucker Punch"],"picked":"Cloak And Dagger","floor":13},{"not_picked":["Escape Plan","Heel Hook"],"picked":"Leg Sweep","floor":14},{"not_picked":["Unload","Night Terror"],"picked":"Envenom","floor":16},{"not_picked":["Riddle With Holes","PiercingWail"],"picked":"Blade Dance","floor":18},{"not_picked":["PiercingWail+1","Slice"],"picked":"Accuracy","floor":19}],"player_experience":694316,"relics_obtained":[{"floor":6.0,"key":"Dream Catcher"},{"floor":9,"key":"Oddly Smooth Stone"},{"floor":10,"key":"Old Coin"},{"floor":19,"key":"Red Mask"}],"event_choices":[{"cards_removed":["Dash"],"damage_healed":26.0,"max_hp_gain":0.0,"max_hp_loss":0.0,"gold_gain":0.0,"event_name":"Bonfire Elementals","player_choice":"Offered Uncommon","floor":2.0,"gold_loss":0.0,"damage_taken":0.0},{"damage_healed":0,"gold_gain":0,"player_choice":"Fought Bandits","damage_taken":0,"max_hp_gain":0,"max_hp_loss":0,"event_name":"Masked Bandits","floor":19,"gold_loss":0}],"is_beta":false,"boss_relics":[{"not_picked":["HoveringKite","Runic Dome"],"picked":"WristBlade"}],"items_purged_floors":[],"is_endless":false,"potions_floor_spawned":[1,8,11,16,19],"killed_by":"3 Byrds","ascension_level":18}}