{"host":"kvo7eymyd21g9abd","time":1612115339,"event":{"mods":["AchievementEnabler","BaseMod","Bestiary","Colored Map","Minty Spire (QoL Compilation)","StSLib"],"gold_per_floor":[113,38,50,67,81,6,24,24,49,74,74,74,74],"floor_reached":12,"language":"ENG","playtime":335,"items_purged":[],"score":100,"play_id":"256287ea-b5a5-40b6-a878-79785391b5ac","local_time":"20210131124859","is_ascension_mode":true,"campfire_choices":[{"floor":8,"key":"REST"},{"floor":11,"key":"REST"}],"circlet_count":0,"master_deck":["Strike_G","Strike_G","Strike_G","Strike_G","Strike_G","Defend_G","Defend_G","Defend_G","Defend_G","Defend_G","Survivor","Neutralize","Prepared","Prepared","Backflip","Flying Knee","Unload","Tactician","Tactician","Acrobatics"],"relics":["Ring of the Snake","NeowsBlessing","Art of War"],"acts_visited":["Exordium"],"potions_floor_usage":[10,10],"damage_taken":[{"damage":0,"enemies":"Small Slimes","floor":1,"turns":1},{"damage":0,"enemies":"2 Louse","floor":3,"turns":1},{"damage":0,"enemies":"Jaw Worm","floor":4,"turns":1},{"damage":48,"enemies":"Exordium Thugs","floor":5,"turns":8},{"damage":0,"enemies":"2 Fungi Beasts","floor":7,"turns":3},{"damage":33,"enemies":"Gremlin Nob","floor":10,"turns":5},{"damage":31,"enemies":"Lagavulin","floor":12,"turns":6}],"seed_played":"-6570978455704252216","potions_obtained":[{"floor":1,"key":"SmokeBomb"},{"floor":3,"key":"CunningPotion"},{"floor":7,"key":"Strength Potion"},{"floor":10,"key":"CunningPotion"}],"is_trial":false,"path_per_floor":["M","$","M","M","M","$","M","R","T","E","R","E"],"character_chosen":"THE_SILENT","items_purchased":["Prepared","Backflip","Tactician"],"campfire_rested":2,"item_purchase_floors":[2,2,6],"current_hp_per_floor":[70,70,70,70,22,22,22,43,43,10,31,0,0],"gold":74,"neow_bonus":"THREE_ENEMY_KILL","is_daily":false,"chose_seed":false,"campfire_upgraded":0,"win_rate":0.0,"timestamp":1612115339,"path_taken":["M","$","M","M","M","$","M","R","T","E","R","E"],"items_purchased_type":["Card","Card","Card"],"build_version":"2020-12-22","purchased_purges":0,"victory":false,"max_hp_per_floor":[70,70,70,70,70,70,70,70,70,70,70,70,70],"card_choices":[{"not_picked":["Poisoned Stab","Expertise"],"picked":"Prepared","floor":1},{"not_picked":["Poisoned Stab","Slice"],"picked":"Flying Knee","floor":3},{"not_picked":["Bouncing Flask","Outmaneuver"],"picked":"Unload","floor":4},{"not_picked":["All Out Attack","Acrobatics"],"picked":"Tactician","floor":5},{"not_picked":["Heel Hook","Blade Dance","Setup"],"picked":"SKIP","floor":7},{"not_picked":["Flying Knee","Expertise"],"picked":"Acrobatics","floor":10}],"player_experience":440809,"relics_obtained":[{"floor":10,"key":"Art of War"}],"event_choices":[],"is_beta":false,"boss_relics":[],"items_purged_floors":[],"is_endless":false,"potions_floor_spawned":[1,3,7,10],"killed_by":"Lagavulin","ascension_level":5}}