{"host":"2se5dq1do2gp0x9k","time":1612063079,"event":{"mods":["AchievementEnabler","BaseMod","Block Reminder","Colored Map","Colored Powertips","Minty Spire (QoL Compilation)","Relic Stats","StSLib","SuperFastMode"],"gold_per_floor":[116,41,41,41,41,41,60,101,126,147,172,172,172],"floor_reached":12,"language":"ENG","playtime":275,"items_purged":["Defend_P"],"score":148,"play_id":"1da4135f-362a-44eb-8a26-df174a2e6b17","local_time":"20210130191759","is_ascension_mode":true,"campfire_choices":[{"data":"Vigilance","floor":6,"key":"SMITH"}],"circlet_count":0,"master_deck":["AscendersBane","Strike_P","Strike_P","Strike_P","Defend_P","Defend_P","Defend_P","Eruption","Vigilance+1","Tantrum","Study","Pain","FlurryOfBlows","CutThroughFate","Tantrum","FearNoEvil"],"relics":["Coffee Dripper","Golden Idol","WarpedTongs","WingedGreaves","Bag of Preparation"],"acts_visited":["Exordium"],"potions_floor_usage":[12],"damage_taken":[{"damage":2,"enemies":"2 Louse","floor":1,"turns":3},{"damage":4,"enemies":"Small Slimes","floor":7,"turns":3},{"damage":19,"enemies":"Gremlin Nob","floor":8,"turns":3},{"damage":2,"enemies":"Cultist","floor":10,"turns":2},{"damage":13,"enemies":"3 Louse","floor":11,"turns":4},{"damage":31,"enemies":"3 Sentries","floor":12,"turns":3}],"seed_played":"-4838377011126050421","potions_obtained":[{"floor":1,"key":"Strength Potion"},{"floor":11,"key":"Swift Potion"}],"is_trial":false,"path_per_floor":["M","$","?","?","?","R","M","E","T","M","M","E"],"character_chosen":"WATCHER","items_purchased":[],"campfire_rested":0,"item_purchase_floors":[],"current_hp_per_floor":[59,59,59,59,59,59,55,36,36,34,21,0,0],"gold":172,"neow_bonus":"BOSS_RELIC","is_daily":false,"chose_seed":false,"campfire_upgraded":1,"win_rate":0.0,"timestamp":1612063079,"path_taken":["M","$","?","?","?","R","M","E","T","?","M","E"],"items_purchased_type":[],"build_version":"2020-12-22","purchased_purges":1,"victory":false,"max_hp_per_floor":[68,68,62,62,62,62,62,62,62,62,62,62,62],"relic_stats":{"counters":[6,18],"Golden Idol":21,"Bag of Preparation":[6],"obtain_stats":[{"Golden Idol":3,"WingedGreaves":8,"Coffee Dripper":0,"Bag of Preparation":9,"PureWater":0,"WarpedTongs":5},{"Golden Idol":1,"WingedGreaves":3,"Coffee Dripper":0,"Bag of Preparation":3,"PureWater":0,"WarpedTongs":1},{"Golden Idol":3,"WingedGreaves":9,"Coffee Dripper":0,"Bag of Preparation":9,"PureWater":0,"WarpedTongs":3}],"WarpedTongs":[15]},"card_choices":[{"not_picked":["Fasting2","EmptyBody"],"picked":"Tantrum","floor":1},{"not_picked":["ClearTheMind","WaveOfTheHand"],"picked":"FlurryOfBlows","floor":7},{"not_picked":["SashWhip","Study"],"picked":"CutThroughFate","floor":8},{"not_picked":["Conclude","Crescendo"],"picked":"Tantrum","floor":10},{"not_picked":["Evaluate","JustLucky"],"picked":"FearNoEvil","floor":11}],"player_experience":4008196,"relics_obtained":[{"floor":8,"key":"WingedGreaves"},{"floor":9,"key":"Bag of Preparation"}],"event_choices":[{"damage_healed":0,"gold_gain":0,"player_choice":"Lose Max HP","damage_taken":0,"relics_obtained":["Golden Idol"],"max_hp_gain":0,"max_hp_loss":6,"event_name":"Golden Idol","floor":3,"gold_loss":0},{"damage_healed":0,"gold_gain":0,"cards_transformed":["Strike_P"],"player_choice":"Change","damage_taken":0,"max_hp_gain":0,"max_hp_loss":0,"event_name":"Living Wall","floor":4,"gold_loss":0,"cards_obtained":["Study"]},{"damage_healed":0,"gold_gain":0,"player_choice":"Rummage","damage_taken":0,"relics_obtained":["WarpedTongs"],"max_hp_gain":0,"max_hp_loss":0,"event_name":"Accursed Blacksmith","floor":5,"gold_loss":0,"cards_obtained":["Pain"]}],"is_beta":false,"boss_relics":[],"items_purged_floors":[2],"is_endless":false,"potions_floor_spawned":[1,11],"killed_by":"3 Sentries","ascension_level":18}}