{"host":"kda2p2afd6bvz6qo","time":1612059034,"event":{"mods":["BaseMod","Colored Map","Minty Spire (QoL Compilation)","Relic Stats"],"gold_per_floor":[114,128,145,145,164,192,207,239,264,295,295,338,338,101,101,231,231,254,194,16,35,51,51,72,72,72,111,126,165,186,229,229,348,348,368,177,193,216,216,216,237,237,305,343,368,143,156,194,206,218,230,242,30,73,73],"floor_reached":56,"language":"ENG","playtime":3524,"items_purged":["Defend_R"],"score":1580,"play_id":"7c0a1102-2e11-4abc-9435-e3ac7b677651","local_time":"20210131021034","is_ascension_mode":true,"campfire_choices":[{"data":"Demon Form","floor":13,"key":"SMITH"},{"data":"Sword Boomerang","floor":15,"key":"SMITH"},{"data":"Feed","floor":23,"key":"SMITH"},{"data":"Reaper","floor":25,"key":"SMITH"},{"data":"Demon Form","floor":32,"key":"SMITH"},{"data":"Uppercut","floor":40,"key":"SMITH"},{"floor":42,"key":"RECALL"},{"data":"Spot Weakness","floor":49,"key":"SMITH"},{"data":"Disarm","floor":52,"key":"SMITH"}],"circlet_count":0,"master_deck":["Defend_R","Defend_R","Bash+1","Sword Boomerang+1","Cleave+1","Pommel Strike","Spot Weakness+1","Thunderclap","Pummel","Uppercut+1","Impervious","Shrug It Off","Disarm+1","Sword Boomerang","Reaper+1","Heavy Blade+1","Fire Breathing","Pummel","Feed+1","Shrug It Off","Demon Form+1","Seeing Red","Demon Form+1","Infernal Blade+1","Searing Blow+1","Dual Wield+1","True Grit+1","Shockwave+1","Metallicize+1"],"relics":["Velvet Choker","Art of War","MealTicket","Oddly Smooth Stone","Whetstone","Golden Idol","Strawberry","Orrery","Coffee Dripper","Membership Card","Nunchaku","FossilizedHelix","Anchor","Astrolabe","Bag of Marbles","Strange Spoon","Darkstone Periapt","Shuriken","ClockworkSouvenir","Thread and Needle","MawBank","OrangePellets","Bronze Scales","Pen Nib","Red Skull"],"acts_visited":["Exordium","TheCity","TheBeyond","TheEnding"],"potions_floor_usage":[7,8,10,27,28,31,33,44,55,55],"damage_taken":[{"damage":1,"enemies":"2 Louse","floor":1,"turns":2},{"damage":0,"enemies":"Cultist","floor":2,"turns":3},{"damage":5,"enemies":"Small Slimes","floor":3,"turns":3},{"damage":0,"enemies":"3 Louse","floor":5,"turns":2},{"damage":21,"enemies":"Lagavulin","floor":6,"turns":6},{"damage":0,"enemies":"Red Slaver","floor":7,"turns":1},{"damage":5,"enemies":"3 Sentries","floor":8,"turns":4},{"damage":6,"enemies":"Gremlin Nob","floor":10,"turns":3},{"damage":18,"enemies":"3 Sentries","floor":12,"turns":5},{"damage":0,"enemies":"Slime Boss","floor":16,"turns":4},{"damage":16,"enemies":"Spheric Guardian","floor":18,"turns":4},{"damage":11,"enemies":"2 Thieves","floor":21,"turns":3},{"damage":33,"enemies":"Snake Plant","floor":22,"turns":6},{"damage":15,"enemies":"Snecko","floor":24,"turns":7},{"damage":0,"enemies":"Book of Stabbing","floor":27,"turns":2},{"damage":8,"enemies":"Centurion and Healer","floor":28,"turns":6},{"damage":25,"enemies":"Slavers","floor":29,"turns":4},{"damage":27,"enemies":"Snake Plant","floor":30,"turns":5},{"damage":21,"enemies":"Book of Stabbing","floor":31,"turns":5},{"damage":0,"enemies":"Champ","floor":33,"turns":6},{"damage":11,"enemies":"3 Darklings","floor":35,"turns":5},{"damage":0,"enemies":"Orb Walker","floor":37,"turns":3},{"damage":0,"enemies":"Sphere and 2 Shapes","floor":38,"turns":3},{"damage":14,"enemies":"3 Darklings","floor":41,"turns":5},{"damage":17,"enemies":"Reptomancer","floor":44,"turns":6},{"damage":6,"enemies":"Maw","floor":45,"turns":6},{"damage":0,"enemies":"Sphere and 2 Shapes","floor":47,"turns":7},{"damage":36,"enemies":"Nemesis","floor":48,"turns":7},{"damage":65,"enemies":"Awakened One","floor":50,"turns":12},{"damage":40,"enemies":"Shield and Spear","floor":54,"turns":5},{"damage":65,"enemies":"The Heart","floor":55,"turns":8}],"seed_played":"-1285416954808900057","potions_obtained":[{"floor":1,"key":"Fire Potion"},{"floor":5,"key":"BlessingOfTheForge"},{"floor":7,"key":"DistilledChaos"},{"floor":18,"key":"Ancient Potion"},{"floor":24,"key":"AttackPotion"},{"floor":27,"key":"LiquidMemories"},{"floor":30,"key":"SpeedPotion"},{"floor":31,"key":"Regen Potion"},{"floor":41,"key":"SkillPotion"},{"floor":44,"key":"Energy Potion"}],"is_trial":false,"path_per_floor":["M","M","M","?","M","E","M","E","T","E","?","E","R","$","R","B",null,"M","?","$","M","M","R","M","R","T","E","M","E","M","E","R","B",null,"M","$","M","M","?","R","M","R","T","E","M","$","M","E","R","B",null,"R","$","E","B",null],"character_chosen":"IRONCLAD","items_purchased":["Pummel","BloodPotion","Orrery","Membership Card","Feed","Bag of Marbles","Strange Spoon","ClockworkSouvenir","Thread and Needle","OrangePellets","Bronze Scales","Pen Nib"],"campfire_rested":0,"item_purchase_floors":[14,14,14,20,20,36,36,46,46,53,53,53],"current_hp_per_floor":[79,79,74,74,74,53,53,48,48,42,42,31,31,46,46,46,81,65,65,80,73,50,50,39,39,39,39,51,56,50,29,29,43,96,96,96,96,100,100,100,86,86,86,100,98,104,108,72,72,53,112,112,112,72,112],"gold":73,"neow_bonus":"BOSS_RELIC","is_daily":false,"chose_seed":false,"campfire_upgraded":8,"win_rate":0.0,"timestamp":1612059034,"path_taken":["M","M","M","?","M","E","?","E","T","E","?","E","R","$","R","BOSS","M","?","$","M","M","R","M","R","T","E","M","E","?","E","R","BOSS","M","?","?","M","?","R","M","R","T","E","M","$","M","E","R","BOSS","R","$","E","BOSS"],"items_purchased_type":["Card","Potion","Relic","Relic","Card","Relic","Relic","Relic","Relic","Relic","Relic","Relic"],"build_version":"2020-12-22","purchased_purges":1,"victory":true,"max_hp_per_floor":[80,80,80,80,80,80,80,80,80,80,74,81,81,81,81,81,81,81,81,81,81,84,84,88,88,88,88,92,92,96,96,96,96,96,96,96,96,100,100,100,100,100,100,100,104,104,108,108,108,112,112,112,112,112,112],"relic_stats":{"Darkstone Periapt":0,"counters":[31,148],"Golden Idol":206,"Astrolabe":["Demon Form","Infernal Blade","Searing Blow"],"Pen Nib":[1],"Whetstone":["Bash","Cleave"],"MawBank":60,"Strange Spoon":[29],"OrangePellets":[0],"Nunchaku":[16],"Shuriken":[10],"Bronze Scales":[99],"MealTicket":36,"Art of War":[14],"obtain_stats":[{"Darkstone Periapt":43,"Whetstone":10,"Burning Blood":0,"ClockworkSouvenir":46,"Nunchaku":27,"Strawberry":12,"MealTicket":8,"Red Skull":54,"Golden Idol":11,"Astrolabe":34,"Velvet Choker":0,"Oddly Smooth Stone":9,"Thread and Needle":46,"Pen Nib":53,"MawBank":48,"Strange Spoon":36,"OrangePellets":53,"Anchor":31,"Shuriken":44,"Bronze Scales":53,"Orrery":14,"Art of War":6,"Coffee Dripper":17,"Bag of Marbles":36,"Membership Card":20,"FossilizedHelix":29},{"Darkstone Periapt":24,"Whetstone":8,"Burning Blood":0,"ClockworkSouvenir":26,"Nunchaku":15,"Strawberry":9,"MealTicket":7,"Red Skull":30,"Golden Idol":8,"Astrolabe":20,"Velvet Choker":0,"Oddly Smooth Stone":7,"Thread and Needle":26,"Pen Nib":29,"MawBank":28,"Strange Spoon":21,"OrangePellets":29,"Anchor":19,"Shuriken":25,"Bronze Scales":29,"Orrery":9,"Art of War":5,"Coffee Dripper":10,"Bag of Marbles":21,"Membership Card":11,"FossilizedHelix":17},{"Darkstone Periapt":97,"Whetstone":24,"Burning Blood":0,"ClockworkSouvenir":109,"Nunchaku":55,"Strawberry":29,"MealTicket":21,"Red Skull":140,"Golden Idol":24,"Astrolabe":81,"Velvet Choker":0,"Oddly Smooth Stone":21,"Thread and Needle":109,"Pen Nib":135,"MawBank":123,"Strange Spoon":86,"OrangePellets":135,"Anchor":75,"Shuriken":103,"Bronze Scales":135,"Orrery":29,"Art of War":16,"Coffee Dripper":33,"Bag of Marbles":86,"Membership Card":37,"FossilizedHelix":65}]},"card_choices":[{"not_picked":["Metallicize","Twin Strike"],"picked":"Sword Boomerang","floor":1},{"not_picked":["Uppercut","Rampage"],"picked":"Cleave","floor":2},{"not_picked":["Twin Strike","Infernal Blade"],"picked":"Pommel Strike","floor":3},{"not_picked":["Warcry","Combust"],"picked":"Spot Weakness","floor":5},{"not_picked":["Entrench","Iron Wave"],"picked":"Thunderclap","floor":6},{"not_picked":["Clash","Body Slam","Heavy Blade"],"picked":"SKIP","floor":7},{"not_picked":["Headbutt","Warcry","Dark Embrace"],"picked":"SKIP","floor":8},{"not_picked":["Whirlwind","Fire Breathing"],"picked":"Demon Form","floor":10},{"not_picked":["Infernal Blade","Combust","Flex"],"picked":"SKIP","floor":12},{"not_picked":["True Grit","Searing Blow"],"picked":"Uppercut","floor":14},{"not_picked":["Blood for Blood","Sever Soul"],"picked":"Impervious","floor":14},{"not_picked":["Warcry","Seeing Red"],"picked":"Shrug It Off","floor":14},{"not_picked":["Iron Wave","Clothesline"],"picked":"Disarm","floor":14},{"not_picked":["Carnage","Headbutt"],"picked":"Sword Boomerang","floor":14},{"not_picked":["Bludgeon","Barricade"],"picked":"Reaper","floor":16},{"not_picked":["Rampage","Blood for Blood+1"],"picked":"Heavy Blade+1","floor":18},{"not_picked":["Blood for Blood","Warcry","Anger"],"picked":"SKIP","floor":21},{"not_picked":["Anger","Flex"],"picked":"Shrug It Off","floor":22},{"not_picked":["Clothesline","Intimidate","Shrug It Off"],"picked":"SKIP","floor":24},{"not_picked":["Demon Form","Searing Blow+1","Anger"],"picked":"SKIP","floor":27},{"not_picked":["Searing Blow+1","Anger"],"picked":"Demon Form","floor":27},{"not_picked":["Intimidate","Warcry","Iron Wave"],"picked":"SKIP","floor":28},{"not_picked":["Rage","Bloodletting","Sword Boomerang"],"picked":"SKIP","floor":29},{"not_picked":["Hemokinesis+1","Thunderclap","Body Slam"],"picked":"SKIP","floor":30},{"not_picked":["Brutality","Hemokinesis"],"picked":"Seeing Red","floor":31},{"not_picked":["Thunderclap","Sword Boomerang","Body Slam"],"picked":"SKIP","floor":35},{"not_picked":["Second Wind+1","Anger"],"picked":"Dual Wield+1","floor":37},{"not_picked":["Clothesline","Infernal Blade"],"picked":"True Grit+1","floor":38},{"not_picked":["Metallicize","Clash","Cleave+1"],"picked":"SKIP","floor":41},{"not_picked":["Thunderclap","Clothesline+1","Headbutt+1"],"picked":"SKIP","floor":44},{"not_picked":["Whirlwind+1","Pummel"],"picked":"Shockwave+1","floor":45},{"not_picked":["Clash+1","Thunderclap","Clothesline+1"],"picked":"SKIP","floor":47},{"not_picked":["Thunderclap","Iron Wave+1","Armaments"],"picked":"SKIP","floor":48},{"not_picked":["Headbutt","Shrug It Off"],"picked":"Metallicize+1","floor":54}],"player_experience":184894,"relics_obtained":[{"floor":6,"key":"Art of War"},{"floor":8,"key":"MealTicket"},{"floor":9,"key":"Oddly Smooth Stone"},{"floor":10,"key":"Whetstone"},{"floor":12,"key":"Strawberry"},{"floor":27,"key":"Nunchaku"},{"floor":29,"key":"FossilizedHelix"},{"floor":31,"key":"Anchor"},{"floor":43,"key":"Darkstone Periapt"},{"floor":44,"key":"Shuriken"},{"floor":48,"key":"MawBank"},{"floor":54,"key":"Red Skull"}],"event_choices":[{"cards_removed":["Strike_R"],"damage_healed":0,"gold_gain":0,"player_choice":"Offered Basic","damage_taken":0,"max_hp_gain":0,"max_hp_loss":0,"event_name":"Bonfire Elementals","floor":4,"gold_loss":0},{"damage_healed":0,"gold_gain":0,"player_choice":"Lose Max HP","damage_taken":0,"relics_obtained":["Golden Idol"],"max_hp_gain":0,"max_hp_loss":6,"event_name":"Golden Idol","floor":11,"gold_loss":0},{"damage_healed":0,"gold_gain":0,"cards_transformed":["Strike_R","Strike_R"],"player_choice":"Transformed Cards","damage_taken":0,"max_hp_gain":0,"max_hp_loss":0,"event_name":"Designer","floor":19,"gold_loss":60,"cards_obtained":["Fire Breathing","Pummel"]},{"cards_removed":["Demon Form"],"damage_healed":0,"gold_gain":0,"player_choice":"Removed Power","damage_taken":0,"max_hp_gain":0,"max_hp_loss":0,"event_name":"Falling","floor":39,"gold_loss":0}],"is_beta":false,"boss_relics":[{"not_picked":["Cursed Key","Philosopher\u0027s Stone"],"picked":"Coffee Dripper"},{"not_picked":["Black Star","Calling Bell"],"picked":"Astrolabe"}],"items_purged_floors":[36],"is_endless":false,"potions_floor_spawned":[1,5,7,18,24,27,30,31,41,44,45,48],"ascension_level":1}}