{"host":"o3b7ow6d1xe49css","time":1612137384,"event":{"mods":["Act Like it!","Aspiration","BaseMod","Bestiary","Better Altar","Better Match","Better Note","Better Sensory Stone","Better Skull","Better Third Choice","Colored Powertips","Conspire","Energized Spire","Force Act Four","GifTheSpireLib","Halation","Hermit","Hubris","Infinite Spire","Lobotomy","Minty Spire (QoL Compilation)","Quick Restart","Rare Cards Sparkle","Relic Filter Mod","Reliquary","Replay The Spire","Spicy Shops","Spikes Relics","Spire Arcade","StSLib","Stuff the Spire","The Blue Laboratory","Wandering Minibosses"],"gold_per_floor":[110,127,139,314,324,324,357,387,387,387,387],"floor_reached":10,"language":"ENG","playtime":393,"items_purged":[],"score":78,"play_id":"35821ef0-a664-4395-81ce-b34c91e5027b","local_time":"20210131145624","daily_mods":["Heirloom","Flight"],"is_ascension_mode":false,"campfire_choices":[{"data":"hermit:PistolWhip","floor":6,"key":"SMITH"}],"circlet_count":0,"master_deck":["hermit:Strike_Hermit","hermit:Strike_Hermit","hermit:Strike_Hermit","hermit:Strike_Hermit","hermit:Defend_Hermit","hermit:Defend_Hermit","hermit:Defend_Hermit","hermit:Defend_Hermit","hermit:Snapshot","hermit:Covet","hermit:PistolWhip+1","hermit:Gestalt","Doubt","Mercenary","UniverseFragment","hermit:HoleUp","Scorched"],"relics":["hermit:Momento","Ring of Chaos","infinitespire:Golems Mask","CogitoBucket","Boot","Replay:Rubber Ducky","aspiration:FetidBarrel"],"acts_visited":["Exordium"],"potions_floor_usage":[7,7,10],"damage_taken":[{"damage":1,"enemies":"Jaw Worm","floor":1,"turns":3},{"damage":0,"enemies":"Small Slimes","floor":2,"turns":2},{"damage":0,"enemies":"2 Louse","floor":3,"turns":2},{"damage":3,"enemies":"2 Fungi Beasts","floor":5,"turns":4},{"damage":32,"enemies":"3 Sentries","floor":7,"turns":8},{"damage":13,"enemies":"Lagavulin","floor":8,"turns":8},{"damage":26,"enemies":"Gremlin Nob","floor":10,"turns":3}],"seed_played":"-8491155538497682526","potions_obtained":[{"floor":3,"key":"GamblersBrew"},{"floor":5,"key":"Energy Potion"},{"floor":8,"key":"blueLaboratory:HorrorPotion"}],"is_trial":true,"path_per_floor":["M","M","M","?","M","R","E","E","T","E"],"character_chosen":"HERMIT","items_purchased":[],"campfire_rested":0,"item_purchase_floors":[],"current_hp_per_floor":[74,74,74,74,71,71,39,26,26,0,0],"gold":387,"neow_bonus":"","is_daily":false,"chose_seed":false,"campfire_upgraded":1,"win_rate":0.0,"timestamp":1612137384,"path_taken":["M","M","M","?","M","R","E","E","T","E"],"items_purchased_type":[],"build_version":"2020-12-22","purchased_purges":0,"victory":false,"max_hp_per_floor":[75,75,75,75,75,75,75,75,75,75,75],"card_choices":[{"not_picked":["WallGazer","HappyTeddy","CherryBlossoms"],"picked":"Singing Bowl","floor":1},{"not_picked":["hermit:HoleUp","hermit:CalledShot"],"picked":"hermit:PistolWhip","floor":1},{"not_picked":["Bloodbath","Wellcheers","ShyLook"],"picked":"Singing Bowl","floor":2},{"not_picked":["hermit:Manifest","hermit:Desperado","hermit:Roulette"],"picked":"SKIP","floor":2},{"not_picked":["BeautyBeast","VoidDream","Bloodbath"],"picked":"Singing Bowl","floor":3},{"not_picked":["hermit:HoleUp","hermit:HighCaliber"],"picked":"hermit:Gestalt","floor":3},{"not_picked":["HeroicMonk","WallGazer","VoidDream"],"picked":"Singing Bowl","floor":5},{"not_picked":["BeautyBeast","MHz"],"picked":"Mercenary","floor":5},{"not_picked":["hermit:Enervate","hermit:Cheat","hermit:LuckOfTheDraw"],"picked":"SKIP","floor":5},{"not_picked":["SingingMachine","OSAHOGD"],"picked":"UniverseFragment","floor":7},{"not_picked":["hermit:Gambit","hermit:Malice"],"picked":"hermit:HoleUp","floor":7},{"not_picked":["CrumblingArmor","SpiderBud","MHz"],"picked":"Singing Bowl","floor":8},{"not_picked":["Variant","HappyTeddy"],"picked":"Scorched","floor":8},{"not_picked":["hermit:Vantage","hermit:Ricochet","hermit:ItchyTrigger"],"picked":"SKIP","floor":8}],"player_experience":1238099,"relics_obtained":[{"floor":7,"key":"Boot"},{"floor":8,"key":"Replay:Rubber Ducky"},{"floor":9,"key":"aspiration:FetidBarrel"}],"event_choices":[{"damage_healed":0,"gold_gain":175,"player_choice":"AGREE","damage_taken":139,"max_hp_gain":0,"max_hp_loss":0,"event_name":"betterThird:BetterSerpent","floor":4,"gold_loss":0}],"is_beta":false,"boss_relics":[],"items_purged_floors":[],"is_endless":false,"potions_floor_spawned":[3,5,8],"killed_by":"Gremlin Nob","ascension_level":0}}