{"host":"vrsxkkch9ccrec7k","time":1612073699,"event":{"mods":["Act Like it!","BaseMod","Bestiary","Better Altar","Better Match","Better Note","Better Sensory Stone","Better Skull","Better Third Choice","Better Vampires","Downfall","Minty Spire (QoL Compilation)","Permanent Neow","Relic Stats","Spicy Shops","StSLib"],"gold_per_floor":[99,119,44,44,44,57,57,57,42,42,42,42,57,86,97,195,195,195,209,225,244,5,5,5,33,50,60,88,101,101,34,51,51,51,51],"floor_reached":33,"language":"ENG","playtime":3230,"items_purged":["Shame"],"score":459,"play_id":"58219f1c-b14b-45ef-baa4-75944cb248dc","local_time":"20210131011459","is_ascension_mode":true,"campfire_choices":[{"data":"champ:Execute","floor":1,"key":"SMITH"},{"data":"champ:TornadoPunch","floor":8,"key":"SMITH"},{"data":"champ:Shatter","floor":10,"key":"SMITH"},{"data":"champ:ArenaPreparation","floor":12,"key":"SMITH"},{"data":"champ:UltimateStance","floor":18,"key":"SMITH"},{"data":"champ:HeavySlash","floor":30,"key":"SMITH"}],"circlet_count":0,"master_deck":["AscendersBane","champ:Defend","champ:Defend+1","champ:Defend","champ:Defend+1","champ:Execute+1","champ:Taunt","champ:ArenaPreparation+1","champ:TornadoPunch+1","champ:Shatter+1","champ:EnGarde","champ:GutPunch","champ:UltimateStance+1","champ:FanOfKnives","champ:DeathBlow","champ:StanceDance","champ:BringItOn+1","Bite","Bite","Bite","champ:HeavySlash+1","champ:AdrenalArmor","champ:EndlessRage+1","champ:VampiricStrike"],"relics":["champ:ChampionCrown","Bag of Preparation","Pantograph","Slimebound:StickyStick","SlaversCollar","PreservedInsect","Frozen Egg 2","Dream Catcher","Ornamental Fan"],"acts_visited":["Exordium","TheCity"],"potions_floor_usage":[14,16,16,27,28,33],"damage_taken":[{"damage":10,"enemies":"Small Slimes","floor":2,"turns":4},{"damage":15,"enemies":"Cultist","floor":6,"turns":4},{"damage":30,"enemies":"downfall:FleeingMerchant","floor":9,"turns":4},{"damage":20,"enemies":"2 Louse","floor":13,"turns":4},{"damage":9,"enemies":"Lagavulin","floor":14,"turns":6},{"damage":20,"enemies":"Blue Slaver","floor":15,"turns":3},{"damage":115,"enemies":"SI_SHIV_ARCHETYPE","floor":16,"turns":11},{"damage":52,"enemies":"Spheric Guardian","floor":19,"turns":4},{"damage":54,"enemies":"Chosen","floor":20,"turns":4},{"damage":45,"enemies":"3 Cultists","floor":21,"turns":4},{"damage":60,"enemies":"downfall:FleeingMerchant","floor":22,"turns":4},{"damage":59,"enemies":"Book of Stabbing","floor":25,"turns":5},{"damage":128,"enemies":"Centurion and Healer","floor":26,"turns":17},{"damage":21,"enemies":"Snake Plant","floor":27,"turns":5},{"damage":40,"enemies":"Slavers","floor":28,"turns":3},{"damage":15,"enemies":"Shelled Parasite and Fungi","floor":29,"turns":5},{"damage":57,"enemies":"downfall:FleeingMerchant","floor":31,"turns":4},{"damage":35,"enemies":"3 Cultists","floor":32,"turns":3},{"damage":176,"enemies":"WA_ARCHETYPE_CALM","floor":33,"turns":12}],"seed_played":"-8491430257093680637","potions_obtained":[{"floor":13,"key":"BlessingOfTheForge"},{"floor":14,"key":"LiquidBronze"},{"floor":15,"key":"LiquidMemories"},{"floor":20,"key":"CultistPotion"},{"floor":25,"key":"Weak Potion"},{"floor":29,"key":"FairyPotion"},{"floor":32,"key":"Dexterity Potion"}],"is_trial":false,"path_per_floor":["R","M","?","?","?","M","T","R","$","R","?","R","M","E","M","B",null,"R","M","M","M","$","?","T","E","M","M","E","M","R","$","M","B"],"character_chosen":"THE_CHAMP","items_purchased":["PreservedInsect","Block Potion"],"campfire_rested":0,"item_purchase_floors":[22,31],"current_hp_per_floor":[81,81,81,81,81,81,81,81,81,81,81,81,81,72,72,55,81,81,74,70,60,60,60,60,57,63,65,49,50,50,44,44,0,0,0],"gold":51,"neow_bonus":"RANDOM_COMMON_RELIC","is_daily":false,"chose_seed":false,"campfire_upgraded":6,"win_rate":0.0,"timestamp":1612073699,"path_taken":["R","M","?","?","?","M","T","R","?","R","?","R","M","E","M","BOSS","R","M","?","M","$","?","T","E","M","M","E","M","R","?","M","BOSS"],"items_purchased_type":["Relic","Potion"],"build_version":"2020-12-22","purchased_purges":1,"victory":false,"max_hp_per_floor":[90,90,90,90,90,90,90,90,90,90,90,90,90,90,90,90,90,90,90,90,90,90,73,73,73,73,73,73,73,73,73,73,73,73,73],"relic_stats":{"Dream Catcher":0,"counters":[19,106],"Ornamental Fan":[36],"Pantograph":43,"PreservedInsect":84,"Bag of Preparation":[38],"obtain_stats":[{"SlaversCollar":17,"Dream Catcher":25,"Slimebound:StickyStick":14,"Ornamental Fan":28,"Pantograph":7,"champ:ChampionCrown":0,"PreservedInsect":22,"Bag of Preparation":0,"Frozen Egg 2":24},{"SlaversCollar":7,"Dream Catcher":12,"Slimebound:StickyStick":5,"Ornamental Fan":15,"Pantograph":2,"champ:ChampionCrown":0,"PreservedInsect":11,"Bag of Preparation":0,"Frozen Egg 2":11},{"SlaversCollar":36,"Dream Catcher":57,"Slimebound:StickyStick":22,"Ornamental Fan":82,"Pantograph":8,"champ:ChampionCrown":0,"PreservedInsect":52,"Bag of Preparation":0,"Frozen Egg 2":52}]},"card_choices":[{"not_picked":["champ:FlashCut","champ:Duel"],"picked":"champ:ArenaPreparation","floor":2},{"not_picked":["champ:CrownThrow","champ:GutPunch"],"picked":"champ:TornadoPunch","floor":6},{"not_picked":["champ:EnGarde","champ:PreciseThrust"],"picked":"champ:Shatter","floor":9},{"not_picked":["champ:Circumvent","champ:Shatter","champ:RapidStrikes"],"picked":"SKIP","floor":13},{"not_picked":["champ:IgnorePain","champ:EnchantCrown"],"picked":"champ:EnGarde","floor":14},{"not_picked":["champ:TornadoPunch","champ:PerfectedStrike"],"picked":"champ:GutPunch","floor":15},{"not_picked":["champ:VampiricStrike","champ:EnchantCrown"],"picked":"champ:UltimateStance","floor":16},{"not_picked":["champ:BringItOn","champ:PreciseThrust"],"picked":"champ:FanOfKnives","floor":19},{"not_picked":["champ:BerserkersShout","champ:HeartStrike"],"picked":"champ:DeathBlow","floor":20},{"not_picked":["champ:PreemptiveStrike","champ:ShieldSigil"],"picked":"champ:StanceDance","floor":21},{"not_picked":["champ:PreemptiveStrike","champ:TornadoPunch"],"picked":"champ:BringItOn+1","floor":22},{"not_picked":["champ:Endure","champ:GladiatorStyle+1"],"picked":"champ:HeavySlash","floor":25},{"not_picked":["champ:DefensiveShout","champ:SetATrap","champ:BringItOn"],"picked":"SKIP","floor":26},{"not_picked":["champ:Haymaker","champ:Circumvent+1","champ:PreciseThrust"],"picked":"SKIP","floor":27},{"not_picked":["champ:SetATrap","champ:CrookedStrike","champ:BringItOn"],"picked":"SKIP","floor":28},{"not_picked":["champ:PerfectedStrike","champ:RecklessLeap"],"picked":"champ:AdrenalArmor","floor":29},{"not_picked":["champ:PerfectedStrike","champ:CrookedStrike"],"picked":"champ:EndlessRage+1","floor":31},{"not_picked":["champ:ShieldSlam","champ:BerserkerStyle+1"],"picked":"champ:VampiricStrike","floor":32}],"player_experience":1840661,"relics_obtained":[{"floor":7,"key":"Pantograph"},{"floor":14,"key":"Slimebound:StickyStick"},{"floor":24,"key":"Frozen Egg 2"},{"floor":25,"key":"Dream Catcher"},{"floor":28,"key":"Ornamental Fan"}],"event_choices":[{"damage_healed":0,"gold_gain":0,"player_choice":"2","damage_taken":0,"max_hp_gain":0,"max_hp_loss":0,"event_name":"betterMatch:BetterMatch","floor":3,"gold_loss":0,"cards_obtained":[]},{"damage_healed":0,"gold_gain":0,"player_choice":"Became a vampire","damage_taken":0,"max_hp_gain":0,"max_hp_loss":17,"event_name":"Vampires","floor":23,"gold_loss":0,"cards_obtained":["Bite","Bite","Bite"]}],"is_beta":false,"boss_relics":[{"not_picked":["Coffee Dripper","Busted Crown"],"picked":"SlaversCollar"}],"items_purged_floors":[22],"is_endless":false,"potions_floor_spawned":[13,14,15,20,25,29,32],"killed_by":"WA_ARCHETYPE_CALM","ascension_level":12}}