{"host":"3jpcvpprzj9sjffh","time":1612098870,"event":{"mods":["AchievementEnabler","BaseMod","Colored Map","Minty Spire (QoL Compilation)","Rare Cards Sparkle","SuperFastMode","everything is the same but u backflip on backflip"],"gold_per_floor":[13,26,26,45,58,58,82,107,107,122,2,2,2],"floor_reached":12,"language":"KOR","playtime":315,"items_purged":[],"score":99,"play_id":"fcf5cadf-5fce-4f8f-b875-bbc11587071e","local_time":"20210131221430","is_ascension_mode":false,"campfire_choices":[{"data":"Fire Breathing","floor":6,"key":"SMITH"}],"circlet_count":0,"master_deck":["Strike_R","Strike_R","Strike_R","Strike_R","Strike_R","Defend_R","Defend_R","Defend_R","Defend_R","Bash","Pommel Strike","Reckless Charge","Thunderclap","Fire Breathing+1","Blood for Blood","Pommel Strike","Armaments","Sentinel","Shrug It Off"],"relics":["Burning Blood","Golden Idol","Eternal Feather"],"acts_visited":["Exordium"],"potions_floor_usage":[12,12],"damage_taken":[{"damage":6,"enemies":"Jaw Worm","floor":1,"turns":3},{"damage":12,"enemies":"2 Louse","floor":2,"turns":3},{"damage":10,"enemies":"Cultist","floor":4,"turns":4},{"damage":15,"enemies":"Exordium Wildlife","floor":5,"turns":5},{"damage":24,"enemies":"3 Louse","floor":7,"turns":3},{"damage":7,"enemies":"2 Fungi Beasts","floor":8,"turns":3},{"damage":10,"enemies":"Looter","floor":10,"turns":3},{"damage":37,"enemies":"Gremlin Nob","floor":12,"turns":4}],"seed_played":"-854716766521475395","potions_obtained":[{"floor":4,"key":"ColorlessPotion"},{"floor":10,"key":"PowerPotion"}],"is_trial":false,"path_per_floor":["M","M","?","M","M","R","M","M","T","M","$","E"],"character_chosen":"IRONCLAD","items_purchased":["Sentinel","Shrug It Off"],"campfire_rested":0,"item_purchase_floors":[11,11],"current_hp_per_floor":[96,90,66,62,53,53,35,34,34,30,30,0,0],"gold":2,"neow_bonus":"TWENTY_PERCENT_HP_BONUS","is_daily":false,"chose_seed":false,"campfire_upgraded":1,"win_rate":0.0,"timestamp":1612098870,"path_taken":["M","M","?","M","M","R","M","M","T","M","$","E"],"items_purchased_type":["Card","Card"],"build_version":"2020-12-22","purchased_purges":0,"victory":false,"max_hp_per_floor":[96,96,96,96,96,96,96,96,96,96,96,96,96],"card_choices":[{"not_picked":["Burning Pact","Dual Wield"],"picked":"Pommel Strike","floor":1},{"not_picked":["Blood for Blood","Wild Strike"],"picked":"Reckless Charge","floor":2},{"not_picked":["Sever Soul","Rupture"],"picked":"Thunderclap","floor":4},{"not_picked":["Disarm","Clash"],"picked":"Fire Breathing","floor":5},{"not_picked":["Havoc","Warcry"],"picked":"Blood for Blood","floor":7},{"not_picked":["Intimidate","Iron Wave"],"picked":"Pommel Strike","floor":8},{"not_picked":["True Grit","Bludgeon"],"picked":"Armaments","floor":10}],"player_experience":304916,"relics_obtained":[{"floor":9,"key":"Eternal Feather"}],"event_choices":[{"damage_healed":0,"gold_gain":0,"player_choice":"Take Damage","damage_taken":24,"relics_obtained":["Golden Idol"],"max_hp_gain":0,"max_hp_loss":0,"event_name":"Golden Idol","floor":3,"gold_loss":0}],"is_beta":false,"boss_relics":[],"items_purged_floors":[],"is_endless":false,"potions_floor_spawned":[4,10],"killed_by":"Gremlin Nob","ascension_level":0}}