{"host":"oeh4wb93hhtrshvk","time":1612113932,"event":{"mods":["2.2 Compatiblity","AchievementEnabler","Act Like it!","Aspiration","BaseMod","Better Skull","Better Third Choice","Block Reminder","Card Filter","Colored Powertips","Conspire","Curses Come First","Defuse TimeMaze Blight","Displayed Cursed Tome","Downfall","Energized Spire","GifTheSpireLib","Hermit","Hubris","Infinite Spire","Marisa????????","Minty Spire (QoL Compilation)","Monster B Gone","Pale of the Ancients","Poor People Problems","Quick Restart","Rare Cards Sparkle","Relic Filter","Reliquary","Replay The Spire","Shop Mod","Spicy Shops","StS++","StSLib","The Blue Laboratory","The Cursed","The Disciple","Transform Curses","Wandering Minibosses","Weighted Paths","Wide Potions"],"gold_per_floor":[111,126,176,192,192,192,192],"floor_reached":6,"language":"FRA","playtime":347,"items_purged":[],"score":36,"play_id":"2744d8fe-0bd5-4904-8337-865f30fd084e","local_time":"20210131182532","daily_mods":["Heirloom","DeadlyEvents"],"is_ascension_mode":false,"campfire_choices":[],"circlet_count":0,"master_deck":["Strike_P","Strike_P","Strike_P","Strike_P","Defend_P","Defend_P","Defend_P","Defend_P","Eruption","Vigilance","FollowUp"],"relics":["PureWater","Replay:Multitool","ReplayTheSpireMod:Ring of Addiction","White Beast Statue","SacredBark","Ring of Greed","Tiny Chest","MealTicket","reliquary:RoseTintedGlasses","Bronze Scales","Lantern"],"acts_visited":["Exordium"],"potions_floor_usage":[6,6],"damage_taken":[{"damage":5,"enemies":"Small Slimes","floor":1,"turns":5},{"damage":0,"enemies":"conspire:RoseBush","floor":2,"turns":4},{"damage":1,"enemies":"Cultist","floor":4,"turns":3},{"damage":18,"enemies":"3 Sentries","floor":6,"turns":4}],"seed_played":"-6478886657876014810","potions_obtained":[{"floor":1,"key":"blueLaboratory:TrueEctoplasm"},{"floor":3,"key":"LiquidBronze"}],"is_trial":true,"path_per_floor":["M","M","?","M","?","E"],"character_chosen":"WATCHER","items_purchased":[],"campfire_rested":0,"item_purchase_floors":[],"current_hp_per_floor":[67,67,67,66,14,0,0],"gold":192,"neow_bonus":"","is_daily":false,"chose_seed":false,"campfire_upgraded":0,"win_rate":0.0,"timestamp":1612113932,"path_taken":["M","M","?","M","?","E"],"items_purchased_type":[],"build_version":"2020-12-22","purchased_purges":0,"victory":false,"max_hp_per_floor":[72,72,72,72,72,72,72],"card_choices":[{"not_picked":["EmptyFist","Halt"],"picked":"FollowUp","floor":1},{"not_picked":["WreathOfFlame","Halt","Crescendo"],"picked":"SKIP","floor":2},{"not_picked":["FlyingSleeves","Protect","PathToVictory"],"picked":"SKIP","floor":4}],"player_experience":654901,"relics_obtained":[{"floor":3,"key":"ReplayTheSpireMod:Ring of Addiction"},{"floor":3,"key":"White Beast Statue"},{"floor":3,"key":"SacredBark"},{"floor":3,"key":"Ring of Greed"},{"floor":3,"key":"Tiny Chest"},{"floor":3,"key":"MealTicket"}],"event_choices":[{"damage_healed":0,"gold_gain":0,"player_choice":"RE RE RE ","damage_taken":58,"relics_obtained":["reliquary:RoseTintedGlasses","Bronze Scales","Lantern"],"max_hp_gain":0,"max_hp_loss":0,"event_name":"betterSkull:BetterSkull","floor":5,"gold_loss":0,"cards_upgraded":[]}],"is_beta":false,"boss_relics":[],"items_purged_floors":[],"is_endless":false,"potions_floor_spawned":[1,4],"killed_by":"3 Sentries","ascension_level":0}}