{"host":"facnppb4175fcpe2","time":1612095516,"event":{"mods":["AchievementEnabler","BaseMod","Colored Map","Colored Powertips","Highlight Path","Minty Spire (QoL Compilation)","Quick Restart","Rare Cards Sparkle","Relic Stats","StSLib","SuperFastMode"],"gold_per_floor":[12,27,27,41,41,69,79,79,104,104,134,146,146,181,181,284,284,284,284,284,284,284,284,284],"floor_reached":23,"language":"ZHS","playtime":838,"items_purged":[],"score":314,"play_id":"a8416a37-36e2-4f82-8bd2-4e7a6145dfd0","local_time":"20210131201836","is_ascension_mode":true,"campfire_choices":[{"data":"Defend_R","floor":8.0,"key":"SMITH"},{"floor":15.0,"key":"REST"}],"circlet_count":0,"master_deck":["Strike_R+1","Strike_R","Strike_R","Strike_R","Defend_R","Defend_R+1","Defend_R","Defend_R","Bash","Feed+1","Limit Break+1","Inflame","Reaper+1","Heavy Blade"],"relics":["Burning Blood","Tiny Chest","Strawberry","Blood Vial","Kunai","Ectoplasm","Nloth\u0027s Gift"],"acts_visited":["Exordium","TheCity"],"potions_floor_usage":[23],"damage_taken":[{"damage":1.0,"enemies":"Cultist","floor":1.0,"turns":3.0},{"damage":2.0,"enemies":"Jaw Worm","floor":2.0,"turns":3.0},{"damage":2.0,"enemies":"Small Slimes","floor":4.0,"turns":3.0},{"damage":58.0,"enemies":"Lagavulin","floor":6.0,"turns":10.0},{"damage":9.0,"enemies":"Blue Slaver","floor":7.0,"turns":5.0},{"damage":42.0,"enemies":"3 Sentries","floor":11.0,"turns":12.0},{"damage":13.0,"enemies":"Lots of Slimes","floor":12.0,"turns":6.0},{"damage":16.0,"enemies":"Lagavulin","floor":14.0,"turns":8.0},{"damage":28.0,"enemies":"Slime Boss","floor":16.0,"turns":8.0},{"damage":39.0,"enemies":"3 Byrds","floor":18.0,"turns":7.0},{"damage":34.0,"enemies":"Spheric Guardian","floor":20.0,"turns":6.0},{"damage":31.0,"enemies":"Cultist and Chosen","floor":21.0,"turns":7.0},{"damage":56,"enemies":"Gremlin Leader","floor":23,"turns":4}],"seed_played":"3510682236350925633","potions_obtained":[{"floor":2.0,"key":"Block Potion"},{"floor":6.0,"key":"Swift Potion"},{"floor":12.0,"key":"Block Potion"},{"floor":14.0,"key":"GamblersBrew"},{"floor":16.0,"key":"Block Potion"},{"floor":20.0,"key":"Strength Potion"}],"is_trial":false,"path_per_floor":["M","M","?","M","?","E","M","R","T","$","E","M","?","E","R","B",null,"M","T","M","M","?","E"],"character_chosen":"IRONCLAD","items_purchased":[],"campfire_rested":1,"item_purchase_floors":[],"current_hp_per_floor":[83,86,86,90,90,42,43,43,50,50,18,17,17,9,42,26,94,73,73,51,42,42,0,0],"gold":284,"neow_bonus":"THREE_RARE_CARDS","is_daily":false,"chose_seed":false,"campfire_upgraded":1,"win_rate":0.0,"timestamp":1612095516,"path_taken":["M","M","?","M","?","E","?","R","T","?","E","M","?","E","R","BOSS","M","?","M","?","?","E"],"items_purchased_type":[],"build_version":"2020-12-22","purchased_purges":0,"victory":false,"max_hp_per_floor":[83,86,86,90,90,94,98,98,105,105,109,113,113,113,113,117,117,121,121,125,129,129,129,129],"relic_stats":{"Blood Vial":14,"counters":[13,82],"Tiny Chest":1,"Ectoplasm":67,"Nloth\u0027s Gift":0,"Kunai":[8],"obtain_stats":[{"Blood Vial":11,"Strawberry":9,"Tiny Chest":6,"Ectoplasm":17,"Nloth\u0027s Gift":22,"Kunai":14,"Whetstone":19,"Burning Blood":0},{"Blood Vial":6,"Strawberry":5,"Tiny Chest":4,"Ectoplasm":9,"Nloth\u0027s Gift":12,"Kunai":8,"Whetstone":10,"Burning Blood":0},{"Blood Vial":36,"Strawberry":24,"Tiny Chest":19,"Ectoplasm":58,"Nloth\u0027s Gift":78,"Kunai":50,"Whetstone":65,"Burning Blood":0}],"Burning Blood":59},"card_choices":[{"not_picked":["Fiend Fire","Limit Break"],"picked":"Feed","floor":0.0},{"not_picked":["Thunderclap","Twin Strike","Iron Wave"],"picked":"SKIP","floor":1.0},{"not_picked":["Iron Wave","Rage","True Grit"],"picked":"SKIP","floor":2.0},{"not_picked":["Carnage","Rupture","Flex"],"picked":"SKIP","floor":4.0},{"not_picked":["Disarm","True Grit","Warcry"],"picked":"SKIP","floor":6.0},{"not_picked":["Iron Wave","Reckless Charge","Flex"],"picked":"SKIP","floor":7.0},{"not_picked":["Havoc","Perfected Strike"],"picked":"Limit Break","floor":11.0},{"not_picked":["Headbutt","Cleave","Sword Boomerang"],"picked":"SKIP","floor":12.0},{"not_picked":["Sword Boomerang","Brutality"],"picked":"Inflame","floor":14.0},{"not_picked":["Feed","Barricade"],"picked":"Reaper","floor":16.0},{"not_picked":["Headbutt","Shrug It Off"],"picked":"Heavy Blade","floor":18.0},{"not_picked":["Pommel Strike+1","Wild Strike+1","Headbutt"],"picked":"SKIP","floor":20.0},{"not_picked":["Wild Strike","Rupture","Anger+1"],"picked":"SKIP","floor":21.0}],"player_experience":101949,"relics_obtained":[{"floor":6.0,"key":"Tiny Chest"},{"floor":9.0,"key":"Strawberry"},{"floor":11.0,"key":"Blood Vial"},{"floor":14.0,"key":"Kunai"},{"floor":19.0,"key":"Whetstone"}],"event_choices":[{"damage_healed":0.0,"max_hp_gain":0.0,"max_hp_loss":0.0,"gold_gain":0.0,"event_name":"Living Wall","player_choice":"Grow","floor":3.0,"gold_loss":0.0,"damage_taken":0.0,"cards_upgraded":["Feed"]},{"cards_removed":["Strike_R"],"damage_healed":0.0,"max_hp_gain":0.0,"max_hp_loss":0.0,"gold_gain":0.0,"event_name":"Purifier","player_choice":"Purged","floor":5.0,"gold_loss":0.0,"damage_taken":0.0},{"damage_healed":0.0,"max_hp_gain":0.0,"max_hp_loss":0.0,"gold_gain":0.0,"event_name":"Upgrade Shrine","player_choice":"Upgraded","floor":13.0,"gold_loss":0.0,"damage_taken":0.0,"cards_upgraded":["Limit Break"]},{"damage_healed":0.0,"max_hp_gain":0.0,"max_hp_loss":0.0,"gold_gain":0.0,"event_name":"N\u0027loth","player_choice":"Traded Relic","floor":22.0,"relics_lost":["Whetstone"],"gold_loss":0.0,"damage_taken":0.0,"relics_obtained":["Nloth\u0027s Gift"]}],"is_beta":false,"boss_relics":[{"not_picked":["Busted Crown","Fusion Hammer"],"picked":"Ectoplasm"}],"items_purged_floors":[],"is_endless":false,"potions_floor_spawned":[2,6,12,14,16,20],"killed_by":"Gremlin Leader","ascension_level":5}}