{"host":"87mnajev72vv2sjg","time":1612077559,"event":{"mods":["BaseMod","BetterRewards","Colored Map","Curses Come First","Infinite Spire","Minty Spire (QoL Compilation)","Reimu??????","Shop Mod","StSLib","SuperFastMode"],"gold_per_floor":[117,127,52,72,72,104,104,114,139,139,150,175,188,200,200,299,299,316,106,118,131,81,81,91,104,128,146,146,146,146,146],"floor_reached":30,"language":"ENG","playtime":1395,"items_purged":["Strike_Lin:ReiMu","Strike_Lin:ReiMu"],"score":281,"play_id":"72e78d37-a612-42a5-bd52-e98568b88873","local_time":"20210131021919","is_ascension_mode":false,"campfire_choices":[{"floor":7,"key":"REST"},{"floor":10,"key":"REST"},{"data":"MikOfLucky:ReiMu","floor":15,"key":"SMITH"},{"data":"YinYang:ReiMu","floor":23,"key":"SMITH"},{"floor":28,"key":"REST"}],"circlet_count":0,"master_deck":["Strike_Lin:ReiMu","Strike_Lin:ReiMu+1","Defend_Lin:ReiMu","Defend_Lin:ReiMu","Defend_Lin:ReiMu+1","Defend_Lin:ReiMu","NB:ReiMu","Stagnation:ReiMu","AirStrike:ReiMu","Mountainwind:ReiMu","Gathering:ReiMu","Master of Strategy","AirStrike:ReiMu","Intuition:ReiMu","EmergencyTakeOff:ReiMu","MikOfLucky:ReiMu+1","AirStrike:ReiMu","SpringWay:ReiMu","EmergencyTakeOff:ReiMu","LovePray:ReiMu","Intuition:ReiMu","YinYang:ReiMu+1","AirStrike:ReiMu","YinYang:ReiMu","SubAcupoint:ReiMu","KamiRite:ReiMu","Gathering:ReiMu+1"],"relics":["ShineYinYang:ReiMu","Calipers","RuthlessExorcism:ReiMu","Bag of Preparation","infinitespire:Satchel","DollysMirror","Smiling Mask"],"acts_visited":["Exordium","TheCity"],"potions_floor_usage":[13,16,16,29,29,29],"damage_taken":[{"damage":3,"enemies":"Jaw Worm","floor":1,"turns":4},{"damage":0,"enemies":"Cultist","floor":2,"turns":4},{"damage":4,"enemies":"2 Louse","floor":4,"turns":2},{"damage":4,"enemies":"Gremlin Nob","floor":6,"turns":4},{"damage":0,"enemies":"Large Slime","floor":8,"turns":4},{"damage":0,"enemies":"2 Fungi Beasts","floor":11,"turns":1},{"damage":2,"enemies":"Looter","floor":13,"turns":2},{"damage":0,"enemies":"3 Louse","floor":14,"turns":2},{"damage":13,"enemies":"Hexaghost","floor":16,"turns":7},{"damage":12,"enemies":"Shell Parasite","floor":18,"turns":4},{"damage":1,"enemies":"3 Byrds","floor":20,"turns":3},{"damage":9,"enemies":"Centurion and Healer","floor":21,"turns":4},{"damage":16,"enemies":"Snecko","floor":24,"turns":4},{"damage":18,"enemies":"Snake Plant","floor":25,"turns":5},{"damage":6,"enemies":"Cultist and Chosen","floor":27,"turns":5},{"damage":14,"enemies":"Book of Stabbing","floor":29,"turns":5},{"damage":15,"enemies":"Centurion and Healer","floor":30,"turns":1}],"seed_played":"-1886125494701649093","potions_obtained":[{"floor":2,"key":"Explosive Potion"},{"floor":4,"key":"PowerPotion"},{"floor":8,"key":"BottledKami:ReiMu"},{"floor":13,"key":"Fruit Juice"},{"floor":14,"key":"LiquidFlight:ReiMu"},{"floor":18,"key":"SmokeBomb"},{"floor":21,"key":"DuplicationPotion"}],"is_trial":false,"path_per_floor":["M","M","$","M","?","E","R","M","T","R","M","T","M","M","R","B",null,"M","$","M","M","$","R","M","M","T","M","R","E","M"],"character_chosen":"REIMU","items_purchased":["AirStrike:ReiMu","Mountainwind:ReiMu","Gathering:ReiMu","Master of Strategy","AirStrike:ReiMu","MikOfLucky:ReiMu","AirStrike:ReiMu","DollysMirror","SubAcupoint:ReiMu"],"campfire_rested":3,"item_purchase_floors":[0,0,0,0,0,3,19,19,22],"current_hp_per_floor":[31,31,31,27,14,10,29,29,29,48,48,48,51,51,51,38,70,58,58,57,48,48,48,32,14,14,8,29,15,0,0],"gold":146,"neow_bonus":"","is_daily":false,"chose_seed":false,"campfire_upgraded":2,"win_rate":0.0,"timestamp":1612077559,"path_taken":["M","M","$","M","?","E","R","M","T","R","M","?","M","M","R","BOSS","M","$","M","M","$","R","M","M","T","M","R","E","M"],"items_purchased_type":["Card","Card","Card","Card","Card","Card","Card","Relic","Card"],"build_version":"2020-12-22","purchased_purges":2,"victory":false,"max_hp_per_floor":[65,65,65,65,65,65,65,65,65,65,65,65,70,70,70,70,70,70,70,70,70,70,70,70,70,70,70,70,70,70,70],"card_choices":[{"not_picked":["Conquer:ReiMu","PrepareRite:ReiMu"],"picked":"Intuition:ReiMu","floor":1},{"not_picked":["Enchanting:ReiMu","WonderfulDomain:ReiMu"],"picked":"EmergencyTakeOff:ReiMu","floor":2},{"not_picked":["SpringWay:ReiMu","Conquer:ReiMu"],"picked":"AirStrike:ReiMu","floor":4},{"not_picked":["AlertArray:ReiMu","OctopathSalyBorderN:ReiMu"],"picked":"SpringWay:ReiMu","floor":6},{"not_picked":["YinYangSign:ReiMu","InherentArray:ReiMu"],"picked":"EmergencyTakeOff:ReiMu","floor":8},{"not_picked":["SafetyPray:ReiMu","Mountainwind:ReiMu"],"picked":"LovePray:ReiMu","floor":11},{"not_picked":["KamiSacrifice:ReiMu","SpreadBorder2:ReiMu"],"picked":"Intuition:ReiMu","floor":13},{"not_picked":["SubcavityInstant:ReiMu","SafetyPray:ReiMu","TightArray:ReiMu"],"picked":"SKIP","floor":14},{"not_picked":["DependentForm:ReiMu","HakureiPhantom:ReiMu"],"picked":"YinYang:ReiMu","floor":16},{"not_picked":["DoubleButterfly:ReiMu","Amulet:ReiMu","WonderfulDomain:ReiMu"],"picked":"SKIP","floor":18},{"not_picked":["Enchanting:ReiMu","Mountainwind:ReiMu+1","CareerPray:ReiMu"],"picked":"SKIP","floor":20},{"not_picked":["SubcavityInstant:ReiMu","SpreadBorder2:ReiMu","Enchanting:ReiMu"],"picked":"SKIP","floor":21},{"not_picked":["Enchanting:ReiMu","Meditation:ReiMu+1","Mountainwind:ReiMu"],"picked":"SKIP","floor":24},{"not_picked":["SpringWay:ReiMu","Intuition:ReiMu+1"],"picked":"KamiRite:ReiMu","floor":25},{"not_picked":["OrbThrow:ReiMu","SpiritualOutbreak2:ReiMu"],"picked":"Gathering:ReiMu+1","floor":27}],"player_experience":317592,"relics_obtained":[{"floor":6,"key":"RuthlessExorcism:ReiMu"},{"floor":9,"key":"Bag of Preparation"},{"floor":12,"key":"infinitespire:Satchel"},{"floor":26,"key":"Smiling Mask"}],"event_choices":[{"damage_healed":0,"gold_gain":0,"player_choice":"Entered Light","damage_taken":13,"max_hp_gain":0,"max_hp_loss":0,"event_name":"Shining Light","floor":5,"gold_loss":0,"cards_upgraded":["Strike_Lin:ReiMu","Defend_Lin:ReiMu"]}],"is_beta":false,"boss_relics":[{"not_picked":["Busted Crown","Pandora\u0027s Box"],"picked":"ShineYinYang:ReiMu"}],"items_purged_floors":[0,0],"is_endless":false,"potions_floor_spawned":[2,4,8,11,13,14,18,21,29],"killed_by":"Centurion and Healer","ascension_level":0}}