{"host":"vr9me2kif8p2xyyc","time":1612136488,"event":{"mods":["2.2 Compatiblity","A Magickal Journey","AchievementEnabler","Act Like it!","Arknights","Aspiration","Astrologer","Bard","Bartender","BaseMod","Beaked The Cultist","Better Match","Better Note","Better Skull","Better Third Choice","BetterRewards","Block Reminder","Booster Modes","CapriCore","Challenge The Spire","ChefMod","Clawfect","Colored Map","Colored Powertips","Conjunction","Conspire","Downfall","Elementarium","Energized Spire","Friendly Minions","GifTheSpireLib","Glutton Mod","Halation","Hallownest","Hermit","Hubris","Jorbs\u0027s Wanderer Trilogy","Kratos Character Expansion","Mad Scientist","Marisa????????","Minty Spire (QoL Compilation)","Pale of the Ancients","Permanent Neow","Potionbrewer","QueenMod","Quick Restart","Random Character Button","Rare Cards Sparkle","Relic Stats","Reliquary","Remilia??????","Replay The Spire","Reworked Bosses","Robot Space Explorer","SCP261 Mod","SIMod","Shade Mod","Shop Mod","Slumbering Mod","Spicy Shops","Spikes Relics","Spire Arcade","StSLib","Stuff the Spire","SuperFastMode","Td1madao Mod","The Alterego","The Animator","The Blackbeard","The Bladedancer","The Blue Laboratory","The Bug Knight","The Caster","The Clintock","The Construct","The Cursed","The Death Knight","The Disciple","The Dragon Tamer","The Druid","The Elementalist","The Exalted","The Extravagant","The Fake Hero","The Florist","The Forsaken","The Gatherer","The Hayseed","The Hierophant","The Immortal","The Judge","The Jungle","The Kombatant","The Marked","The Mystic","The Necromancer","The Poker Player","The Problem Sleuth","The Runesmith","The Sage","The Servant 0.9.4","The Spell Scribe","The Valiant","TheBandit","TheFirefly","TheVacant","TheWitcher","Treasure Hunter","Wandering Minibosses","Weighted Paths","Yohane!","thorton"],"gold_per_floor":[117,127,27,41,60,60,73,73,97,122,122,137,12,26,26,121,121,172,172,188,253,305,331,355,381,381,381,416,439,8,8,8,112,112,157,171,5,5,15,15,163,163,188,188,236,259,342,392,392,392],"floor_reached":51,"language":"ENG","playtime":4482,"items_purged":["potionbrewer:PotionbrewerStrike","potionbrewer:PotionbrewerStrike","Parasite","potionbrewer:PotionbrewerDefend"],"score":1000,"play_id":"d36e5e2f-cd74-434f-bf2e-96ac60f1db84","local_time":"20210131174128","is_ascension_mode":false,"campfire_choices":[{"data":"potionbrewer:PrivateReserves","floor":6,"key":"SMITH"},{"data":"potionbrewer:ChemicalShroud","floor":8,"key":"SMITH"},{"floor":15,"key":"DIG"},{"floor":27,"key":"REST"},{"floor":32,"key":"REST"},{"data":"StuffTheSpire:Innocence","floor":40,"key":"SMITH"},{"data":"potionbrewer:Catalyze","floor":42,"key":"SMITH"},{"data":"potionbrewer:ResearchResults","floor":44,"key":"SMITH"},{"data":"potionbrewer:FlareUp","floor":49,"key":"SMITH"}],"circlet_count":0,"master_deck":["potionbrewer:PotionbrewerStrike","potionbrewer:PotionbrewerStrike","potionbrewer:PotionbrewerDefend","potionbrewer:PotionbrewerDefend","potionbrewer:PotionbrewerDefend","potionbrewer:Collect","potionbrewer:ChemicalSpill+1","potionbrewer:PrivateReserves+1","potionbrewer:ChemicalShroud+1","potionbrewer:ExothermicReaction","potionbrewer:BlindingMist","potionbrewer:Refill","TH:ArmorSpikes","potionbrewer:Catalyze+1","potionbrewer:ChemicalRage","potionbrewer:DigDeep","potionbrewer:ChoosePotion","potionbrewer:Refill","DeathKnight:MutagenicPlague+1","potionbrewer:ChemicalShroud+1","potionbrewer:AcidCloud","potionbrewer:Spark+1","TH:DeckOfManyThings","potionbrewer:Smokescreen+1","TH:DeckOfManyThings","potionbrewer:QuickStep","TH:ArmorSpikes","potionbrewer:ChemicalRage","potionbrewer:CausticBarrier+1","potionbrewer:IronHeart","potionbrewer:Fuel","potionbrewer:Fuel","TH:BikiniMail","potionbrewer:ResearchResults+1","potionbrewer:ChokingPowder+1","potionbrewer:ChoosePotion","StuffTheSpire:Innocence+1","potionbrewer:FlareUp+1","potionbrewer:Smokescreen+1","TH:BikiniMail","potionbrewer:BlindingMist","potionbrewer:PrivateReserves+1","potionbrewer:Toxicity+1"],"relics":["potionbrewer:PotionKit","MerchantsRug","StoneCalendar","MiniBlackHole","halation:TwoAmDonut","reliquary:TuningFork","RollingBoulder","theForsaken:Lifeblossom","Bromod:ArcaneAwakening","hubris:EmptyBottle","thethorton:CrushedCigarette","SnafuTest:BearRelic","conspire:BottledYoYo","TheSimpletonMod:GardenGlove","StuffTheSpire:HistoryBook","halation:KoshaPiece"],"acts_visited":["Exordium","TheCity","TheCity"],"potions_floor_usage":[2,5,5,7,7,10,10,10,10,12,14,16,16,16,16,18,18,20,20,21,22,22,22,22,22,24,24,24,25,25,28,28,28,29,29,31,31,33,33,33,33,33,35,35,36,36,36,36,36,36,41,41,41,41,46,46,47,47,47,47,48,48,48,48,50,50,50,50,50,50,50],"damage_taken":[{"damage":5,"enemies":"Cultist","floor":1,"turns":4},{"damage":0,"enemies":"2 Louse","floor":2,"turns":3},{"damage":12,"enemies":"Small Slimes","floor":4,"turns":5},{"damage":14,"enemies":"Exordium Thugs","floor":5,"turns":7},{"damage":0,"enemies":"Blue Slaver","floor":7,"turns":5},{"damage":14,"enemies":"3 Sentries","floor":10,"turns":7},{"damage":0,"enemies":"Exordium Wildlife","floor":12,"turns":7},{"damage":0,"enemies":"Red Slaver","floor":14,"turns":3},{"damage":44,"enemies":"Hexaghost","floor":16,"turns":15},{"damage":8,"enemies":"Shell Parasite","floor":18,"turns":7},{"damage":20,"enemies":"conspire:FuzzyDice","floor":20,"turns":5},{"damage":17,"enemies":"Snecko","floor":21,"turns":6},{"damage":0,"enemies":"Centurion and Healer","floor":22,"turns":9},{"damage":2,"enemies":"Snake Plant","floor":24,"turns":7},{"damage":28,"enemies":"conspire:SneckoGhost","floor":25,"turns":8},{"damage":6,"enemies":"Replay:Snechameleon","floor":28,"turns":7},{"damage":23,"enemies":"3 Cultists","floor":29,"turns":7},{"damage":0,"enemies":"Sentry and Sphere","floor":31,"turns":3},{"damage":36,"enemies":"bossMod:newCollector","floor":33,"turns":12},{"damage":18,"enemies":"Hallownest:2_Littles","floor":35,"turns":7},{"damage":0,"enemies":"Hallownest:3_Siblings","floor":36,"turns":7},{"damage":0,"enemies":"Hallownest:Shield_Sturdy","floor":39,"turns":5},{"damage":0,"enemies":"Hallownest:eliteHiveKnight","floor":41,"turns":8},{"damage":14,"enemies":"Hallownest:2_Wandering_and_1_Horned","floor":46,"turns":9},{"damage":0,"enemies":"Hallownest:Slobbering_and_Violent","floor":47,"turns":7},{"damage":0,"enemies":"Hallownest:Xero_Hu_Marmu","floor":48,"turns":8},{"damage":2,"enemies":"Hallownest:Radiance","floor":50,"turns":12}],"seed_played":"-5478012143348376929","potions_obtained":[{"floor":4,"key":"potionbrewer:NoxiousPotion"},{"floor":5,"key":"EssenceOfSteel"},{"floor":7,"key":"SkillPotion"},{"floor":12,"key":"Venom Potion"},{"floor":18,"key":"TheSimpletonMod:KindlingPotion"},{"floor":18,"key":"Weak Potion"},{"floor":21,"key":"LifebloodPotion"},{"floor":22,"key":"Milkshake"},{"floor":25,"key":"SpeedPotion"},{"floor":29,"key":"Elixir"},{"floor":33,"key":"FairyPotion"},{"floor":35,"key":"TheSimpletonMod:MoonshinePotion"},{"floor":41,"key":"potionbrewer:QuicksilverPotion"},{"floor":46,"key":"SCP261:DietGhostPotion"},{"floor":47,"key":"blueLaboratory:SavagePotion"},{"floor":48,"key":"blueLaboratory:CorrosionFlask"}],"is_trial":false,"path_per_floor":["M","M","$","M","M","R","M","R","T","E","?","M","$","M","R_BF","B",null,"M","?","M","M","M","T","M","E","T","R","E","M","$","M","R","B",null,"M","M","$","?","M","R","E","R","T","R","$","M","M","M","R","B",null],"character_chosen":"POTIONBREWER","items_purchased":["MerchantsRug","hubris:EmptyBottle","potionbrewer:IronHeart","potionbrewer:Fuel","SnafuTest:BearRelic","StuffTheSpire:HistoryBook"],"campfire_rested":2,"item_purchase_floors":[0,30,30,30,37,45],"current_hp_per_floor":[70,70,70,58,44,44,44,44,44,30,48,48,48,48,48,4,72,64,64,44,27,27,27,31,9,9,30,30,13,13,18,39,9,72,57,63,63,63,72,72,72,72,72,72,72,58,64,70,70,72],"gold":392,"neow_bonus":"","is_daily":false,"chose_seed":false,"campfire_upgraded":6,"win_rate":0.0,"timestamp":1612136488,"path_taken":["M","M","?","M","M","R","M","R","T","E","?","M","$","?","R_BF","BOSS","M","?","?","M","M","?","M","E","T","R","E","M","$","M","R","BOSS","M","M","?","?","M","R","E","R","T","R","$","M","M","M","R","BOSS"],"items_purchased_type":["Relic","Relic","Card","Card","Relic","Relic"],"build_version":"2020-12-22","purchased_purges":4,"victory":true,"max_hp_per_floor":[75,75,75,75,75,75,75,75,75,75,75,75,72,72,72,72,72,72,72,72,72,72,72,72,72,72,72,72,72,72,72,72,72,72,72,72,72,72,72,72,72,72,72,72,72,72,72,72,72,72],"relic_stats":{"counters":[186,1066],"StoneCalendar":[887],"obtain_stats":[{"Bromod:AscarisDevice":5,"StuffTheSpire:Barrel":6,"StuffTheSpire:BottledEssence":8,"aspiration:PoetsPen_weak":34,"Whetstone":24,"hubris:MysteriousPyramids":9,"Boot":13,"halation:HeavySnake":17,"Ring of Searing":21,"theForsaken:HumbleEgg":10,"Replay:Bottled Flurry":5,"thethorton:BankDeed":25,"hubris:TinFlute":21,"SnafuTest:BearRelic":37,"MerchantsRug":14,"Pear":36,"Counterbalance":24,"theSlumbering:GlassShield":39,"StuffTheSpire:Wildfire":0,"Replay:Ancient Bell":17,"potionbrewer:Torch":3,"Elementarium:ElementariumTrophy":33,"Hallownest:BankAccountRelic":3,"Bird Faced Urn":39,"DeathKnight:PutricidesVial":26,"hubris:TenFootPole":6,"conspire:BottledYoYo":41,"thethorton:CrushedCigarette":34,"hubris:Reverence":6,"Bromod:ArcaneFury":20,"theVacant:BrassGoblet":0,"Singing Bowl":30,"Bromod:ArcaneVictory":10,"Rawhide":9,"Blue Doll":9,"Bromod:ArcanePistoleer":41,"StoneCalendar":6,"StuffTheSpire:EmeraldSignet":26,"Replay:Multitool":0,"HeavenlyBonsai":25,"hubris:EmptyBottle":28,"Smiling Mask":9,"Power_Wrist":26,"Pet Ghost":7,"hubris:EvacipatedBox":11,"conspire:InfiniteJournal":26,"StuffTheSpire:OccultApparatus":3,"Bromod:ArcaneAwakening":25,"aspiration:AnachronicSnailShell":3,"StuffTheSpire:RedRose":2,"Ring of Panic":3,"DeathKnight:BrokenRuneblade":0,"Potion Belt":24,"theSlumbering:GamblerFolly":0,"Replay:Fungal Core":17,"CherryCoatedStake":0,"hubris:64BitClover":17,"StuffTheSpire:Saxophone":14,"StuffTheSpire:Expresso":10,"Protect_Vest":2,"hubris:Towel":2,"MawBank":33,"StuffTheSpire:Mouthbags":6,"hubris:Spice":0,"Ornamental Fan":43,"chefmod:RollingPin":2,"Durian":0,"Bottled Lightning":2,"Runesmith:AutoHammer":17,"halation:TwoAmDonut":10,"halation:PinkSoulGem":11,"Toy Ornithopter":9,"halation:PeacePiece":0,"hubris:BottledRain":5,"sagemod:Red_Beast_Statue":41,"hubris:CrystalStatue":9,"Gremlin Horn":9,"sagemod:Falmels_Amulet":33,"CeramicFish":20,"potionbrewer:AlchemistFlask":27,"halation:Prosthetics":17,"potionbrewer:PotionKit":24,"thethorton:BrokenCalculator":44,"halation:PrussianBluePaint":12,"Vampire_Amulet":28,"halation:KoshaPiece":47,"potionbrewer:BunsenBurner":20,"conspire:Dentures":17,"Girya":35,"wanderingMiniBosses:ThiefScarf":18,"StuffTheSpire:ForceGauntlet":23,"Dead Branch":8,"Oddly Smooth Stone":6,"potionbrewer:MortarAndPestle":21,"Pyrelight":14,"potionbrewer:ToyAutogyro":10,"Replay:Baseball":26,"Bronze Scales":44,"Black Star":17,"ReplayTheSpireMod:TigerMarble":38,"Grinning Jar":4,"Mirror":9,"Pocketwatch":25,"Meat on the Bone":40,"construct:BoolHorns":9,"ReplayTheSpireMod:Ring of Exchange":21,"Hallownest:StagBellRelic1":12,"SacredBark":34,"theForsaken:Lifeblossom":23,"hubris:SlimyHat":9,"Replay:Mystery Machine":31,"theForsaken:Gavel":26,"theForsaken:PlagueMask":30,"ClockworkSouvenir":28,"Chameleon Ring":25,"hubris:Icosahedron":36,"Mummified Hand":4,"Pantograph":26,"MiniBlackHole":9,"RollingBoulder":21,"Tiny Chest":28,"halation:LettersToHer":4,"TheSimpletonMod:GardenGlove":41,"Runic Pyramid":21,"hubris:DisguiseKit":4,"BargainBundle":20,"Bromod:ArcaneGrace":34,"HollowMod:LifeEnderRelic":35,"Guide Book":22,"aspiration:HummingbirdHeart":9,"aspiration:SecretTechniqueScroll":17,"Orichalcum":6,"Sandwich":17,"Anchor":8,"StuffTheSpire:HistoryBook":8,"CaptainsWheel":31,"halation:EternalFortune":22,"Ring of Fury":3,"Bag of Marbles":23,"reliquary:TuningFork":15,"Membership Card":0,"hubris:OldNail":40},{"Bromod:AscarisDevice":39,"StuffTheSpire:Barrel":74,"StuffTheSpire:BottledEssence":18,"aspiration:PoetsPen_weak":104,"Whetstone":136,"hubris:MysteriousPyramids":60,"Boot":8,"halation:HeavySnake":44,"Ring of Searing":134,"theForsaken:HumbleEgg":113,"Replay:Bottled Flurry":39,"thethorton:BankDeed":100,"hubris:TinFlute":99,"SnafuTest:BearRelic":180,"MerchantsRug":8,"Pear":105,"Counterbalance":152,"theSlumbering:GlassShield":105,"StuffTheSpire:Wildfire":109,"Replay:Ancient Bell":132,"potionbrewer:Torch":56,"Elementarium:ElementariumTrophy":156,"Hallownest:BankAccountRelic":124,"Bird Faced Urn":105,"DeathKnight:PutricidesVial":48,"hubris:TenFootPole":4,"conspire:BottledYoYo":182,"thethorton:CrushedCigarette":178,"hubris:Reverence":18,"Bromod:ArcaneFury":150,"theVacant:BrassGoblet":0,"Singing Bowl":138,"Bromod:ArcaneVictory":19,"Rawhide":18,"Blue Doll":80,"Bromod:ArcanePistoleer":107,"StoneCalendar":144,"StuffTheSpire:EmeraldSignet":88,"Replay:Multitool":32,"HeavenlyBonsai":48,"hubris:EmptyBottle":101,"Smiling Mask":6,"Power_Wrist":152,"Pet Ghost":40,"hubris:EvacipatedBox":75,"conspire:InfiniteJournal":174,"StuffTheSpire:OccultApparatus":116,"Bromod:ArcaneAwakening":174,"aspiration:AnachronicSnailShell":78,"StuffTheSpire:RedRose":33,"Ring of Panic":68,"DeathKnight:BrokenRuneblade":0,"Potion Belt":152,"theSlumbering:GamblerFolly":140,"Replay:Fungal Core":98,"CherryCoatedStake":140,"hubris:64BitClover":132,"StuffTheSpire:Saxophone":8,"StuffTheSpire:Expresso":145,"Protect_Vest":121,"hubris:Towel":71,"MawBank":103,"StuffTheSpire:Mouthbags":30,"hubris:Spice":26,"Ornamental Fan":108,"chefmod:RollingPin":121,"Durian":120,"Bottled Lightning":56,"Runesmith:AutoHammer":132,"halation:TwoAmDonut":165,"halation:PinkSoulGem":129,"Toy Ornithopter":75,"halation:PeacePiece":77,"hubris:BottledRain":69,"sagemod:Red_Beast_Statue":107,"hubris:CrystalStatue":122,"Gremlin Horn":119,"sagemod:Falmels_Amulet":103,"CeramicFish":64,"potionbrewer:AlchemistFlask":101,"halation:Prosthetics":23,"potionbrewer:PotionKit":152,"thethorton:BrokenCalculator":108,"halation:PrussianBluePaint":76,"Vampire_Amulet":136,"halation:KoshaPiece":184,"potionbrewer:BunsenBurner":150,"conspire:Dentures":132,"Girya":104,"wanderingMiniBosses:ThiefScarf":99,"StuffTheSpire:ForceGauntlet":48,"Dead Branch":128,"Oddly Smooth Stone":59,"potionbrewer:MortarAndPestle":25,"Pyrelight":62,"potionbrewer:ToyAutogyro":81,"Replay:Baseball":136,"Bronze Scales":108,"Black Star":9,"ReplayTheSpireMod:TigerMarble":105,"Grinning Jar":68,"Mirror":112,"Pocketwatch":100,"Meat on the Bone":107,"construct:BoolHorns":95,"ReplayTheSpireMod:Ring of Exchange":134,"Hallownest:StagBellRelic1":113,"SacredBark":156,"theForsaken:Lifeblossom":172,"hubris:SlimyHat":144,"Replay:Mystery Machine":102,"theForsaken:Gavel":101,"theForsaken:PlagueMask":154,"ClockworkSouvenir":101,"Chameleon Ring":101,"hubris:Icosahedron":157,"Mummified Hand":34,"Pantograph":152,"MiniBlackHole":164,"RollingBoulder":171,"Tiny Chest":175,"halation:LettersToHer":122,"TheSimpletonMod:GardenGlove":182,"Runic Pyramid":99,"hubris:DisguiseKit":116,"BargainBundle":150,"Bromod:ArcaneGrace":51,"HollowMod:LifeEnderRelic":104,"Guide Book":100,"aspiration:HummingbirdHeart":40,"aspiration:SecretTechniqueScroll":63,"Orichalcum":94,"Sandwich":84,"Anchor":6,"StuffTheSpire:HistoryBook":40,"CaptainsWheel":102,"halation:EternalFortune":86,"Ring of Fury":68,"Bag of Marbles":152,"reliquary:TuningFork":167,"Membership Card":67,"hubris:OldNail":106},{"Bromod:AscarisDevice":193,"StuffTheSpire:Barrel":399,"StuffTheSpire:BottledEssence":83,"aspiration:PoetsPen_weak":566,"Whetstone":750,"hubris:MysteriousPyramids":305,"Boot":31,"halation:HeavySnake":219,"Ring of Searing":730,"theForsaken:HumbleEgg":621,"Replay:Bottled Flurry":193,"thethorton:BankDeed":543,"hubris:TinFlute":539,"SnafuTest:BearRelic":1017,"MerchantsRug":31,"Pear":570,"Counterbalance":840,"theSlumbering:GlassShield":570,"StuffTheSpire:Wildfire":592,"Replay:Ancient Bell":719,"potionbrewer:Torch":285,"Elementarium:ElementariumTrophy":860,"Hallownest:BankAccountRelic":673,"Bird Faced Urn":570,"DeathKnight:PutricidesVial":241,"hubris:TenFootPole":15,"conspire:BottledYoYo":1030,"thethorton:CrushedCigarette":1003,"hubris:Reverence":83,"Bromod:ArcaneFury":827,"theVacant:BrassGoblet":0,"Singing Bowl":760,"Bromod:ArcaneVictory":90,"Rawhide":83,"Blue Doll":433,"Bromod:ArcanePistoleer":583,"StoneCalendar":789,"StuffTheSpire:EmeraldSignet":476,"Replay:Multitool":165,"HeavenlyBonsai":241,"hubris:EmptyBottle":548,"Smiling Mask":21,"Power_Wrist":840,"Pet Ghost":196,"hubris:EvacipatedBox":404,"conspire:InfiniteJournal":974,"StuffTheSpire:OccultApparatus":632,"Bromod:ArcaneAwakening":974,"aspiration:AnachronicSnailShell":423,"StuffTheSpire:RedRose":168,"Ring of Panic":358,"DeathKnight:BrokenRuneblade":0,"Potion Belt":840,"theSlumbering:GamblerFolly":771,"Replay:Fungal Core":533,"CherryCoatedStake":771,"hubris:64BitClover":719,"StuffTheSpire:Saxophone":31,"StuffTheSpire:Expresso":794,"Protect_Vest":659,"hubris:Towel":380,"MawBank":557,"StuffTheSpire:Mouthbags":156,"hubris:Spice":126,"Ornamental Fan":588,"chefmod:RollingPin":659,"Durian":646,"Bottled Lightning":285,"Runesmith:AutoHammer":719,"halation:TwoAmDonut":907,"halation:PinkSoulGem":701,"Toy Ornithopter":404,"halation:PeacePiece":419,"hubris:BottledRain":367,"sagemod:Red_Beast_Statue":583,"hubris:CrystalStatue":664,"Gremlin Horn":643,"sagemod:Falmels_Amulet":557,"CeramicFish":331,"potionbrewer:AlchemistFlask":548,"halation:Prosthetics":108,"potionbrewer:PotionKit":840,"thethorton:BrokenCalculator":588,"halation:PrussianBluePaint":412,"Vampire_Amulet":750,"halation:KoshaPiece":1046,"potionbrewer:BunsenBurner":827,"conspire:Dentures":719,"Girya":566,"wanderingMiniBosses:ThiefScarf":539,"StuffTheSpire:ForceGauntlet":241,"Dead Branch":695,"Oddly Smooth Stone":299,"potionbrewer:MortarAndPestle":123,"Pyrelight":317,"potionbrewer:ToyAutogyro":438,"Replay:Baseball":750,"Bronze Scales":588,"Black Star":39,"ReplayTheSpireMod:TigerMarble":570,"Grinning Jar":358,"Mirror":608,"Pocketwatch":543,"Meat on the Bone":583,"construct:BoolHorns":515,"ReplayTheSpireMod:Ring of Exchange":730,"Hallownest:StagBellRelic1":621,"SacredBark":860,"theForsaken:Lifeblossom":959,"hubris:SlimyHat":789,"Replay:Mystery Machine":552,"theForsaken:Gavel":548,"theForsaken:PlagueMask":847,"ClockworkSouvenir":548,"Chameleon Ring":548,"hubris:Icosahedron":866,"Mummified Hand":172,"Pantograph":840,"MiniBlackHole":900,"RollingBoulder":950,"Tiny Chest":981,"halation:LettersToHer":664,"TheSimpletonMod:GardenGlove":1030,"Runic Pyramid":539,"hubris:DisguiseKit":632,"BargainBundle":827,"Bromod:ArcaneGrace":260,"HollowMod:LifeEnderRelic":566,"Guide Book":543,"aspiration:HummingbirdHeart":196,"aspiration:SecretTechniqueScroll":326,"Orichalcum":507,"Sandwich":456,"Anchor":21,"StuffTheSpire:HistoryBook":196,"CaptainsWheel":552,"halation:EternalFortune":464,"Ring of Fury":358,"Bag of Marbles":840,"reliquary:TuningFork":917,"Membership Card":352,"hubris:OldNail":577}]},"card_choices":[{"not_picked":["potionbrewer:WizBang","potionbrewer:Spark"],"picked":"potionbrewer:PrivateReserves","floor":1},{"not_picked":["potionbrewer:BlindingMist","potionbrewer:OneTwoPunch"],"picked":"potionbrewer:ChemicalShroud","floor":2},{"not_picked":["potionbrewer:UnstableFormula","potionbrewer:BlindingSpray"],"picked":"potionbrewer:ExothermicReaction","floor":4},{"not_picked":["potionbrewer:MicrobeSpray","potionbrewer:FortifiedSerum"],"picked":"potionbrewer:BlindingMist","floor":5},{"not_picked":["potionbrewer:Toxicity","potionbrewer:BlindingSpray"],"picked":"potionbrewer:Refill","floor":7},{"not_picked":["TH:ArmorSpikes","TH:PixieDust"],"picked":"SKIP","floor":9},{"not_picked":["TH:CursedSword"],"picked":"TH:ArmorSpikes","floor":10},{"not_picked":["potionbrewer:Backhand","potionbrewer:ChemicalWeapons"],"picked":"potionbrewer:Catalyze","floor":10},{"not_picked":["potionbrewer:Biohazard","potionbrewer:Smokescreen"],"picked":"potionbrewer:ChemicalRage","floor":12},{"not_picked":["potionbrewer:FuelCell","potionbrewer:Toxicity"],"picked":"potionbrewer:DigDeep","floor":14},{"not_picked":["potionbrewer:Accelerant","potionbrewer:PotentialEnergy"],"picked":"potionbrewer:BottomlessFlask","floor":16},{"not_picked":["potionbrewer:Shovel","potionbrewer:CausticBarrier"],"picked":"potionbrewer:Refill","floor":18},{"not_picked":["potionbrewer:TestFormula","potionbrewer:UnstableFormula"],"picked":"potionbrewer:ChemicalShroud+1","floor":20},{"not_picked":["potionbrewer:PortableLab","potionbrewer:FortifiedSerum"],"picked":"potionbrewer:AcidCloud","floor":21},{"not_picked":["potionbrewer:AnotherRound","potionbrewer:FlashPowder"],"picked":"potionbrewer:Spark+1","floor":22},{"not_picked":["TH:Mimic"],"picked":"TH:DeckOfManyThings","floor":23},{"not_picked":["potionbrewer:FortifiedSerum","potionbrewer:Toxicity"],"picked":"potionbrewer:Smokescreen+1","floor":24},{"not_picked":["TH:ElvenBoots"],"picked":"TH:DeckOfManyThings","floor":25},{"not_picked":["potionbrewer:BlindingMist","potionbrewer:ChokingPowder"],"picked":"potionbrewer:QuickStep","floor":25},{"not_picked":["TH:CursedSword"],"picked":"TH:ArmorSpikes","floor":26},{"not_picked":["potionbrewer:TimeBomb+1","potionbrewer:CausticBarrier+1"],"picked":"potionbrewer:ChemicalRage","floor":28},{"not_picked":["TH:PixieDust","TH:ElvenBoots"],"picked":"SKIP","floor":28},{"not_picked":["potionbrewer:Toxicity+1","potionbrewer:QuickStep"],"picked":"potionbrewer:CausticBarrier+1","floor":29},{"not_picked":["TH:CursedSword"],"picked":"TH:BikiniMail","floor":33},{"not_picked":["potionbrewer:BottomlessFlask","potionbrewer:BrokenBeakers"],"picked":"potionbrewer:ResearchResults","floor":33},{"not_picked":["potionbrewer:TestFormula+1","potionbrewer:LabJournal+1"],"picked":"potionbrewer:ChokingPowder+1","floor":35},{"not_picked":["potionbrewer:WizBang","potionbrewer:BalancedFormula+1","potionbrewer:TimeBomb+1"],"picked":"SKIP","floor":36},{"not_picked":["StuffTheSpire:Ambrosia","StuffTheSpire:Perfection"],"picked":"StuffTheSpire:Innocence","floor":38},{"not_picked":["potionbrewer:UnstableFormula+1","potionbrewer:AnotherRound+1"],"picked":"potionbrewer:FlareUp","floor":39},{"not_picked":["potionbrewer:UnstableFormula+1","potionbrewer:BlindingSpray+1"],"picked":"potionbrewer:Smokescreen+1","floor":41},{"not_picked":["TH:CursedSword","TH:EnergyPotion"],"picked":"SKIP","floor":41},{"not_picked":["TH:PixieDust"],"picked":"TH:BikiniMail","floor":43},{"not_picked":["potionbrewer:TestSubject","potionbrewer:AcidCloud"],"picked":"potionbrewer:BlindingMist","floor":46},{"not_picked":["potionbrewer:ChemicalWeapons","potionbrewer:Contingency+1"],"picked":"potionbrewer:PrivateReserves+1","floor":47},{"not_picked":["potionbrewer:LabAccident+1","potionbrewer:Refill"],"picked":"potionbrewer:Toxicity+1","floor":48}],"player_experience":1192156,"relics_obtained":[{"floor":9,"key":"MiniBlackHole"},{"floor":10,"key":"halation:TwoAmDonut"},{"floor":15,"key":"reliquary:TuningFork"},{"floor":21,"key":"RollingBoulder"},{"floor":23,"key":"theForsaken:Lifeblossom"},{"floor":25,"key":"Bromod:ArcaneAwakening"},{"floor":26,"key":"conspire:InfiniteJournal"},{"floor":28,"key":"Tiny Chest"},{"floor":41,"key":"conspire:BottledYoYo"},{"floor":41,"key":"TheSimpletonMod:GardenGlove"},{"floor":43,"key":"halation:PrussianBluePaint"},{"floor":47,"key":"halation:KoshaPiece"}],"event_choices":[{"damage_healed":18,"gold_gain":0,"player_choice":"Healed and dodged fight","damage_taken":0,"max_hp_gain":0,"max_hp_loss":0,"event_name":"Mushrooms","floor":11,"gold_loss":0,"cards_obtained":["Parasite"]},{"cards_removed":["potionbrewer:ChoosePotion"],"damage_healed":0,"gold_gain":0,"player_choice":"Take \u0026 Give","damage_taken":0,"max_hp_gain":0,"max_hp_loss":0,"event_name":"betterNote:BetterNote","floor":19,"gold_loss":0,"cards_obtained":["DeathKnight:MutagenicPlague"]}],"is_beta":false,"boss_relics":[{"not_picked":["Coffee Dripper","halation:Yufonium","Sozu"]},{"not_picked":["Abe\u0027s Treasure","conspire:RunicOctahedron"],"picked":"thethorton:CrushedCigarette"}],"items_purged_floors":[0,3,13,30],"is_endless":false,"potions_floor_spawned":[4,5,7,12,18,25,29,31,33,41,46,47],"ascension_level":0}}