{"host":"w05x4i13f2m9joq1","time":1612066240,"event":{"mods":["Act Like it!","Bard","BaseMod","Better Altar","Better Match","Better Note","Better Sensory Stone","Better Skull","Better Third Choice","BetterRewards","CapriCore","Colored Map","Colored Powertips","Decade(???)","Defective Defect","Duelist Mod","Gensokyo","GifTheSpireLib","Googly Eyes","Infinite Spire","Ironclad Rager","Lobotomy","LobotomyExtend","Marisa????????","Melee Mod","Minty Spire (QoL Compilation)","Morshu Shopkeeper - ENHANCED","MostiFishMod","Quick Restart","Rare Cards Sparkle","Replay The Spire","Shop Mod","Spicy Shops","Spire Birthday Party","StSLib","Td1madao Mod","The Construct","The IronCluck","TheBandit","Uncapped","everything is the same but u backflip on backflip","slay the spire mod where everything is the same but ironclad has a cowboy hat"],"gold_per_floor":[16,16,16,16,34,64,64,95,121,121,121,146,166,187,187,307,307,324,-1329,21,21,44,89,89,132,132,158,158,188,188,188,188,306,306,329,329,401,248,298,373,373,458,485,574,644,644,719,778,778,814],"floor_reached":51,"language":"ENG","playtime":2908,"items_purged":["Decay"],"score":1165,"play_id":"ef1bb408-9f4f-4766-8e92-fabb307be61f","local_time":"20210130231040","is_ascension_mode":false,"campfire_choices":[{"data":"Biased Cognition","floor":7,"key":"SMITH"},{"data":"Dualcast","floor":11,"key":"SMITH"},{"data":"MostiFishMod:ATRI","floor":15,"key":"SMITH"},{"data":"Electrodynamics","floor":24,"key":"SMITH"},{"data":"infinitespire:Oblivion","floor":32,"key":"SMITH"},{"data":"Crystallizer","floor":41,"key":"SMITH"},{"data":"MostiFishMod:SeaWaves","floor":46,"key":"SMITH"},{"data":"Redo","floor":49,"key":"SMITH"}],"circlet_count":0,"master_deck":["Zap","Dualcast+1","Ball Lightning","Cold Snap","Ball Lightning","Cold Snap","Leap","Leap+1","Leap","Leap","Barrage","Rebound","Biased Cognition+1","MostiFishMod:FluxCapactior+1","Redo+1","Panic Button","MostiFishMod:ATRI+1","Electrodynamics+1","Crystallizer+1","Beam Cell","MostiFishMod:PushDownKick","Coolheaded","Chaos+1","Conserve Battery","MostiFishMod:Overload","infinitespire:Oblivion+1","Panic Button+1","Pot Of Greed","Pot Of Greed","Pot Of Greed","Redo+1","Beam Cell","Crystallizer+1","Coolheaded+1","BasicCrystalCard+1","MostiFishMod:SeaWaves+1","Ball Lightning+1","Blizzard+1","MostiFishMod:GatherIntelligence+1","Pot Of Greed","White Noise+1"],"relics":["Cracked Core","DaveBox","SynthV:TestCard","LetterFromLob","PatriotShield","MealTicket","Blood Vial","ReplayTheSpireMod:Lightbulb","Strawberry","Replay:Bandana","construct:WeddingRing","infinitespire:SolderingIron","SynthV:MejaisSoulstealer","Pen Nib","Toy Ornithopter","War Paint","infinitespire:ShieldingShard","JellyFishMachine","Prayer Wheel","CatCart","Grinning Jar","infinitespire:EvilPickle","infinitespire:CheckeredPen","Gremlin Food","Lantern"],"acts_visited":["Exordium","TheCity","TheBeyond"],"potions_floor_usage":[16,47,50,51],"damage_taken":[{"damage":0.0,"enemies":"Small Slimes","floor":1.0,"turns":2.0},{"damage":0,"enemies":"Cultist","floor":5,"turns":1},{"damage":0,"enemies":"3 Sentries","floor":6,"turns":3},{"damage":0,"enemies":"Gremlin Nob","floor":8,"turns":2},{"damage":0,"enemies":"Lagavulin","floor":12,"turns":3},{"damage":0,"enemies":"2 Louse","floor":13,"turns":2},{"damage":0,"enemies":"Blue Slaver","floor":14,"turns":1},{"damage":12,"enemies":"The Guardian","floor":16,"turns":6},{"damage":0,"enemies":"Chosen","floor":18,"turns":2},{"damage":1,"enemies":"2 Thieves","floor":20,"turns":4},{"damage":1,"enemies":"Centurion and Healer","floor":22,"turns":4},{"damage":0,"enemies":"Book of Stabbing","floor":23,"turns":3},{"damage":9,"enemies":"Replay:Snechameleon","floor":25,"turns":2},{"damage":15,"enemies":"Shelled Parasite and Fungi","floor":27,"turns":3},{"damage":0,"enemies":"3 Cultists","floor":29,"turns":3},{"damage":0,"enemies":"Pondfish","floor":33,"turns":3},{"damage":0,"enemies":"Orb Walker","floor":35,"turns":2},{"damage":0,"enemies":"Orin","floor":37,"turns":3},{"damage":0,"enemies":"3 Darklings","floor":39,"turns":2},{"damage":0,"enemies":"Giant Head","floor":40,"turns":3},{"damage":0,"enemies":"Transient","floor":42,"turns":4},{"damage":0,"enemies":"R_Hoarder","floor":44,"turns":2},{"damage":0,"enemies":"Jaw Worm Horde","floor":45,"turns":2},{"damage":0,"enemies":"Writhing Mass","floor":47,"turns":2},{"damage":0,"enemies":"Sphere and 2 Shapes","floor":48,"turns":1},{"damage":0,"enemies":"Donu and Deca","floor":50,"turns":2},{"damage":0,"enemies":"Malkuth","floor":51,"turns":1},{"damage":0,"enemies":"Netzach","floor":51,"turns":4},{"damage":0,"enemies":"Geburah","floor":51,"turns":8},{"damage":75,"enemies":"Binah","floor":51,"turns":8}],"seed_played":"-7840265185854951362","potions_obtained":[{"floor":1.0,"key":"Explosive Potion"},{"floor":8,"key":"AttackPotion"},{"floor":12,"key":"Swift Potion"},{"floor":13,"key":"Venom Potion"},{"floor":23,"key":"Languid Potion"},{"floor":25,"key":"Reflective Coating"},{"floor":37,"key":"infinitespire:BlackPotion"},{"floor":47,"key":"SteroidPotion"}],"is_trial":false,"path_per_floor":["M","?","$","T","M","E","R","E","T","?","R","E","M","M","R","B",null,"M","$","M","?","M","E","R","E","T","M","AVR","M","?","$","R","B",null,"M","?","?","$","M","E","R","M","T","E","M","R","M","M","R","B",null],"character_chosen":"DEFECT","items_purchased":["infinitespire:SolderingIron","SynthV:MejaisSoulstealer","Grinning Jar"],"campfire_rested":0,"item_purchase_floors":[19,19,38],"current_hp_per_floor":[50,50,50,50,50,50,50,52,59,59,59,61,63,65,65,55,75,75,75,74,74,74,75,75,66,66,53,53,55,55,70,70,72,75,75,75,75,75,75,75,75,75,75,75,75,75,75,75,75,75],"gold":945,"neow_bonus":"DEFECT_STORMLORD","is_daily":false,"chose_seed":false,"campfire_upgraded":8,"win_rate":0.0,"timestamp":1612066240,"path_taken":["M","?","$","?","M","E","R","E","T","?","R","E","M","?","R","BOSS","M","$","M","?","M","E","R","E","T","M","AVR","M","?","$","R","BOSS","M","?","?","?","M","E","R","M","T","E","M","R","M","M","R","BOSS"],"items_purchased_type":["Relic","Relic","Relic"],"build_version":"2020-12-22","purchased_purges":1,"victory":true,"max_hp_per_floor":[68,68,68,68,68,68,68,68,75,75,75,75,75,75,75,75,75,75,75,75,75,75,75,75,75,75,75,75,75,75,75,75,75,75,75,75,75,75,75,75,75,75,75,75,75,75,75,75,75,75],"card_choices":[{"not_picked":["Tempest","Chaos"],"picked":"Barrage","floor":1.0},{"not_picked":["FTL","ReplayTheSpireMod:GoodbyeWorld","Crystallizer","ReplayTheSpireMod:System Scan"],"picked":"Rebound","floor":5},{"not_picked":["Compile Driver","Tempest","BootSequence","FTL"],"picked":"Biased Cognition","floor":6},{"not_picked":["Chaos","Hologram","Static Discharge","Go for the Eyes"],"picked":"MostiFishMod:FluxCapactior","floor":8},{"not_picked":["ReplayTheSpireMod:System Scan","Leap","Ball Lightning","Heatsinks"],"picked":"Redo","floor":12},{"not_picked":["Steam","Doom and Gloom","Scrape","Coolheaded"],"picked":"Panic Button","floor":13},{"not_picked":["Compile Driver","Coolheaded","Leap","Defragment"],"picked":"MostiFishMod:ATRI","floor":14},{"not_picked":["ReplayTheSpireMod:Omega Cannon","Mirror Shield","MostiFishMod:Prepare","Buffer"],"picked":"Electrodynamics","floor":16},{"not_picked":["Blizzard","Loop","Panic Button","Go for the Eyes+1"],"picked":"Crystallizer+1","floor":18},{"not_picked":["Barrage","Leap","Aggregate","Ball Lightning"],"picked":"Beam Cell","floor":20},{"not_picked":["ReplayTheSpireMod:System Scan","Conserve Battery","Stack","Self Repair"],"picked":"MostiFishMod:PushDownKick","floor":22},{"not_picked":["ReplayTheSpireMod:Repulse","Hello World","ReplaySort+1","Static Discharge"],"picked":"Coolheaded","floor":23},{"not_picked":["Panic Button","Undo+1","Redo","Storm"],"picked":"Chaos","floor":25},{"not_picked":["Steam+1","Sweeping Beam","BasicCrystalCard","Skim"],"picked":"Conserve Battery","floor":27},{"not_picked":["Chill","Genetic Algorithm+1","Sweeping Beam","Blizzard"],"picked":"MostiFishMod:Overload","floor":29},{"not_picked":["ReplayRNGCard","Biased Cognition","Mirror Shield","Fission"],"picked":"ReplayTheSpireMod:Fabricate Wheel","floor":33},{"not_picked":["ReplayTheSpireMod:GoodbyeWorld","MostiFishMod:ReprogramOld","Gash","Leap","Rebound"],"picked":"SKIP","floor":35},{"not_picked":["Compile Driver","Hologram+1","Beam Cell+1","Undo+1"],"picked":"Panic Button+1","floor":37},{"not_picked":["Leap","Cold Snap","ReplaySolidLightProjector","Steam+1"],"picked":"Redo+1","floor":39},{"not_picked":["Compile Driver+1","Redo+1","Aggregate+1","Rebound+1"],"picked":"Beam Cell","floor":39},{"not_picked":["Multi-Cast","Ball Lightning+1","Doom and Gloom","Sweeping Beam+1"],"picked":"Crystallizer","floor":40},{"not_picked":["Fusion","Rip and Tear+1","Hologram+1","Rebound+1"],"picked":"Coolheaded+1","floor":42},{"not_picked":["Lockon","Skim+1","Compile Driver+1","Panic Button"],"picked":"BasicCrystalCard+1","floor":42},{"not_picked":["Cold Snap","Redo+1","Blizzard+1","Gash+1"],"picked":"MostiFishMod:SeaWaves","floor":44},{"not_picked":["Redo+1","Sweeping Beam","Reinforced Body+1","MostiFishMod:ReprogramOld+1"],"picked":"Ball Lightning+1","floor":45},{"not_picked":["Sweeping Beam+1","Stack+1","Go for the Eyes","Hologram+1","FTL"],"picked":"SKIP","floor":45},{"not_picked":["ReplayTheSpireMod:Repulse+1","Ball Lightning","Redo+1","ReplayTheSpireMod:GoodbyeWorld+1"],"picked":"Blizzard+1","floor":47},{"not_picked":["MostiFishMod:ActiveDefenseSystem","ReplayTheSpireMod:GoodbyeWorld","Stack","Steam+1"],"picked":"MostiFishMod:GatherIntelligence+1","floor":47},{"not_picked":["Conserve Battery","Steam+1","Stack+1","ReplayTheSpireMod:Omega Cannon"],"picked":"White Noise+1","floor":48},{"not_picked":["Static Discharge+1","Go for the Eyes+1","Defragment","ReplaySolidLightProjector+1","MostiFishMod:ReprogramOld+1"],"picked":"SKIP","floor":48}],"player_experience":151899,"relics_obtained":[{"floor":1.0,"key":"SynthV:TestCard"},{"floor":1.0,"key":"LetterFromLob"},{"floor":4,"key":"MealTicket"},{"floor":6,"key":"Blood Vial"},{"floor":8,"key":"ReplayTheSpireMod:Lightbulb"},{"floor":9,"key":"Strawberry"},{"floor":12,"key":"Replay:Bandana"},{"floor":23,"key":"Pen Nib"},{"floor":25,"key":"Toy Ornithopter"},{"floor":26,"key":"War Paint"},{"floor":37,"key":"CatCart"},{"floor":40,"key":"infinitespire:CheckeredPen"},{"floor":43,"key":"Gremlin Food"},{"floor":44,"key":"Lantern"}],"event_choices":[{"damage_healed":0.0,"max_hp_gain":0.0,"max_hp_loss":0.0,"gold_gain":0.0,"event_name":"Accursed Blacksmith","player_choice":"Forge","floor":2.0,"gold_loss":0.0,"damage_taken":0.0,"cards_upgraded":["ReplayTheSpireMod:Faulty Equipment"]},{"damage_healed":0,"gold_gain":0,"player_choice":"Upgraded","damage_taken":0,"max_hp_gain":0,"max_hp_loss":0,"event_name":"Upgrade Shrine","floor":10,"gold_loss":0,"cards_upgraded":["MostiFishMod:FluxCapactior"]},{"damage_healed":0,"gold_gain":0,"player_choice":"Cursed","damage_taken":0,"max_hp_gain":0,"max_hp_loss":0,"event_name":"Wheel of Change","floor":21,"gold_loss":0,"cards_obtained":["Decay"]},{"cards_removed":["MostiFishMod:Overload"],"damage_healed":0,"gold_gain":0,"player_choice":"Take \u0026 Give","damage_taken":0,"max_hp_gain":0,"max_hp_loss":0,"event_name":"betterNote:BetterNote","floor":30,"gold_loss":0,"cards_obtained":["infinitespire:Oblivion"]},{"damage_healed":0,"gold_gain":0,"player_choice":"Fight","damage_taken":0,"max_hp_gain":0,"max_hp_loss":0,"event_name":"OrinTheCat","floor":37,"gold_loss":0}],"is_beta":false,"boss_relics":[{"not_picked":["Astrolabe","FrozenCore"],"picked":"construct:WeddingRing"},{"not_picked":["SacredBark","ReplayTheSpireMod:DimensionalGlitch"],"picked":"JellyFishMachine"}],"items_purged_floors":[28],"is_endless":false,"potions_floor_spawned":[1,8,12,13,14,23,25,27,29,33,37,40,47,48],"ascension_level":0}}