{"host":"5jyeqch4fosnsiz2","time":1612130520,"event":{"mods":["BaseMod","Bestiary","Colored Map","Colored Powertips","Filter the Spire","Minty Spire (QoL Compilation)","Relic Stats","StSLib","Waifu the Spire","ojb\u0027s Better Paths Mod","ojb\u0027s Info Mod"],"gold_per_floor":[412,362,373,6,23,23,23,87,113,62,139,139,196,258,258,359,359,400,72,82,95,112,112,112],"floor_reached":23,"language":"ENG","playtime":735,"items_purged":["Defend_P","HandOfGreed+1"],"score":228,"play_id":"aa57cdc2-9f1c-4295-95ed-5cdb359adf1d","local_time":"20210131170200","is_ascension_mode":false,"campfire_choices":[{"data":"HandOfGreed","floor":6,"key":"SMITH"},{"data":"Prostrate","floor":12,"key":"SMITH"},{"data":"Eruption","floor":15,"key":"SMITH"}],"circlet_count":0,"master_deck":["Strike_P","Strike_P+1","Strike_P","Strike_P","Defend_P","Defend_P","Eruption+1","Vigilance","CurseOfTheBell","Tantrum","Prostrate+1","Wallop","Indignation","Consecrate","Prostrate","Ragnarok","LessonLearned+1","DeusExMachina","Impatience","Pray","WaveOfTheHand"],"relics":["Calling Bell","Centennial Puzzle","HornCleat","Old Coin","Oddly Smooth Stone","Akabeko","StrikeDummy","Singing Bowl","Black Star"],"acts_visited":["Exordium","TheCity"],"potions_floor_usage":[16,16,20],"damage_taken":[{"damage":15,"enemies":"Jaw Worm","floor":1,"turns":5},{"damage":3,"enemies":"2 Louse","floor":3,"turns":2},{"damage":0,"enemies":"Cultist","floor":5,"turns":2},{"damage":5,"enemies":"Gremlin Gang","floor":8,"turns":4},{"damage":0,"enemies":"3 Sentries","floor":11,"turns":4},{"damage":22,"enemies":"Lagavulin","floor":13,"turns":3},{"damage":4,"enemies":"Lots of Slimes","floor":14,"turns":4},{"damage":9,"enemies":"Hexaghost","floor":16,"turns":5},{"damage":20,"enemies":"2 Thieves","floor":18,"turns":2},{"damage":10,"enemies":"3 Byrds","floor":20,"turns":2},{"damage":10,"enemies":"3 Cultists","floor":21,"turns":3},{"damage":20,"enemies":"Cultist and Chosen","floor":22,"turns":3},{"damage":38,"enemies":"Book of Stabbing","floor":23,"turns":3}],"seed_played":"8283375595231134487","potions_obtained":[{"floor":8,"key":"FairyPotion"},{"floor":13,"key":"ColorlessPotion"},{"floor":14,"key":"Energy Potion"},{"floor":18,"key":"LiquidBronze"}],"is_trial":false,"path_per_floor":["M","?","M","$","M","R","?","M","T","$","E","R","E","M","R","B",null,"M","$","M","M","M","E"],"character_chosen":"WATCHER","items_purchased":["Wallop","HandOfGreed","Indignation","Consecrate","DeusExMachina","Impatience"],"campfire_rested":0,"item_purchase_floors":[4,4,4,10,19,19],"current_hp_per_floor":[57,57,54,54,54,54,29,24,24,24,24,24,4,22,22,13,74,56,56,46,36,18,0,0],"gold":112,"neow_bonus":"BOSS_RELIC","is_daily":false,"chose_seed":false,"campfire_upgraded":3,"win_rate":0.0,"timestamp":1612130520,"path_taken":["M","?","M","$","M","R","?","?","T","$","E","R","E","M","R","BOSS","M","?","?","M","M","E"],"items_purchased_type":["Card","Card","Card","Card","Card","Card"],"build_version":"2020-12-22","purchased_purges":2,"victory":false,"max_hp_per_floor":[72,72,72,72,72,72,72,72,72,72,72,72,74,74,74,74,74,76,76,76,76,78,78,78],"relic_stats":{"Centennial Puzzle":[34],"Singing Bowl":6,"counters":[13,42],"Black Star":0,"obtain_stats":[{"Calling Bell":0,"Centennial Puzzle":0,"HornCleat":0,"Singing Bowl":13,"Oddly Smooth Stone":7,"Black Star":17,"PureWater":0,"StrikeDummy":11,"Akabeko":9,"Old Coin":0},{"Calling Bell":0,"Centennial Puzzle":0,"HornCleat":0,"Singing Bowl":6,"Oddly Smooth Stone":3,"Black Star":8,"PureWater":0,"StrikeDummy":5,"Akabeko":4,"Old Coin":0},{"Calling Bell":0,"Centennial Puzzle":0,"HornCleat":0,"Singing Bowl":20,"Oddly Smooth Stone":9,"Black Star":29,"PureWater":0,"StrikeDummy":17,"Akabeko":13,"Old Coin":0}]},"card_choices":[{"not_picked":["BowlingBash","WindmillStrike"],"picked":"Tantrum","floor":1},{"not_picked":["Consecrate","Meditate"],"picked":"Prostrate","floor":3},{"not_picked":["EmptyBody","PathToVictory","SashWhip"],"picked":"SKIP","floor":5},{"not_picked":["SashWhip","Judgement","FlyingSleeves"],"picked":"SKIP","floor":8},{"not_picked":["PathToVictory","SignatureMove"],"picked":"Prostrate","floor":11},{"not_picked":["PathToVictory","WindmillStrike","Meditate"],"picked":"Singing Bowl","floor":13},{"not_picked":["Evaluate","FlyingSleeves"],"picked":"Ragnarok","floor":14},{"not_picked":["ConjureBlade","Devotion"],"picked":"LessonLearned","floor":16},{"not_picked":["BowlingBash+1","EmptyBody+1","SashWhip"],"picked":"Singing Bowl","floor":18},{"not_picked":["Adaptation","Prostrate"],"picked":"Pray","floor":20},{"not_picked":["Tantrum+1","FlyingSleeves"],"picked":"WaveOfTheHand","floor":21},{"not_picked":["EmptyFist+1","Meditate","EmptyMind"],"picked":"Singing Bowl","floor":22}],"player_experience":349412,"relics_obtained":[{"floor":0,"key":"Centennial Puzzle"},{"floor":0,"key":"HornCleat"},{"floor":0,"key":"Old Coin"},{"floor":9,"key":"Akabeko"},{"floor":11,"key":"StrikeDummy"},{"floor":13,"key":"Singing Bowl"}],"event_choices":[{"cards_removed":["Defend_P"],"damage_healed":0,"gold_gain":0,"player_choice":"Card Removal","damage_taken":0,"max_hp_gain":0,"max_hp_loss":0,"event_name":"The Cleric","floor":2,"gold_loss":50},{"damage_healed":0,"gold_gain":0,"player_choice":"Success","damage_taken":25,"relics_obtained":["Oddly Smooth Stone"],"max_hp_gain":0,"max_hp_loss":0,"event_name":"Scrap Ooze","floor":7,"gold_loss":0}],"is_beta":false,"boss_relics":[{"not_picked":["VioletLotus","SlaversCollar"],"picked":"Black Star"}],"items_purged_floors":[4,19],"is_endless":false,"potions_floor_spawned":[8,13,14,18],"killed_by":"Book of Stabbing","ascension_level":0}}