{"host":"o7j6aatxjwpw1421","time":1612069223,"event":{"mods":["2.2 Compatiblity","AchievementEnabler","BaseMod","Colored Map","DeckTracker","Highlight Path","Keyboard Shortcuts","Minty Spire (QoL Compilation)","Permanent Neow","Quick Restart","StSLib","SuperFastMode","everything is the same but u backflip on backflip"],"gold_per_floor":[113,38,51,51,67,81,81,116,116,135,135,153,169,193,193,286,286,300,323,323,248,123,123,159,159,159,174,174,174],"floor_reached":28,"language":"KOR","playtime":1059,"items_purged":["Strike_G","Finisher"],"score":484,"play_id":"57f94a5f-be6a-471f-ba0f-8ddddd16f45f","local_time":"20210131140023","is_ascension_mode":true,"campfire_choices":[{"data":"All Out Attack","floor":7.0,"key":"SMITH"},{"floor":15.0,"key":"REST"},{"floor":23.0,"key":"REST"},{"floor":25,"key":"REST"}],"circlet_count":0,"master_deck":["AscendersBane","Defend_G","Defend_G","Defend_G","Survivor","Neutralize","Adrenaline","Dagger Throw","All Out Attack+1","Poisoned Stab","Grand Finale","Blur","Dodge and Roll","Deadly Poison","Burst","Endless Agony+1","Masterful Stab+1","Tactician+1","Glass Knife","Acrobatics"],"relics":["Ring of the Snake","Golden Idol","MealTicket","HornCleat","Astrolabe","Torii","Calipers"],"acts_visited":["Exordium","TheCity"],"potions_floor_usage":[24,28,28],"damage_taken":[{"damage":0.0,"enemies":"Small Slimes","floor":1.0,"turns":5.0},{"damage":0.0,"enemies":"Jaw Worm","floor":3.0,"turns":4.0},{"damage":0.0,"enemies":"Cultist","floor":5.0,"turns":3.0},{"damage":3.0,"enemies":"Blue Slaver","floor":6.0,"turns":4.0},{"damage":21.0,"enemies":"Gremlin Nob","floor":8.0,"turns":4.0},{"damage":8.0,"enemies":"Gremlin Gang","floor":10.0,"turns":4.0},{"damage":0.0,"enemies":"2 Fungi Beasts","floor":12.0,"turns":3.0},{"damage":10.0,"enemies":"Exordium Wildlife","floor":13.0,"turns":5.0},{"damage":0.0,"enemies":"3 Louse","floor":14.0,"turns":1.0},{"damage":13.0,"enemies":"The Guardian","floor":16.0,"turns":11.0},{"damage":8.0,"enemies":"Shell Parasite","floor":18.0,"turns":5.0},{"damage":30.0,"enemies":"Spheric Guardian","floor":19.0,"turns":8.0},{"damage":38,"enemies":"Slavers","floor":24,"turns":7},{"damage":18,"enemies":"Chosen and Byrds","floor":27,"turns":6},{"damage":0,"enemies":"Centurion and Healer","floor":28,"turns":1}],"seed_played":"3433250878653188279","potions_obtained":[{"floor":5.0,"key":"Weak Potion"},{"floor":8.0,"key":"Regen Potion"},{"floor":10.0,"key":"EssenceOfSteel"},{"floor":12.0,"key":"DuplicationPotion"},{"floor":16.0,"key":"EssenceOfSteel"},{"floor":19.0,"key":"Strength Potion"},{"floor":27,"key":"BlessingOfTheForge"}],"is_trial":false,"path_per_floor":["M","$","M","?","M","M","R","E","T","M","?","M","M","M","R","B",null,"M","M","?","?","$","R","E","R","T","M","M"],"character_chosen":"THE_SILENT","items_purchased":["Acrobatics"],"campfire_rested":3,"item_purchase_floors":[22],"current_hp_per_floor":[44,44,44,44,44,41,41,20,20,24,24,24,14,14,32,19,50,42,12,12,12,27,45,7,25,25,7,7,7],"gold":174,"neow_bonus":"THREE_RARE_CARDS","is_daily":false,"chose_seed":false,"campfire_upgraded":1,"win_rate":0.0,"timestamp":1612069223,"path_taken":["M","$","M","?","M","M","R","E","T","M","?","M","M","M","R","BOSS","M","M","?","?","$","R","E","R","T","M","?"],"items_purchased_type":["Card"],"build_version":"2020-12-22","purchased_purges":2,"victory":false,"max_hp_per_floor":[66,66,66,60,60,60,60,60,60,60,60,60,60,60,60,60,60,60,60,60,60,60,60,60,60,60,60,60,60],"card_choices":[{"not_picked":["Unload","Storm of Steel"],"picked":"Adrenaline","floor":0.0},{"not_picked":["Prepared","Leg Sweep"],"picked":"Dagger Throw","floor":1.0},{"not_picked":["Outmaneuver","Prepared"],"picked":"All Out Attack","floor":3.0},{"not_picked":["Expertise","Cloak And Dagger"],"picked":"Poisoned Stab","floor":5.0},{"not_picked":["Heel Hook","Sucker Punch","Underhanded Strike"],"picked":"SKIP","floor":6.0},{"not_picked":["Slice","Cloak And Dagger"],"picked":"Grand Finale","floor":8.0},{"not_picked":["Choke","Flying Knee"],"picked":"Blur","floor":10.0},{"not_picked":["Caltrops","Infinite Blades"],"picked":"Dodge and Roll","floor":12.0},{"not_picked":["Dodge and Roll","Distraction","Endless Agony"],"picked":"SKIP","floor":13.0},{"not_picked":["Cloak And Dagger","PiercingWail"],"picked":"Deadly Poison","floor":14.0},{"not_picked":["Envenom","Venomology"],"picked":"Burst","floor":16.0},{"not_picked":["Slice","Setup","Predator+1"],"picked":"SKIP","floor":18.0},{"not_picked":["Blade Dance+1","Backstab","Poisoned Stab"],"picked":"SKIP","floor":19.0},{"not_picked":["Bouncing Flask","Finisher","Poisoned Stab"],"picked":"SKIP","floor":24},{"not_picked":["Deadly Poison","All Out Attack","Accuracy+1"],"picked":"SKIP","floor":27}],"player_experience":602900,"relics_obtained":[{"floor":8.0,"key":"MealTicket"},{"floor":9.0,"key":"HornCleat"},{"floor":24,"key":"Torii"},{"floor":26,"key":"Calipers"}],"event_choices":[{"damage_healed":0.0,"max_hp_gain":0.0,"max_hp_loss":6.0,"gold_gain":0.0,"event_name":"Golden Idol","player_choice":"Lose Max HP","floor":4.0,"gold_loss":0.0,"damage_taken":0.0,"relics_obtained":["Golden Idol"]},{"cards_removed":["Strike_G"],"damage_healed":0.0,"max_hp_gain":0.0,"max_hp_loss":0.0,"gold_gain":0.0,"event_name":"Bonfire Elementals","player_choice":"Offered Basic","floor":11.0,"gold_loss":0.0,"damage_taken":0.0},{"damage_healed":0.0,"max_hp_gain":0.0,"max_hp_loss":0.0,"gold_gain":0.0,"event_name":"Cursed Tome","player_choice":"Ignored","floor":20.0,"gold_loss":0.0,"damage_taken":0.0},{"damage_healed":0.0,"max_hp_gain":0.0,"max_hp_loss":0.0,"gold_gain":0.0,"cards_transformed":["Defend_G","Defend_G"],"event_name":"Designer","player_choice":"Transformed Cards","floor":21.0,"gold_loss":75.0,"damage_taken":0.0,"cards_obtained":["Glass Knife","Finisher"]}],"is_beta":false,"boss_relics":[{"not_picked":["Busted Crown","Cursed Key"],"picked":"Astrolabe"}],"items_purged_floors":[2,22],"is_endless":false,"potions_floor_spawned":[5,8,10,12,16,19,27],"killed_by":"Centurion and Healer","ascension_level":20}}