{"host":"5n1fl7z5i1vf7jan","time":1612085745,"event":{"mods":["BaseMod","Minty Spire (QoL Compilation)","Quick Restart","Relic Stats"],"gold_per_floor":[117,117,117,141,161,199,218,218,242,242,10,31,31,74,74,164,164,182,8,21,21,35,35,35],"floor_reached":23,"language":"ENG","playtime":688,"items_purged":[],"score":352,"play_id":"21ff1f48-33a0-4fee-9bab-1ba1b952dd9a","local_time":"20210131013545","is_ascension_mode":true,"campfire_choices":[{"data":"Eruption","floor":10.0,"key":"SMITH"},{"floor":15.0,"key":"REST"}],"circlet_count":0,"master_deck":["AscendersBane","Strike_P","Strike_P","Defend_P","Defend_P","Defend_P","Eruption+1","Vigilance","Halt+1","WindmillStrike+1","Vengeance+1","BowlingBash","FlurryOfBlows","SandsOfTime","Conclude","LikeWater","Scrawl","Establishment","CutThroughFate","Tantrum","TalkToTheHand"],"relics":["Astrolabe","Golden Idol","Bronze Scales","Pen Nib","Sling","Nunchaku","Regal Pillow","Cursed Key","Membership Card"],"acts_visited":["Exordium","TheCity"],"potions_floor_usage":[],"damage_taken":[{"damage":4.0,"enemies":"Jaw Worm","floor":1.0,"turns":3.0},{"damage":4.0,"enemies":"2 Louse","floor":4.0,"turns":2.0},{"damage":1.0,"enemies":"Cultist","floor":5.0,"turns":4.0},{"damage":18.0,"enemies":"3 Sentries","floor":6.0,"turns":6.0},{"damage":18.0,"enemies":"Gremlin Gang","floor":7.0,"turns":5.0},{"damage":9.0,"enemies":"Red Slaver","floor":12.0,"turns":2.0},{"damage":7.0,"enemies":"Lagavulin","floor":14.0,"turns":5.0},{"damage":11.0,"enemies":"The Guardian","floor":16.0,"turns":7.0},{"damage":21.0,"enemies":"2 Thieves","floor":18.0,"turns":3.0},{"damage":7.0,"enemies":"Shell Parasite","floor":20.0,"turns":3.0},{"damage":9.0,"enemies":"Centurion and Healer","floor":22.0,"turns":3.0},{"damage":32,"enemies":"Slavers","floor":23,"turns":1}],"seed_played":"1011205156058119415","potions_obtained":[{"floor":4.0,"key":"SteroidPotion"},{"floor":6.0,"key":"BottledMiracle"},{"floor":14.0,"key":"DuplicationPotion"},{"floor":16.0,"key":"DuplicationPotion"}],"is_trial":false,"path_per_floor":["M","?","?","M","M","E","M","?","T","R","$","M","T","E","R","B",null,"M","$","M","?","M","E"],"character_chosen":"WATCHER","items_purchased":["Sling","Conclude","Membership Card","CutThroughFate"],"campfire_rested":1,"item_purchase_floors":[11,11,19,19],"current_hp_per_floor":[57,57,57,53,52,34,16,36,36,36,36,27,27,20,53,42,57,36,36,29,41,32,0,0],"gold":35,"neow_bonus":"BOSS_RELIC","is_daily":false,"chose_seed":false,"campfire_upgraded":1,"win_rate":0.0,"timestamp":1612085745,"path_taken":["M","?","?","M","M","E","M","?","T","R","$","M","?","E","R","BOSS","M","$","M","?","M","E"],"items_purchased_type":["Relic","Card","Relic","Card"],"build_version":"2020-12-22","purchased_purges":0,"victory":false,"max_hp_per_floor":[68,62,62,62,62,62,62,62,62,62,62,62,62,62,62,62,62,62,62,62,62,62,62,62],"relic_stats":{"Nunchaku":[3],"Regal Pillow":15,"counters":[12,44],"Golden Idol":62,"Astrolabe":["Halt","WindmillStrike","Vengeance"],"Bronze Scales":[66],"Pen Nib":[4],"Cursed Key":0,"obtain_stats":[{"Nunchaku":13,"Regal Pillow":14,"Golden Idol":2,"Astrolabe":0,"Bronze Scales":6,"Pen Nib":9,"Membership Card":19,"PureWater":0,"Sling":11,"Cursed Key":17},{"Nunchaku":6,"Regal Pillow":7,"Golden Idol":1,"Astrolabe":0,"Bronze Scales":4,"Pen Nib":5,"Membership Card":9,"PureWater":0,"Sling":5,"Cursed Key":8},{"Nunchaku":22,"Regal Pillow":27,"Golden Idol":3,"Astrolabe":0,"Bronze Scales":15,"Pen Nib":20,"Membership Card":37,"PureWater":0,"Sling":20,"Cursed Key":34}]},"card_choices":[{"not_picked":["EmptyFist","EmptyBody"],"picked":"BowlingBash","floor":1.0},{"not_picked":["Perseverance","WreathOfFlame"],"picked":"FlurryOfBlows","floor":4.0},{"not_picked":["Prostrate","JustLucky"],"picked":"SandsOfTime","floor":5.0},{"not_picked":["Evaluate","BowlingBash","FlyingSleeves"],"picked":"SKIP","floor":6.0},{"not_picked":["Evaluate","BowlingBash","FlyingSleeves"],"picked":"SKIP","floor":6.0},{"not_picked":["SandsOfTime","PathToVictory","CrushJoints"],"picked":"SKIP","floor":7.0},{"not_picked":["Perseverance","LikeWater","WreathOfFlame"],"picked":"SKIP","floor":12.0},{"not_picked":["Perseverance","WreathOfFlame"],"picked":"LikeWater","floor":12.0},{"not_picked":["EmptyBody","FearNoEvil"],"picked":"Scrawl","floor":14.0},{"not_picked":["Alpha","ConjureBlade"],"picked":"Establishment","floor":16.0},{"not_picked":["Evaluate","DeceiveReality","EmptyBody"],"picked":"SKIP","floor":18.0},{"not_picked":["Consecrate","Worship"],"picked":"Tantrum","floor":20.0},{"not_picked":["EmptyFist","Collect+1"],"picked":"TalkToTheHand","floor":22.0}],"player_experience":288884,"relics_obtained":[{"floor":6.0,"key":"Bronze Scales"},{"floor":9.0,"key":"Pen Nib"},{"floor":13.0,"key":"Nunchaku"},{"floor":14.0,"key":"Regal Pillow"}],"event_choices":[{"damage_healed":0.0,"max_hp_gain":0.0,"max_hp_loss":6.0,"gold_gain":0.0,"event_name":"Golden Idol","player_choice":"Lose Max HP","floor":2.0,"gold_loss":0.0,"damage_taken":0.0,"relics_obtained":["Golden Idol"]},{"damage_healed":0.0,"max_hp_gain":0.0,"max_hp_loss":0.0,"gold_gain":0.0,"event_name":"The Cleric","player_choice":"Leave","floor":3.0,"gold_loss":0.0,"damage_taken":0.0},{"damage_healed":20.0,"max_hp_gain":0.0,"max_hp_loss":0.0,"gold_gain":0.0,"event_name":"Big Fish","player_choice":"Banana","floor":8.0,"gold_loss":0.0,"damage_taken":0.0},{"damage_healed":12.0,"max_hp_gain":0.0,"max_hp_loss":0.0,"gold_gain":0.0,"event_name":"The Library","player_choice":"Heal","floor":21.0,"gold_loss":0.0,"damage_taken":0.0}],"is_beta":false,"boss_relics":[{"not_picked":["Empty Cage","Fusion Hammer"],"picked":"Cursed Key"}],"items_purged_floors":[],"is_endless":false,"potions_floor_spawned":[4,6,12,14,16,20],"killed_by":"Slavers","ascension_level":15}}