{"host":"ordk2y2ebcetabk6","time":1612120226,"event":{"mods":["AlwaysNeverKeys","Astrologer","Bard","BaseMod","Better Debug","Cauldron","Colored Map","Colored Powertips","Dark Map","Hermit","Highlight Path","Minty Spire (QoL Compilation)","Morshu Shopkeeper","Permanent Neow","Rare Cards Sparkle","Spire Arcade","StSLib"],"gold_per_floor":[109,34,50,0,0,0,15,15,64,64,64,81,98,116,116,220,220,238,179,79,79,99,99,99,117,117,117,117,117,117,135,135,240,240,254,129,140,140,157,157,170,170,196,215,215,215,215,229,229,229],"floor_reached":51,"language":"ENG","playtime":3293,"items_purged":["bard:Strike","Pain","bard:Strike"],"score":837,"play_id":"3795f597-0558-4776-a793-3f8f349cdfa0","local_time":"20210131121026","is_ascension_mode":false,"campfire_choices":[{"data":"bard:LifeDrain","floor":6.0,"key":"SMITH"},{"data":"bard:Inspire","floor":8,"key":"SMITH"},{"data":"bard:Greatness","floor":15,"key":"SMITH"},{"data":"bard:Shifting","floor":23,"key":"SMITH"},{"data":"bard:ViciousMockery","floor":28,"key":"SMITH"},{"data":"bard:Solo","floor":29,"key":"SMITH"},{"data":"bard:Defend","floor":32,"key":"SMITH"},{"data":"1","floor":40,"key":"LIFT"},{"data":"2","floor":42,"key":"LIFT"},{"data":"3","floor":47,"key":"LIFT"},{"data":"bard:Focused","floor":49,"key":"SMITH"}],"circlet_count":0,"master_deck":["bard:Strike","bard:Defend","bard:Defend","bard:Defend","bard:Defend+1","bard:Riposte+1","bard:Inspire+1","bard:LifeDrain+1","bard:Solo+1","bard:ViciousMockery+1","bard:Greatness+1","bard:Shifting+1","bard:Focused+1","CurseOfTheBell","bard:PowerWordStun+1","bard:TinyHut","Finesse","bard:GlyphOfWarding+1"],"relics":["bard:PitchPipe","bard:BagPipes","FossilizedHelix","Bag of Marbles","Coffee Dripper","bard:MagicTuningFork","WingedGreaves","Calling Bell","Bronze Scales","Frozen Egg 2","Girya","Vajra"],"acts_visited":["Exordium","TheCity","TheBeyond"],"potions_floor_usage":[50],"damage_taken":[{"damage":0.0,"enemies":"Small Slimes","floor":1.0,"turns":3.0},{"damage":0.0,"enemies":"Cultist","floor":3.0,"turns":4.0},{"damage":0.0,"enemies":"2 Louse","floor":7.0,"turns":2.0},{"damage":0,"enemies":"Exordium Wildlife","floor":12,"turns":4},{"damage":0,"enemies":"Exordium Thugs","floor":13,"turns":4},{"damage":0,"enemies":"Blue Slaver","floor":14,"turns":3},{"damage":19,"enemies":"The Guardian","floor":16,"turns":11},{"damage":0,"enemies":"Spheric Guardian","floor":18,"turns":4},{"damage":10,"enemies":"2 Thieves","floor":22,"turns":3},{"damage":0,"enemies":"Snake Plant","floor":25,"turns":1},{"damage":0,"enemies":"Sentry and Sphere","floor":31,"turns":2},{"damage":0,"enemies":"Automaton","floor":33,"turns":12},{"damage":1,"enemies":"Orb Walker","floor":35,"turns":4},{"damage":5,"enemies":"3 Darklings","floor":37,"turns":5},{"damage":38,"enemies":"Transient","floor":39,"turns":5},{"damage":4,"enemies":"Sphere and 2 Shapes","floor":41,"turns":5},{"damage":0,"enemies":"Jaw Worm Horde","floor":44,"turns":4},{"damage":13,"enemies":"4 Shapes","floor":48,"turns":4},{"damage":0,"enemies":"Awakened One","floor":50,"turns":16}],"seed_played":"-6213314349441690924","potions_obtained":[{"floor":1.0,"key":"SpeedPotion"},{"floor":3.0,"key":"Block Potion"},{"floor":16,"key":"bard:InspiredBrew"},{"floor":25,"key":"SpeedPotion"},{"floor":31,"key":"Block Potion"},{"floor":33,"key":"ColorlessPotion"},{"floor":39,"key":"Regen Potion"},{"floor":41,"key":"AttackPotion"},{"floor":48,"key":"AttackPotion"}],"is_trial":false,"path_per_floor":["M","$","M","?","$","R","M","R","T","?","$","M","M","M","R","B",null,"M","?","$","?","M","R","$","M","T","?","R","R","?","M","R","B",null,"M","$","M","?","M","R","M","R","T","M","?","?","R","M","R","B",null],"character_chosen":"BARD","items_purchased":[],"campfire_rested":0,"item_purchase_floors":[],"current_hp_per_floor":[70,70,70,70,70,70,70,70,70,70,70,70,70,70,70,51,70,70,70,70,57,47,47,47,47,47,47,47,47,47,47,47,47,75,74,74,69,69,31,31,27,27,27,27,27,27,27,14,14,26],"gold":229,"neow_bonus":"UPGRADE_CARD","is_daily":false,"chose_seed":false,"campfire_upgraded":8,"win_rate":0.0,"timestamp":1612120226,"path_taken":["M","$","M","?","?","R","M","R","T","?","?","M","?","M","R","BOSS","M","?","$","?","M","R","?","M","T","?","R","R","?","?","R","BOSS","M","$","M","?","M","R","M","R","T","?","?","?","R","M","R","BOSS"],"items_purchased_type":[],"build_version":"2020-12-22","purchased_purges":3,"victory":true,"max_hp_per_floor":[70,70,70,70,70,70,70,70,70,70,70,70,70,70,70,70,70,70,70,70,75,75,75,75,75,75,75,75,75,75,75,75,75,75,75,75,75,75,75,75,75,75,75,75,75,75,75,75,75,75],"card_choices":[{"not_picked":["bard:Parry","bard:Heroism"],"picked":"bard:LifeDrain","floor":1.0},{"not_picked":["bard:Rest","bard:CuttingWords"],"picked":"bard:Solo","floor":3.0},{"not_picked":["bard:SongBolt","bard:FeastOnFear","bard:BucklerBash"],"picked":"SKIP","floor":7},{"not_picked":["bard:PhantasmalForce","bard:LifeDrain"],"picked":"bard:ViciousMockery","floor":12},{"not_picked":["bard:ViciousMockery","bard:Improv"],"picked":"bard:Greatness","floor":13},{"not_picked":["bard:EchoEcho","bard:Fermata","bard:SixFourTime"],"picked":"SKIP","floor":14},{"not_picked":["bard:Rhapsody","bard:Improv"],"picked":"bard:Shifting","floor":16},{"not_picked":["bard:Fermata+1","bard:InspiringSong","bard:ThickOfTheFight"],"picked":"SKIP","floor":18},{"not_picked":["bard:SongBolt","bard:FaerieFire+1","bard:Parry"],"picked":"SKIP","floor":22},{"not_picked":["bard:DervishDance","bard:InspiringSong","bard:QuickSong"],"picked":"SKIP","floor":25},{"not_picked":["bard:GlyphOfWarding","bard:QuickSong","bard:Balestra"],"picked":"SKIP","floor":31},{"not_picked":["bard:Haste","bard:Rhapsody"],"picked":"bard:Focused","floor":33},{"not_picked":["bard:BucklerBash+1","bard:ViciousMockery+1","bard:EnGarde"],"picked":"SKIP","floor":35},{"not_picked":["bard:Doot","bard:StudiedStrike+1"],"picked":"bard:PowerWordStun","floor":37},{"not_picked":["bard:Balestra","bard:Rest","bard:BucklerBash+1"],"picked":"SKIP","floor":39},{"not_picked":["bard:TinyHut","bard:Thunderwave+1","bard:FaerieFire"],"picked":"SKIP","floor":41},{"not_picked":["bard:Sift+1","bard:Thunderwave"],"picked":"bard:TinyHut","floor":44},{"not_picked":["Enlightenment","HandOfGreed"],"picked":"Finesse","floor":45},{"not_picked":["bard:BucklerBash","bard:TinyHut"],"picked":"bard:GlyphOfWarding+1","floor":48}],"player_experience":1072482,"relics_obtained":[{"floor":9,"key":"Bag of Marbles"},{"floor":26,"key":"WingedGreaves"},{"floor":34,"key":"Bronze Scales"},{"floor":34,"key":"Frozen Egg 2"},{"floor":34,"key":"Girya"},{"floor":43,"key":"Vajra"}],"event_choices":[{"damage_healed":0.0,"max_hp_gain":0.0,"max_hp_loss":0.0,"gold_gain":0.0,"event_name":"WeMeetAgain","player_choice":"Paid Gold","floor":4.0,"gold_loss":50.0,"damage_taken":0.0,"relics_obtained":["FossilizedHelix"]},{"cards_removed":["bard:Strike"],"damage_healed":0,"gold_gain":0,"player_choice":"Forget","damage_taken":0,"max_hp_gain":0,"max_hp_loss":0,"event_name":"Living Wall","floor":10,"gold_loss":0},{"damage_healed":0,"gold_gain":0,"player_choice":"Shed Blood","damage_taken":18,"max_hp_gain":5,"max_hp_loss":0,"event_name":"Forgotten Altar","floor":21,"gold_loss":0},{"damage_healed":0,"gold_gain":0,"player_choice":"Ignored","damage_taken":0,"max_hp_gain":0,"max_hp_loss":0,"event_name":"Vampires","floor":30,"gold_loss":0},{"damage_healed":0,"gold_gain":0,"player_choice":"Bought 0 Potions","damage_taken":0,"max_hp_gain":0,"max_hp_loss":0,"event_name":"The Woman in Blue","floor":38,"gold_loss":0},{"damage_healed":0,"gold_gain":0,"player_choice":"Memory 1","damage_taken":0,"max_hp_gain":0,"max_hp_loss":0,"event_name":"SensoryStone","floor":45,"gold_loss":0},{"damage_healed":0,"gold_gain":0,"player_choice":"Forge","damage_taken":0,"max_hp_gain":0,"max_hp_loss":0,"event_name":"Accursed Blacksmith","floor":46,"gold_loss":0,"cards_upgraded":["bard:PowerWordStun"]}],"is_beta":false,"boss_relics":[{"not_picked":["Black Star","Runic Dome"],"picked":"Coffee Dripper"},{"not_picked":["Snecko Eye","Runic Pyramid"],"picked":"Calling Bell"}],"items_purged_floors":[2,20,36],"is_endless":false,"potions_floor_spawned":[1,3,16,25,31,33,39,41,48],"ascension_level":0}}