{"host":"zsnmfqgcm92hlreo","time":1612132883,"event":{"mods":["AchievementEnabler","Act Like it!","BaseMod","Beaked The Cultist","Bestiary","Block Reminder","Colored Map","Colored Powertips","Downfall","Gensokyo","Gremlin Mod","Hermit","Jorbs\u0027s Wanderer Trilogy","Koishi","Marisa????????","Minty Spire (QoL Compilation)","Permanent Neow","Quick Restart","Relic Stats","StSLib","The Animator","The Cursed","The Forsaken","The Hierophant","The Judge","The Jungle","The Necromancer","The Senshi","The Servant 0.9.4","Weighted Paths"],"gold_per_floor":[211,227,238,17,36,36,68,68,68,79,79,79,110,120,120,217,217,228,243,254,273,273,273,304,403,451,451,299,299,332,332,332,332,332],"floor_reached":33,"language":"ENG","playtime":2214,"items_purged":[],"score":320,"play_id":"3abb9995-02c7-4cdd-8f07-fd018579eeea","local_time":"20210131164123","is_ascension_mode":false,"campfire_choices":[{"data":"KillingDoll","floor":6.0,"key":"SMITH"},{"floor":8.0,"key":"REST"},{"floor":11.0,"key":"REST"},{"floor":15,"key":"REST"},{"data":"Gouge","floor":23,"key":"SMITH"},{"floor":29,"key":"REST"},{"data":"Duplication","floor":32,"key":"SMITH"}],"circlet_count":0,"master_deck":["Exchange","Spin","DoubleEdge","Gouge+1","ForgedInTime","KillingDoll+1","MurderousAura","Gouge","InstantArmor","Dilation","Contraction","WasteNot","Ricochet","Defy","Duplication+1","FanOfKnives","FastForward","SoulSculpture","BottledTime+1","FanOfKnives","Alleviate+1","Rearm+1","ShatteredReality","LightFlow"],"relics":["Uniform","theForsaken:Lifeblossom","Lantern","Ancient Tea Set","Letter Opener","Orichalcum","Pandora\u0027s Box","Nunchaku","MealTicket","OrangePellets","Smiling Mask"],"acts_visited":["Exordium","TheCity"],"potions_floor_usage":[33],"damage_taken":[{"damage":0.0,"enemies":"2 Louse","floor":1.0,"turns":3.0},{"damage":1.0,"enemies":"Small Slimes","floor":2.0,"turns":2.0},{"damage":0.0,"enemies":"Cultist","floor":3.0,"turns":3.0},{"damage":0.0,"enemies":"Large Slime","floor":5.0,"turns":3.0},{"damage":46.0,"enemies":"3 Sentries","floor":7.0,"turns":8.0},{"damage":26.0,"enemies":"Exordium Thugs","floor":10.0,"turns":6.0},{"damage":25.0,"enemies":"Gremlin Nob","floor":13.0,"turns":4.0},{"damage":9,"enemies":"Exordium Wildlife","floor":14,"turns":3},{"damage":4,"enemies":"Slime Boss","floor":16,"turns":8},{"damage":4,"enemies":"Chosen","floor":18,"turns":4},{"damage":0,"enemies":"Shell Parasite","floor":19,"turns":5},{"damage":0,"enemies":"Cultist and Chosen","floor":20,"turns":4},{"damage":18,"enemies":"Sentry and Sphere","floor":21,"turns":7},{"damage":42,"enemies":"Gremlin Leader","floor":24,"turns":4},{"damage":0,"enemies":"Book of Stabbing","floor":30,"turns":5},{"damage":67,"enemies":"Automaton","floor":33,"turns":8}],"seed_played":"-9108475874227693235","potions_obtained":[{"floor":1.0,"key":"Strength Potion"},{"floor":3.0,"key":"Dexterity Potion"},{"floor":7.0,"key":"LiquidBronze"},{"floor":13,"key":"bronze:BurnAndBuffPotion"},{"floor":19,"key":"sneckomod:MuddlingPotion"},{"floor":30,"key":"champ:CounterPotion"}],"is_trial":false,"path_per_floor":["M","M","M","$","M","R","E","R","T","M","R","?","E","M","R","B",null,"M","M","M","M","?","R","E","?","T","?","$","R","E","?","R","B"],"character_chosen":"THE_SERVANT","items_purchased":["theForsaken:Lifeblossom","ForgedInTime","OrangePellets"],"campfire_rested":4,"item_purchase_floors":[4,4,28],"current_hp_per_floor":[65,64,64,64,65,65,20,39,39,19,38,35,16,12,31,33,65,61,65,65,47,47,47,11,11,11,11,26,45,51,51,51,0,0],"gold":332,"neow_bonus":"HUNDRED_GOLD","is_daily":false,"chose_seed":false,"campfire_upgraded":3,"win_rate":0.0,"timestamp":1612132883,"path_taken":["M","M","M","$","M","R","E","R","T","M","R","?","E","M","R","BOSS","M","M","M","M","?","R","E","?","T","?","$","R","E","?","R","BOSS"],"items_purchased_type":["Relic","Card","Relic"],"build_version":"2020-12-22","purchased_purges":0,"victory":false,"max_hp_per_floor":[65,65,65,65,65,65,65,65,65,65,65,65,65,65,65,65,65,65,65,65,65,65,65,65,65,65,65,65,65,65,65,65,65,65],"relic_stats":{"OrangePellets":[0],"Nunchaku":[1],"counters":[16,77],"Pandora\u0027s Box":["Contraction","WasteNot","Ricochet","Defy","Duplication","FanOfKnives","FastForward","SoulSculpture"],"MealTicket":15,"Letter Opener":[51],"Orichalcum":[222],"Smiling Mask":0,"obtain_stats":[{"OrangePellets":28,"Lantern":7,"Nunchaku":24,"theForsaken:Lifeblossom":4,"Pandora\u0027s Box":17,"MealTicket":26,"Uniform":0,"Letter Opener":12,"Orichalcum":13,"Ancient Tea Set":9,"Smiling Mask":30},{"OrangePellets":14,"Lantern":5,"Nunchaku":14,"theForsaken:Lifeblossom":3,"Pandora\u0027s Box":9,"MealTicket":14,"Uniform":0,"Letter Opener":6,"Orichalcum":7,"Ancient Tea Set":5,"Smiling Mask":15},{"OrangePellets":64,"Lantern":19,"Nunchaku":64,"theForsaken:Lifeblossom":8,"Pandora\u0027s Box":40,"MealTicket":64,"Uniform":0,"Letter Opener":25,"Orichalcum":29,"Ancient Tea Set":19,"Smiling Mask":69}]},"card_choices":[{"not_picked":["ShiftingGears","Defy"],"picked":"Spin","floor":1.0},{"not_picked":["Defy","Spin"],"picked":"DoubleEdge","floor":2.0},{"not_picked":["Spin","Revamp"],"picked":"Gouge","floor":3.0},{"not_picked":["Alleviate","BottledTime"],"picked":"KillingDoll","floor":5.0},{"not_picked":["FastForward","Duplication"],"picked":"MurderousAura","floor":7.0},{"not_picked":["Alleviate","ShiftingGears","Rewind"],"picked":"SKIP","floor":10.0},{"not_picked":["DualDimension","Luminosity"],"picked":"Gouge","floor":13},{"not_picked":["TimeWarp","Starlight"],"picked":"InstantArmor","floor":14},{"not_picked":["Duplication","PendulumOfEternity"],"picked":"Dilation","floor":16},{"not_picked":["Potential","BestPractice"],"picked":"BottledTime+1","floor":18},{"not_picked":["Spin","ShatteredReality+1"],"picked":"FanOfKnives","floor":19},{"not_picked":["RealityMarble+1","StarChef"],"picked":"Alleviate+1","floor":20},{"not_picked":["Unruled","Alleviate"],"picked":"Rearm+1","floor":21},{"not_picked":["Starlight+1","Rewind"],"picked":"ShatteredReality","floor":24},{"not_picked":["Replace","Gouge"],"picked":"LightFlow","floor":30}],"player_experience":978164,"relics_obtained":[{"floor":7.0,"key":"Lantern"},{"floor":9.0,"key":"Ancient Tea Set"},{"floor":13,"key":"Orichalcum"},{"floor":24,"key":"Nunchaku"},{"floor":26,"key":"MealTicket"},{"floor":30,"key":"Smiling Mask"}],"event_choices":[{"damage_healed":0.0,"max_hp_gain":0.0,"max_hp_loss":0.0,"gold_gain":0.0,"event_name":"Scrap Ooze","player_choice":"Success","floor":12.0,"gold_loss":0.0,"damage_taken":3.0,"relics_obtained":["Letter Opener"]},{"cards_removed":["KidneyShot"],"damage_healed":0,"gold_gain":0,"player_choice":"Elegance","damage_taken":0,"max_hp_gain":0,"max_hp_loss":0,"event_name":"Back to Basics","floor":22,"gold_loss":0},{"damage_healed":0,"gold_gain":99,"player_choice":"Stole From Cult","damage_taken":0,"max_hp_gain":0,"max_hp_loss":0,"event_name":"Nest","floor":25,"gold_loss":0},{"damage_healed":0,"gold_gain":0,"player_choice":"Ignored","damage_taken":0,"max_hp_gain":0,"max_hp_loss":0,"event_name":"Beggar","floor":27,"gold_loss":0},{"damage_healed":0,"gold_gain":0,"player_choice":"Ignored","damage_taken":0,"max_hp_gain":0,"max_hp_loss":0,"event_name":"Vampires","floor":31,"gold_loss":0}],"is_beta":false,"boss_relics":[{"not_picked":["Calling Bell","Busted Crown"],"picked":"Pandora\u0027s Box"}],"items_purged_floors":[],"is_endless":false,"potions_floor_spawned":[1,3,7,13,14,16,19,24,30],"killed_by":"Automaton","ascension_level":0}}