{"host":"liwj66r6jjqhm4vi","time":1612063725,"event":{"mods":["BaseMod","Colored Map","Downfall","Minty Spire (QoL Compilation)","StSLib"],"gold_per_floor":[99,113,127,147,163,263,339,404,420,431,431,441,472,622,635,635,635,635],"floor_reached":16,"language":"ENG","playtime":1340,"items_purged":[],"score":133,"play_id":"9e0b6003-8c23-459b-8f49-79165f495935","local_time":"20210130222845","is_ascension_mode":false,"campfire_choices":[{"data":"bronze:Goto","floor":1.0,"key":"SMITH"},{"data":"bronze:Virus","floor":11,"key":"SMITH"}],"circlet_count":0,"master_deck":["bronze:Strike","bronze:Strike","bronze:Strike","bronze:Strike","bronze:Defend","bronze:Defend","bronze:Defend","bronze:Defend","bronze:Replicate","bronze:Goto+1","bronze:Branch","bronze:FineTuning","bronze:Boost","bronze:CutThrough","bronze:Virus+1","bronze:Invalidate","bronze:FineTuning","bronze:Assembly"],"relics":["bronze:BronzeCore","downfall:CloakOfManyFaces","CultistMask","FaceOfCleric","NlothsMask","GremlinMask","SsserpentHead","Strawberry"],"acts_visited":["Exordium"],"potions_floor_usage":[16,16],"damage_taken":[{"damage":1.0,"enemies":"Cultist","floor":2.0,"turns":4.0},{"damage":0.0,"enemies":"Small Slimes","floor":3.0,"turns":3.0},{"damage":1.0,"enemies":"Jaw Worm","floor":4.0,"turns":3.0},{"damage":8.0,"enemies":"Exordium Thugs","floor":5.0,"turns":7.0},{"damage":6.0,"enemies":"downfall:FaceTrader","floor":6.0,"turns":11.0},{"damage":0,"enemies":"Large Slime","floor":8,"turns":4},{"damage":10,"enemies":"Exordium Thugs","floor":9,"turns":3},{"damage":13,"enemies":"Red Slaver","floor":10,"turns":3},{"damage":9,"enemies":"3 Louse","floor":12,"turns":2},{"damage":14,"enemies":"3 Sentries","floor":13,"turns":4},{"damage":0,"enemies":"Blue Slaver","floor":15,"turns":3},{"damage":31,"enemies":"SI_SHIV_ARCHETYPE","floor":16,"turns":3}],"seed_played":"-5410248188850010113","potions_obtained":[{"floor":2.0,"key":"hexamod:SoulburnPotion"},{"floor":4.0,"key":"champ:CounterPotion"},{"floor":8,"key":"SteroidPotion"},{"floor":9,"key":"PowerPotion"},{"floor":10,"key":"Ancient Potion"},{"floor":13,"key":"CultistPotion"}],"is_trial":false,"path_per_floor":["R","M","M","M","M","?","T","M","M","M","R","M","E","?","M","B"],"character_chosen":"THE_AUTOMATON","items_purchased":[],"campfire_rested":0,"item_purchase_floors":[],"current_hp_per_floor":[77,76,76,75,67,61,61,62,53,41,41,33,27,27,28,0,0,0],"gold":635,"neow_bonus":"TEN_PERCENT_HP_BONUS","is_daily":false,"chose_seed":false,"campfire_upgraded":2,"win_rate":0.0,"timestamp":1612063725,"path_taken":["R","M","M","M","?","?","T","?","M","M","R","M","E","?","M","BOSS"],"items_purchased_type":[],"build_version":"2020-12-22","purchased_purges":0,"victory":false,"max_hp_per_floor":[77,77,77,77,77,77,77,78,79,80,80,81,89,89,90,90,90,90],"card_choices":[{"not_picked":["bronze:Iterate","bronze:WildBeam"],"picked":"bronze:Branch","floor":2.0},{"not_picked":["bronze:Overheat","bronze:ChildClass"],"picked":"bronze:FineTuning","floor":3.0},{"not_picked":["bronze:WildBeam","bronze:Invalidate"],"picked":"bronze:Boost","floor":4.0},{"not_picked":["bronze:WildBeam","bronze:BuggyMess","bronze:CloningBeam"],"picked":"SKIP","floor":5.0},{"not_picked":["bronze:Allocate","bronze:ChildClass"],"picked":"bronze:CutThrough","floor":6.0},{"not_picked":["bronze:Overheat","bronze:Invalidate","bronze:Allocate"],"picked":"SKIP","floor":8},{"not_picked":["bronze:Shield","bronze:DelayedGuard"],"picked":"bronze:Virus","floor":9},{"not_picked":["bronze:DelayedSlice","bronze:WildBeam","bronze:Backtrace"],"picked":"SKIP","floor":10},{"not_picked":["bronze:WhirlingStrike","bronze:BuggyMess"],"picked":"bronze:Invalidate","floor":12},{"not_picked":["bronze:OilSpill","bronze:ChildClass"],"picked":"bronze:FineTuning","floor":13},{"not_picked":["bronze:DelayedGuard","bronze:ForceShield"],"picked":"bronze:Assembly","floor":15}],"player_experience":170610,"relics_obtained":[{"floor":6.0,"key":"downfall:CloakOfManyFaces"},{"floor":13,"key":"Strawberry"}],"event_choices":[],"is_beta":false,"boss_relics":[],"items_purged_floors":[],"is_endless":false,"potions_floor_spawned":[2,4,8,9,10,13,15],"killed_by":"SI_SHIV_ARCHETYPE","ascension_level":0}}