{"host":"8b2tzytxrazqquwe","time":1612127550,"event":{"mods":["BaseMod","Bestiary","Card Forge","Colored Map","Downfall","Highlight Path","Minty Spire (QoL Compilation)","StSLib","The Marked"],"gold_per_floor":[119,129,129,149,99,99,124,139,186,186,205,225,183,201,201,201,201,201],"floor_reached":16,"language":"ENG","playtime":1141,"items_purged":[],"score":104,"play_id":"97d58e34-55c1-4485-8cbe-9e7dfa75ec5f","local_time":"20210131211230","is_ascension_mode":false,"campfire_choices":[{"data":"Guardian:TwinSlam","floor":6,"key":"SMITH"},{"data":"Guardian:PiercingHide","floor":10,"key":"SMITH"},{"data":"Guardian:ShieldCharger","floor":15,"key":"SMITH"}],"circlet_count":0,"master_deck":["Guardian:Strike_Guardian","Guardian:Strike_Guardian","Guardian:Strike_Guardian","Guardian:Defend_Guardian","Guardian:Defend_Guardian","Guardian:Defend_Guardian","Guardian:Defend_Guardian","Guardian:CurlUp","Guardian:TwinSlam+1","Guardian:ChargeCore","Guardian:PiercingHide+1","Guardian:ShieldCharger+1","Guardian:AncientConstruct","Guardian:Incinerate","Guardian:Recover"],"relics":["Guardian:ModeShifter","Hammer of Thor","Seething Fire","Anvil of the Gods","The Courier","sneckomod:BlankCard"],"acts_visited":["Exordium"],"potions_floor_usage":[7],"damage_taken":[{"damage":11,"enemies":"Jaw Worm","floor":1,"turns":3},{"damage":7,"enemies":"Small Slimes","floor":2,"turns":3},{"damage":1,"enemies":"Cultist","floor":4,"turns":5},{"damage":2,"enemies":"3 Sentries","floor":7,"turns":8},{"damage":4,"enemies":"Exordium Thugs","floor":8,"turns":5},{"damage":9,"enemies":"2 Fungi Beasts","floor":11,"turns":3},{"damage":1,"enemies":"Exordium Wildlife","floor":12,"turns":7},{"damage":2,"enemies":"Blue Slaver","floor":14,"turns":5},{"damage":0,"enemies":"Hexaghost","floor":16,"turns":1}],"seed_played":"-3120919573775812768","potions_obtained":[{"floor":1,"key":"Explosive Potion"},{"floor":8,"key":"Block Potion"},{"floor":12,"key":"BlessingOfTheForge"}],"is_trial":true,"path_per_floor":["M","M","?","M","?","R","E","M","T","R","M","M","$","M","R","B"],"character_chosen":"GUARDIAN","items_purchased":["Guardian:Recover"],"campfire_rested":0,"item_purchase_floors":[13],"current_hp_per_floor":[69,62,80,79,79,79,77,73,73,73,64,63,63,61,61,61,61,61],"gold":201,"neow_bonus":"","is_daily":false,"chose_seed":false,"campfire_upgraded":3,"win_rate":0.0,"timestamp":1612127550,"path_taken":["M","M","?","M","?","R","E","?","T","R","M","M","$","M","R","BOSS"],"items_purchased_type":["Card"],"build_version":"2020-12-22","purchased_purges":0,"victory":false,"max_hp_per_floor":[80,80,80,80,80,80,80,80,80,80,80,80,80,80,80,80,80,80],"card_choices":[{"not_picked":["Guardian:BronzeOrb","Guardian:ShieldCharger"],"picked":"Guardian:ChargeCore","floor":1},{"not_picked":["Guardian:ShieldCharger","Guardian:RollAttack"],"picked":"Guardian:PiercingHide","floor":2},{"not_picked":["Guardian:Gem_Blue","Guardian:Planning"],"picked":"Guardian:Gem_Fragmented","floor":4},{"not_picked":["Guardian:PrimingBeam","Guardian:FloatingOrbs"],"picked":"Guardian:Gem_Red","floor":7},{"not_picked":["Guardian:RollAttack","Guardian:Gem_Lightblue"],"picked":"Guardian:ShieldCharger","floor":8},{"not_picked":["Guardian:BodySlam","Guardian:Incinerate"],"picked":"Guardian:AncientConstruct","floor":11},{"not_picked":["Guardian:Harden","Guardian:Suspension"],"picked":"Guardian:Incinerate","floor":12},{"not_picked":["Guardian:VentSteam","Guardian:SpikerProtocol"],"picked":"Guardian:Gem_Orange","floor":14}],"player_experience":120891,"relics_obtained":[{"floor":7,"key":"The Courier"},{"floor":9,"key":"sneckomod:BlankCard"}],"event_choices":[{"damage_healed":26,"gold_gain":0,"player_choice":"Banana","damage_taken":0,"max_hp_gain":0,"max_hp_loss":0,"event_name":"Big Fish","floor":3,"gold_loss":0},{"cards_removed":["Guardian:Strike_Guardian"],"damage_healed":0,"gold_gain":0,"player_choice":"Card Removal","damage_taken":0,"max_hp_gain":0,"max_hp_loss":0,"event_name":"The Cleric","floor":5,"gold_loss":50}],"is_beta":false,"boss_relics":[],"items_purged_floors":[],"is_endless":false,"potions_floor_spawned":[1,8,12],"killed_by":"Hexaghost","ascension_level":0}}