{"host":"pigfart","time":1612122330,"event":{"mods":["BaseMod","Colored Map","Minty Spire (QoL Compilation)","Relic Stats","StSLib"],"gold_per_floor":[117,137,147,156,34,78,43,80,80,95,106,106,133,168,168,251,251,237,237,152,202,217,217,226,226,226],"floor_reached":25,"language":"ENG","playtime":1081,"items_purged":["Regret"],"score":442,"play_id":"1c7c4a6e-6caf-4d48-8eb0-010d0d0de843","local_time":"20210131134530","is_ascension_mode":true,"campfire_choices":[{"floor":12,"key":"REST"},{"floor":15,"key":"REST"},{"floor":23,"key":"REST"}],"circlet_count":0,"master_deck":["AscendersBane","Strike_G","Strike_G","Defend_G","Defend_G","Defend_G","Defend_G","Defend_G","Survivor","Neutralize","Grand Finale+1","Masterful Stab+1","Calculated Gamble+1","Underhanded Strike","Backflip","Acrobatics","Storm of Steel","Cloak And Dagger","Blade Dance","Phantasmal Killer","Endless Agony","Writhe"],"relics":["Astrolabe","CeramicFish","Kunai","Pen Nib","Potion Belt","Ancient Tea Set","Philosopher\u0027s Stone","Akabeko","Darkstone Periapt"],"acts_visited":["Exordium","TheCity"],"potions_floor_usage":[6,8,8,14,14],"damage_taken":[{"damage":2,"enemies":"Small Slimes","floor":1,"turns":5},{"damage":0,"enemies":"Jaw Worm","floor":2,"turns":4},{"damage":3,"enemies":"2 Louse","floor":3,"turns":3},{"damage":26,"enemies":"Gremlin Nob","floor":6,"turns":4},{"damage":44,"enemies":"Lagavulin","floor":8,"turns":9},{"damage":0,"enemies":"Large Slime","floor":10,"turns":5},{"damage":0,"enemies":"Red Slaver","floor":11,"turns":4},{"damage":13,"enemies":"3 Louse","floor":13,"turns":3},{"damage":6,"enemies":"Gremlin Nob","floor":14,"turns":3},{"damage":18,"enemies":"The Guardian","floor":16,"turns":20},{"damage":19,"enemies":"2 Thieves","floor":18,"turns":4},{"damage":14,"enemies":"Shell Parasite","floor":22,"turns":5},{"damage":59,"enemies":"Gremlin Leader","floor":25,"turns":5}],"seed_played":"7907057405084648520","potions_obtained":[{"floor":2,"key":"CunningPotion"},{"floor":3,"key":"Regen Potion"},{"floor":6,"key":"Fire Potion"},{"floor":10,"key":"ColorlessPotion"},{"floor":13,"key":"SkillPotion"}],"is_trial":false,"path_per_floor":["M","M","M","?","$","E","?","E","T","M","M","R","M","E","R","B",null,"M","?","?","?","M","R","?","E"],"character_chosen":"THE_SILENT","items_purchased":["Acrobatics"],"campfire_rested":3,"item_purchase_floors":[5],"current_hp_per_floor":[57,57,54,54,54,28,44,15,15,15,15,34,21,15,34,16,54,35,35,35,35,21,40,46,0,0],"gold":226,"neow_bonus":"BOSS_RELIC","is_daily":false,"chose_seed":false,"campfire_upgraded":0,"win_rate":0.0,"timestamp":1612122330,"path_taken":["M","M","M","?","$","E","?","E","T","M","M","R","?","E","R","BOSS","M","?","?","?","?","R","?","E"],"items_purchased_type":["Card"],"build_version":"2020-12-18","purchased_purges":1,"victory":false,"max_hp_per_floor":[66,66,66,66,66,66,66,66,66,66,66,66,66,66,66,66,66,66,66,66,66,66,66,72,72,72],"relic_stats":{"Darkstone Periapt":6,"counters":[13,74],"Astrolabe":["Grand Finale","Masterful Stab","Calculated Gamble"],"CeramicFish":72,"Pen Nib":[13],"Kunai":[33],"obtain_stats":[{"Potion Belt":9,"Darkstone Periapt":24,"Astrolabe":0,"CeramicFish":4,"Philosopher\u0027s Stone":17,"Pen Nib":8,"Kunai":6,"Ancient Tea Set":14,"Akabeko":20,"Ring of the Snake":0},{"Potion Belt":5,"Darkstone Periapt":12,"Astrolabe":0,"CeramicFish":3,"Philosopher\u0027s Stone":10,"Pen Nib":5,"Kunai":4,"Ancient Tea Set":9,"Akabeko":11,"Ring of the Snake":0},{"Potion Belt":25,"Darkstone Periapt":69,"Astrolabe":0,"CeramicFish":12,"Philosopher\u0027s Stone":60,"Pen Nib":25,"Kunai":16,"Ancient Tea Set":40,"Akabeko":64,"Ring of the Snake":0}]},"card_choices":[{"not_picked":["Underhanded Strike","PiercingWail","Masterful Stab"],"picked":"SKIP","floor":1},{"not_picked":["PiercingWail","Masterful Stab"],"picked":"Underhanded Strike","floor":1},{"not_picked":["Dodge and Roll","Dagger Spray"],"picked":"Backflip","floor":2},{"not_picked":["Eviscerate","Slice","Outmaneuver"],"picked":"SKIP","floor":3},{"not_picked":["Sucker Punch","Bullet Time"],"picked":"Storm of Steel","floor":6},{"not_picked":["Riddle With Holes","Prepared"],"picked":"Cloak And Dagger","floor":8},{"not_picked":["Caltrops","Slice","PiercingWail"],"picked":"SKIP","floor":10},{"not_picked":["Acrobatics","Choke","PiercingWail"],"picked":"SKIP","floor":11},{"not_picked":["Reflex","Slice"],"picked":"Blade Dance","floor":13},{"not_picked":["PiercingWail","Quick Slash","Heel Hook"],"picked":"SKIP","floor":14},{"not_picked":["Grand Finale","Unload"],"picked":"Phantasmal Killer","floor":16},{"not_picked":["Sucker Punch","Calculated Gamble"],"picked":"Endless Agony","floor":18},{"not_picked":["Caltrops","Skewer","Predator"],"picked":"SKIP","floor":22}],"player_experience":2363269,"relics_obtained":[{"floor":6,"key":"Kunai"},{"floor":8,"key":"Pen Nib"},{"floor":9,"key":"Potion Belt"},{"floor":14,"key":"Ancient Tea Set"}],"event_choices":[{"damage_healed":0,"gold_gain":0,"player_choice":"Box","damage_taken":0,"relics_obtained":["CeramicFish"],"max_hp_gain":0,"max_hp_loss":0,"event_name":"Big Fish","floor":4,"gold_loss":0,"cards_obtained":["Regret"]},{"damage_healed":16,"gold_gain":0,"player_choice":"Healed","damage_taken":0,"max_hp_gain":0,"max_hp_loss":0,"event_name":"The Cleric","floor":7,"gold_loss":35},{"damage_healed":0,"gold_gain":0,"player_choice":"Ignored","damage_taken":0,"max_hp_gain":0,"max_hp_loss":0,"event_name":"Cursed Tome","floor":19,"gold_loss":0},{"damage_healed":0,"gold_gain":0,"player_choice":"Obtained Relic","damage_taken":0,"relics_obtained":["Akabeko"],"max_hp_gain":0,"max_hp_loss":0,"event_name":"Addict","floor":20,"gold_loss":85},{"damage_healed":0,"gold_gain":50,"player_choice":"Pray","damage_taken":0,"max_hp_gain":0,"max_hp_loss":0,"event_name":"Golden Shrine","floor":21,"gold_loss":0},{"damage_healed":0,"gold_gain":0,"player_choice":"Opened","damage_taken":0,"relics_obtained":["Darkstone Periapt"],"max_hp_gain":0,"max_hp_loss":0,"event_name":"The Mausoleum","floor":24,"gold_loss":0,"cards_obtained":["Writhe"]}],"is_beta":true,"boss_relics":[{"not_picked":["Velvet Choker","Coffee Dripper"],"picked":"Philosopher\u0027s Stone"}],"items_purged_floors":[5],"is_endless":false,"potions_floor_spawned":[2,3,6,10,13],"killed_by":"Gremlin Leader","ascension_level":20}}