{"host":"lnt5dzsuhru0aonl","time":1612064342,"event":{"mods":["2.2 Compatiblity","BaseMod","Colored Map","Colored Powertips","DeckTracker","Keyboard Shortcuts","Minty Spire (QoL Compilation)","Permanent Neow","Rare Cards Sparkle","StSLib","SuperFastMode","everything is the same but u backflip on backflip"],"gold_per_floor":[113,133,58,81,29,29,56,56,56,85,100,110,110,128,128,207,207,218,268,285,305,77,96,96,46,92,92,106,135,135,147,147,147,147],"floor_reached":33,"language":"KOR","playtime":682,"items_purged":["Defend_R"],"score":554,"play_id":"5a6695cc-8d29-48ac-864b-600060858c49","local_time":"20210131123902","is_ascension_mode":true,"campfire_choices":[{"data":"Inflame","floor":6.0,"key":"SMITH"},{"data":"Twin Strike","floor":8.0,"key":"SMITH"},{"data":"Perfected Strike","floor":13.0,"key":"SMITH"},{"data":"Pommel Strike","floor":15.0,"key":"SMITH"},{"data":"True Grit","floor":24,"key":"SMITH"},{"data":"Pommel Strike","floor":27,"key":"SMITH"},{"data":"Pommel Strike","floor":32,"key":"SMITH"}],"circlet_count":0,"master_deck":["AscendersBane","Strike_R","Strike_R+1","Strike_R","Defend_R","Defend_R","Bash+1","Shrug It Off","Inflame+1","Twin Strike+1","Perfected Strike+1","Power Through","Pommel Strike+1","Pommel Strike+1","Pommel Strike+1","True Grit+1","Rage+1","Offering+1","Wild Strike"],"relics":["Burning Blood","Whetstone","Bottled Tornado","Incense Burner","Ornamental Fan","Sozu","Toy Ornithopter","Gambling Chip"],"acts_visited":["Exordium","TheCity"],"potions_floor_usage":[],"damage_taken":[{"damage":4.0,"enemies":"2 Louse","floor":1.0,"turns":3.0},{"damage":4.0,"enemies":"Jaw Worm","floor":2.0,"turns":6.0},{"damage":35.0,"enemies":"Lagavulin","floor":7.0,"turns":6.0},{"damage":9.0,"enemies":"3 Sentries","floor":10.0,"turns":9.0},{"damage":6.0,"enemies":"Cultist","floor":11.0,"turns":3.0},{"damage":1.0,"enemies":"Looter","floor":12.0,"turns":3.0},{"damage":18.0,"enemies":"Exordium Thugs","floor":14.0,"turns":4.0},{"damage":14.0,"enemies":"The Guardian","floor":16.0,"turns":8.0},{"damage":0.0,"enemies":"Chosen","floor":18.0,"turns":3.0},{"damage":7,"enemies":"Spheric Guardian","floor":20,"turns":3},{"damage":15,"enemies":"Centurion and Healer","floor":21,"turns":4},{"damage":22,"enemies":"Cultist and Chosen","floor":23,"turns":6},{"damage":6,"enemies":"Snake Plant","floor":28,"turns":2},{"damage":7,"enemies":"Slavers","floor":29,"turns":5},{"damage":0,"enemies":"Snecko","floor":31,"turns":3},{"damage":62,"enemies":"Automaton","floor":33,"turns":6}],"seed_played":"-5781307104321525023","potions_obtained":[{"floor":1.0,"key":"Dexterity Potion"},{"floor":7.0,"key":"Weak Potion"},{"floor":10.0,"key":"EssenceOfSteel"}],"is_trial":false,"path_per_floor":["M","M","?","T","$","R","E","R","T","E","M","M","R","M","R","B",null,"M","?","M","M","$","M","R","?","T","R","M","E","?","M","R","B"],"character_chosen":"IRONCLAD","items_purchased":["Twin Strike","Offering"],"campfire_rested":0,"item_purchase_floors":[5,22],"current_hp_per_floor":[70,72,72,72,72,72,43,43,43,40,40,45,45,33,33,25,63,69,62,61,52,52,36,36,36,36,36,36,35,35,41,41,0,0],"gold":147,"neow_bonus":"TRANSFORM_CARD","is_daily":false,"chose_seed":false,"campfire_upgraded":7,"win_rate":0.0,"timestamp":1612064342,"path_taken":["M","M","?","?","$","R","E","R","T","E","?","M","R","M","R","BOSS","M","?","M","?","$","M","R","?","T","R","?","E","?","M","R","BOSS"],"items_purchased_type":["Card","Card"],"build_version":"2020-12-22","purchased_purges":1,"victory":false,"max_hp_per_floor":[75,75,75,75,75,75,75,75,75,75,75,75,75,75,75,75,75,75,75,75,75,75,75,75,75,75,75,75,75,75,75,75,75,75],"card_choices":[{"not_picked":["Metallicize","Searing Blow","Sword Boomerang"],"picked":"SKIP","floor":1.0},{"not_picked":["Warcry","Battle Trance"],"picked":"Inflame","floor":2.0},{"not_picked":["Shrug It Off","Shockwave","Fiend Fire"],"picked":"SKIP","floor":7.0},{"not_picked":["Carnage","Twin Strike"],"picked":"Perfected Strike","floor":10.0},{"not_picked":["Clothesline","Fire Breathing"],"picked":"Power Through","floor":11.0},{"not_picked":["True Grit","Thunderclap"],"picked":"Pommel Strike","floor":12.0},{"not_picked":["Feel No Pain","Body Slam"],"picked":"Pommel Strike","floor":14.0},{"not_picked":["Flex","Armaments"],"picked":"Pommel Strike","floor":18.0},{"not_picked":["Searing Blow","Combust"],"picked":"True Grit","floor":20},{"not_picked":["Hemokinesis","Blood for Blood"],"picked":"Rage+1","floor":21},{"not_picked":["Uppercut","Sword Boomerang"],"picked":"Wild Strike","floor":23},{"not_picked":["Searing Blow","Headbutt","Entrench"],"picked":"SKIP","floor":28},{"not_picked":["Infernal Blade","Thunderclap","Headbutt"],"picked":"SKIP","floor":29},{"not_picked":["Cleave","Havoc","Metallicize+1"],"picked":"SKIP","floor":31}],"player_experience":785740,"relics_obtained":[{"floor":4.0,"key":"Whetstone"},{"floor":7.0,"key":"Bottled Tornado"},{"floor":9.0,"key":"Incense Burner"},{"floor":10.0,"key":"Ornamental Fan"},{"floor":26,"key":"Toy Ornithopter"},{"floor":29,"key":"Gambling Chip"}],"event_choices":[{"cards_removed":["Strike_R"],"damage_healed":0.0,"max_hp_gain":0.0,"max_hp_loss":0.0,"gold_gain":0.0,"event_name":"The Cleric","player_choice":"Card Removal","floor":3.0,"gold_loss":75.0,"damage_taken":0.0},{"damage_healed":0,"gold_gain":50,"player_choice":"Touch","damage_taken":7,"max_hp_gain":0,"max_hp_loss":0,"event_name":"FaceTrader","floor":19,"gold_loss":0},{"damage_healed":0,"gold_gain":0,"player_choice":"Upgrade","damage_taken":0,"max_hp_gain":0,"max_hp_loss":0,"event_name":"Designer","floor":25,"gold_loss":50,"cards_upgraded":["Offering"]},{"cards_removed":["Defend_R"],"damage_healed":0,"gold_gain":0,"player_choice":"Purged","damage_taken":0,"max_hp_gain":0,"max_hp_loss":0,"event_name":"Purifier","floor":30,"gold_loss":0}],"is_beta":false,"boss_relics":[{"not_picked":["Mark of Pain","Black Blood"],"picked":"Sozu"}],"items_purged_floors":[22],"is_endless":false,"potions_floor_spawned":[1,7,10,11,21,29,31],"killed_by":"Automaton","ascension_level":20}}