{"host":"aw6ta4ll26ap9lu8","time":1612062569,"event":{"mods":["AchievementEnabler","AlwaysNeverKeys","BaseMod","Bestiary","Better Altar","Better Match","Better Note","Better Sensory Stone","Better Skull","Better Third Choice","Colored Map","Colored Powertips","Curses Come First","DeckTracker","Downfall","Filter the Spire","Highlight Path","Minty Spire (QoL Compilation)","Permanent Neow","Quick Restart","Random Character Button","Rare Cards Sparkle","Relic Sorter","Relic Stats","StSLib","Synergy Search","Weighted Paths"],"gold_per_floor":[113,130,145,145,157,187,187,187,187],"floor_reached":8,"language":"ENG","playtime":291,"items_purged":[],"score":90,"play_id":"883b4ec3-7495-4762-940a-07d708659053","local_time":"20210130220929","is_ascension_mode":true,"campfire_choices":[{"data":"TalkToTheHand","floor":7.0,"key":"SMITH"}],"circlet_count":0,"master_deck":["AscendersBane","Strike_P","Strike_P","Strike_P","Strike_P","Defend_P","Defend_P","Defend_P","Defend_P","Eruption","Vigilance","FlyingSleeves","FlyingSleeves","Vengeance","CrushJoints","Regret","TalkToTheHand+1","BowlingBash"],"relics":["PureWater","Bag of Preparation","Bottled Flame"],"acts_visited":["Exordium"],"potions_floor_usage":[],"damage_taken":[{"damage":0.0,"enemies":"2 Louse","floor":1.0,"turns":3.0},{"damage":0.0,"enemies":"Cultist","floor":2.0,"turns":2.0},{"damage":2.0,"enemies":"Jaw Worm","floor":3.0,"turns":3.0},{"damage":0.0,"enemies":"2 Fungi Beasts","floor":5.0,"turns":2.0},{"damage":46.0,"enemies":"Gremlin Nob","floor":6.0,"turns":4.0},{"damage":18,"enemies":"Lagavulin","floor":8,"turns":5}],"seed_played":"571208197314333756","potions_obtained":[],"is_trial":false,"path_per_floor":["M","M","M","?","M","E","R","E"],"character_chosen":"WATCHER","items_purchased":[],"campfire_rested":0,"item_purchase_floors":[],"current_hp_per_floor":[65,65,63,63,63,17,17,0,0],"gold":187,"neow_bonus":"THREE_CARDS","is_daily":false,"chose_seed":false,"campfire_upgraded":1,"win_rate":0.0,"timestamp":1612062569,"path_taken":["M","M","M","?","M","E","R","E"],"items_purchased_type":[],"build_version":"2020-12-22","purchased_purges":0,"victory":false,"max_hp_per_floor":[72,72,72,72,72,72,72,72,72],"relic_stats":{"counters":[6,19],"Bag of Preparation":[6],"obtain_stats":[{"Bottled Flame":6,"Bag of Preparation":4,"PureWater":0},{"Bottled Flame":5,"Bag of Preparation":3,"PureWater":0},{"Bottled Flame":14,"Bag of Preparation":8,"PureWater":0}]},"card_choices":[{"not_picked":["Halt","Prostrate"],"picked":"FlyingSleeves","floor":0.0},{"not_picked":["CrushJoints","BowlingBash"],"picked":"FlyingSleeves","floor":1.0},{"not_picked":["Prostrate","Collect"],"picked":"Vengeance","floor":2.0},{"not_picked":["PathToVictory","ThirdEye"],"picked":"CrushJoints","floor":3.0},{"not_picked":["FlyingSleeves","MentalFortress"],"picked":"TalkToTheHand","floor":5.0},{"not_picked":["Evaluate","SashWhip"],"picked":"BowlingBash","floor":6.0}],"player_experience":623497,"relics_obtained":[{"floor":6.0,"key":"Bottled Flame"}],"event_choices":[{"damage_healed":0.0,"max_hp_gain":0.0,"max_hp_loss":0.0,"gold_gain":0.0,"event_name":"Big Fish","player_choice":"Box","floor":4.0,"gold_loss":0.0,"damage_taken":0.0,"relics_obtained":["Bag of Preparation"],"cards_obtained":["Regret"]}],"is_beta":false,"boss_relics":[],"items_purged_floors":[],"is_endless":false,"potions_floor_spawned":[],"killed_by":"Lagavulin","ascension_level":11}}