{"host":"o3b7ow6d1xe49css","time":1612136989,"event":{"mods":["Act Like it!","Aspiration","BaseMod","Bestiary","Better Altar","Better Match","Better Note","Better Sensory Stone","Better Skull","Better Third Choice","Colored Powertips","Conspire","Energized Spire","Force Act Four","GifTheSpireLib","Halation","Hermit","Hubris","Infinite Spire","Lobotomy","Minty Spire (QoL Compilation)","Quick Restart","Rare Cards Sparkle","Relic Filter Mod","Reliquary","Replay The Spire","Spicy Shops","Spikes Relics","Spire Arcade","StSLib","Stuff the Spire","The Blue Laboratory","Wandering Minibosses"],"gold_per_floor":[109,125,138,90,11,11,42,42,92,122,122,155,155,182,182,283,283,295,141,153,153,153,180,180,262,262,276,58,58,58,186,186,193,193,205,59,69,69,69,104,104,104,104,104],"floor_reached":41,"language":"ENG","playtime":1652,"items_purged":["Pain","hermit:Strike_Hermit"],"score":551,"play_id":"808f9d57-1781-4e9f-8662-f24a229f33b8","local_time":"20210131144949","daily_mods":["Heirloom","Flight"],"is_ascension_mode":false,"campfire_choices":[{"data":"hermit:Ricochet","floor":6,"key":"SMITH"},{"data":"hermit:Brawl","floor":8,"key":"SMITH"},{"data":"hermit:Snapshot","floor":11,"key":"SMITH"},{"data":"hermit:WideOpen","floor":13,"key":"SMITH"},{"data":"hermit:Snipe","floor":15,"key":"SMITH"},{"floor":24,"key":"REST"},{"floor":29,"key":"REST"},{"floor":32,"key":"REST"}],"circlet_count":0,"master_deck":["hermit:Strike_Hermit","hermit:Strike_Hermit","hermit:Strike_Hermit","hermit:Defend_Hermit","hermit:Defend_Hermit","hermit:Defend_Hermit","hermit:Defend_Hermit","hermit:Snapshot+1","hermit:Covet","Scorched","hermit:SprayPray","hermit:Ricochet+1","hermit:Brawl+1","Mercenary","hermit:Snipe+1","HereticApostle","hermit:WideOpen+1","OSAHOGD","hermit:PistolWhip+1","hermit:Dive","hermit:HoleUp","hermit:Headshot+1","infinitespire:Punishment","hermit:Scavenge+1","hermit:Roughhouse","WhiteNight","Twin Strike"],"relics":["hermit:Momento","Ring of Chaos","SuspiciousGoo","CogitoBucket","hubris:MobiusCoin","halation:PromiseList","Replay:Wax Seal","Snack Pack","Strawberry","hubris:TerracottaHorce","LuminousBracelet","ReplayTheSpireMod:CursedCoin","CaptainsWheel","WarpedTongs","Replay:Arrowhead","hermit:Horseshoe","Sling","halation:LostSnail","infinitespire:PuzzleCube","aspiration:IroncladSkillbook","ResearcherNote","RollingBoulder","hubris:Towel","Replay:Bottled Snecko"],"acts_visited":[],"potions_floor_usage":[7,12,12,12,14,41],"damage_taken":[{"damage":2,"enemies":"Small Slimes","floor":1,"turns":3},{"damage":2,"enemies":"Jaw Worm","floor":2,"turns":3},{"damage":0,"enemies":"Cultist","floor":3,"turns":2},{"damage":16,"enemies":"Gremlin Nob","floor":7,"turns":3},{"damage":10,"enemies":"3 Sentries","floor":10,"turns":3},{"damage":30,"enemies":"Lagavulin","floor":12,"turns":6},{"damage":2,"enemies":"Gremlin Nob","floor":14,"turns":3},{"damage":21,"enemies":"Hexaghost","floor":16,"turns":5},{"damage":5,"enemies":"Chosen","floor":18,"turns":2},{"damage":22,"enemies":"2 Thieves","floor":20,"turns":2},{"damage":41,"enemies":"Slavers","floor":23,"turns":4},{"damage":35,"enemies":"Nightmare","floor":25,"turns":5},{"damage":0,"enemies":"3 Cultists","floor":27,"turns":4},{"damage":0,"enemies":"Gremlin Leader","floor":31,"turns":2},{"damage":27,"enemies":"Collector","floor":33,"turns":6},{"damage":53,"enemies":"3 Darklings","floor":35,"turns":4},{"damage":4,"enemies":"3 Shapes","floor":37,"turns":4},{"damage":16,"enemies":"R_Hoarder","floor":40,"turns":5},{"damage":34,"enemies":"Reptomancer","floor":41,"turns":2},{"damage":68,"enemies":"Reptomancer","floor":41,"turns":2}],"seed_played":"3937894484578933491","potions_obtained":[{"floor":1,"key":"GamblersBrew"},{"floor":2,"key":"blueLaboratory:BottleOfRum"},{"floor":10,"key":"conspire:TimeTravelPotion"},{"floor":12,"key":"blueLaboratory:BubblePotion"},{"floor":20,"key":"blueLaboratory:RememoryPotion"},{"floor":27,"key":"blueLaboratory:TrueEctoplasm"},{"floor":31,"key":"blueLaboratory:ForbiddenFruitJuice"}],"is_trial":true,"path_per_floor":["M","M","M","$","$","R","E","R","T","E","R","E","R","E","R","B",null,"M","$","M","?","?","E","R","NM","T","M","$","R","AVR","E","R","B",null,"M","$","M","?","?","E","E"],"character_chosen":"HERMIT","items_purchased":["hermit:Ricochet","hermit:Brawl","ReplayTheSpireMod:CursedCoin","CaptainsWheel","Sling","RollingBoulder"],"campfire_rested":3,"item_purchase_floors":[4,5,19,19,28,36],"current_hp_per_floor":[73,71,71,71,71,71,55,55,55,45,45,40,40,45,45,24,68,78,78,56,56,56,21,50,16,16,18,18,47,47,47,76,55,79,34,34,43,43,43,51,20,20,0,0],"gold":104,"neow_bonus":"","is_daily":false,"chose_seed":false,"campfire_upgraded":5,"win_rate":0.0,"timestamp":1612136989,"path_taken":["M","M","M","$","$","R","E","R","T","E","R","E","R","E","R","BOSS","M","$","M","?","?","E","R","NM","T","?","$","R","AVR","E","R","BOSS","M","$","M","?","?","E","E"],"items_purchased_type":["Card","Card","Relic","Relic","Relic","Relic"],"build_version":"2020-12-22","purchased_purges":2,"victory":false,"max_hp_per_floor":[75,75,75,75,75,75,75,75,75,75,75,75,75,82,82,82,82,97,97,97,97,97,97,97,97,97,97,97,97,97,97,97,87,87,87,87,87,87,87,87,77,77,77,77],"card_choices":[{"not_picked":["PunishingBird","Murderer"],"picked":"Scorched","floor":1},{"not_picked":["hermit:LowProfile","hermit:Feint"],"picked":"hermit:SprayPray","floor":1},{"not_picked":["Bloodbath","OSAHOGD","Rudolta"],"picked":"Singing Bowl","floor":2},{"not_picked":["hermit:TrackingShot","hermit:BodyArmor","hermit:CalledShot"],"picked":"SKIP","floor":2},{"not_picked":["BeautyBeast","Bloodbath","OldLady"],"picked":"Singing Bowl","floor":3},{"not_picked":["hermit:FromBeyond","hermit:Showdown","hermit:Maintenance"],"picked":"SKIP","floor":3},{"not_picked":["Woodsman","Alriune","MeatLantern"],"picked":"Singing Bowl","floor":7},{"not_picked":["QueenOfHatred","RedShoes"],"picked":"Mercenary","floor":7},{"not_picked":["hermit:Vantage","hermit:TrackingShot"],"picked":"hermit:Snipe","floor":7},{"not_picked":["hermit:HighCaliber","hermit:SprayPray"],"picked":"hermit:Glare","floor":10},{"not_picked":["FieryBird","Bloodbath","SingingMachine"],"picked":"Singing Bowl","floor":10},{"not_picked":["CherryBlossoms","ShyLook","Alriune"],"picked":"Singing Bowl","floor":12},{"not_picked":["hermit:LuckOfTheDraw","hermit:ShadowCloak"],"picked":"hermit:WideOpen","floor":12},{"not_picked":["QueenBee","MHz","VoidDream"],"picked":"Singing Bowl","floor":14},{"not_picked":["FairyFestival","Wellcheers"],"picked":"OSAHOGD","floor":14},{"not_picked":["hermit:TakeCover","hermit:NoHoldsBarred","hermit:OverwhelmingPower"],"picked":"SKIP","floor":14},{"not_picked":["WhitesApple","GreedKing","RedShoes"],"picked":"Singing Bowl","floor":16},{"not_picked":["hermit:Malice","hermit:Desperado+1"],"picked":"hermit:PistolWhip+1","floor":18},{"not_picked":["Yin","CherryBlossoms","SpiderBud"],"picked":"Singing Bowl","floor":18},{"not_picked":["CrumblingArmor","HappyTeddy","SingingMachine"],"picked":"Singing Bowl","floor":20},{"not_picked":["hermit:Feint","hermit:EyeOfTheStorm+1"],"picked":"hermit:Dive","floor":20},{"not_picked":["MHz","WhitesApple","Wellcheers"],"picked":"Singing Bowl","floor":23},{"not_picked":["hermit:CalledShot","hermit:Glare","hermit:LuckOfTheDraw+1"],"picked":"SKIP","floor":23},{"not_picked":["Woodsman","OldLady","BigBird"],"picked":"Singing Bowl","floor":25},{"not_picked":["hermit:Vantage","hermit:Manifest"],"picked":"hermit:HoleUp","floor":25},{"not_picked":["hermit:Desperado","hermit:DeadMansHand"],"picked":"hermit:Headshot+1","floor":27},{"not_picked":["hermit:LowProfile","hermit:Grudge"],"picked":"hermit:Scavenge+1","floor":31},{"not_picked":["Variant","Woodsman","FairyFestival"],"picked":"Singing Bowl","floor":33},{"not_picked":["hermit:FinalCanter","hermit:DeadOrAlive"],"picked":"hermit:Roughhouse","floor":33},{"not_picked":["Laetitia","Wellcheers","BigBird"],"picked":"Singing Bowl","floor":35},{"not_picked":["CrumblingArmor","ShyLook"],"picked":"WhiteNight","floor":35},{"not_picked":["Second Wind","Cleave+1","Sword Boomerang","hermit:LoneWolf"],"picked":"SKIP","floor":35},{"not_picked":["Second Wind","Cleave+1","Sword Boomerang","hermit:LoneWolf"],"picked":"SKIP","floor":35},{"not_picked":["BlueStar","NothingThere","ShyLook"],"picked":"Singing Bowl","floor":37},{"not_picked":["Sever Soul","hermit:ItchyTrigger+1","conspire:ExplosiveBarrier+1"],"picked":"Twin Strike","floor":37},{"not_picked":["hermit:BodyArmor+1","hermit:Vantage+1","Fire Breathing+1","hermit:Gambit"],"picked":"SKIP","floor":40}],"player_experience":1238099,"relics_obtained":[{"floor":7,"key":"hubris:MobiusCoin"},{"floor":9,"key":"halation:PromiseList"},{"floor":10,"key":"Replay:Wax Seal"},{"floor":12,"key":"Snack Pack"},{"floor":14,"key":"Strawberry"},{"floor":23,"key":"Replay:Arrowhead"},{"floor":25,"key":"hermit:Horseshoe"},{"floor":31,"key":"infinitespire:PuzzleCube"},{"floor":40,"key":"Replay:Bottled Snecko"}],"event_choices":[{"damage_healed":0,"gold_gain":0,"player_choice":"Rummage","damage_taken":0,"relics_obtained":["WarpedTongs"],"max_hp_gain":0,"max_hp_loss":0,"event_name":"Accursed Blacksmith","floor":22,"gold_loss":0,"cards_obtained":["Pain"]}],"is_beta":false,"boss_relics":[{"not_picked":["Calling Bell","Runic Dome"],"picked":"hubris:TerracottaHorce"},{"not_picked":["reliquary:RedCape","energizedSpire:SpiderWeb"],"picked":"aspiration:IroncladSkillbook"}],"items_purged_floors":[28,30],"is_endless":true,"potions_floor_spawned":[1,2,10,12,20,27,31,35],"killed_by":"Reptomancer","ascension_level":0}}