{"host":"u9h06qdlnp3wgzsw","time":1612113034,"event":{"mods":["Act Like it!","BaseMod","Conspire","Curses Come First","Downfall","Hallownest","Hermit","Hubris","Minty Spire (QoL Compilation)","Quick Restart","Rare Cards Sparkle","Replay The Spire","Shop Mod","StSLib","The Disciple","The Hierophant","The Servant 0.9.4"],"gold_per_floor":[99,109,119,134,147,447,447,459,459,471,524,524,424,14,36,142,142,142,174,174,174,90,120,120,168,68,102,130,80,125,125,183,189,189,189],"floor_reached":33,"language":"ENG","playtime":2649,"items_purged":[],"score":336,"play_id":"96890a7e-e331-4a01-83da-223a7ffc596d","local_time":"20210131121034","is_ascension_mode":false,"campfire_choices":[{"floor":1,"key":"RECALL"},{"floor":13,"key":"REST"},{"data":"1","floor":18,"key":"LIFT"},{"floor":26,"key":"REST"}],"circlet_count":0,"master_deck":["conspire:GhostlyStrike","conspire:GhostlyStrike","conspire:GhostlyStrike","conspire:GhostlyStrike","conspire:GhostlyDefend","conspire:GhostlyDefend+1","conspire:GhostlyDefend","hexamod:Sear","hexamod:Float","hexamod:FourthSeal","hexamod:Hexaguard","hexamod:RadiantFlame","hexamod:ThirdSeal","hexamod:GiftsFromTheDead+1","hexamod:TimeWarp","CurseOfTheBell","hexamod:Toasty","hexamod:FirstSeal","hexamod:PowerFromBeyond","hexamod:FlamesFromBeyond+1","hexamod:SecondSeal","hexamod:AdvancingGuard","hexamod:SixthSeal","conspire:SpireCoStock+1","hexamod:AdvancingGuard"],"relics":["hexamod:SpiritBrand","hubris:64BitClover","Replay:Bandana","downfall:HeartBlessingRed","Darkstone Periapt","Guide Book","hubris:TinFlute","Girya","MerchantsRug","Mummified Hand","conspire:TopHat","downfall:HeartBlessingGreen","Matryoshka"],"acts_visited":["Exordium","TheCity"],"potions_floor_usage":[3,4,8,8,8,8,10,16,16,16,23,25,25,25,25,25,27,28,28,30,33,33],"damage_taken":[{"damage":3,"enemies":"2 Louse","floor":2,"turns":3},{"damage":3,"enemies":"Jaw Worm","floor":3,"turns":4},{"damage":5,"enemies":"Small Slimes","floor":4,"turns":4},{"damage":1,"enemies":"conspire:2 RoseBushes","floor":5,"turns":6},{"damage":15,"enemies":"Gremlin Gang","floor":8,"turns":4},{"damage":9,"enemies":"Exordium Wildlife","floor":10,"turns":6},{"damage":0,"enemies":"downfall:FleeingMerchant","floor":14,"turns":4},{"damage":1,"enemies":"Large Slime","floor":15,"turns":5},{"damage":32,"enemies":"WA_ARCHETYPE_RETAIN","floor":16,"turns":10},{"damage":8,"enemies":"conspire:FuzzyDice","floor":19,"turns":8},{"damage":0,"enemies":"downfall:FleeingMerchant","floor":22,"turns":4},{"damage":27,"enemies":"3 Byrds","floor":23,"turns":5},{"damage":41,"enemies":"Gremlin Leader","floor":25,"turns":3},{"damage":41,"enemies":"Cultist and Chosen","floor":27,"turns":6},{"damage":26,"enemies":"Sentry and Sphere","floor":28,"turns":6},{"damage":16,"enemies":"Snake Plant","floor":30,"turns":4},{"damage":15,"enemies":"Centurion and Healer","floor":32,"turns":5},{"damage":9,"enemies":"DF_ARCHETYPE_CLAW","floor":33,"turns":2}],"seed_played":"6197209733211825761","potions_obtained":[{"floor":0,"key":"Elixir"},{"floor":0,"key":"SpeedPotion"},{"floor":0,"key":"Fruit Juice"},{"floor":3,"key":"Strength Potion"},{"floor":4,"key":"EntropicBrew"},{"floor":5,"key":"BlessingOfTheForge"},{"floor":8,"key":"SpeedPotion"},{"floor":8,"key":"Strength Potion"},{"floor":10,"key":"DistilledChaos"},{"floor":15,"key":"LifebloodPotion"},{"floor":19,"key":"Milkshake"},{"floor":19,"key":"EntropicBrew"},{"floor":22,"key":"bronze:BurnAndBuffPotion"},{"floor":23,"key":"Death Potion"},{"floor":27,"key":"Strength Potion"},{"floor":27,"key":"Elixir"},{"floor":28,"key":"Fruit Juice"},{"floor":28,"key":"hexamod:InfernoChargePotion"},{"floor":30,"key":"Ancient Potion"},{"floor":31,"key":"CultistPotion"},{"floor":32,"key":"Fire Potion"},{"floor":32,"key":"Dexterity Potion"}],"is_trial":false,"path_per_floor":["R","M","M","M","M","?","T","M","?","M","T","?","R","$","M","B",null,"R","M","?","?","$","M","T","E","R","M","M","?","M","?","M","B"],"character_chosen":"THE_SPIRIT","items_purchased":["Darkstone Periapt","Guide Book","MerchantsRug"],"campfire_rested":2,"item_purchase_floors":[14,14,22],"current_hp_per_floor":[70,67,69,64,63,63,63,48,48,39,39,39,61,61,60,28,88,88,80,80,98,98,78,78,44,73,39,25,25,16,16,8,0,0,0],"gold":189,"neow_bonus":"THREE_SMALL_POTIONS","is_daily":false,"chose_seed":false,"campfire_upgraded":0,"win_rate":0.0,"timestamp":1612113034,"path_taken":["R","M","M","M","M","?","T","M","?","?","?","?","R","$","M","BOSS","R","M","?","?","$","M","T","E","R","M","?","?","M","?","M","BOSS"],"items_purchased_type":["Relic","Relic","Relic"],"build_version":"2020-12-22","purchased_purges":0,"victory":false,"max_hp_per_floor":[70,70,75,75,75,75,75,75,75,75,75,75,75,75,75,75,88,88,88,88,98,98,98,98,98,98,98,103,103,103,103,103,103,103,103],"card_choices":[{"not_picked":["hexamod:SpectersWail","hexamod:ShieldOfDarkness"],"picked":"hexamod:FourthSeal","floor":2},{"not_picked":["hexamod:Firestarter","hexamod:SuperheatedStrike"],"picked":"hexamod:GiftsFromTheDead","floor":3},{"not_picked":["hexamod:BacktrackSmack","hexamod:GhostLash"],"picked":"hexamod:Hexaguard","floor":4},{"not_picked":["hexamod:RetreatToShadows","hexamod:SuperheatedStrike"],"picked":"hexamod:RadiantFlame","floor":5},{"not_picked":["hexamod:VolcanoVisage","hexamod:RecurringNightmare"],"picked":"hexamod:ThirdSeal","floor":8},{"not_picked":["hexamod:BurningTouch","hexamod:ThermalTransfer","hexamod:ThirdSeal"],"picked":"SKIP","floor":10},{"not_picked":["hexamod:SwordOfDarkness","hexamod:ShieldOfDarkness"],"picked":"hexamod:GiftsFromTheDead","floor":14},{"not_picked":["hexamod:HeatMetal","hexamod:Again","hexamod:InspiringFlames"],"picked":"SKIP","floor":14},{"not_picked":["hexamod:HeatShield","hexamod:FastForward","hexamod:GhostOfSpireFuture"],"picked":"SKIP","floor":15},{"not_picked":["hexamod:UnlimitedPower","hexamod:SearingWound"],"picked":"hexamod:TimeWarp","floor":16},{"not_picked":["hexamod:HauntingEcho","hexamod:ChargedBarrage"],"picked":"hexamod:Toasty","floor":19},{"not_picked":["hexamod:SuperheatedStrike","hexamod:HeatMetal+1","hexamod:ThermalTransfer"],"picked":"SKIP","floor":19},{"not_picked":["hexamod:RetreatToShadows+1","hexamod:ThermalTransfer+1"],"picked":"hexamod:FirstSeal","floor":22},{"not_picked":["hexamod:ExtraCrispy+1","hexamod:SkipABeat"],"picked":"hexamod:PowerFromBeyond","floor":22},{"not_picked":["hexamod:ShieldOfDarkness+1","hexamod:GhostOfSpirePast"],"picked":"hexamod:FlamesFromBeyond+1","floor":23},{"not_picked":["hexamod:ExtraCrispy","hexamod:BurningTouch+1"],"picked":"hexamod:SecondSeal","floor":23},{"not_picked":["hexamod:Rewind","hexamod:Incineration","hexamod:SoulSteal"],"picked":"SKIP","floor":25},{"not_picked":["hexamod:SuperheatedStrike","hexamod:FastForward"],"picked":"hexamod:AdvancingGuard","floor":27},{"not_picked":["hexamod:ThermalTransfer","hexamod:ThirdSeal","hexamod:CatchUp"],"picked":"SKIP","floor":27},{"not_picked":["hexamod:SuperheatedStrike","hexamod:FastForward"],"picked":"hexamod:SixthSeal","floor":28},{"not_picked":["hexamod:Incineration+1","hexamod:Firestarter","hexamod:RainOfEmbers+1"],"picked":"SKIP","floor":28},{"not_picked":["hexamod:NightmareStrike","hexamod:ExtraCrispy+1","hexamod:Rewind"],"picked":"SKIP","floor":30},{"not_picked":["hexamod:GhostOfSpireFuture","hexamod:ExtraCrispy+1","hexamod:EmpoweredFlame+1"],"picked":"SKIP","floor":30},{"not_picked":["hexamod:SwordOfDarkness","hexamod:NightmareGuise"],"picked":"hexamod:AdvancingGuard","floor":32},{"not_picked":["hexamod:SpectersWail","hexamod:SpectralSpark+1","hexamod:DynamicBlow"],"picked":"SKIP","floor":32}],"player_experience":966417,"relics_obtained":[{"floor":7,"key":"hubris:64BitClover"},{"floor":11,"key":"Replay:Bandana"},{"floor":17,"key":"Strawberry"},{"floor":17,"key":"hubris:TinFlute"},{"floor":17,"key":"Girya"},{"floor":24,"key":"Mummified Hand"},{"floor":25,"key":"conspire:TopHat"},{"floor":27,"key":"Matryoshka"}],"event_choices":[{"damage_healed":0,"gold_gain":0,"player_choice":"Agree","damage_taken":0,"max_hp_gain":0,"max_hp_loss":0,"event_name":"conspire:LoneGhost","floor":12,"gold_loss":0},{"cards_removed":["hexamod:GiftsFromTheDead"],"damage_healed":8,"gold_gain":0,"player_choice":"Offered Rare","damage_taken":0,"max_hp_gain":10,"max_hp_loss":0,"event_name":"Bonfire Elementals","floor":21,"gold_loss":0},{"damage_healed":0,"gold_gain":0,"player_choice":"Invest 1","damage_taken":0,"max_hp_gain":0,"max_hp_loss":0,"event_name":"conspire:Investor","floor":29,"gold_loss":0}],"is_beta":false,"boss_relics":[{"not_picked":["Pandora\u0027s Box","Coffee Dripper"],"picked":"Calling Bell"}],"items_purged_floors":[],"is_endless":false,"potions_floor_spawned":[5,8,10,19,27,28,32],"killed_by":"DF_ARCHETYPE_CLAW","ascension_level":0}}