{"host":"15f3wpiimhe5yrng","time":1612131016,"event":{"mods":["BaseMod","Better Altar","Better Match","Better Note","Better Sensory Stone","Better Skull","Better Third Choice","Chen","Colored Map","Downfall","GifTheSpireLib","Good Game Mod","Minty Spire (QoL Compilation)","Permanent Neow","StSLib","The Disciple","The Mystic"],"gold_per_floor":[110,122,138,213,213,246,246,421,446,481,481,507,522,539,539,539,539],"floor_reached":16,"language":"ENG","playtime":1329,"items_purged":[],"score":120,"play_id":"bd1fa8f9-bb1c-4b3d-bb57-51eeafa4e32d","local_time":"20210131231016","is_ascension_mode":false,"campfire_choices":[{"data":"Chen:MeditateFrenzy","floor":7,"key":"SMITH"},{"floor":15,"key":"REST"}],"circlet_count":0,"master_deck":["Chen:Strike","Chen:Strike","Chen:Strike","Chen:Strike","Chen:Strike+1","Chen:Defend","Chen:Defend","Chen:Defend","Chen:Defend","Chen:PounceTurnTail","Chen:GlitterPoke","BootSequence","Chen:PhoenixEgg+1","Chen:Adaptability","Chen:MeditateFrenzy+1","Chen:UnstableBoundary","Doubt","Chen:ResistTemptation","Chen:Kimontonkou","Chen:MisdirectSwipe","Chen:CatPunch"],"relics":["Chen:Catnip","REME:ComplimentaryCards","Happy Flower","Whetstone","Smiling Mask","PreservedInsect"],"acts_visited":["Exordium"],"potions_floor_usage":[10,12,14,16,16],"damage_taken":[{"damage":0,"enemies":"Jaw Worm","floor":1,"turns":3},{"damage":0,"enemies":"Small Slimes","floor":2,"turns":3},{"damage":0,"enemies":"2 Louse","floor":3,"turns":3},{"damage":29,"enemies":"3 Sentries","floor":6,"turns":11},{"damage":5,"enemies":"Lagavulin","floor":10,"turns":9},{"damage":16,"enemies":"Gremlin Nob","floor":12,"turns":4},{"damage":3,"enemies":"2 Fungi Beasts","floor":13,"turns":5},{"damage":9,"enemies":"Exordium Thugs","floor":14,"turns":7},{"damage":41,"enemies":"Slime Boss","floor":16,"turns":8}],"seed_played":"8017514970019354507","potions_obtained":[{"floor":3,"key":"Weak Potion"},{"floor":6,"key":"SmokeBomb"},{"floor":10,"key":"SmokeBomb"},{"floor":11,"key":"Swift Potion"},{"floor":11,"key":"Guardian:BlockOnCardUsePotion"},{"floor":11,"key":"DuplicationPotion"},{"floor":14,"key":"Regen Potion"}],"is_trial":false,"path_per_floor":["M","M","M","?","?","E","R","?","T","E","?","E","M","M","R","B"],"character_chosen":"CHEN","items_purchased":[],"campfire_rested":1,"item_purchase_floors":[],"current_hp_per_floor":[70,70,70,59,64,35,35,35,35,30,30,14,11,2,24,0,0],"gold":539,"neow_bonus":"ONE_RANDOM_RARE_CARD","is_daily":false,"chose_seed":false,"campfire_upgraded":1,"win_rate":0.0,"timestamp":1612131016,"path_taken":["M","M","M","?","?","E","R","?","T","E","?","E","M","M","R","BOSS"],"items_purchased_type":[],"build_version":"2020-12-22","purchased_purges":0,"victory":false,"max_hp_per_floor":[70,70,70,70,75,75,75,75,75,75,75,75,75,75,75,75,75],"card_choices":[{"not_picked":["Chen:EvasiveFireShift","Chen:SelfControl"],"picked":"Chen:Adaptability","floor":1},{"not_picked":["Chen:Fadeout","Chen:Spray"],"picked":"Chen:MeditateFrenzy","floor":2},{"not_picked":["Chen:BlueOniRedOni","Chen:Scratch"],"picked":"Chen:UnstableBoundary","floor":3},{"not_picked":["Chen:Honk","Chen:Fadeout","Chen:PentagramFlight"],"picked":"SKIP","floor":6},{"not_picked":["Chen:Deceitful","Chen:CatPunch"],"picked":"Chen:ResistTemptation","floor":10},{"not_picked":["Chen:Barrier","Chen:Sidestep"],"picked":"Chen:Kimontonkou","floor":12},{"not_picked":["Chen:Sneak","Chen:MisdirectSwipe","Chen:Exploit"],"picked":"SKIP","floor":13},{"not_picked":["Chen:Sneak","Chen:Exploit"],"picked":"Chen:MisdirectSwipe","floor":13},{"not_picked":["Chen:Sweep","Chen:Panic"],"picked":"Chen:CatPunch","floor":14}],"player_experience":117001,"relics_obtained":[{"floor":6,"key":"Happy Flower"},{"floor":9,"key":"Whetstone"},{"floor":10,"key":"Smiling Mask"},{"floor":12,"key":"PreservedInsect"}],"event_choices":[{"damage_healed":0,"gold_gain":75,"player_choice":"Gold","damage_taken":11,"max_hp_gain":0,"max_hp_loss":0,"event_name":"betterThird:BetterGoop","floor":4,"gold_loss":0},{"damage_healed":0,"gold_gain":0,"player_choice":"Donut","damage_taken":0,"max_hp_gain":5,"max_hp_loss":0,"event_name":"Big Fish","floor":5,"gold_loss":0},{"damage_healed":0,"gold_gain":175,"player_choice":"AGREE","damage_taken":246,"max_hp_gain":0,"max_hp_loss":0,"event_name":"betterThird:BetterSerpent","floor":8,"gold_loss":0},{"damage_healed":0,"gold_gain":0,"player_choice":"Got Potions","damage_taken":0,"max_hp_gain":0,"max_hp_loss":0,"event_name":"Lab","floor":11,"gold_loss":0}],"is_beta":false,"boss_relics":[],"items_purged_floors":[],"is_endless":false,"potions_floor_spawned":[3,6,10,14],"killed_by":"Slime Boss","ascension_level":0}}