{"host":"3498uni0c31c9bdm","time":1612130657,"event":{"mods":["BaseMod","Better Third Choice","Minty Spire (QoL Compilation)","Replay The Spire","StSLib"],"gold_per_floor":[109,124,183,196,196,227,238,238,238,269,49,66,66,83,83,185,185,202,57,57,73,73,105,105,105,157,183,15,35,35,51,51,154,154,169,13,13,13,27,27,57,70,70,83,83,114,114,129,129,129,129,129,5,31,31,31],"floor_reached":55,"language":"ENG","playtime":2198,"items_purged":["Pain"],"score":1226,"play_id":"956c8b06-385a-47fc-bed0-db610ec9bca1","local_time":"20210201090417","is_ascension_mode":true,"campfire_choices":[{"floor":8,"key":"RECALL"},{"data":"CrushJoints","floor":13,"key":"SMITH"},{"floor":15,"key":"REST"},{"floor":25,"key":"REST"},{"floor":45,"key":"REST"},{"floor":47,"key":"REST"},{"floor":49,"key":"REST"}],"circlet_count":0,"master_deck":["AscendersBane","Strike_P","Strike_P","Strike_P","Strike_P","Defend_P","Defend_P","Defend_P+1","Defend_P+1","Eruption","Vigilance+1","Protect","ReachHeaven","FlurryOfBlows","SpiritShield","CrushJoints+1","Fasting2+1","PathToVictory+1","PathToVictory","Devotion+1","Decay","ForeignInfluence+1","MentalFortress+1","Protect","CrushJoints+1","Eruption","Sanctity","LessonLearned","EmptyFist+1","WaveOfTheHand+1","BowlingBash+1","Consecrate+1","Evaluate+1","JustLucky+1","DeusExMachina","LikeWater+1","CutThroughFate"],"relics":["PureWater","NeowsBlessing","WarpedTongs","Shuriken","Eternal Feather","Frozen Egg 2","War Paint","Busted Crown","Lantern","Chameleon Ring","CaptainsWheel","Membership Card","Fusion Hammer","HornCleat","Damaru","StrikeDummy","Pondfish Scales","Anchor","Bottled Tornado"],"acts_visited":["Exordium","TheCity","TheBeyond","TheEnding"],"potions_floor_usage":[6,10,16,23,23,27,33,41,42,55],"damage_taken":[{"damage":0,"enemies":"Cultist","floor":1,"turns":1},{"damage":0,"enemies":"2 Louse","floor":2,"turns":2},{"damage":0,"enemies":"Jaw Worm","floor":4,"turns":1},{"damage":16,"enemies":"3 Sentries","floor":6,"turns":9},{"damage":4,"enemies":"3 Louse","floor":7,"turns":3},{"damage":0,"enemies":"Gremlin Nob","floor":10,"turns":2},{"damage":14,"enemies":"Red Slaver","floor":12,"turns":3},{"damage":9,"enemies":"Exordium Thugs","floor":14,"turns":5},{"damage":45,"enemies":"Hexaghost","floor":16,"turns":11},{"damage":10,"enemies":"2 Thieves","floor":18,"turns":4},{"damage":0,"enemies":"Chosen","floor":21,"turns":2},{"damage":31,"enemies":"Slavers","floor":23,"turns":6},{"damage":7,"enemies":"Gremlin Leader","floor":27,"turns":6},{"damage":7,"enemies":"3 Cultists","floor":29,"turns":6},{"damage":1,"enemies":"Snake Plant","floor":31,"turns":3},{"damage":20,"enemies":"Champ","floor":33,"turns":7},{"damage":3,"enemies":"3 Shapes","floor":35,"turns":8},{"damage":6,"enemies":"Orb Walker","floor":39,"turns":4},{"damage":24,"enemies":"Reptomancer","floor":41,"turns":6},{"damage":21,"enemies":"Maw","floor":42,"turns":8},{"damage":4,"enemies":"Spire Growth","floor":44,"turns":4},{"damage":17,"enemies":"Giant Head","floor":46,"turns":7},{"damage":37,"enemies":"4 Shapes","floor":48,"turns":6},{"damage":55,"enemies":"Awakened One","floor":50,"turns":12},{"damage":40,"enemies":"Shield and Spear","floor":54,"turns":7},{"damage":46,"enemies":"The Heart","floor":55,"turns":2}],"seed_played":"2857613499772580954","potions_obtained":[{"floor":1,"key":"BlessingOfTheForge"},{"floor":7,"key":"DistilledChaos"},{"floor":10,"key":"Explosive Potion"},{"floor":14,"key":"EssenceOfSteel"},{"floor":16,"key":"Block Potion"},{"floor":23,"key":"SkillPotion"},{"floor":32,"key":"BlessingOfTheForge"},{"floor":32,"key":"AttackPotion"},{"floor":40,"key":"ColorlessPotion"},{"floor":41,"key":"Block Potion"},{"floor":46,"key":"BottledMiracle"},{"floor":52,"key":"Fruit Juice"}],"is_trial":false,"path_per_floor":["M","M","?","M","?","E","M","R","T","E","$","M","R","M","R","B",null,"M","$","?","M","?","E","$","R","T","E","$","M","?","M","R","B",null,"M","$","?","$","M","R","E","M","T","M","R","E","R","M","R","B",null,"R","$","E","B"],"character_chosen":"WATCHER","items_purchased":["War Paint","Lantern","Membership Card","MentalFortress+1","HornCleat","WaveOfTheHand+1","Anchor","LikeWater+1","CutThroughFate"],"campfire_rested":5,"item_purchase_floors":[11,19,28,28,36,36,53,53,53],"current_hp_per_floor":[65,65,65,65,65,49,45,45,45,45,45,31,40,31,61,16,58,48,48,48,48,48,17,17,50,50,43,43,36,36,35,50,30,62,59,59,59,59,53,71,47,26,26,22,61,44,72,35,72,17,58,72,72,32,0,0],"gold":31,"neow_bonus":"THREE_ENEMY_KILL","is_daily":false,"chose_seed":false,"campfire_upgraded":1,"win_rate":0.0,"timestamp":1612130657,"path_taken":["M","M","?","M","?","E","M","R","T","E","$","M","R","?","R","BOSS","M","$","?","M","?","E","?","R","T","E","$","M","?","?","R","BOSS","M","$","?","?","M","R","E","M","T","M","R","E","R","M","R","BOSS","R","$","E","BOSS"],"items_purchased_type":["Relic","Relic","Relic","Card","Relic","Card","Relic","Card","Card"],"build_version":"2020-12-22","purchased_purges":1,"victory":false,"max_hp_per_floor":[72,72,72,72,72,72,72,72,72,72,72,72,72,72,72,72,72,72,72,72,72,72,72,72,72,72,72,72,72,72,72,72,72,72,72,72,72,72,72,72,72,72,72,72,72,72,72,72,72,72,72,72,72,72,79,79],"card_choices":[{"not_picked":["Indignation","Replay:AtTheReady"],"picked":"Protect","floor":1},{"not_picked":["Evaluate","Consecrate"],"picked":"ReachHeaven","floor":2},{"not_picked":["ConjureBlade","Swivel"],"picked":"FlurryOfBlows","floor":4},{"not_picked":["Replay:Vibes","WindmillStrike"],"picked":"SpiritShield","floor":6},{"not_picked":["Replay:BluntJabs","JustLucky"],"picked":"CrushJoints","floor":7},{"not_picked":["ClearTheMind","Crescendo"],"picked":"Fasting2+1","floor":10},{"not_picked":["Replay:AtTheReady","Replay:ManipulateFuture"],"picked":"PathToVictory","floor":12},{"not_picked":["ThirdEye","JustLucky"],"picked":"PathToVictory","floor":14},{"not_picked":["Brilliance","SpiritShield"],"picked":"Devotion+1","floor":16},{"not_picked":["Halt"],"picked":"SKIP","floor":18},{"not_picked":["Replay:AtTheReady"],"picked":"SKIP","floor":21},{"not_picked":["Replay:BluntJabs"],"picked":"SKIP","floor":23},{"not_picked":[],"picked":"ForeignInfluence","floor":27},{"not_picked":[],"picked":"Protect","floor":29},{"not_picked":[],"picked":"Sanctity","floor":31},{"not_picked":[],"picked":"LessonLearned","floor":33},{"not_picked":[],"picked":"EmptyFist+1","floor":35},{"not_picked":[],"picked":"BowlingBash","floor":39},{"not_picked":[],"picked":"Consecrate+1","floor":41},{"not_picked":[],"picked":"Evaluate+1","floor":42},{"not_picked":["Halt+1"],"picked":"SKIP","floor":44},{"not_picked":[],"picked":"JustLucky+1","floor":46},{"not_picked":[],"picked":"DeusExMachina","floor":48},{"not_picked":["CrushJoints"],"picked":"SKIP","floor":54}],"player_experience":785987,"relics_obtained":[{"floor":6,"key":"Shuriken"},{"floor":9,"key":"Eternal Feather"},{"floor":10,"key":"Frozen Egg 2"},{"floor":23,"key":"Chameleon Ring"},{"floor":27,"key":"CaptainsWheel"},{"floor":41,"key":"Damaru"},{"floor":43,"key":"StrikeDummy"},{"floor":46,"key":"Pondfish Scales"},{"floor":54,"key":"Bottled Tornado"}],"event_choices":[{"damage_healed":0,"gold_gain":59,"player_choice":"Gained Gold","damage_taken":0,"max_hp_gain":0,"max_hp_loss":0,"event_name":"Golden Wing","floor":3,"gold_loss":0},{"damage_healed":0,"gold_gain":0,"player_choice":"Rummage","damage_taken":0,"relics_obtained":["WarpedTongs"],"max_hp_gain":0,"max_hp_loss":0,"event_name":"Accursed Blacksmith","floor":5,"gold_loss":0,"cards_obtained":["Pain"]},{"damage_healed":0,"gold_gain":0,"player_choice":"Ignored","damage_taken":0,"max_hp_gain":0,"max_hp_loss":0,"event_name":"Vampires","floor":20,"gold_loss":0},{"damage_healed":0,"gold_gain":0,"player_choice":"Smashed Altar","damage_taken":0,"max_hp_gain":0,"max_hp_loss":0,"event_name":"Forgotten Altar","floor":22,"gold_loss":0,"cards_obtained":["Decay"]},{"damage_healed":0,"gold_gain":0,"player_choice":"2 cards matched","damage_taken":0,"max_hp_gain":0,"max_hp_loss":0,"event_name":"Match and Keep!","floor":30,"gold_loss":0,"cards_obtained":["CrushJoints","Eruption"]},{"damage_healed":0,"gold_gain":0,"player_choice":"Upgraded","damage_taken":0,"max_hp_gain":0,"max_hp_loss":0,"event_name":"Upgrade Shrine","floor":37,"gold_loss":0,"cards_upgraded":["ForeignInfluence"]}],"is_beta":false,"boss_relics":[{"not_picked":["Ring of Chaos","Astrolabe"],"picked":"Busted Crown"},{"not_picked":["Kintsugi","Abe\u0027s Treasure"],"picked":"Fusion Hammer"}],"items_purged_floors":[11],"is_endless":false,"potions_floor_spawned":[1,7,10,14,16,18,21,23,41,46,48],"killed_by":"The Heart","ascension_level":11}}