{"host":"4k1o517shm2ba6vh","time":1612135012,"event":{"mods":["AchievementEnabler","BaseMod","Minty Spire (QoL Compilation)","Smile Girya","StSLib","The Poker Player","everything is the same but u backflip on backflip"],"gold_per_floor":[110,110,10,10,10,38,38,88,114,140,140,165,184,184,184,257,257,267,267,286,41,55,55,80,90,90,90,90],"floor_reached":27,"language":"ENG","playtime":1095,"items_purged":[],"score":520,"play_id":"ad095d4a-4aa4-48a4-8942-997c1b5f5290","local_time":"20210131171652","is_ascension_mode":true,"campfire_choices":[{"data":"Noxious Fumes","floor":7,"key":"SMITH"},{"data":"Cloak And Dagger","floor":11,"key":"SMITH"},{"floor":15,"key":"REST"},{"floor":23,"key":"REST"}],"circlet_count":0,"master_deck":["AscendersBane","Strike_G","Strike_G","Strike_G","Strike_G","Defend_G","Defend_G","Defend_G","Defend_G","Defend_G","Survivor+1","Neutralize","Footwork+1","Noxious Fumes+1","Cloak And Dagger+1","Poisoned Stab","Backstab+1","Burst","Flying Knee+1","Night Terror+1","Endless Agony+1","Masterful Stab+1","Footwork","Cloak And Dagger","Dagger Spray+1","A Thousand Cuts","Infinite Blades"],"relics":["Ring of the Snake","NeowsBlessing","Centennial Puzzle","Happy Flower","Molten Egg 2","Mummified Hand","Philosopher\u0027s Stone","War Paint","Frozen Eye","Pantograph","Smiling Mask"],"acts_visited":["Exordium","TheCity"],"potions_floor_usage":[24],"damage_taken":[{"damage":0,"enemies":"2 Louse","floor":1,"turns":1},{"damage":0,"enemies":"3 Sentries","floor":6,"turns":2},{"damage":0,"enemies":"Gremlin Nob","floor":10,"turns":1},{"damage":38,"enemies":"Lagavulin","floor":12,"turns":7},{"damage":0,"enemies":"Cultist","floor":13,"turns":3},{"damage":10,"enemies":"The Guardian","floor":16,"turns":11},{"damage":4,"enemies":"Shell Parasite","floor":18,"turns":6},{"damage":20,"enemies":"Chosen","floor":20,"turns":5},{"damage":2,"enemies":"Centurion and Healer","floor":22,"turns":5},{"damage":21,"enemies":"Book of Stabbing","floor":24,"turns":5},{"damage":10,"enemies":"Chosen and Byrds","floor":25,"turns":6},{"damage":20,"enemies":"3 Cultists","floor":27,"turns":4}],"seed_played":"5554071994773886126","potions_obtained":[{"floor":6,"key":"Explosive Potion"},{"floor":16,"key":"SteroidPotion"},{"floor":18,"key":"LiquidBronze"}],"is_trial":false,"path_per_floor":["M","?","$","?","$","E","R","?","T","E","R","E","M","?","R","B",null,"M","?","M","$","M","R","E","M","T","M"],"character_chosen":"THE_SILENT","items_purchased":["Noxious Fumes","Cloak And Dagger","Footwork","Frozen Eye","Cloak And Dagger"],"campfire_rested":2,"item_purchase_floors":[3,3,21,21,21],"current_hp_per_floor":[59,59,59,52,52,52,52,52,52,52,52,14,14,9,28,18,54,50,50,30,30,28,47,26,16,16,0,0],"gold":90,"neow_bonus":"THREE_ENEMY_KILL","is_daily":false,"chose_seed":false,"campfire_upgraded":2,"win_rate":0.0,"timestamp":1612135012,"path_taken":["M","?","?","?","?","E","R","?","T","E","R","E","?","?","R","BOSS","M","?","?","$","M","R","E","M","T","M"],"items_purchased_type":["Card","Card","Card","Relic","Card"],"build_version":"2020-12-22","purchased_purges":0,"victory":false,"max_hp_per_floor":[66,66,66,66,66,66,66,66,66,66,66,66,66,66,66,66,66,66,66,66,66,66,66,66,66,66,66,66],"card_choices":[{"not_picked":["Sucker Punch","Dagger Throw"],"picked":"Footwork","floor":1},{"not_picked":["Acrobatics","Underhanded Strike"],"picked":"Poisoned Stab","floor":6},{"not_picked":["Underhanded Strike+1","Dagger Throw+1"],"picked":"Backstab+1","floor":10},{"not_picked":["Acrobatics","Distraction"],"picked":"Burst","floor":12},{"not_picked":["All Out Attack+1","Concentrate"],"picked":"Flying Knee+1","floor":13},{"not_picked":["Bullet Time","Die Die Die+1"],"picked":"Night Terror","floor":16},{"not_picked":["Sucker Punch+1","Predator+1"],"picked":"Endless Agony+1","floor":18},{"not_picked":["Skewer+1","Reflex"],"picked":"Masterful Stab+1","floor":20},{"not_picked":["Underhanded Strike+1","PiercingWail"],"picked":"Dagger Spray+1","floor":22},{"not_picked":["Dagger Throw+1","Poisoned Stab+1"],"picked":"A Thousand Cuts","floor":24},{"not_picked":["Dagger Throw+1","All Out Attack+1"],"picked":"Infinite Blades","floor":25}],"player_experience":451662,"relics_obtained":[{"floor":6,"key":"Centennial Puzzle"},{"floor":9,"key":"Happy Flower"},{"floor":10,"key":"Molten Egg 2"},{"floor":12,"key":"Mummified Hand"},{"floor":19,"key":"War Paint"},{"floor":24,"key":"Pantograph"},{"floor":26,"key":"Smiling Mask"}],"event_choices":[{"damage_healed":0,"gold_gain":0,"player_choice":"Forge","damage_taken":0,"max_hp_gain":0,"max_hp_loss":0,"event_name":"Accursed Blacksmith","floor":2,"gold_loss":0,"cards_upgraded":["Footwork"]},{"cards_removed":["Strike_G"],"damage_healed":0,"gold_gain":0,"player_choice":"Card Removal","damage_taken":7,"max_hp_gain":0,"max_hp_loss":0,"event_name":"Golden Wing","floor":4,"gold_loss":0},{"damage_healed":0,"gold_gain":50,"player_choice":"Pray","damage_taken":0,"max_hp_gain":0,"max_hp_loss":0,"event_name":"Golden Shrine","floor":8,"gold_loss":0},{"damage_healed":0,"gold_gain":0,"player_choice":"Fled","damage_taken":5,"max_hp_gain":0,"max_hp_loss":0,"event_name":"Scrap Ooze","floor":14,"gold_loss":0},{"damage_healed":0,"gold_gain":0,"player_choice":"Relic","damage_taken":0,"max_hp_gain":0,"max_hp_loss":0,"event_name":"Wheel of Change","floor":19,"gold_loss":0}],"is_beta":false,"boss_relics":[{"not_picked":["SacredBark","SlaversCollar"],"picked":"Philosopher\u0027s Stone"}],"items_purged_floors":[],"is_endless":false,"potions_floor_spawned":[6,16,18],"killed_by":"3 Cultists","ascension_level":15}}