{"host":"xb2tau8pgi8aflss","time":1612101882,"event":{"mods":["AchievementEnabler","BaseMod","Hermit","Minty Spire (QoL Compilation)","StSLib","SuperFastMode"],"gold_per_floor":[116,291,391,22,41,67,67,67,67,85,111,111,137,160,160,264,264,282,298,298,331,331,331,331],"floor_reached":23,"language":"KOR","playtime":585,"items_purged":["Doubt"],"score":299,"play_id":"c225c141-d6b2-4cff-b417-220e57e33896","local_time":"20210131230442","is_ascension_mode":true,"campfire_choices":[{"data":"Vault","floor":7,"key":"SMITH"},{"data":"Adaptation","floor":12,"key":"SMITH"},{"floor":15,"key":"REST"}],"circlet_count":0,"master_deck":["Strike_P","Strike_P","Strike_P","Strike_P","Defend_P","Defend_P","Defend_P","Defend_P","Eruption","Vigilance","EmptyFist","Adaptation+1","SignatureMove","Conclude","Vault+1","Protect+1","InnerPeace+1","EmptyBody+1","DevaForm+1","Evaluate+1","ClearTheMind+1","Necronomicurse"],"relics":["PureWater","NeowsBlessing","ClockworkSouvenir","MealTicket","Pear","Toxic Egg 2","Frozen Egg 2","Odd Mushroom","VioletLotus","Necronomicon","Red Mask"],"acts_visited":["Exordium","TheCity"],"potions_floor_usage":[13,21],"damage_taken":[{"damage":0,"enemies":"Jaw Worm","floor":1,"turns":1},{"damage":0,"enemies":"Cultist","floor":5,"turns":1},{"damage":0,"enemies":"3 Sentries","floor":6,"turns":2},{"damage":0,"enemies":"2 Louse","floor":10,"turns":2},{"damage":22,"enemies":"Gremlin Nob","floor":11,"turns":5},{"damage":40,"enemies":"Lagavulin","floor":13,"turns":5},{"damage":10,"enemies":"The Mushroom Lair","floor":14,"turns":4},{"damage":38,"enemies":"Slime Boss","floor":16,"turns":10},{"damage":12,"enemies":"Chosen","floor":18,"turns":6},{"damage":14,"enemies":"Shell Parasite","floor":19,"turns":6},{"damage":20,"enemies":"Masked Bandits","floor":21,"turns":4},{"damage":9,"enemies":"Slavers","floor":23,"turns":1}],"seed_played":"2952457632172661543","potions_obtained":[{"floor":6,"key":"SkillPotion"},{"floor":8,"key":"FairyPotion"},{"floor":8,"key":"StancePotion"}],"is_trial":false,"path_per_floor":["M","?","?","$","M","E","R","?","T","M","E","R","E","?","R","B",null,"M","M","?","?","?","E"],"character_chosen":"WATCHER","items_purchased":["Adaptation","SignatureMove","ClockworkSouvenir"],"campfire_rested":1,"item_purchase_floors":[4,4,4],"current_hp_per_floor":[65,65,65,65,65,65,65,65,75,75,53,53,13,3,27,16,66,54,40,24,4,4,0,0],"gold":331,"neow_bonus":"THREE_ENEMY_KILL","is_daily":false,"chose_seed":false,"campfire_upgraded":2,"win_rate":0.0,"timestamp":1612101882,"path_taken":["M","?","?","$","?","E","R","?","T","?","E","R","E","?","R","BOSS","M","M","?","?","?","E"],"items_purchased_type":["Card","Card","Relic"],"build_version":"2020-12-22","purchased_purges":1,"victory":false,"max_hp_per_floor":[72,72,72,72,72,72,72,72,82,82,82,82,82,82,82,82,82,82,82,82,82,82,82,82],"card_choices":[{"not_picked":["JustLucky","Evaluate"],"picked":"EmptyFist","floor":1},{"not_picked":["ClearTheMind","Nirvana"],"picked":"Conclude","floor":5},{"not_picked":["SashWhip","FlyingSleeves"],"picked":"Vault","floor":6},{"not_picked":["ThirdEye","Nirvana","EmptyMind"],"picked":"SKIP","floor":10},{"not_picked":["ThirdEye","Nirvana","EmptyMind"],"picked":"SKIP","floor":10},{"not_picked":["Swivel+1","Weave"],"picked":"Protect+1","floor":11},{"not_picked":["Evaluate+1","Alpha+1"],"picked":"InnerPeace+1","floor":13},{"not_picked":["JustLucky","SandsOfTime"],"picked":"EmptyBody+1","floor":14},{"not_picked":["ConjureBlade+1","Vault+1"],"picked":"DevaForm+1","floor":16},{"not_picked":["WindmillStrike","Conclude+1"],"picked":"Evaluate+1","floor":18},{"not_picked":["Worship+1","Pray+1"],"picked":"ClearTheMind+1","floor":19}],"player_experience":798031,"relics_obtained":[{"floor":6,"key":"MealTicket"},{"floor":9,"key":"Pear"},{"floor":11,"key":"Toxic Egg 2"},{"floor":13,"key":"Frozen Egg 2"},{"floor":14,"key":"Odd Mushroom"},{"floor":20,"key":"Necronomicon"},{"floor":21,"key":"Red Mask"}],"event_choices":[{"damage_healed":0,"gold_gain":175,"player_choice":"AGREE","damage_taken":0,"max_hp_gain":0,"max_hp_loss":0,"event_name":"Liars Game","floor":2,"gold_loss":0,"cards_obtained":["Doubt"]},{"damage_healed":0,"gold_gain":100,"player_choice":"Pray","damage_taken":0,"max_hp_gain":0,"max_hp_loss":0,"event_name":"Golden Shrine","floor":3,"gold_loss":0},{"damage_healed":0,"gold_gain":0,"player_choice":"Got Potions","damage_taken":0,"max_hp_gain":0,"max_hp_loss":0,"event_name":"Lab","floor":8,"gold_loss":0},{"damage_healed":0,"gold_gain":0,"player_choice":"Fought Mushrooms","damage_taken":0,"max_hp_gain":0,"max_hp_loss":0,"event_name":"Mushrooms","floor":14,"gold_loss":0},{"damage_healed":0,"gold_gain":0,"player_choice":"Obtained Book","damage_taken":16,"max_hp_gain":0,"max_hp_loss":0,"event_name":"Cursed Tome","floor":20,"gold_loss":0},{"damage_healed":0,"gold_gain":0,"player_choice":"Fought Bandits","damage_taken":0,"max_hp_gain":0,"max_hp_loss":0,"event_name":"Masked Bandits","floor":21,"gold_loss":0},{"damage_healed":0,"gold_gain":0,"player_choice":"Ignored","damage_taken":0,"max_hp_gain":0,"max_hp_loss":0,"event_name":"Vampires","floor":22,"gold_loss":0}],"is_beta":false,"boss_relics":[{"not_picked":["Busted Crown","Philosopher\u0027s Stone"],"picked":"VioletLotus"}],"items_purged_floors":[4],"is_endless":false,"potions_floor_spawned":[6,10,11],"killed_by":"Slavers","ascension_level":6}}