{"host":"dbo0lztt1pyfwysk","time":1612087352,"event":{"mods":["Act Like it!","BaseMod","Conspire","Downfall","Gensokyo","GifTheSpireLib","Hubris","Infinite Spire","KinomotoSakuraMod(????)","Koishi","Luminous","Marisa????????","Minty Spire (QoL Compilation)","Prisma Mod","Remilia??????","Replay The Spire","Shade Mod","Shop Mod","StSLib","The Druid"],"gold_per_floor":[112,10,25,200,200,200,232,252,252,25,54,54,54,104,104,209,209,223,21,31,92,109,137,137,137,137,37,66,85,85,96,96,96,96],"floor_reached":33,"language":"ENG","playtime":1218,"items_purged":["Strike_G","ReplayTheSpireMod:Restless Dread","infinitespire:Pacifist"],"score":606,"play_id":"a96a8e28-f0be-49ab-9433-c71c936aa0b1","local_time":"20210131110232","is_ascension_mode":true,"campfire_choices":[{"data":"Cloak And Dagger","floor":6.0,"key":"SMITH"},{"data":"Envenom","floor":15.0,"key":"SMITH"},{"data":"Crippling Poison","floor":25,"key":"SMITH"},{"data":"Neutralize","floor":32,"key":"SMITH"}],"circlet_count":0,"master_deck":["AscendersBane","Strike_G","Strike_G","Strike_G","Strike_G","Defend_G","Defend_G","Defend_G","Defend_G","Defend_G","Survivor","Neutralize+1","Parasite","Slice","Cloak And Dagger+1","Doubt","Crippling Poison+1","Backflip","Envenom+1","Cloak And Dagger+1","Blade Dance+1","downfall:Malfunctioning","Adrenaline+1","Amnesia","Slice","Cloak And Dagger+1"],"relics":["Ring of the Snake","Dream Catcher","Mummified Hand","TwistedFunnel","Omamori","Ring of Greed","MealTicket","Golden Egg","Cursed Key","Snake Skull","infinitespire:Beetle Shell","Nunchaku","hubris:BottledHeart","infinitespire:FocusingShard","Gremlin Food","Toy Ornithopter"],"acts_visited":["Exordium","TheCity"],"potions_floor_usage":[28,33,33],"damage_taken":[{"damage":1.0,"enemies":"2 Louse","floor":1.0,"turns":3.0},{"damage":2.0,"enemies":"Jaw Worm","floor":3.0,"turns":6.0},{"damage":37.0,"enemies":"Gremlin Nob","floor":7.0,"turns":6.0},{"damage":1.0,"enemies":"Small Slimes","floor":8.0,"turns":6.0},{"damage":20.0,"enemies":"3 Sentries","floor":11.0,"turns":11.0},{"damage":27.0,"enemies":"Hexaghost","floor":16.0,"turns":10.0},{"damage":1,"enemies":"3 Byrds","floor":18,"turns":5},{"damage":31,"enemies":"Spheric Guardian","floor":20,"turns":6},{"damage":7,"enemies":"Snecko","floor":22,"turns":4},{"damage":5,"enemies":"conspire:Head Lice","floor":23,"turns":4},{"damage":0,"enemies":"Replay:Snechameleon","floor":28,"turns":6},{"damage":0,"enemies":"Chosen and Byrds","floor":29,"turns":6},{"damage":0,"enemies":"Snake Plant","floor":31,"turns":4},{"damage":1,"enemies":"Automaton","floor":33,"turns":10}],"seed_played":"-2072871935111973848","potions_obtained":[{"floor":7.0,"key":"champ:CounterPotion"},{"floor":21,"key":"GhostInAJar"},{"floor":23,"key":"Block Potion"},{"floor":31,"key":"Adrenaline Potion"}],"is_trial":false,"path_per_floor":["M","$","M","?","T","R","E","M","T","$","E","?","$","?","R","B",null,"M","$","M","?","M","E","?","R","T","$","E","M","AVR","M","R","B"],"character_chosen":"THE_SILENT","items_purchased":["Cloak And Dagger","TwistedFunnel","Envenom","Snake Skull","Blade Dance"],"campfire_rested":0,"item_purchase_floors":[2,10,10,19,19],"current_hp_per_floor":[76,76,74,74,74,74,37,36,36,36,16,37,37,37,37,10,66,65,80,49,49,42,37,1,1,1,1,1,1,1,1,1,0,0],"gold":96,"neow_bonus":"TWENTY_PERCENT_HP_BONUS","is_daily":false,"chose_seed":false,"campfire_upgraded":4,"win_rate":0.0,"timestamp":1612087352,"path_taken":["M","$","M","?","?","R","E","M","T","$","E","?","$","?","R","BOSS","M","$","M","?","M","E","?","R","T","$","E","M","AVR","M","R","BOSS"],"items_purchased_type":["Card","Relic","Card","Relic","Card"],"build_version":"2020-12-22","purchased_purges":3,"victory":false,"max_hp_per_floor":[84,84,84,84,84,84,84,84,84,84,84,84,84,84,84,84,84,84,84,84,84,84,84,1,1,1,1,1,1,1,1,1,1,1],"card_choices":[{"not_picked":["Blade Dance","Escape Plan"],"picked":"Slice","floor":1.0},{"not_picked":["Flying Knee","Underhanded Strike","Replay:Poison Smokescreen"],"picked":"SKIP","floor":3.0},{"not_picked":["Flechettes","Cloak And Dagger"],"picked":"Crippling Poison","floor":7.0},{"not_picked":["Flying Knee","Outmaneuver"],"picked":"Backflip","floor":8.0},{"not_picked":["Acrobatics","conspire:PoisonWeapons","hubris:TrickCloak"],"picked":"SKIP","floor":11.0},{"not_picked":["Acrobatics","conspire:PoisonWeapons","hubris:TrickCloak"],"picked":"SKIP","floor":11.0},{"not_picked":["Dodge and Roll","Slice"],"picked":"Cloak And Dagger+1","floor":18},{"not_picked":["conspire:DoublingDagger","Quick Slash","Dagger Throw+1"],"picked":"SKIP","floor":20},{"not_picked":["Outmaneuver","Dash"],"picked":"Adrenaline","floor":21},{"not_picked":["Flying Knee","Toxin Wave","Poisoned Stab"],"picked":"SKIP","floor":22},{"not_picked":["Unload","Underhanded Strike"],"picked":"Slice","floor":23},{"not_picked":["Prepared","Deflect"],"picked":"Cloak And Dagger+1","floor":28},{"not_picked":["Quick Slash","Setup+1","Predator"],"picked":"SKIP","floor":29},{"not_picked":["Endless Agony","Leg Sweep","Poison Darts"],"picked":"SKIP","floor":31}],"player_experience":664173,"relics_obtained":[{"floor":7.0,"key":"Dream Catcher"},{"floor":9.0,"key":"Mummified Hand"},{"floor":11.0,"key":"Omamori"},{"floor":14.0,"key":"Ring of Greed"},{"floor":14.0,"key":"MealTicket"},{"floor":14.0,"key":"Golden Egg"},{"floor":21,"key":"infinitespire:Beetle Shell"},{"floor":23,"key":"Nunchaku"},{"floor":26,"key":"infinitespire:FocusingShard"},{"floor":28,"key":"Gremlin Food"}],"event_choices":[{"damage_healed":0.0,"max_hp_gain":0.0,"max_hp_loss":0.0,"gold_gain":175.0,"event_name":"Liars Game","player_choice":"AGREE","floor":4.0,"gold_loss":0.0,"damage_taken":0.0,"cards_obtained":["Doubt"]},{"damage_healed":21.0,"max_hp_gain":0.0,"max_hp_loss":0.0,"gold_gain":0.0,"event_name":"Mushrooms","player_choice":"Healed and dodged fight","floor":12.0,"gold_loss":0.0,"damage_taken":0.0,"cards_obtained":["Parasite"]}],"is_beta":false,"boss_relics":[{"not_picked":["Ring of the Serpent","HoveringKite"],"picked":"Cursed Key"}],"items_purged_floors":[2,27,30],"is_endless":false,"potions_floor_spawned":[7,23,31],"killed_by":"Automaton","ascension_level":12}}