{"host":"a5v7x5tmlr5iccdt","time":1612103279,"event":{"mods":["100% Spire Juice","Act Like it!","Arknights","Aspiration","Astrologer","Bard","BaseMod","BetterRewards","Colored Map","Colored Powertips","Conspire","Downfall","Energized Spire","Gensokyo","Hallownest","Highlight Path","Marisa£®ÏF”Í°°ƒß¿Ì…≥£©","Mimic Mod","Minty Spire (QoL Compilation)","Quick Restart","Reimu£®≤©¿ˆ¡È√Œ£©","Remilia£®¿Ÿ√◊¿Ú—«£©","Replay The Spire","StSLib","The Bug Knight","Youmu£®ªÍ∆«—˝√Œ£©"],"gold_per_floor":[114,114,134,144,69,95,105,105,105,140,40,75,92,112,112,112,112],"floor_reached":16,"language":"ZHS","playtime":708,"items_purged":["astrologer:Defend","astrologer:Strike"],"score":147,"play_id":"669cb581-3f06-44f5-91f4-76269ee7735e","local_time":"20210131222759","is_ascension_mode":false,"campfire_choices":[{"data":"astrologer:Cataclysm","floor":8,"key":"SMITH"},{"floor":15,"key":"REST"}],"circlet_count":0,"master_deck":["astrologer:Strike","astrologer:Strike","astrologer:Strike","astrologer:Defend","astrologer:Defend","astrologer:Defend","astrologer:NorthStar","astrologer:TheFool","astrologer:Conjunction","astrologer:SolarFlare","astrologer:Cataclysm+1","astrologer:Opposition","astrologer:TheTower","astrologer:Justice","astrologer:Opposition+1","astrologer:TheMoon","astrologer:StarOfMisfortune"],"relics":["astrologer:SkyMirror","NeowsBlessing","Hallownest:DreamNailRelic","Replay:Baseball","Iron Hammer","Replay:Rubber Ducky","Molten Egg 2"],"acts_visited":["Hallownest:Greenpath"],"potions_floor_usage":[16],"damage_taken":[{"damage":0,"enemies":"Hallownest:monsterHuskGuard","floor":1,"turns":1},{"damage":0,"enemies":"Hallownest:monsterHuskWarrior","floor":3,"turns":1},{"damage":0,"enemies":"Hallownest:2_Baldur","floor":4,"turns":1},{"damage":36,"enemies":"Hallownest:eliteCrystalGuardian","floor":6,"turns":6},{"damage":3,"enemies":"Hallownest:Guard_and_Warrior","floor":7,"turns":5},{"damage":0,"enemies":"Hallownest:eliteVengeflyKing","floor":10,"turns":5},{"damage":26,"enemies":"Hallownest:eliteMossKnight","floor":12,"turns":10},{"damage":2,"enemies":"Hallownest:monsterFoolEater","floor":13,"turns":2},{"damage":1,"enemies":"Hallownest:1_Baldur_1_Crawlid_1_Warrior","floor":14,"turns":2},{"damage":27,"enemies":"Hallownest:BossHornet","floor":16,"turns":10}],"seed_played":"-2850791187860548738","potions_obtained":[{"floor":3,"key":"LifebloodPotion"},{"floor":7,"key":"Fire Potion"},{"floor":12,"key":"Dexterity Potion"}],"is_trial":false,"path_per_floor":["M","?","M","M","$","E","M","R","T","E","$","E","M","M","R","B"],"character_chosen":"ASTROLOGER","items_purchased":[],"campfire_rested":1,"item_purchase_floors":[],"current_hp_per_floor":[70,70,70,70,70,34,31,31,31,31,31,5,3,2,23,0,0],"gold":112,"neow_bonus":"THREE_ENEMY_KILL","is_daily":false,"chose_seed":false,"campfire_upgraded":1,"win_rate":0.0,"timestamp":1612103279,"path_taken":["M","?","M","M","?","E","M","R","T","E","$","E","?","M","R","BOSS"],"items_purchased_type":[],"build_version":"2020-12-22","purchased_purges":2,"victory":false,"max_hp_per_floor":[70,70,70,70,70,70,70,70,70,70,70,70,70,70,70,70,70],"card_choices":[{"not_picked":["astrologer:Stardust","astrologer:Radiance"],"picked":"astrologer:Conjunction","floor":1},{"not_picked":["astrologer:Conjunction","astrologer:CometStrike"],"picked":"astrologer:SolarFlare","floor":3},{"not_picked":["astrologer:Stardust","astrologer:ReadTheStars"],"picked":"astrologer:Cataclysm","floor":4},{"not_picked":["astrologer:ReadTheStars","astrologer:Stardust"],"picked":"astrologer:Opposition","floor":6},{"not_picked":["astrologer:MeteorShower","astrologer:Quincunx"],"picked":"astrologer:TheTower","floor":7},{"not_picked":["astrologer:Opposition","astrologer:WheelofFortune"],"picked":"astrologer:Justice","floor":10},{"not_picked":["astrologer:ReadTheStars","astrologer:Still"],"picked":"astrologer:Opposition+1","floor":12},{"not_picked":["astrologer:CometStrike+1","astrologer:TheHangedMan"],"picked":"astrologer:TheMoon","floor":13},{"not_picked":["astrologer:FrozenStar","astrologer:SolarFlare"],"picked":"astrologer:StarOfMisfortune","floor":14}],"player_experience":96833,"relics_obtained":[{"floor":6,"key":"Replay:Baseball"},{"floor":9,"key":"Iron Hammer"},{"floor":10,"key":"Replay:Rubber Ducky"},{"floor":12,"key":"Molten Egg 2"}],"event_choices":[],"is_beta":false,"boss_relics":[],"items_purged_floors":[5,11],"is_endless":false,"potions_floor_spawned":[3,7,12,13],"killed_by":"Hallownest:BossHornet","ascension_level":0}}