{"host":"n91kx4xj3dn3811n","time":1612058948,"event":{"mods":["Act Like it!","BaseMod","Better Third Choice","Colored Powertips","Dio Mod","Highlight Path","Marisa£¨ìFÓê¡¡Ä§ÀíÉ³£©","Minty Spire (QoL Compilation)","MostiFishMod","Quick Restart","Reimu£¨²©ÀöÁéÃÎ£©","Replay The Spire","RumiaBox-Â¶Ã×æ«µÄÉñÃØºÐ×Ó","Spicy Shops","StSLib","TestMod","The Cursed","Waifu the Spire","noobMod","¡¾ÒÅÎï¿¨ÅÆ¡¿REMEMod","²ÐÁôÖ®Îï","óô»ðÖ¸ÄÏ"],"gold_per_floor":[110,128,57,57,57,87,99,135,135,147,0,27,27,41,41,146,146,164,183,183,200,218,218,218,218,218,62,87,87,114,124,124,220,220,234,250,262,278,298,309,340,340,391,341,341,355,389,389,389,389,389,30,30,79,79],"floor_reached":56,"language":"ZHS","playtime":4849,"items_purged":["CommonCold","Hallucinations"],"score":1259,"play_id":"4bfe792a-8544-4b51-a114-9c56f8741112","local_time":"20210131100908","is_ascension_mode":false,"campfire_choices":[{"floor":13.0,"key":"REST"},{"data":"MikOfLucky:ReiMu","floor":15.0,"key":"SMITH"},{"data":"Free:ReiMu","floor":23.0,"key":"SMITH"},{"data":"Determination:ReiMu","floor":29.0,"key":"SMITH"},{"data":"Replay:Sluggish","floor":32.0,"key":"PURGE"},{"data":"PrayRite:ReiMu","floor":42,"key":"SMITH"},{"data":"RainPray2:ReiMu","floor":45,"key":"SMITH"},{"floor":49,"key":"RECALL"}],"circlet_count":1,"master_deck":["Strike_Lin:ReiMu","Strike_Lin:ReiMu","Strike_Lin:ReiMu","Strike_Lin:ReiMu","Defend_Lin:ReiMu","Defend_Lin:ReiMu","Defend_Lin:ReiMu","Defend_Lin:ReiMu","NB:ReiMu","Stagnation:ReiMu","PlaceholderMod:EvolutionSpray+1","Enchanting:ReiMu","CareerPray:ReiMu","YinYang:ReiMu","SealNeedle:ReiMu","MikOfLucky:ReiMu+1","FantasyMoon:ReiMu","Determination:ReiMu+1","RainPray2:ReiMu+1","AirStrike:ReiMu","Free:ReiMu+1","LovePray:ReiMu","ForcedLanding:ReiMu+1","CareerPray:ReiMu+1","ShadowOfCrow2:ReiMu","PlaceholderMod:EvolutionSpray+1","PrayRite:ReiMu+1","UniversalSpiritual:ReiMu+1"],"relics":["FlyPower:ReiMu","DaveBox","testmod-TestBox","ice","REME_ComplimentaryCards","RhineCircuit","SynthV:TestCard","testmod-D¨¦j¨¤vu","Smiling Mask","FossilizedHelix","PreservedInsect","MagicDraw3","Replay:Ancient Bell","Pen Nib","Snack Pack","testmod-BlackFramedGlasses","ChiLing","Chi","Ling","Orichalcum","Circlet","Bow_fan:ReiMu","FeatherPendant","Pet Ghost","Blue Doll","Centennial Puzzle","CheatingSign:ReiMu","REME_PuzzleBoxRelic","CrazyTorch:ReiMu"],"acts_visited":["Exordium","TheCity","TheBeyond","TheEnding"],"potions_floor_usage":[],"damage_taken":[{"damage":1.0,"enemies":"Cultist","floor":1.0,"turns":5.0},{"damage":0.0,"enemies":"Jaw Worm","floor":2.0,"turns":5.0},{"damage":23.0,"enemies":"Lagavulin","floor":6.0,"turns":7.0},{"damage":0.0,"enemies":"Small Slimes","floor":7.0,"turns":2.0},{"damage":1.0,"enemies":"Exordium Wildlife","floor":10.0,"turns":3.0},{"damage":17.0,"enemies":"3 Sentries","floor":12.0,"turns":6.0},{"damage":0.0,"enemies":"Blue Slaver","floor":14.0,"turns":1.0},{"damage":0.0,"enemies":"Slime Boss","floor":16.0,"turns":6.0},{"damage":0.0,"enemies":"Spheric Guardian","floor":18.0,"turns":4.0},{"damage":0.0,"enemies":"Shell Parasite","floor":19.0,"turns":3.0},{"damage":0.0,"enemies":"Snecko","floor":21.0,"turns":3.0},{"damage":0.0,"enemies":"Cultist and Chosen","floor":22.0,"turns":4.0},{"damage":1.0,"enemies":"Slavers","floor":28.0,"turns":1.0},{"damage":0.0,"enemies":"Replay:Snechameleon","floor":30.0,"turns":2.0},{"damage":0.0,"enemies":"3 Cultists","floor":31.0,"turns":2.0},{"damage":15.0,"enemies":"Pondfish","floor":33.0,"turns":7.0},{"damage":0,"enemies":"Orb Walker","floor":35,"turns":1},{"damage":0,"enemies":"3 Shapes","floor":36,"turns":1},{"damage":0,"enemies":"Jaw Worm Horde","floor":37,"turns":1},{"damage":0,"enemies":"Writhing Mass","floor":38,"turns":2},{"damage":4,"enemies":"Sphere and 2 Shapes","floor":39,"turns":2},{"damage":0,"enemies":"3 Darklings","floor":40,"turns":1},{"damage":0,"enemies":"R_Hoarder","floor":41,"turns":3},{"damage":2,"enemies":"Transient","floor":46,"turns":5},{"damage":0,"enemies":"Reptomancer","floor":47,"turns":1},{"damage":3,"enemies":"Replay:Hell Engine","floor":50,"turns":3},{"damage":2,"enemies":"Shield and Spear","floor":54,"turns":4},{"damage":41,"enemies":"The Heart","floor":55,"turns":5}],"seed_played":"-2384664681146411769","potions_obtained":[{"floor":6.0,"key":"LiquidFlight:ReiMu"},{"floor":10.0,"key":"SpeedPotion"},{"floor":14.0,"key":"BottledKami:ReiMu"}],"is_trial":false,"path_per_floor":["M","M","$","?","?","E","M","?","T","M","$","E","R","M","R","B",null,"M","M","?","M","M","R","?","?","T","$","E","R","E","M","R","B",null,"M","M","M","M","M","M","E","R","T","$","R","M","E","?","R","B",null,"R","$","E","B",null],"character_chosen":"REIMU","items_purchased":["YinYang:ReiMu","PreservedInsect","ChiLing","CheatingSign:ReiMu","REME_PuzzleBoxRelic"],"campfire_rested":1,"item_purchase_floors":[3,11,27,52,52],"current_hp_per_floor":[70,70,70,52,52,29,29,29,29,28,28,11,32,32,32,32,71,71,71,71,71,71,71,71,71,71,71,70,70,71,71,71,67,71,71,71,71,71,68,71,71,71,71,71,71,71,71,71,71,69,71,71,71,69,45],"gold":79,"neow_bonus":"TEN_PERCENT_HP_BONUS","is_daily":false,"chose_seed":false,"campfire_upgraded":5,"win_rate":0.0,"timestamp":1612058948,"path_taken":["M","M","$","?","?","E","M","?","T","M","?","E","R","M","R","BOSS","M","M","?","M","M","R","?","?","T","$","E","R","E","M","R","BOSS","BOSS","M","M","?","M","?","M","E","R","T","$","R","M","E","?","R","BOSS","R","$","E","BOSS"],"items_purchased_type":["Card","Relic","Relic","Relic","Relic"],"build_version":"2020-12-22","purchased_purges":2,"victory":true,"max_hp_per_floor":[71,71,71,71,71,71,71,71,71,71,71,71,71,71,71,71,71,71,71,71,71,71,71,71,71,71,71,71,71,71,71,71,71,71,71,71,71,71,71,71,71,71,71,71,71,71,71,71,71,71,71,71,71,71,71],"card_choices":[{"not_picked":["YinYangSange:ReiMu","SpreadBorder2:ReiMu"],"picked":"Enchanting:ReiMu","floor":1.0},{"not_picked":["Conquer:ReiMu","SubcavityInstant:ReiMu","AlertArray:ReiMu","SpreadBorder2:ReiMu"],"picked":"CareerPray:ReiMu","floor":2.0},{"not_picked":["SpringWay:ReiMu","DoubleButterfly:ReiMu","FantasyBorder:ReiMu","InherentArray:ReiMu"],"picked":"SealNeedle:ReiMu","floor":6.0},{"not_picked":["SubcavityInstant:ReiMu","SafetyPray:ReiMu","ManaGlint:ReiMu","FineLineFantasy:ReiMu"],"picked":"MikOfLucky:ReiMu","floor":7.0},{"not_picked":["AlertArray:ReiMu","Enchanting:ReiMu","SpringWay:ReiMu","Gathering:ReiMu"],"picked":"FantasyMoon:ReiMu","floor":8.0},{"not_picked":["SpringWay:ReiMu","BarrageOfMoneybags:ReiMu","Intuition:ReiMu","TightArray:ReiMu"],"picked":"Determination:ReiMu","floor":10.0},{"not_picked":["SubAcupoint:ReiMu","PayForSelf:ReiMu","NineCharacters:ReiMu","BlastKick2:ReiMu"],"picked":"RainPray2:ReiMu","floor":12.0},{"not_picked":["EmergencyTakeOff:ReiMu","BarrageOfMoneybags:ReiMu","Conquer:ReiMu","OrbThrow:ReiMu"],"picked":"AirStrike:ReiMu","floor":14.0},{"not_picked":["HakureiPhantom:ReiMu","BlastKick2:ReiMu","CardOfSanctity:ReiMu","YinYang:ReiMu"],"picked":"Free:ReiMu","floor":16.0},{"not_picked":["Spreading Infection","Delirium","ReplayTheSpireMod:Faulty Equipment","Writhe"],"picked":"Hallucinations","floor":17.0},{"not_picked":["Delirium","TheCursedMod:Dregs","Amnesia","Doubt"],"picked":"CommonCold","floor":17.0},{"not_picked":["Pain","Hallucinations","Regret","ReplayTheSpireMod:IOU"],"picked":"Replay:Sluggish","floor":17.0},{"not_picked":["BlastKick2:ReiMu","SubcavityInstant:ReiMu+1","SafetyPray:ReiMu","AirStrike:ReiMu"],"picked":"LovePray:ReiMu","floor":18.0},{"not_picked":["AlertArray:ReiMu","PassingAway:ReiMu","FineLineFantasy:ReiMu","AirStrike:ReiMu+1"],"picked":"ForcedLanding:ReiMu+1","floor":19.0},{"not_picked":["WonderfulDomain:ReiMu+1","PayForSelf:ReiMu","HakureiPhantom:ReiMu","Revelation:ReiMu+1"],"picked":"CareerPray:ReiMu+1","floor":21.0},{"not_picked":["SubAcupoint:ReiMu","BarrageOfMoneybags:ReiMu","AlertArray:ReiMu+1","SpreadBorder2:ReiMu"],"picked":"ShadowOfCrow2:ReiMu","floor":22.0},{"not_picked":["SafetyPray:ReiMu","AirStrike:ReiMu","Crusade:ReiMu","Intuition:ReiMu","LearningPray:ReiMu+1"],"picked":"SKIP","floor":28.0},{"not_picked":["OrbThrow:ReiMu","Enchanting:ReiMu+1","TakeOff:ReiMu","SubcavityInstant:ReiMu","Meditation:ReiMu"],"picked":"SKIP","floor":30.0},{"not_picked":["AirStrike:ReiMu","Enchanting:ReiMu","FantasyBorder:ReiMu","Amulet:ReiMu","CareerPray:ReiMu"],"picked":"SKIP","floor":31.0},{"not_picked":["KamiRite:ReiMu","OctopathSalyBorderN:ReiMu","YinYang:ReiMu","KyokaiOfKami:ReiMu"],"picked":"PrayRite:ReiMu","floor":33},{"not_picked":["Enchanting:ReiMu+1","Intuition:ReiMu+1","EmergencyTakeOff:ReiMu","RainPray2:ReiMu+1"],"picked":"UniversalSpiritual:ReiMu+1","floor":35},{"not_picked":["Amulet:ReiMu+1","EmergencyTakeOff:ReiMu+1","YinYangSign:ReiMu","Intuition:ReiMu","RainPray2:ReiMu+1"],"picked":"SKIP","floor":36},{"not_picked":["LovePray:ReiMu","RainPray2:ReiMu+1","AlertArray:ReiMu","SpringWay:ReiMu","CollectionFlower2:ReiMu"],"picked":"SKIP","floor":37},{"not_picked":["NineCharacters:ReiMu","SpiritualOutbreak2:ReiMu+1","Amulet:ReiMu+1","ForcedLanding:ReiMu","AlertArray:ReiMu+1"],"picked":"SKIP","floor":38},{"not_picked":["SpreadBorder2:ReiMu+1","Conquer:ReiMu+1","AlertArray:ReiMu","OrbThrow:ReiMu","RunawayExorcism:ReiMu"],"picked":"SKIP","floor":39},{"not_picked":["WonderfulDomain:ReiMu+1","Crusade:ReiMu","SafetyPray:ReiMu+1","SubAcupoint:ReiMu+1","RainPray2:ReiMu+1"],"picked":"SKIP","floor":40},{"not_picked":["OctopathBindingBorder2:ReiMu+1","KamiSacrifice:ReiMu+1","CareerPray:ReiMu","BarrageOfMoneybags:ReiMu","SpringWay:ReiMu+1"],"picked":"SKIP","floor":41},{"not_picked":["PrepareRite:ReiMu","SafetyPray:ReiMu","AlertArray:ReiMu+1","FineLineFantasy:ReiMu","AirStrike:ReiMu"],"picked":"SKIP","floor":46},{"not_picked":["Determination:ReiMu","Crusade:ReiMu+1","TightArray:ReiMu+1","ForcedLanding:ReiMu+1","FineLineFantasy:ReiMu+1"],"picked":"SKIP","floor":47},{"not_picked":["FoulBorder2:ReiMu","DoubleButterfly:ReiMu+1","SubcavityInstant:ReiMu+1","Amulet:ReiMu+1","Meditation:ReiMu"],"picked":"SKIP","floor":54}],"player_experience":205295,"relics_obtained":[{"floor":1.0,"key":"SynthV:TestCard"},{"floor":6.0,"key":"Smiling Mask"},{"floor":8.0,"key":"FossilizedHelix"},{"floor":12.0,"key":"MagicDraw3"},{"floor":26.0,"key":"Dead Branch"},{"floor":28.0,"key":"Orichalcum"},{"floor":30.0,"key":"Bow_fan:ReiMu"},{"floor":41,"key":"Pet Ghost"},{"floor":43,"key":"Blue Doll"},{"floor":47,"key":"Centennial Puzzle"},{"floor":54,"key":"CrazyTorch:ReiMu"}],"event_choices":[{"damage_healed":0.0,"max_hp_gain":0.0,"max_hp_loss":0.0,"gold_gain":0.0,"event_name":"betterThird:BetterScrap","player_choice":"Relic ","floor":4.0,"gold_loss":0.0,"damage_taken":18.0,"cards_obtained":["MostiFishMod:InvigoratingSolution"]},{"damage_healed":0.0,"max_hp_gain":0.0,"max_hp_loss":0.0,"gold_gain":0.0,"event_name":"Living Wall","player_choice":"Grow","floor":5.0,"gold_loss":0.0,"damage_taken":0.0,"cards_upgraded":["PlaceholderMod:EvolutionSpray"]},{"damage_healed":0.0,"max_hp_gain":0.0,"max_hp_loss":0.0,"gold_gain":0.0,"event_name":"Ghosts","player_choice":"Ignored","floor":24.0,"gold_loss":0.0,"damage_taken":0.0},{"damage_healed":0.0,"max_hp_gain":0.0,"max_hp_loss":0.0,"gold_gain":0.0,"event_name":"Duplicator","player_choice":"Copied","floor":25.0,"gold_loss":0.0,"damage_taken":0.0,"cards_obtained":["PlaceholderMod:EvolutionSpray"]},{"damage_healed":0,"gold_gain":0,"player_choice":"Memory 1","damage_taken":0,"max_hp_gain":0,"max_hp_loss":0,"event_name":"SensoryStone","floor":48,"gold_loss":0}],"is_beta":false,"boss_relics":[{"not_picked":["testmod-HarvestTotem","testmod-KeyOfTheVoid"],"picked":"Replay:Ancient Bell"},{"not_picked":["Oddly Smooth Stone","SkyOrb:ReiMu"],"picked":"Pen Nib"},{"not_picked":["Mercury Hourglass","Replay:WaspNest"],"picked":"Snack Pack"},{"not_picked":["testmod-ConstraintPeriapt","Girya"],"picked":"testmod-BlackFramedGlasses"},{"not_picked":["testmod-CardMagician","Philosopher\u0027s Stone"],"picked":"FeatherPendant"}],"items_purged_floors":[44,52],"is_endless":false,"potions_floor_spawned":[6,10,14,16,18,19,22,33,35,36,37,39,47],"ascension_level":0}}