{"host":"o3b7ow6d1xe49css","time":1612071862,"event":{"mods":["Act Like it!","Aspiration","BaseMod","Bestiary","Better Altar","Better Match","Better Note","Better Sensory Stone","Better Skull","Better Third Choice","Colored Powertips","Conspire","Energized Spire","Force Act Four","GifTheSpireLib","Halation","Hermit","Hubris","Infinite Spire","Lobotomy","Minty Spire (QoL Compilation)","Quick Restart","Rare Cards Sparkle","Relic Filter Mod","Reliquary","Replay The Spire","Spicy Shops","Spikes Relics","Spire Arcade","StSLib","Stuff the Spire","The Blue Laboratory","Wandering Minibosses"],"gold_per_floor":[110,123,134,134,144,177,177,206,206,236,236,270,270,25,25,125,125,190,408,408,109,129,156,156,156,156,7,7,7,7,7,7,7,7],"floor_reached":33,"language":"ENG","playtime":1489,"items_purged":["Strike_P","Strike_P"],"score":558,"play_id":"71306977-9269-45da-933a-226496c1bc67","local_time":"20210130204422","daily_mods":["Heirloom","Flight"],"is_ascension_mode":true,"campfire_choices":[{"data":"BattleHymn","floor":11,"key":"SMITH"},{"data":"Eruption","floor":13,"key":"SMITH"},{"data":"Consecrate","floor":15,"key":"SMITH"},{"floor":28,"key":"REST"},{"data":"Wallop","floor":32,"key":"SMITH"}],"circlet_count":0,"master_deck":["Strike_P+1","Strike_P+1","Defend_P+1","Defend_P","Defend_P+1","Defend_P+1","Eruption+1","Vigilance","UniverseFragment","Consecrate+1","OSAHOGD","BattleHymn+1","OldLady","Protect","Tantrum+1","Wallop+1","BowlingBash+1"],"relics":["PureWater","Ring of Chaos","halation:OrihimeAndHikoboshiSamaAndTears","CogitoBucket","Dream Catcher","Whetstone","Shuriken","aspiration:TomeofQuesting","Bottled Tornado","infinitespire:WardingShard","hubris:ScarierMask","SkinProphecy","Orichalcum","conspire:TreasureMap","reliquary:MudwinsCradle","Ectoplasm","reliquary:Buckler","StuffTheSpire:ForceGauntlet","Gremlin Food","reliquary:ExpiredCoupon","Ornamental Fan"],"acts_visited":["Exordium","TheCity"],"potions_floor_usage":[6,18,18,29,30,33],"damage_taken":[{"damage":0,"enemies":"Small Slimes","floor":1,"turns":3},{"damage":0,"enemies":"Cultist","floor":2,"turns":2},{"damage":0,"enemies":"2 Louse","floor":3,"turns":3},{"damage":0,"enemies":"Gremlin Gang","floor":5,"turns":2},{"damage":11,"enemies":"Gremlin Nob","floor":6,"turns":3},{"damage":0,"enemies":"Lagavulin","floor":8,"turns":4},{"damage":0,"enemies":"Replay:BlueRogue","floor":10,"turns":2},{"damage":12,"enemies":"Gremlin Nob","floor":12,"turns":3},{"damage":10,"enemies":"The Guardian","floor":16,"turns":6},{"damage":10,"enemies":"Shell Parasite","floor":18,"turns":3},{"damage":0,"enemies":"3 Byrds","floor":19,"turns":5},{"damage":7,"enemies":"Snake Plant","floor":22,"turns":4},{"damage":4,"enemies":"Slavers","floor":23,"turns":2},{"damage":0,"enemies":"Gremlin Leader","floor":25,"turns":2},{"damage":2,"enemies":"conspire:Head Lice","floor":29,"turns":3},{"damage":18,"enemies":"Book of Stabbing","floor":30,"turns":4},{"damage":0,"enemies":"Cultist and Chosen","floor":31,"turns":3},{"damage":11,"enemies":"Collector","floor":33,"turns":2}],"seed_played":"4016860325532320784","potions_obtained":[{"floor":1,"key":"blueLaboratory:FaithlessPotion"},{"floor":5,"key":"blueLaboratory:LouseDecoction"},{"floor":8,"key":"blueLaboratory:BottleOfVodka"},{"floor":16,"key":"Adrenaline Potion"},{"floor":19,"key":"blueLaboratory:BottleOfRum"},{"floor":25,"key":"SkillPotion"},{"floor":31,"key":"BottledMiracle"}],"is_trial":true,"path_per_floor":["M","M","M","?","M","E","?","E","T","E","R","E","R","$","R","B",null,"M","M","AVR","$","M","E","HB","E","T","$","R","E","E","M","R","B"],"character_chosen":"WATCHER","items_purchased":["infinitespire:WardingShard","conspire:TreasureMap","Wallop","Gremlin Food"],"campfire_rested":1,"item_purchase_floors":[14,21,21,27],"current_hp_per_floor":[72,72,72,65,65,54,61,61,61,61,61,49,49,49,49,39,64,54,50,50,50,39,31,31,27,27,27,51,45,23,15,15,0,0],"gold":7,"neow_bonus":"","is_daily":false,"chose_seed":false,"campfire_upgraded":4,"win_rate":0.0,"timestamp":1612071862,"path_taken":["M","M","M","?","?","E","?","E","T","E","R","E","R","$","R","BOSS","M","M","AVR","$","?","E","HB","E","T","$","R","E","E","?","R","BOSS"],"items_purchased_type":["Relic","Relic","Card","Relic"],"build_version":"2020-12-22","purchased_purges":2,"victory":false,"max_hp_per_floor":[72,72,72,72,72,72,72,72,72,72,72,72,72,72,72,72,72,72,74,74,74,76,78,78,80,80,80,80,82,84,88,88,90,90],"card_choices":[{"not_picked":["CrumblingArmor","Scorched"],"picked":"UniverseFragment","floor":1},{"not_picked":["Swivel","PathToVictory"],"picked":"Consecrate","floor":1},{"not_picked":["Variant","Mercenary","Wellcheers"],"picked":"Singing Bowl","floor":2},{"not_picked":["MHz","PunishingBird"],"picked":"OSAHOGD","floor":2},{"not_picked":["Replay:BluntJabs","FlurryOfBlows","SpiritShield"],"picked":"SKIP","floor":2},{"not_picked":["CENSORED","SingingMachine","SpiderBud"],"picked":"Singing Bowl","floor":3},{"not_picked":["ClearTheMind","Replay:AtTheReady"],"picked":"BattleHymn","floor":3},{"not_picked":["GalaxyChild","MeatLantern","Wellcheers"],"picked":"Singing Bowl","floor":5},{"not_picked":["Devotion","Conclude","Weave"],"picked":"SKIP","floor":5},{"not_picked":["MeatLantern","BigBird","WallGazer"],"picked":"Singing Bowl","floor":6},{"not_picked":["Scarecrow","Wellcheers"],"picked":"OldLady","floor":6},{"not_picked":["PathToVictory","Evaluate","SashWhip"],"picked":"SKIP","floor":6},{"not_picked":["MeatLantern","Bloodbath","MHz"],"picked":"Singing Bowl","floor":8},{"not_picked":["Replay:DivineShield","WaveOfTheHand","ClearTheMind"],"picked":"SKIP","floor":8},{"not_picked":["Bloodbath","FieryBird","WallGazer"],"picked":"Singing Bowl","floor":10},{"not_picked":["ThirdEye","EmptyBody","Replay:ManipulateFuture"],"picked":"SKIP","floor":10},{"not_picked":["QueenBee","FairyFestival","Wellcheers"],"picked":"Singing Bowl","floor":12},{"not_picked":["JustLucky","Sanctity","Weave"],"picked":"SKIP","floor":12},{"not_picked":["SpiderBud","Mercenary","DespairKnight"],"picked":"Singing Bowl","floor":16},{"not_picked":["VoidDream","RedShoes","Scorched"],"picked":"Singing Bowl","floor":18},{"not_picked":["TalkToTheHand","Replay:AtTheReady"],"picked":"Protect","floor":18},{"not_picked":["RedShoes","BigBird","MHz"],"picked":"Singing Bowl","floor":19},{"not_picked":["CrushJoints","Prostrate"],"picked":"Tantrum+1","floor":19},{"not_picked":["VoidDream","SnowQueen","MHz"],"picked":"Singing Bowl","floor":22},{"not_picked":["Vengeance","PathToVictory","CarveReality"],"picked":"SKIP","floor":22},{"not_picked":["PunishingBird","CENSORED","CrumblingArmor"],"picked":"Singing Bowl","floor":23},{"not_picked":["Replay:Hum","Replay:BluntJabs"],"picked":"BowlingBash+1","floor":23},{"not_picked":["BigBird","CrumblingArmor","VoidDream"],"picked":"Singing Bowl","floor":25},{"not_picked":["SignatureMove","BowlingBash","MentalFortress+1"],"picked":"SKIP","floor":25},{"not_picked":["RedShoes","CherryBlossoms","CENSORED"],"picked":"Singing Bowl","floor":29},{"not_picked":["CutThroughFate","ThirdEye","ConjureBlade"],"picked":"SKIP","floor":29},{"not_picked":["SpiderBud","FieryBird","GalaxyChild"],"picked":"Singing Bowl","floor":30},{"not_picked":["EmptyFist","Replay:ManipulateFuture","SpiritShield"],"picked":"SKIP","floor":30},{"not_picked":["Replay:Cycle","Replay:Hum","Perseverance"],"picked":"SKIP","floor":31}],"player_experience":1204046,"relics_obtained":[{"floor":6,"key":"Dream Catcher"},{"floor":8,"key":"Whetstone"},{"floor":9,"key":"Shuriken"},{"floor":10,"key":"aspiration:TomeofQuesting"},{"floor":12,"key":"Bottled Tornado"},{"floor":23,"key":"reliquary:MudwinsCradle"},{"floor":25,"key":"reliquary:Buckler"},{"floor":26,"key":"StuffTheSpire:ForceGauntlet"},{"floor":29,"key":"reliquary:ExpiredCoupon"},{"floor":30,"key":"Ornamental Fan"}],"event_choices":[{"damage_healed":0,"gold_gain":0,"player_choice":"Damaged","damage_taken":7,"max_hp_gain":0,"max_hp_loss":0,"event_name":"Wheel of Change","floor":4,"gold_loss":0}],"is_beta":false,"boss_relics":[{"not_picked":["energizedSpire:CrystalSphere","StuffTheSpire:Kangaroo"],"picked":"hubris:ScarierMask"}],"items_purged_floors":[20,21],"is_endless":false,"potions_floor_spawned":[1,5,8,16,19,25,31],"killed_by":"Collector","ascension_level":5}}