{"host":"74dg6ta44i9qan6e","time":1612130316,"event":{"mods":["Act Like it!","BaseMod","Downfall","Hubris","Infinite Spire","Lobotomy","LobotomyExtend","Minty Spire (QoL Compilation)","Replay The Spire","StSLib","Waifu the Spire"],"gold_per_floor":[99,99,99,99,99,99,99,132,152,178,192,210,238,238,255,360,360,260,285,308,329,18,42,42,42,61,86,30,30,30,49,69,171,171,71,92,92,92,34,69,123,66,66,466,130,50,50,80,106,106,106,106],"floor_reached":50,"language":"ENG","playtime":4051,"items_purged":[],"score":910,"play_id":"7c4f2fd2-9a72-443c-932c-c5452d8d5daf","local_time":"20210131165836","is_ascension_mode":true,"campfire_choices":[{"floor":1,"key":"DIG"},{"data":"hexamod:RadiantFlame","floor":6,"key":"SMITH"},{"floor":30,"key":"RECALL"},{"data":"hexamod:Hexaguard","floor":35,"key":"SMITH"},{"data":"hexamod:ExtraCrispy","floor":43,"key":"SMITH"},{"data":"hexamod:ForkedFlame","floor":47,"key":"SMITH"}],"circlet_count":0,"master_deck":["hexamod:Strike","hexamod:Strike","hexamod:Strike","hexamod:Defend","hexamod:Defend","hexamod:Defend","hexamod:Defend","hexamod:Sear+1","hexamod:Float","hexamod:RadiantFlame+1","hexamod:Hexaguard+1","hexamod:PowerFromBeyond","hexamod:FirstSeal","hexamod:HauntingEcho","hexamod:FlamesFromBeyond","hexamod:SpectersWail","hexamod:SkipABeat","hexamod:GhostflameBarrier","hexamod:ExtraCrispy+1","hexamod:CatchUp","hexamod:StepThrough","hexamod:RadiantFlame","hexamod:InspiringFlames","hexamod:GhostOfSpireFuture+1","hexamod:SecondSeal","hexamod:GhostShield","hexamod:HexaLevel+1","hexamod:StepThrough","hexamod:AdvancingGuard+1","hexamod:RetreatToShadows","hexamod:WildfireWeapon+1","hexamod:FourthSeal","hexamod:Hexaguard+1","hexamod:GhostShield","hexamod:GhostOfSpirePast+1","hexamod:HauntingEcho","hexamod:UnleashSpirits","hexamod:PhantomCloak+1","hexamod:ThermalTransfer","hexamod:HeatCrush","hexamod:HauntingEcho+1","hexamod:FastForward","hexamod:ChargedBarrage+1","hexamod:AdvancingGuard","hexamod:Hexaguard+1","hexamod:StepThrough","hexamod:ParanormalForm+1","hexamod:PhantomCloak+1","hexamod:RainOfEmbers+1","hexamod:NightmareStrike","hexamod:FastForward+1","Pot Of Greed","Pot Of Greed","Pot Of Greed","Pot Of Greed","Pot Of Greed","hexamod:ShieldOfDarkness+1","infinitespire:Fortify","hexamod:HeatShield","hexamod:TimeWarp","hexamod:Haunt","hexamod:SpectersWail+1","hexamod:ForkedFlame+1","Pot Of Greed","hexamod:Hexaguard+1","hexamod:ThirdSeal","hexamod:FirstSeal"],"relics":["hexamod:SpiritBrand","downfall:HeartsMalice","Prayer Wheel","infinitespire:WardingShard","Vajra","LetterFromLob","infinitespire:CheckeredPen","Frozen Egg 2","sneckomod:SneckoTalon","downfall:HeartBlessingGreen","Meat on the Bone","Replay:Wax Seal","ReplayTheSpireMod:TigerMarble","ReplayTheSpireMod:Ring of Collecting","Ring of Peace","hubris:RunicObelisk","downfall:HeartBlessingRed","hubris:Icosahedron","hexamod:JarOfFuel","MealTicket","Ring of Fury","Grinning Jar","sneckomod:BlankCard","Old Coin","infinitespire:EmpoweringShard","hubris:Metronome"],"acts_visited":["Exordium","TheCity","TheBeyond"],"potions_floor_usage":[11,13,13,16,28,33,39,40,44,44,44,44,45,50,50,50],"damage_taken":[{"damage":0,"enemies":"Small Slimes","floor":2,"turns":1},{"damage":0,"enemies":"infinitespire:Voidling","floor":3,"turns":1},{"damage":0,"enemies":"2 Louse","floor":4,"turns":1},{"damage":25,"enemies":"3 Sentries","floor":8,"turns":8},{"damage":1,"enemies":"Large Slime","floor":9,"turns":3},{"damage":0,"enemies":"Replay:BlueRogue","floor":10,"turns":8},{"damage":3,"enemies":"3 Louse","floor":11,"turns":2},{"damage":10,"enemies":"Exordium Thugs","floor":12,"turns":4},{"damage":0,"enemies":"Lagavulin","floor":13,"turns":6},{"damage":7,"enemies":"Blue Slaver","floor":15,"turns":4},{"damage":19,"enemies":"WA_ARCHETYPE_RETAIN","floor":16,"turns":6},{"damage":5,"enemies":"3 Byrds","floor":19,"turns":5},{"damage":30,"enemies":"Shell Parasite","floor":20,"turns":6},{"damage":12,"enemies":"Snecko","floor":21,"turns":7},{"damage":0,"enemies":"downfall:FleeingMerchant","floor":22,"turns":4},{"damage":6,"enemies":"Centurion and Healer","floor":23,"turns":7},{"damage":20,"enemies":"3 Cultists","floor":26,"turns":5},{"damage":6,"enemies":"Book of Stabbing","floor":27,"turns":6},{"damage":0,"enemies":"downfall:FleeingMerchant","floor":28,"turns":4},{"damage":22,"enemies":"Cultist and Chosen","floor":31,"turns":8},{"damage":0,"enemies":"Snake Plant","floor":32,"turns":3},{"damage":32,"enemies":"DF_ARCHETYPE_CLAW","floor":33,"turns":11},{"damage":0,"enemies":"Orb Walker","floor":36,"turns":4},{"damage":0,"enemies":"downfall:FleeingMerchant","floor":39,"turns":4},{"damage":44,"enemies":"Reptomancer","floor":40,"turns":7},{"damage":14,"enemies":"Giant Head","floor":42,"turns":10},{"damage":11,"enemies":"infinitespire:Three Voidlings","floor":44,"turns":4},{"damage":40,"enemies":"Nightmare_Alpha","floor":44,"turns":10},{"damage":0,"enemies":"downfall:FleeingMerchant","floor":45,"turns":4},{"damage":0,"enemies":"3 Darklings","floor":46,"turns":6},{"damage":25,"enemies":"Nemesis","floor":48,"turns":5},{"damage":0,"enemies":"Transient","floor":49,"turns":5},{"damage":87,"enemies":"IC_BLOCK_ARCHETYPE","floor":50,"turns":7}],"seed_played":"705489184172106365","potions_obtained":[{"floor":8,"key":"SpeedPotion"},{"floor":9,"key":"Adrenaline Potion"},{"floor":10,"key":"Weak Potion"},{"floor":12,"key":"LifebloodPotion"},{"floor":15,"key":"Fire Potion"},{"floor":16,"key":"GamblersBrew"},{"floor":23,"key":"FearPotion"},{"floor":23,"key":"champ:CounterPotion"},{"floor":27,"key":"PowerPotion"},{"floor":28,"key":"Milkshake"},{"floor":32,"key":"Elixir"},{"floor":33,"key":"Regen Potion"},{"floor":33,"key":"hexamod:EctoCoolerPotion"},{"floor":36,"key":"Flashbang"},{"floor":39,"key":"ColorlessPotion"},{"floor":42,"key":"Slimebound:ThreeZeroPotion"},{"floor":44,"key":"Fruit Juice"},{"floor":44,"key":"SteroidPotion"},{"floor":45,"key":"Death Potion"},{"floor":48,"key":"BlessingOfTheForge"},{"floor":49,"key":"Elixir"}],"is_trial":false,"path_per_floor":["R","M","M","M","?","R","T","E","M","E","M","M","E","?","M","B",null,"R","M","M","M","$","M","T","?","M","E","$","?","R","M","M","B",null,"R","M","?","?","$","E","T","E","R","?","$","M","R","E","M","B"],"character_chosen":"THE_SPIRIT","items_purchased":["Meat on the Bone","hexamod:HauntingEcho","ReplayTheSpireMod:TigerMarble","hexamod:JarOfFuel","infinitespire:EmpoweringShard","hexamod:Haunt"],"campfire_rested":0,"item_purchase_floors":[22,22,28,39,45,45],"current_hp_per_floor":[70,70,70,70,63,63,63,38,44,48,52,42,49,49,49,37,70,70,70,47,35,42,43,43,43,35,48,48,48,48,38,42,29,70,70,70,70,70,70,45,45,50,50,46,68,75,75,57,75,0,0,0],"gold":106,"neow_bonus":"THREE_ENEMY_KILL","is_daily":false,"chose_seed":false,"campfire_upgraded":4,"win_rate":0.0,"timestamp":1612130316,"path_taken":["R","M","M","M","?","R","T","E","?","E","M","M","E","?","M","BOSS","R","M","M","M","$","M","T","?","M","E","$","?","R","M","M","BOSS","R","M","?","?","$","E","T","E","R","?","$","?","R","E","M","BOSS"],"items_purchased_type":["Relic","Card","Relic","Relic","Relic","Card"],"build_version":"2020-12-22","purchased_purges":0,"victory":false,"max_hp_per_floor":[70,70,70,70,70,70,70,70,70,70,70,70,70,70,70,70,70,70,70,70,70,70,70,70,70,70,70,70,70,70,70,70,70,70,70,70,70,70,70,70,70,70,70,75,75,75,75,75,75,75,75,75],"card_choices":[{"not_picked":["hexamod:HeatShield","hexamod:Haunt"],"picked":"hexamod:RadiantFlame","floor":2},{"not_picked":["hexamod:SuperheatedStrike","hexamod:ShieldOfDarkness"],"picked":"hexamod:Hexaguard","floor":2},{"not_picked":["hexamod:Hexaguard","hexamod:NightmareGuise"],"picked":"hexamod:PowerFromBeyond","floor":3},{"not_picked":["hexamod:RadiantFlame","hexamod:HexaLevel"],"picked":"hexamod:FirstSeal","floor":3},{"not_picked":["hexamod:SpectersWail","hexamod:NightmareGuise"],"picked":"hexamod:HauntingEcho","floor":4},{"not_picked":["hexamod:SwordOfDarkness","hexamod:SuperheatedStrike"],"picked":"hexamod:FlamesFromBeyond","floor":4},{"not_picked":["hexamod:AdvancingGuard","hexamod:SuperheatedStrike"],"picked":"hexamod:SpectersWail","floor":8},{"not_picked":["hexamod:AdvancingGuard","hexamod:StepThrough"],"picked":"hexamod:SkipABeat","floor":9},{"not_picked":["hexamod:SuperheatedStrike","hexamod:Firestarter"],"picked":"hexamod:GhostflameBarrier","floor":9},{"not_picked":["hexamod:BacktrackSmack","hexamod:SpectersWail"],"picked":"hexamod:ExtraCrispy","floor":10},{"not_picked":["hexamod:SpectersWail","hexamod:NightmareStrike"],"picked":"hexamod:CatchUp","floor":11},{"not_picked":["hexamod:RadiantFlame","hexamod:Again"],"picked":"hexamod:StepThrough","floor":11},{"not_picked":["hexamod:ThermalTransfer","hexamod:UnlimitedPower"],"picked":"hexamod:RadiantFlame","floor":12},{"not_picked":["hexamod:HauntingEcho","hexamod:NightmareGuise"],"picked":"hexamod:InspiringFlames","floor":12},{"not_picked":["hexamod:AdvancingGuard","hexamod:SkipABeat"],"picked":"hexamod:GhostOfSpireFuture+1","floor":13},{"not_picked":["hexamod:BurningTouch","hexamod:BacktrackSmack"],"picked":"hexamod:SecondSeal","floor":15},{"not_picked":["hexamod:FlamesFromBeyond","hexamod:SkipABeat"],"picked":"hexamod:GhostShield","floor":15},{"not_picked":["hexamod:Toasty","hexamod:GhostflameInferno"],"picked":"hexamod:HexaLevel+1","floor":16},{"not_picked":["hexamod:HeatMetal","hexamod:Firestarter+1"],"picked":"hexamod:AdvancingGuard+1","floor":19},{"not_picked":["hexamod:RadiantFlame+1","hexamod:Firestarter"],"picked":"hexamod:RetreatToShadows","floor":19},{"not_picked":["hexamod:HeatMetal+1","hexamod:Haunt"],"picked":"hexamod:WildfireWeapon+1","floor":20},{"not_picked":["hexamod:HauntingEcho+1","hexamod:GhostShield"],"picked":"hexamod:FourthSeal","floor":20},{"not_picked":["hexamod:HauntingEcho+1","hexamod:NightmareGuise"],"picked":"hexamod:Hexaguard+1","floor":21},{"not_picked":["hexamod:HauntingEcho","hexamod:SwordOfDarkness"],"picked":"hexamod:GhostShield","floor":21},{"not_picked":["hexamod:HauntingEcho","hexamod:BurningTouch"],"picked":"hexamod:GhostOfSpirePast+1","floor":22},{"not_picked":["hexamod:ThermalTransfer","hexamod:GhostOfSpireFuture+1"],"picked":"hexamod:UnleashSpirits","floor":23},{"not_picked":["hexamod:Firestarter","hexamod:AdvancingGuard"],"picked":"hexamod:PhantomCloak+1","floor":23},{"not_picked":["hexamod:PhantomFireball","hexamod:AdvancingGuard"],"picked":"hexamod:ThermalTransfer","floor":26},{"not_picked":["hexamod:SpectralSpark","hexamod:GhostShield+1"],"picked":"hexamod:HeatCrush","floor":26},{"not_picked":["hexamod:NightmareStrike","hexamod:TurnItUp"],"picked":"hexamod:HauntingEcho+1","floor":27},{"not_picked":["hexamod:NightmareStrike","hexamod:GhostShield"],"picked":"hexamod:FastForward","floor":28},{"not_picked":["hexamod:Firestarter+1","hexamod:SpectralAdrenaline"],"picked":"hexamod:ChargedBarrage+1","floor":31},{"not_picked":["hexamod:ChargedBarrage","hexamod:DynamicBlow"],"picked":"hexamod:AdvancingGuard","floor":31},{"not_picked":["hexamod:SpectersWail","hexamod:ShieldOfDarkness"],"picked":"hexamod:Hexaguard","floor":32},{"not_picked":["hexamod:FlamesFromBeyond","hexamod:NightmareStrike"],"picked":"hexamod:StepThrough","floor":32},{"not_picked":["hexamod:UnlimitedPower","hexamod:WildfireWeapon+1"],"picked":"hexamod:ParanormalForm+1","floor":33},{"not_picked":["hexamod:FlamesFromBeyond","hexamod:NightmareStrike+1"],"picked":"hexamod:PhantomCloak+1","floor":36},{"not_picked":["hexamod:ThermalTransfer+1","hexamod:SecondSeal"],"picked":"hexamod:RainOfEmbers+1","floor":36},{"not_picked":["hexamod:ThermalTransfer","hexamod:InspiringFlames"],"picked":"hexamod:NightmareStrike","floor":39},{"not_picked":["hexamod:NightmareStrike","hexamod:ShieldOfDarkness+1"],"picked":"hexamod:FastForward+1","floor":40},{"not_picked":["hexamod:SuperheatedStrike+1","hexamod:GhostOfSpireFuture+1"],"picked":"hexamod:ShieldOfDarkness+1","floor":42},{"not_picked":["infinitespire:Execution","ReplayTheSpireMod:??????????????????????"],"picked":"infinitespire:Fortify","floor":44},{"not_picked":["hexamod:CatchUp+1","hexamod:Firestarter+1"],"picked":"hexamod:HeatShield","floor":44},{"not_picked":["hexamod:SwordOfDarkness","hexamod:SuperheatedStrike+1"],"picked":"hexamod:TimeWarp","floor":45},{"not_picked":["hexamod:InspiringFlames+1","hexamod:Firestarter+1"],"picked":"hexamod:SpectersWail+1","floor":46},{"not_picked":["hexamod:ThermalTransfer+1","hexamod:NightmareStrike+1"],"picked":"hexamod:ForkedFlame","floor":46},{"not_picked":["hexamod:GhostShield","hexamod:StepThrough"],"picked":"hexamod:Hexaguard+1","floor":48},{"not_picked":["hexamod:GhostLash+1","hexamod:FirstSeal"],"picked":"hexamod:ThirdSeal","floor":49},{"not_picked":["hexamod:ShieldOfDarkness","hexamod:Rewind"],"picked":"hexamod:FirstSeal","floor":49}],"player_experience":538563,"relics_obtained":[{"floor":1,"key":"Prayer Wheel"},{"floor":7,"key":"infinitespire:WardingShard"},{"floor":8,"key":"Vajra"},{"floor":8,"key":"LetterFromLob"},{"floor":10,"key":"infinitespire:CheckeredPen"},{"floor":13,"key":"Frozen Egg 2"},{"floor":27,"key":"Replay:Wax Seal"},{"floor":29,"key":"ReplayTheSpireMod:Ring of Collecting"},{"floor":29,"key":"Ring of Peace"},{"floor":40,"key":"MealTicket"},{"floor":41,"key":"Ring of Fury"},{"floor":41,"key":"Grinning Jar"},{"floor":42,"key":"sneckomod:BlankCard"},{"floor":44,"key":"Old Coin"},{"floor":48,"key":"hubris:Metronome"}],"event_choices":[{"damage_healed":0,"gold_gain":0,"player_choice":"Damaged","damage_taken":7,"max_hp_gain":0,"max_hp_loss":0,"event_name":"Wheel of Change","floor":5,"gold_loss":0}],"is_beta":false,"boss_relics":[{"not_picked":["Black Star","Ring of Chaos"],"picked":"sneckomod:SneckoTalon"},{"not_picked":["Honey Jar","infinitespire:Cupcake"],"picked":"hubris:RunicObelisk"}],"items_purged_floors":[],"is_endless":false,"potions_floor_spawned":[8,9,10,12,15,16,23,26,31,32,33,36,44,44,48,49],"killed_by":"IC_BLOCK_ARCHETYPE","ascension_level":2}}