{"host":"6gl4z8x6qhx9xtfj","time":1612063901,"event":{"mods":["2.2 Compatiblity","AchievementEnabler","BaseMod","Bestiary","Colored Map","Colored Powertips","Evolution","Minty Spire (QoL Compilation)","Quick Restart","Relic Stats","StSLib","SuperFastMode"],"gold_per_floor":[115,115,115,133,308,340,351,351,351,351,351],"floor_reached":10,"language":"RUS","playtime":376,"items_purged":[],"score":126,"play_id":"3c93e384-7e7d-4c5e-9077-365887a6c6cd","local_time":"20210131063141","is_ascension_mode":true,"campfire_choices":[],"circlet_count":0,"master_deck":["SashWhip","SashWhip","SashWhip","SashWhip","Evaluate","Evaluate","Evaluate","Evaluate","Eruption+1","Vigilance","Doubt","Fasting2"],"relics":["EVO:Axolotl","Snecko Eye","CloakClasp","Molten Egg 2","Golden Idol","Pocketwatch"],"acts_visited":["Exordium"],"potions_floor_usage":[],"damage_taken":[{"damage":6,"enemies":"Cultist","floor":1,"turns":3},{"damage":0,"enemies":"Jaw Worm","floor":4,"turns":3},{"damage":24,"enemies":"3 Sentries","floor":6,"turns":6},{"damage":0,"enemies":"Small Slimes","floor":7,"turns":2},{"damage":31,"enemies":"Lagavulin","floor":10,"turns":10}],"seed_played":"-8287316457507933308","potions_obtained":[{"floor":4,"key":"Swift Potion"},{"floor":7,"key":"BottledMiracle"}],"is_trial":false,"path_per_floor":["M","?","?","M","?","E","M","?","T","E"],"character_chosen":"WATCHER","items_purchased":[],"campfire_rested":0,"item_purchase_floors":[],"current_hp_per_floor":[70,67,67,67,67,43,43,24,24,0,0],"gold":351,"neow_bonus":"BOSS_RELIC","is_daily":false,"chose_seed":false,"campfire_upgraded":0,"win_rate":0.0,"timestamp":1612063901,"path_taken":["M","?","?","?","?","E","M","?","T","E"],"items_purchased_type":[],"build_version":"2020-12-22","purchased_purges":0,"victory":false,"max_hp_per_floor":[76,76,76,76,76,76,76,76,76,76,76],"relic_stats":{"counters":[5,24],"Golden Idol":0,"Snecko Eye":[41,38,32,50],"CloakClasp":[110],"obtain_stats":[{"Golden Idol":8,"Snecko Eye":0,"Molten Egg 2":6,"CloakClasp":2,"EVO:Axolotl":0,"PureWater":0,"Pocketwatch":9},{"Golden Idol":4,"Snecko Eye":0,"Molten Egg 2":3,"CloakClasp":1,"EVO:Axolotl":0,"PureWater":0,"Pocketwatch":4},{"Golden Idol":14,"Snecko Eye":0,"Molten Egg 2":12,"CloakClasp":3,"EVO:Axolotl":0,"PureWater":0,"Pocketwatch":14}],"Pocketwatch":[6]},"card_choices":[{"not_picked":["JustLucky","Vengeance","EmptyFist"],"picked":"SKIP","floor":1},{"not_picked":["Pray","DeceiveReality","Consecrate"],"picked":"SKIP","floor":4},{"not_picked":["Prostrate","Perseverance"],"picked":"Fasting2","floor":6},{"not_picked":["Prostrate","PathToVictory","BowlingBash+1"],"picked":"SKIP","floor":7}],"player_experience":91477,"relics_obtained":[{"floor":6,"key":"Molten Egg 2"},{"floor":9,"key":"Pocketwatch"}],"event_choices":[{"damage_healed":0,"gold_gain":0,"player_choice":"Success","damage_taken":3,"relics_obtained":["CloakClasp"],"max_hp_gain":0,"max_hp_loss":0,"event_name":"Scrap Ooze","floor":2,"gold_loss":0},{"damage_healed":0,"gold_gain":0,"player_choice":"Upgraded","damage_taken":0,"max_hp_gain":0,"max_hp_loss":0,"event_name":"Upgrade Shrine","floor":3,"gold_loss":0,"cards_upgraded":["Eruption"]},{"damage_healed":0,"gold_gain":175,"player_choice":"AGREE","damage_taken":0,"max_hp_gain":0,"max_hp_loss":0,"event_name":"Liars Game","floor":5,"gold_loss":0,"cards_obtained":["Doubt"]},{"damage_healed":0,"gold_gain":0,"player_choice":"Take Damage","damage_taken":19,"relics_obtained":["Golden Idol"],"max_hp_gain":0,"max_hp_loss":0,"event_name":"Golden Idol","floor":8,"gold_loss":0}],"is_beta":false,"boss_relics":[],"items_purged_floors":[],"is_endless":false,"potions_floor_spawned":[4,7],"killed_by":"Lagavulin","ascension_level":3}}