{"host":"1tl36azeqm6yhdgj","time":1612129689,"event":{"mods":["AchievementEnabler","BaseMod","Minty Spire (QoL Compilation)","StSLib","The IronCluck","everything is the same but u backflip on backflip"],"gold_per_floor":[118,268,343,68,78,78,108,21,21,48,13,44,69,69,69,143,143,158,174,174,187,205,205,205,235,235,235,235],"floor_reached":27,"language":"ENG","playtime":1106,"items_purged":["Doubt"],"score":544,"play_id":"84c6087f-17ae-44d3-a501-852a918684ca","local_time":"20210131164809","is_ascension_mode":true,"campfire_choices":[{"data":"Neutralize","floor":6.0,"key":"SMITH"},{"floor":15.0,"key":"REST"},{"floor":23.0,"key":"REST"}],"circlet_count":0,"master_deck":["AscendersBane","Strike_G","Strike_G","Strike_G","Strike_G","Defend_G","Defend_G","Defend_G","Defend_G","Defend_G","Survivor","Neutralize+1","Blade Dance","Backflip","Noxious Fumes","Dagger Throw","Footwork","Bullet Time","Dash","Cloak And Dagger","Backstab","Burst","Setup","Poisoned Stab","Leg Sweep","Caltrops","PiercingWail","Phantasmal Killer"],"relics":["Ring of the Serpent","NeowsBlessing","Shuriken","Eternal Feather","Sundial","TungstenRod","Odd Mushroom","WingedGreaves","StrikeDummy","Regal Pillow"],"acts_visited":["Exordium","TheCity"],"potions_floor_usage":[],"damage_taken":[{"damage":0.0,"enemies":"Jaw Worm","floor":1.0,"turns":1.0},{"damage":0.0,"enemies":"Small Slimes","floor":5.0,"turns":1.0},{"damage":0.0,"enemies":"3 Sentries","floor":7.0,"turns":1.0},{"damage":12.0,"enemies":"Lagavulin","floor":10.0,"turns":6.0},{"damage":19.0,"enemies":"3 Sentries","floor":12.0,"turns":9.0},{"damage":9.0,"enemies":"The Mushroom Lair","floor":13.0,"turns":4.0},{"damage":21.0,"enemies":"Slime Boss","floor":16.0,"turns":9.0},{"damage":20.0,"enemies":"2 Thieves","floor":18.0,"turns":4.0},{"damage":10.0,"enemies":"3 Byrds","floor":19.0,"turns":6.0},{"damage":5.0,"enemies":"Snecko","floor":21.0,"turns":6.0},{"damage":5.0,"enemies":"Snake Plant","floor":22.0,"turns":4.0},{"damage":28.0,"enemies":"Book of Stabbing","floor":25.0,"turns":8.0},{"damage":28,"enemies":"Gremlin Leader","floor":27,"turns":7}],"seed_played":"-8214754076105757241","potions_obtained":[{"floor":5.0,"key":"Regen Potion"},{"floor":12.0,"key":"FearPotion"},{"floor":16.0,"key":"Poison Potion"},{"floor":18.0,"key":"CultistPotion"}],"is_trial":false,"path_per_floor":["M","?","?","$","M","R","E","$","T","E","?","E","?","T","R","B",null,"M","M","?","M","M","R","?","E","T","E"],"character_chosen":"THE_SILENT","items_purchased":["DistilledChaos","Backflip","Noxious Fumes","Bullet Time"],"campfire_rested":2,"item_purchase_floors":[4,4,4,8],"current_hp_per_floor":[59,59,48,48,48,48,48,48,48,36,52,33,36,36,66,45,61,41,31,31,26,21,55,55,27,27,0,0],"gold":235,"neow_bonus":"THREE_ENEMY_KILL","is_daily":false,"chose_seed":false,"campfire_upgraded":1,"win_rate":0.0,"timestamp":1612129689,"path_taken":["M","?","?","?","M","R","E","$","T","E","?","E","?","?","R","BOSS","M","M","?","M","?","R","?","E","T","E"],"items_purchased_type":["Potion","Card","Card","Card"],"build_version":"2020-12-22","purchased_purges":1,"victory":false,"max_hp_per_floor":[66,66,66,66,66,66,66,66,66,66,66,66,66,66,66,66,66,66,66,66,66,66,66,66,66,66,66,66],"card_choices":[{"not_picked":["Quick Slash","Dodge and Roll"],"picked":"Blade Dance","floor":1.0},{"not_picked":["Blade Dance","Quick Slash"],"picked":"Dagger Throw","floor":5.0},{"not_picked":["Phantasmal Killer","Terror"],"picked":"Footwork","floor":7.0},{"not_picked":["Prepared","Grand Finale"],"picked":"Dash","floor":10.0},{"not_picked":["Concentrate","Calculated Gamble"],"picked":"Cloak And Dagger","floor":12.0},{"not_picked":["Choke","Sucker Punch"],"picked":"Backstab","floor":13.0},{"not_picked":["Storm of Steel","Phantasmal Killer"],"picked":"Burst","floor":16.0},{"not_picked":["Slice","Leg Sweep"],"picked":"Setup","floor":18.0},{"not_picked":["Masterful Stab+1","Backflip"],"picked":"Poisoned Stab","floor":19.0},{"not_picked":["Flechettes","Cloak And Dagger"],"picked":"Caltrops","floor":21.0},{"not_picked":["Prepared","Skewer"],"picked":"PiercingWail","floor":22.0},{"not_picked":["Concentrate","Noxious Fumes"],"picked":"Phantasmal Killer","floor":25.0}],"player_experience":2115815,"relics_obtained":[{"floor":7.0,"key":"Shuriken"},{"floor":9.0,"key":"Eternal Feather"},{"floor":10.0,"key":"Sundial"},{"floor":12.0,"key":"TungstenRod"},{"floor":13.0,"key":"Odd Mushroom"},{"floor":14.0,"key":"WingedGreaves"},{"floor":25.0,"key":"StrikeDummy"},{"floor":26.0,"key":"Regal Pillow"}],"event_choices":[{"damage_healed":0.0,"max_hp_gain":0.0,"max_hp_loss":0.0,"gold_gain":150.0,"event_name":"Liars Game","player_choice":"AGREE","floor":2.0,"gold_loss":0.0,"damage_taken":0.0,"cards_obtained":["Doubt"]},{"damage_healed":0.0,"max_hp_gain":0.0,"max_hp_loss":0.0,"gold_gain":75.0,"event_name":"World of Goop","player_choice":"Gather Gold","floor":3.0,"gold_loss":0.0,"damage_taken":11.0},{"damage_healed":16.0,"max_hp_gain":0.0,"max_hp_loss":0.0,"gold_gain":0.0,"event_name":"The Cleric","player_choice":"Healed","floor":11.0,"gold_loss":35.0,"damage_taken":0.0},{"damage_healed":0.0,"max_hp_gain":0.0,"max_hp_loss":0.0,"gold_gain":0.0,"event_name":"Mushrooms","player_choice":"Fought Mushrooms","floor":13.0,"gold_loss":0.0,"damage_taken":0.0},{"damage_healed":0.0,"max_hp_gain":0.0,"max_hp_loss":0.0,"gold_gain":0.0,"cards_transformed":["Strike_G"],"event_name":"Transmorgrifier","player_choice":"Transformed","floor":20.0,"gold_loss":0.0,"damage_taken":0.0,"cards_obtained":["Leg Sweep"]},{"damage_healed":0.0,"max_hp_gain":0.0,"max_hp_loss":0.0,"gold_gain":0.0,"event_name":"Vampires","player_choice":"Ignored","floor":24.0,"gold_loss":0.0,"damage_taken":0.0}],"is_beta":false,"boss_relics":[{"not_picked":["Snecko Eye","Velvet Choker"],"picked":"Ring of the Serpent"}],"items_purged_floors":[4],"is_endless":false,"potions_floor_spawned":[5,12,16,18,19],"killed_by":"Gremlin Leader","ascension_level":20}}