{"host":"u1dfzl6o6mfmauc3","time":1612096614,"event":{"mods":["2.2 Compatiblity","AchievementEnabler","BaseMod","Bestiary","Block Reminder","Challenge The Spire","Colored Map","Dark Map","Hermit","Minty Spire (QoL Compilation)","Random Character Button","Rare Cards Sparkle","Relic Stats","Robot Space Explorer","StSLib","The Disciple"],"gold_per_floor":[118,138,138,156,121,159,171,183,231,243,255,367,402,414,451,484,496,508,646,658,685,711,330,344,365,365,365],"floor_reached":26,"language":"ENG","playtime":1189,"items_purged":["RobotSpaceExplorer:Strike"],"score":286,"play_id":"d1e28cae-2eab-42ed-8c44-0683fda2966f","local_time":"20210131073654","is_ascension_mode":true,"campfire_choices":[{"data":"RobotSpaceExplorer:LaserBurst","floor":8,"key":"SMITH"},{"data":"RobotSpaceExplorer:Calculate","floor":11,"key":"SMITH"},{"floor":14,"key":"REST"},{"data":"RobotSpaceExplorer:SelfCleaning","floor":17,"key":"SMITH"},{"floor":18,"key":"REST"}],"circlet_count":0,"master_deck":["RobotSpaceExplorer:Strike","RobotSpaceExplorer:Defend","RobotSpaceExplorer:Defend","RobotSpaceExplorer:Defend","RobotSpaceExplorer:Defend","RobotSpaceExplorer:Scan","RobotSpaceExplorer:MiniLasers","RobotSpaceExplorer:LaserBurst+1","RobotSpaceExplorer:SelfCleaning+1","RobotSpaceExplorer:StunGrenade","RobotSpaceExplorer:Calculate+1","RobotSpaceExplorer:SlimeMissile","RobotSpaceExplorer:TrailblazerForm","RobotSpaceExplorer:ShockKick+1","RobotSpaceExplorer:Electropulse","Discovery","RobotSpaceExplorer:Reload","RobotSpaceExplorer:Counterblock"],"relics":["Cursed Key","Golden Idol","MawBank","Smiling Mask","Empty Cage","MealTicket"],"acts_visited":["Exordium","TheCity"],"potions_floor_usage":[6,6,9,9,16,25,26,26,26],"damage_taken":[{"damage":0,"enemies":"Cultist","floor":1,"turns":4},{"damage":0,"enemies":"2 Louse","floor":2,"turns":4},{"damage":7,"enemies":"Jaw Worm","floor":4,"turns":3},{"damage":8,"enemies":"Gremlin Nob","floor":6,"turns":3},{"damage":16,"enemies":"Lagavulin","floor":9,"turns":7},{"damage":17,"enemies":"Large Slime","floor":13,"turns":6},{"damage":2,"enemies":"Red Slaver","floor":15,"turns":5},{"damage":0,"enemies":"Exordium Wildlife","floor":16,"turns":1},{"damage":50,"enemies":"Hexaghost","floor":19,"turns":12},{"damage":13,"enemies":"Shell Parasite","floor":21,"turns":7},{"damage":7,"enemies":"Chosen","floor":22,"turns":7},{"damage":7,"enemies":"Centurion and Healer","floor":24,"turns":6},{"damage":24,"enemies":"Sentry and Sphere","floor":25,"turns":5},{"damage":13,"enemies":"Book of Stabbing","floor":26,"turns":3}],"seed_played":"-3582103941898449474","potions_obtained":[{"floor":1,"key":"Strength Potion"},{"floor":4,"key":"Fire Potion"},{"floor":6,"key":"SkillPotion"},{"floor":13,"key":"LiquidMemories"},{"floor":24,"key":"Strength Potion"},{"floor":25,"key":"Explosive Potion"}],"is_trial":false,"path_per_floor":["M","M","?","M","?","E","T","R","E","T","R","?","M","R","M","M","R","R","B",null,"M","M","$","M","M","E"],"character_chosen":"RobotSpaceExplorer","items_purchased":["Discovery","MealTicket","Fire Potion","SteroidPotion"],"campfire_rested":2,"item_purchase_floors":[23,23,23,23],"current_hp_per_floor":[68,68,50,43,61,53,53,53,37,37,37,37,20,42,40,40,40,62,12,59,46,39,39,32,8,0,0],"gold":365,"neow_bonus":"BOSS_RELIC","is_daily":false,"chose_seed":false,"campfire_upgraded":3,"win_rate":0.0,"timestamp":1612096614,"path_taken":["M","M","?","M","?","E","?","R","E","T","R","?","M","R","M","M","R","R","BOSS","M","M","$","M","M","E"],"items_purchased_type":["Card","Relic","Potion","Potion"],"build_version":"2020-12-22","purchased_purges":1,"victory":false,"max_hp_per_floor":[75,75,75,75,75,75,75,75,75,75,75,75,75,75,75,75,75,75,75,75,75,75,75,75,75,75,75],"relic_stats":{"counters":[14,73],"Golden Idol":71,"MealTicket":0,"Cursed Key":0,"MawBank":204,"Smiling Mask":25,"obtain_stats":[{"Golden Idol":3,"RobotSpaceExplorer:RoboCore":0,"MealTicket":23,"Cursed Key":0,"MawBank":6,"Smiling Mask":9,"Empty Cage":20},{"Golden Idol":2,"RobotSpaceExplorer:RoboCore":0,"MealTicket":11,"Cursed Key":0,"MawBank":4,"Smiling Mask":5,"Empty Cage":9},{"Golden Idol":8,"RobotSpaceExplorer:RoboCore":0,"MealTicket":59,"Cursed Key":0,"MawBank":14,"Smiling Mask":21,"Empty Cage":45}]},"card_choices":[{"not_picked":["RobotSpaceExplorer:FranticSearch","RobotSpaceExplorer:FreezeRay"],"picked":"RobotSpaceExplorer:LaserBurst","floor":1},{"not_picked":["RobotSpaceExplorer:ExhaustFan","RobotSpaceExplorer:Ammunition","RobotSpaceExplorer:SwiftStep"],"picked":"SKIP","floor":2},{"not_picked":["RobotSpaceExplorer:RigExplosive","RobotSpaceExplorer:MakeshiftVolley"],"picked":"RobotSpaceExplorer:SelfCleaning","floor":4},{"not_picked":["RobotSpaceExplorer:Wormhole","RobotSpaceExplorer:MakeshiftVolley"],"picked":"RobotSpaceExplorer:StunGrenade","floor":6},{"not_picked":["RobotSpaceExplorer:PlasmaMissile","RobotSpaceExplorer:MakeshiftVolley"],"picked":"RobotSpaceExplorer:Calculate","floor":9},{"not_picked":["RobotSpaceExplorer:LaserBurst","RobotSpaceExplorer:ImprovisedAttack","RobotSpaceExplorer:ExhaustFan"],"picked":"SKIP","floor":13},{"not_picked":["RobotSpaceExplorer:Probe","RobotSpaceExplorer:Pulsar"],"picked":"RobotSpaceExplorer:SlimeMissile","floor":15},{"not_picked":["RobotSpaceExplorer:GlueShot","RobotSpaceExplorer:LuckyStrike","RobotSpaceExplorer:StarLightning"],"picked":"SKIP","floor":16},{"not_picked":["RobotSpaceExplorer:Arsenal","RobotSpaceExplorer:HighVoltage"],"picked":"RobotSpaceExplorer:TrailblazerForm","floor":19},{"not_picked":["RobotSpaceExplorer:Jetpack","RobotSpaceExplorer:MetalStrike+1"],"picked":"RobotSpaceExplorer:ShockKick+1","floor":21},{"not_picked":["RobotSpaceExplorer:GlueSpray","RobotSpaceExplorer:Ammunition"],"picked":"RobotSpaceExplorer:Electropulse","floor":22},{"not_picked":["RobotSpaceExplorer:PowerCollector","RobotSpaceExplorer:GlueShot"],"picked":"RobotSpaceExplorer:Reload","floor":24},{"not_picked":["RobotSpaceExplorer:MetalStrike","RobotSpaceExplorer:GlueShot"],"picked":"RobotSpaceExplorer:Counterblock","floor":25}],"player_experience":206923,"relics_obtained":[{"floor":6,"key":"MawBank"},{"floor":9,"key":"Smiling Mask"}],"event_choices":[{"damage_healed":0,"gold_gain":0,"player_choice":"Take Damage","damage_taken":18,"relics_obtained":["Golden Idol"],"max_hp_gain":0,"max_hp_loss":0,"event_name":"Golden Idol","floor":3,"gold_loss":0},{"damage_healed":18,"gold_gain":0,"player_choice":"Healed","damage_taken":0,"max_hp_gain":0,"max_hp_loss":0,"event_name":"The Cleric","floor":5,"gold_loss":35},{"damage_healed":0,"gold_gain":100,"player_choice":"Pray","damage_taken":0,"max_hp_gain":0,"max_hp_loss":0,"event_name":"Golden Shrine","floor":12,"gold_loss":0}],"is_beta":false,"boss_relics":[{"not_picked":["SacredBark","Calling Bell"],"picked":"Empty Cage"}],"items_purged_floors":[23],"is_endless":false,"potions_floor_spawned":[1,4,6,13,24,25],"killed_by":"Book of Stabbing","ascension_level":6}}