{"host":"6affnl2vk6en9o4b","time":1612106550,"event":{"mods":["AchievementEnabler","Aspiration","BaseMod","BetterRewards","Colored Powertips","Conspire","Downfall","Friendly Minions","Googly Eyes","Highlight Path","Hubris","Minty Spire (QoL Compilation)","Replay The Spire","StSLib","Trackpad","Unceasing Turn Reminder"],"gold_per_floor":[99,119,132,132,67,67,91,107,123,154,166,66,96,96,114,114,114,114],"floor_reached":16,"language":"ENG","playtime":596,"items_purged":[],"score":112,"play_id":"08505010-b8fe-4d89-bce6-042f8d371bc8","local_time":"20210131152230","is_ascension_mode":false,"campfire_choices":[{"floor":1,"key":"RECALL"},{"data":"bronze:Terminator","floor":6,"key":"SMITH"},{"data":"bronze:Boost","floor":12,"key":"SMITH"}],"circlet_count":0,"master_deck":["bronze:Strike","bronze:Strike+1","bronze:Strike+1","bronze:Strike+1","bronze:Defend","bronze:Defend","bronze:Defend","bronze:Defend+1","bronze:Replicate","bronze:Goto","bronze:Terminator+1","bronze:WildBeam","bronze:Overheat+1","bronze:WildBeam","bronze:Boost+1","bronze:Frontload","bronze:Constructor","bronze:BurnOut","downfall:Malfunctioning","bronze:Optimize"],"relics":["bronze:BronzeCore","Centennial Puzzle","Whetstone","downfall:HeartBlessingRed","Blue Doll"],"acts_visited":["Exordium"],"potions_floor_usage":[10,16,16,16],"damage_taken":[{"damage":4,"enemies":"Jaw Worm","floor":2,"turns":5},{"damage":2,"enemies":"Cultist","floor":3,"turns":5},{"damage":5,"enemies":"downfall:FleeingMerchant","floor":5,"turns":4},{"damage":0,"enemies":"Small Slimes","floor":8,"turns":2},{"damage":3,"enemies":"3 Louse","floor":9,"turns":3},{"damage":9,"enemies":"3 Sentries","floor":10,"turns":5},{"damage":5,"enemies":"Exordium Wildlife","floor":11,"turns":3},{"damage":29,"enemies":"Lagavulin","floor":13,"turns":7},{"damage":3,"enemies":"Large Slime","floor":15,"turns":5},{"damage":26,"enemies":"DF_ARCHETYPE_STREAMLINE","floor":16,"turns":3}],"seed_played":"-1524817912093542890","potions_obtained":[{"floor":2,"key":"SkillPotion"},{"floor":3,"key":"bronze:BuildAFunctionPotion"},{"floor":11,"key":"FearPotion"},{"floor":15,"key":"hexamod:SoulburnPotion"}],"is_trial":false,"path_per_floor":["R","M","M","?","$","R","T","M","M","E","M","R","E","?","M","B"],"character_chosen":"THE_AUTOMATON","items_purchased":["bronze:Overheat"],"campfire_rested":0,"item_purchase_floors":[5],"current_hp_per_floor":[70,66,64,64,59,59,59,59,56,47,42,42,13,13,10,0,0,0],"gold":114,"neow_bonus":"RANDOM_COMMON_RELIC","is_daily":false,"chose_seed":false,"campfire_upgraded":2,"win_rate":0.0,"timestamp":1612106550,"path_taken":["R","M","M","?","?","R","T","M","M","E","M","R","E","?","M","BOSS"],"items_purchased_type":["Card"],"build_version":"2020-12-22","purchased_purges":0,"victory":false,"max_hp_per_floor":[70,70,70,70,70,70,70,70,70,70,70,70,70,70,70,70,70,70],"card_choices":[{"not_picked":["bronze:Safeguard","bronze:Separator"],"picked":"bronze:ClassDefault","floor":2},{"not_picked":["bronze:Turbo","bronze:BronzeOrb"],"picked":"bronze:Terminator","floor":3},{"not_picked":["bronze:DelayedGuard","bronze:ClassDefault"],"picked":"bronze:WildBeam","floor":5},{"not_picked":["bronze:Iterate","bronze:CutThrough"],"picked":"bronze:WildBeam","floor":8},{"not_picked":["bronze:Shield","bronze:Overheat"],"picked":"bronze:Boost","floor":9},{"not_picked":["bronze:DelayedSlice","bronze:WhirlingStrike"],"picked":"bronze:Frontload","floor":10},{"not_picked":["bronze:Turbo","bronze:FollowUp"],"picked":"bronze:Constructor","floor":11},{"not_picked":["bronze:Separator","bronze:FollowUp"],"picked":"bronze:BurnOut","floor":13},{"not_picked":["bronze:FineTuning","bronze:CutThrough"],"picked":"bronze:Optimize","floor":15}],"player_experience":237663,"relics_obtained":[{"floor":10,"key":"Whetstone"},{"floor":13,"key":"Blue Doll"}],"event_choices":[],"is_beta":false,"boss_relics":[],"items_purged_floors":[],"is_endless":false,"potions_floor_spawned":[2,3,11,15],"killed_by":"DF_ARCHETYPE_STREAMLINE","ascension_level":0}}