{"host":"aqym1xxr3lb31d9m","time":1612123692,"event":{"mods":["BaseMod","Block Reminder","Colored Map","Colored Powertips","DeckTracker","Highlight Path","Minty Spire (QoL Compilation)","Quick Restart","Random Character Button","StSLib","SuperFastMode","UnlockEverythingMod"],"gold_per_floor":[114,114,134,79,98,128,128,160,232,232,252,263,263,275,275,352,352,372,372,384,329,329,360,360,395,395,395,408,419,448,448,448],"floor_reached":31,"language":"JPN","playtime":1459,"items_purged":[],"score":610,"play_id":"84122213-2715-4cc6-84a4-b86663120fa9","local_time":"20210201050812","is_ascension_mode":true,"campfire_choices":[{"data":"Static Discharge","floor":7,"key":"SMITH"},{"data":"Coolheaded","floor":10,"key":"SMITH"},{"data":"Beam Cell","floor":13,"key":"SMITH"},{"data":"Conserve Battery","floor":15,"key":"SMITH"},{"floor":24,"key":"REST"},{"floor":27,"key":"REST"}],"circlet_count":0,"master_deck":["AscendersBane","Strike_B","Strike_B","Strike_B","Strike_B","Defend_B","Defend_B","Defend_B","Defend_B","Zap","Dualcast","Compile Driver","Conserve Battery","Static Discharge+1","Coolheaded+1","Conserve Battery+1","Beam Cell+1","White Noise","Electrodynamics","Cold Snap","Darkness+1","Compile Driver","Leap","Machine Learning","Compile Driver+1","BootSequence"],"relics":["Cracked Core","NeowsBlessing","Pocketwatch","Bag of Marbles","TungstenRod","Ornamental Fan","Fusion Hammer","Nilry\u0027s Codex","Dream Catcher","Nunchaku","Akabeko","Girya"],"acts_visited":["Exordium","TheCity"],"potions_floor_usage":[6,11,20,23,30,30],"damage_taken":[{"damage":0,"enemies":"2 Louse","floor":1,"turns":1},{"damage":0,"enemies":"Cultist","floor":3,"turns":1},{"damage":0,"enemies":"Jaw Worm","floor":5,"turns":1},{"damage":37,"enemies":"Gremlin Nob","floor":6,"turns":4},{"damage":13,"enemies":"Lagavulin","floor":8,"turns":7},{"damage":0,"enemies":"Lots of Slimes","floor":11,"turns":4},{"damage":6,"enemies":"Gremlin Gang","floor":12,"turns":7},{"damage":0,"enemies":"Blue Slaver","floor":14,"turns":4},{"damage":13,"enemies":"The Guardian","floor":16,"turns":14},{"damage":18,"enemies":"2 Thieves","floor":18,"turns":4},{"damage":4,"enemies":"3 Byrds","floor":20,"turns":6},{"damage":6,"enemies":"Gremlin Leader","floor":23,"turns":6},{"damage":27,"enemies":"Slavers","floor":25,"turns":6},{"damage":14,"enemies":"Cultist and Chosen","floor":28,"turns":5},{"damage":8,"enemies":"Centurion and Healer","floor":29,"turns":7},{"damage":5,"enemies":"Book of Stabbing","floor":30,"turns":4},{"damage":19,"enemies":"Snake Plant","floor":31,"turns":2}],"seed_played":"-1420197694092520417","potions_obtained":[{"floor":1,"key":"Fire Potion"},{"floor":6,"key":"Fire Potion"},{"floor":8,"key":"Regen Potion"},{"floor":11,"key":"FearPotion"},{"floor":14,"key":"FairyPotion"},{"floor":23,"key":"SteroidPotion"},{"floor":29,"key":"LiquidBronze"},{"floor":30,"key":"SteroidPotion"}],"is_trial":false,"path_per_floor":["M","?","M","$","M","E","R","E","T","R","M","M","R","M","R","B",null,"M","?","M","$","?","E","R","E","T","R","M","M","E","M"],"character_chosen":"DEFECT","items_purchased":["Explosive Potion","PowerPotion"],"campfire_rested":2,"item_purchase_floors":[4,21],"current_hp_per_floor":[64,64,64,64,64,27,27,14,14,14,14,8,8,8,8,21,59,41,24,35,35,35,29,50,23,23,44,30,22,17,0,0],"gold":448,"neow_bonus":"THREE_ENEMY_KILL","is_daily":false,"chose_seed":false,"campfire_upgraded":4,"win_rate":0.0,"timestamp":1612123692,"path_taken":["M","?","?","?","M","E","R","E","T","R","?","M","R","?","R","BOSS","M","?","M","$","?","E","R","E","T","R","?","M","E","?"],"items_purchased_type":["Potion","Potion"],"build_version":"2020-12-22","purchased_purges":0,"victory":false,"max_hp_per_floor":[71,71,71,71,71,71,71,71,71,71,71,71,71,71,71,71,71,71,71,71,71,71,71,71,71,71,71,71,71,71,71,71],"card_choices":[{"not_picked":["Self Repair","Conserve Battery"],"picked":"Capacitor","floor":1},{"not_picked":["Self Repair","Beam Cell"],"picked":"Compile Driver","floor":3},{"not_picked":["Redo","Blizzard"],"picked":"Conserve Battery","floor":5},{"not_picked":["Reprogram","Gash"],"picked":"Static Discharge","floor":6},{"not_picked":["Hello World","Barrage"],"picked":"Coolheaded","floor":8},{"not_picked":["Turbo","Leap"],"picked":"Conserve Battery","floor":11},{"not_picked":["Ball Lightning","Hello World"],"picked":"Beam Cell","floor":12},{"not_picked":["Stack","Rip and Tear"],"picked":"White Noise","floor":14},{"not_picked":["Meteor Strike","Rainbow"],"picked":"Electrodynamics","floor":16},{"not_picked":["Chaos","Sweeping Beam"],"picked":"Cold Snap","floor":18},{"not_picked":["Sweeping Beam+1","Rebound"],"picked":"Darkness+1","floor":20},{"not_picked":["Scrape","Leap"],"picked":"Compile Driver","floor":23},{"not_picked":["Steam","Beam Cell"],"picked":"Leap","floor":24},{"not_picked":["Melter","Leap","Steam"],"picked":"SKIP","floor":25},{"not_picked":["Beam Cell","Stack"],"picked":"Machine Learning","floor":27},{"not_picked":["Turbo","Fusion","Ball Lightning"],"picked":"SKIP","floor":28},{"not_picked":["Ball Lightning","Streamline"],"picked":"Compile Driver+1","floor":29},{"not_picked":["Recycle","Rip and Tear"],"picked":"BootSequence","floor":30}],"player_experience":4167646,"relics_obtained":[{"floor":6,"key":"Bag of Marbles"},{"floor":8,"key":"TungstenRod"},{"floor":9,"key":"Ornamental Fan"},{"floor":19,"key":"Nilry\u0027s Codex"},{"floor":23,"key":"Dream Catcher"},{"floor":25,"key":"Nunchaku"},{"floor":26,"key":"Akabeko"},{"floor":30,"key":"Girya"}],"event_choices":[{"cards_removed":["Capacitor"],"damage_healed":0,"gold_gain":0,"player_choice":"Gave Card","damage_taken":0,"relics_obtained":["Pocketwatch"],"max_hp_gain":0,"max_hp_loss":0,"event_name":"WeMeetAgain","floor":2,"gold_loss":0},{"damage_healed":0,"gold_gain":0,"player_choice":"Obtained Book","damage_taken":21,"max_hp_gain":0,"max_hp_loss":0,"event_name":"Cursed Tome","floor":19,"gold_loss":0},{"damage_healed":0,"gold_gain":0,"player_choice":"Ignored","damage_taken":0,"max_hp_gain":0,"max_hp_loss":0,"event_name":"Vampires","floor":22,"gold_loss":0}],"is_beta":false,"boss_relics":[{"not_picked":["Calling Bell","Inserter"],"picked":"Fusion Hammer"}],"items_purged_floors":[],"is_endless":false,"potions_floor_spawned":[1,6,8,11,14,23,29,30],"killed_by":"Snake Plant","ascension_level":20}}