{"host":"ojezjkpqju62j8xy","time":1612085829,"event":{"mods":["ATMod(°¢èªMod)","Act Like it!","Aspiration","BaseMod","Conspire","Gensokyo","Minty Spire (QoL Compilation)","Pale of the Ancients","Reliquary","Replay The Spire","Spicy Shops","StSLib","¡¾ÒÅÎï¿¨ÅÆ¡¿REMEMod","²ÐÁôÖ®Îï"],"gold_per_floor":[112,98,98,117,30,30,60,381,381,589,589],"floor_reached":10,"language":"ZHS","playtime":326,"items_purged":[],"score":83,"play_id":"865d1255-7da2-4640-8114-f5a401250834","local_time":"20210131173709","is_ascension_mode":true,"campfire_choices":[{"floor":6.0,"key":"RECALL"}],"circlet_count":0,"master_deck":["Strike_P","Strike_P","Strike_P","Strike_P","Defend_P","Defend_P","Defend_P","Defend_P","Eruption","Vigilance","AT_FamilyPortrait","ReplayTheSpireMod:From All Sides","ThirdEye","Crescendo","Vengeance","EmptyFist"],"relics":["PureWater","AT_ATBox","REME_ComplimentaryCards","Replay:Bandana","reliquary:Stiletto"],"acts_visited":["Gensokyo:Gensokyo"],"potions_floor_usage":[],"damage_taken":[{"damage":0.0,"enemies":"Gensokyo:Python","floor":1.0,"turns":3.0},{"damage":2.0,"enemies":"Gensokyo:Gryphon","floor":4.0,"turns":4.0},{"damage":53.0,"enemies":"Gensokyo:Aya","floor":7.0,"turns":9.0},{"damage":7.0,"enemies":"Gensokyo:3_Fairies","floor":8.0,"turns":5.0},{"damage":20,"enemies":"Gensokyo:Cirno","floor":10,"turns":6}],"seed_played":"152219660487381210","potions_obtained":[{"floor":4.0,"key":"Toxic Potion"}],"is_trial":false,"path_per_floor":["M","?","$","M","COS","R","E","M","T","E"],"character_chosen":"WATCHER","items_purchased":[],"campfire_rested":0,"item_purchase_floors":[],"current_hp_per_floor":[72,79,79,77,77,77,24,17,17,0,0],"gold":589,"neow_bonus":"TEN_PERCENT_HP_BONUS","is_daily":false,"chose_seed":false,"campfire_upgraded":0,"win_rate":0.0,"timestamp":1612085829,"path_taken":["M","?","$","M","COS","R","E","M","T","E"],"items_purchased_type":[],"build_version":"2020-12-22","purchased_purges":0,"victory":false,"max_hp_per_floor":[79,79,79,79,79,79,79,79,79,79,79],"card_choices":[{"not_picked":["DeceiveReality","Collect"],"picked":"ThirdEye","floor":1.0},{"not_picked":["Protect","ThirdEye"],"picked":"Crescendo","floor":4.0},{"not_picked":["Establishment","Replay:DivineShield"],"picked":"Vengeance","floor":7.0},{"not_picked":["ClearTheMind","AT_RealFormLess"],"picked":"EmptyFist","floor":8.0}],"player_experience":1503963,"relics_obtained":[{"floor":7.0,"key":"Replay:Bandana"}],"event_choices":[],"is_beta":false,"boss_relics":[],"items_purged_floors":[],"is_endless":false,"potions_floor_spawned":[4],"killed_by":"Gensokyo:Cirno","ascension_level":6}}