{"host":"d5i1qeb9dejicw1z","time":1612117208,"event":{"mods":["AchievementEnabler","BaseMod","Better Note","BetterRewards","Gold Saver","Minty Spire (QoL Compilation)","Permanent Neow","Relic Filter Mod","Reliquary","Replay The Spire","StSLib"],"gold_per_floor":[527,527,625,642,76,76,102,102,102,102,113,113,113,129,129,213,213,243,267,167,183,210,210,228,228,228,228,228,273,110,150,150,231,231,251,251,270,270,270,310,249,253,253],"floor_reached":42,"language":"ENG","playtime":1882,"items_purged":["Strike_B","Strike_B"],"score":937,"play_id":"73cf0695-421a-4056-ac62-c5215588159f","local_time":"20210131102008","is_ascension_mode":true,"campfire_choices":[{"floor":6,"key":"REST"},{"floor":8,"key":"REST"},{"data":"Chaos","floor":10,"key":"SMITH"},{"floor":15,"key":"REST"},{"floor":23,"key":"REST"},{"floor":27,"key":"REST"},{"floor":32,"key":"REST"}],"circlet_count":0,"master_deck":["AscendersBane","Strike_B+1","Defend_B+1","Defend_B+1","Zap","Dualcast+1","Cold Snap+1","Glacier+1","Ball Lightning+1","Chaos+1","Loop+1","Ball Lightning+1","Leap+1","Machine Learning","Chill","Cold Snap","Replay:Bag of Tricks","Static Discharge","Core Surge","Sadistic Nature","Conserve Battery","Capacitor","Capacitor"],"relics":["Cracked Core","Gremlin Food","Symbiotic Virus","Replay:Baseball","Replay:Ringing Soul","reliquary:ShortFuse","Replay:Bandana","Empty Cage","Red Mask","PreservedInsect","Quantum Egg","Black Star","Solar Panel","Replay:Bottled Steam"],"acts_visited":["Exordium","TheCity","TheBeyond"],"potions_floor_usage":[21,22,29,29,37,40],"damage_taken":[{"damage":5,"enemies":"2 Louse","floor":1,"turns":3},{"damage":0,"enemies":"Small Slimes","floor":4,"turns":3},{"damage":0,"enemies":"Gremlin Nob","floor":7,"turns":3},{"damage":10,"enemies":"Jaw Worm","floor":11,"turns":3},{"damage":9,"enemies":"Looter","floor":14,"turns":2},{"damage":9,"enemies":"Slime Boss","floor":16,"turns":10},{"damage":0,"enemies":"Spheric Guardian","floor":18,"turns":4},{"damage":2,"enemies":"2 Thieves","floor":19,"turns":4},{"damage":4,"enemies":"Chosen and Byrds","floor":21,"turns":5},{"damage":0,"enemies":"Snake Plant","floor":22,"turns":4},{"damage":12,"enemies":"Sentry and Sphere","floor":24,"turns":6},{"damage":16,"enemies":"Masked Bandits","floor":29,"turns":6},{"damage":7,"enemies":"Slavers","floor":31,"turns":4},{"damage":73,"enemies":"Champ","floor":33,"turns":12},{"damage":0,"enemies":"3 Shapes","floor":35,"turns":7},{"damage":33,"enemies":"3 Darklings","floor":37,"turns":4},{"damage":48,"enemies":"Nemesis","floor":40,"turns":9},{"damage":11,"enemies":"R_Hoarder","floor":42,"turns":5}],"seed_played":"9113968049418561849","potions_obtained":[{"floor":7,"key":"Block Potion"},{"floor":16,"key":"EssenceOfSteel"},{"floor":21,"key":"Weak Potion"},{"floor":24,"key":"LifebloodPotion"},{"floor":35,"key":"Fire Potion"},{"floor":37,"key":"Swift Potion"}],"is_trial":false,"path_per_floor":["M","?","?","M","$","R","E","R","T","R","M","?","?","M","R","B",null,"M","M","$","M","M","R","M","?","T","R","?","?","$","E","R","B",null,"M","?","M","?","?","E","$","E"],"character_chosen":"DEFECT","items_purchased":["Symbiotic Virus","Replay:Baseball","Ball Lightning+1","PreservedInsect","Capacitor"],"campfire_rested":6,"item_purchase_floors":[5,5,5,30,41],"current_hp_per_floor":[59,59,31,31,31,52,52,71,71,71,64,69,64,55,78,72,80,83,84,84,80,80,88,79,82,82,94,94,81,81,74,97,27,82,82,85,52,52,52,7,10,0,0],"gold":253,"neow_bonus":"HUNDRED_GOLD","is_daily":false,"chose_seed":false,"campfire_upgraded":1,"win_rate":0.0,"timestamp":1612117208,"path_taken":["M","?","?","M","$","R","E","R","T","R","M","?","?","?","R","BOSS","M","M","$","M","M","R","M","?","T","R","?","?","$","E","R","BOSS","M","?","M","?","?","E","$","E"],"items_purchased_type":["Relic","Relic","Card","Relic","Card"],"build_version":"2020-12-22","purchased_purges":2,"victory":false,"max_hp_per_floor":[71,71,71,71,71,71,71,71,71,71,74,79,79,79,79,82,82,85,88,88,88,88,88,91,94,94,94,94,97,97,97,97,100,100,100,103,103,103,103,106,109,109,109],"card_choices":[{"not_picked":["Skim","Conserve Battery"],"picked":"Cold Snap","floor":1},{"not_picked":["Steam Power","Stack"],"picked":"Ball Lightning","floor":3},{"not_picked":["Steam","Storm"],"picked":"Chaos","floor":3},{"not_picked":["Go for the Eyes","Recycle"],"picked":"Loop","floor":4},{"not_picked":["Beam Cell","Sunder","Turbo"],"picked":"SKIP","floor":7},{"not_picked":["Hologram","ReplayTheSpireMod:Calculation Training"],"picked":"Leap","floor":11},{"not_picked":["Gash","Barrage","Compile Driver"],"picked":"SKIP","floor":14},{"not_picked":["Reboot","Biased Cognition"],"picked":"Machine Learning","floor":16},{"not_picked":["Beam Cell","Streamline"],"picked":"Chill","floor":18},{"not_picked":["White Noise","Steam"],"picked":"Cold Snap","floor":19},{"not_picked":["Coolheaded","Streamline","Machine Learning"],"picked":"SKIP","floor":21},{"not_picked":["Heatsinks","Sunder+1","Force Field"],"picked":"SKIP","floor":22},{"not_picked":["Stack","Rip and Tear"],"picked":"BootSequence","floor":24},{"not_picked":["Conserve Battery","Redo"],"picked":"Static Discharge","floor":29},{"not_picked":["Streamline","Steam Power","Rebound"],"picked":"SKIP","floor":31},{"not_picked":["Biased Cognition","Multi-Cast"],"picked":"Core Surge","floor":33},{"not_picked":["Beam Cell+1","Undo","Cold Snap"],"picked":"SKIP","floor":35},{"not_picked":["Panache","PanicButton"],"picked":"Sadistic Nature","floor":36},{"not_picked":["Auto Shields","Turbo","Go for the Eyes"],"picked":"SKIP","floor":37},{"not_picked":["Leap","Rebound+1"],"picked":"Conserve Battery","floor":40}],"player_experience":1192320,"relics_obtained":[{"floor":3,"key":"Gremlin Food"},{"floor":7,"key":"Replay:Ringing Soul"},{"floor":9,"key":"reliquary:ShortFuse"},{"floor":29,"key":"Red Mask"},{"floor":31,"key":"Quantum Egg"},{"floor":40,"key":"Solar Panel"},{"floor":40,"key":"Replay:Bottled Steam"}],"event_choices":[{"damage_healed":0,"gold_gain":0,"player_choice":"Donut","damage_taken":0,"max_hp_gain":5,"max_hp_loss":0,"event_name":"Big Fish","floor":12,"gold_loss":0},{"damage_healed":0,"gold_gain":0,"player_choice":"Success","damage_taken":5,"relics_obtained":["Replay:Bandana"],"max_hp_gain":0,"max_hp_loss":0,"event_name":"Scrap Ooze","floor":13,"gold_loss":0},{"damage_healed":0,"gold_gain":0,"player_choice":"Take","damage_taken":0,"max_hp_gain":0,"max_hp_loss":0,"event_name":"betterNote:BetterNote","floor":25,"gold_loss":0,"cards_obtained":["Replay:Bag of Tricks"]},{"damage_healed":0,"gold_gain":0,"player_choice":"Simplicity","damage_taken":0,"max_hp_gain":0,"max_hp_loss":0,"event_name":"Back to Basics","floor":28,"gold_loss":0,"cards_upgraded":["Defend_B","Defend_B"]},{"damage_healed":0,"gold_gain":0,"player_choice":"Fought Bandits","damage_taken":0,"max_hp_gain":0,"max_hp_loss":0,"event_name":"Masked Bandits","floor":29,"gold_loss":0},{"damage_healed":0,"gold_gain":0,"player_choice":"Memory 1","damage_taken":0,"max_hp_gain":0,"max_hp_loss":0,"event_name":"SensoryStone","floor":36,"gold_loss":0},{"cards_removed":["BootSequence"],"damage_healed":0,"gold_gain":0,"player_choice":"Removed Skill","damage_taken":0,"max_hp_gain":0,"max_hp_loss":0,"event_name":"Falling","floor":39,"gold_loss":0}],"is_beta":false,"boss_relics":[{"not_picked":["Painkiller Herb","reliquary:Craggleroot"],"picked":"Empty Cage"},{"not_picked":["Coffee Dripper","Philosopher\u0027s Stone"],"picked":"Black Star"}],"items_purged_floors":[5,20],"is_endless":false,"potions_floor_spawned":[7,16,21,24,35,37],"killed_by":"R_Hoarder","ascension_level":18}}