{"host":"4gr5irrdjh39ysed","time":1612109264,"event":{"mods":["AchievementEnabler","BaseMod","Colored Map","Downfall","Hermit","Minty Spire (QoL Compilation)","Random Character Button","StSLib","The Construct","The Cursed","The Disciple","The Hierophant","The Mystic","The Necromancer","The Runesmith"],"gold_per_floor":[115,125,125,145,51,51,76,104,154,29,29,47,60,89,89,162,162,176,176,176,126,136,164,50,61,61,61,61,80,130,140,140,212,212,229,229,229,239,54,79,37,37,111,127,127,127,144,170,170,170,170,170,45,72,72],"floor_reached":56,"language":"ENG","playtime":1958,"items_purged":["Defend_R","Defend_R","Defend_R"],"score":2219,"play_id":"eca48a5c-1e54-44a4-9941-a2ccb008a0f4","local_time":"20210131090744","is_ascension_mode":true,"campfire_choices":[{"floor":6,"key":"RECALL"},{"data":"Berserk","floor":15,"key":"SMITH"},{"data":"Offering","floor":27,"key":"SMITH"},{"data":"Heavy Blade","floor":32,"key":"SMITH"},{"data":"Limit Break","floor":42,"key":"SMITH"},{"data":"Mind Blast","floor":46,"key":"SMITH"},{"data":"Berserk","floor":49,"key":"SMITH"},{"data":"Heavy Blade","floor":52,"key":"SMITH"}],"circlet_count":0,"master_deck":["AscendersBane","Strike_R","Strike_R","Strike_R","Strike_R","Strike_R+1","Bash","Bloodletting","Flex+1","Thunderclap+1","Battle Trance","Flex","Perfected Strike","Heavy Blade+1","Heavy Blade+1","Berserk+1","Flex","Inflame","Offering+1","Inflame","Anger","Hemokinesis+1","Rupture","Twin Strike","Fire Breathing","Seeing Red+1","Limit Break+1","Mind Blast+1","Spot Weakness+1","Berserk+1","Inflame+1","Combust","Sword Boomerang+1","Anger+1","Hemokinesis","Disarm+1"],"relics":["Burning Blood","Toy Ornithopter","Odd Mushroom","Bag of Marbles","Whetstone","Mercury Hourglass","Coffee Dripper","Blue Candle","PreservedInsect","construct:ClawGrip","Blood Vial","HornCleat","Strawberry","Magic Flower"],"acts_visited":["Exordium","TheCity","TheBeyond","TheEnding"],"potions_floor_usage":[8,14,33,44,50,55],"damage_taken":[{"damage":6,"enemies":"Cultist","floor":1,"turns":3},{"damage":31,"enemies":"Jaw Worm","floor":2,"turns":5},{"damage":3,"enemies":"Small Slimes","floor":4,"turns":3},{"damage":30,"enemies":"The Mushroom Lair","floor":7,"turns":4},{"damage":45,"enemies":"Gremlin Nob","floor":8,"turns":4},{"damage":12,"enemies":"3 Louse","floor":12,"turns":2},{"damage":14,"enemies":"Gremlin Gang","floor":13,"turns":3},{"damage":25,"enemies":"3 Sentries","floor":14,"turns":5},{"damage":1015,"enemies":"Hexaghost","floor":16,"turns":7},{"damage":21,"enemies":"2 Thieves","floor":18,"turns":2},{"damage":6,"enemies":"Chosen","floor":22,"turns":2},{"damage":43,"enemies":"Gremlin Leader","floor":23,"turns":6},{"damage":0,"enemies":"Snake Plant","floor":25,"turns":2},{"damage":9,"enemies":"3 Cultists","floor":29,"turns":3},{"damage":5,"enemies":"Cultist and Chosen","floor":31,"turns":3},{"damage":111,"enemies":"Champ","floor":33,"turns":7},{"damage":20,"enemies":"Orb Walker","floor":35,"turns":2},{"damage":46,"enemies":"3 Darklings","floor":38,"turns":3},{"damage":59,"enemies":"Reptomancer","floor":40,"turns":4},{"damage":59,"enemies":"Writhing Mass","floor":44,"turns":4},{"damage":11,"enemies":"Maw","floor":47,"turns":4},{"damage":91,"enemies":"Nemesis","floor":48,"turns":5},{"damage":206,"enemies":"Awakened One","floor":50,"turns":7},{"damage":73,"enemies":"Shield and Spear","floor":54,"turns":3},{"damage":295,"enemies":"The Heart","floor":55,"turns":8}],"seed_played":"6860434461348283597","potions_obtained":[{"floor":1,"key":"Energy Potion"},{"floor":2,"key":"LiquidBronze"},{"floor":12,"key":"sneckomod:MuddlingPotion"},{"floor":16,"key":"FairyPotion"},{"floor":25,"key":"Fire Potion"},{"floor":33,"key":"PowerPotion"},{"floor":47,"key":"HeartOfIron"},{"floor":54,"key":"FairyPotion"}],"is_trial":false,"path_per_floor":["M","M","?","M","$","R","?","E","T","$","?","M","M","E","R","B",null,"M","?","?","?","M","E","$","M","T","R","$","M","?","M","R","B",null,"M","?","?","M","$","E","$","R","T","M","?","R","M","E","R","B",null,"R","$","E","B",null],"character_chosen":"IRONCLAD","items_purchased":["Battle Trance","Flex","Heavy Blade","Rupture","Twin Strike","Berserk","Combust"],"campfire_rested":0,"item_purchase_floors":[5,5,10,24,24,39,41],"current_hp_per_floor":[2068,2043,2043,2046,2046,2046,2022,1988,1988,1988,1988,1982,1974,1960,1960,951,1794,1779,1058,1053,1053,1053,1016,1016,1022,1022,1022,1022,1019,1019,1020,1020,920,1790,1776,1776,1776,1736,1736,1683,1683,1683,1683,1637,1637,1637,1634,1558,1558,1365,1907,1907,1907,1842,1567],"gold":72,"neow_bonus":"RANDOM_COMMON_RELIC","is_daily":false,"chose_seed":false,"campfire_upgraded":7,"win_rate":0.0,"timestamp":1612109264,"path_taken":["M","?","?","?","$","R","?","E","T","$","?","M","?","E","R","BOSS","M","?","?","?","?","E","$","M","T","R","$","M","?","M","R","BOSS","M","?","?","M","$","E","?","R","T","M","?","R","?","E","R","BOSS","R","$","E","BOSS"],"items_purchased_type":["Card","Card","Card","Card","Card","Card","Card"],"build_version":"2020-12-22","purchased_purges":3,"victory":true,"max_hp_per_floor":[2075,2075,2075,2075,2075,2075,2075,2075,2075,2075,2075,2075,2075,2075,2075,2075,2075,2075,2080,2080,2080,2080,2080,2080,2080,2080,2080,2080,2080,2080,2080,2080,2080,2080,2080,2080,2080,2080,2080,2080,2080,2080,2080,2080,2080,2080,2080,2087,2087,2087,2087,2087,2087,2087,2087],"card_choices":[{"not_picked":["Armaments","Wild Strike"],"picked":"Bloodletting","floor":1},{"not_picked":["Carnage","Twin Strike"],"picked":"Flex","floor":2},{"not_picked":["Shrug It Off","Disarm"],"picked":"Thunderclap","floor":4},{"not_picked":["Havoc","Disarm"],"picked":"Perfected Strike","floor":7},{"not_picked":["Ghostly Armor","Rage"],"picked":"Heavy Blade","floor":8},{"not_picked":["Rage","Heavy Blade"],"picked":"Berserk","floor":12},{"not_picked":["Clothesline","Iron Wave"],"picked":"Flex","floor":13},{"not_picked":["Spot Weakness","Anger"],"picked":"Inflame","floor":14},{"not_picked":["Immolate","Bludgeon"],"picked":"Offering","floor":16},{"not_picked":["Havoc","Clothesline"],"picked":"Inflame","floor":18},{"not_picked":["Shockwave","Body Slam"],"picked":"Anger","floor":22},{"not_picked":["True Grit","Warcry"],"picked":"Hemokinesis+1","floor":23},{"not_picked":["Shrug It Off","Sever Soul","Headbutt"],"picked":"SKIP","floor":25},{"not_picked":["Whirlwind","Anger"],"picked":"Fire Breathing","floor":29},{"not_picked":["Wild Strike","True Grit"],"picked":"Seeing Red+1","floor":31},{"not_picked":["Fiend Fire","Barricade"],"picked":"Limit Break","floor":33},{"not_picked":["Perfected Strike+1","Iron Wave"],"picked":"Anger","floor":35},{"not_picked":["Forethought","Deep Breath"],"picked":"Mind Blast","floor":37},{"not_picked":["Warcry","Twin Strike"],"picked":"Spot Weakness+1","floor":38},{"not_picked":["Evolve","Body Slam"],"picked":"Inflame+1","floor":40},{"not_picked":["Shockwave","Clothesline"],"picked":"Sword Boomerang+1","floor":44},{"not_picked":["Seeing Red+1","Pommel Strike"],"picked":"Anger+1","floor":47},{"not_picked":["Iron Wave+1","Exhume"],"picked":"Hemokinesis","floor":48},{"not_picked":["Entrench","Armaments+1"],"picked":"Disarm+1","floor":54}],"player_experience":267423,"relics_obtained":[{"floor":7,"key":"Odd Mushroom"},{"floor":8,"key":"Bag of Marbles"},{"floor":9,"key":"Whetstone"},{"floor":14,"key":"Mercury Hourglass"},{"floor":23,"key":"PreservedInsect"},{"floor":40,"key":"Blood Vial"},{"floor":43,"key":"HornCleat"},{"floor":48,"key":"Strawberry"},{"floor":54,"key":"Magic Flower"}],"event_choices":[{"damage_healed":0,"gold_gain":0,"player_choice":"Upgraded","damage_taken":0,"max_hp_gain":0,"max_hp_loss":0,"event_name":"Upgrade Shrine","floor":3,"gold_loss":0,"cards_upgraded":["Flex"]},{"damage_healed":0,"gold_gain":0,"player_choice":"Fought Mushrooms","damage_taken":0,"max_hp_gain":0,"max_hp_loss":0,"event_name":"Mushrooms","floor":7,"gold_loss":0},{"cards_removed":["Defend_R"],"damage_healed":0,"gold_gain":0,"player_choice":"Purged","damage_taken":0,"max_hp_gain":0,"max_hp_loss":0,"event_name":"Purifier","floor":11,"gold_loss":0},{"damage_healed":0,"gold_gain":0,"player_choice":"Shed Blood","damage_taken":726,"max_hp_gain":5,"max_hp_loss":0,"event_name":"Forgotten Altar","floor":19,"gold_loss":0},{"damage_healed":0,"gold_gain":0,"player_choice":"Bet on Owner","damage_taken":0,"max_hp_gain":0,"max_hp_loss":0,"event_name":"The Joust","floor":21,"gold_loss":50},{"damage_healed":0,"gold_gain":50,"player_choice":"Pray","damage_taken":0,"max_hp_gain":0,"max_hp_loss":0,"event_name":"Golden Shrine","floor":30,"gold_loss":0},{"damage_healed":0,"gold_gain":0,"player_choice":"Ignored","damage_taken":0,"max_hp_gain":0,"max_hp_loss":0,"event_name":"Tomb of Lord Red Mask","floor":36,"gold_loss":0},{"damage_healed":0,"gold_gain":0,"player_choice":"Memory 1","damage_taken":0,"max_hp_gain":0,"max_hp_loss":0,"event_name":"SensoryStone","floor":37,"gold_loss":0},{"cards_removed":["Anger"],"damage_healed":0,"gold_gain":0,"player_choice":"Removed Attack","damage_taken":0,"max_hp_gain":0,"max_hp_loss":0,"event_name":"Falling","floor":45,"gold_loss":0}],"is_beta":false,"boss_relics":[{"not_picked":["Black Star","Calling Bell"],"picked":"Coffee Dripper"},{"not_picked":["Pandora\u0027s Box","Runic Pyramid"],"picked":"construct:ClawGrip"}],"items_purged_floors":[10,39,53],"is_endless":false,"potions_floor_spawned":[1,2,12,16,25,33,35,47,48,54],"ascension_level":19}}