{"host":"y89x8uui45kcjy42","time":1612051236,"event":{"mods":["2.2 Compatiblity","BaseMod","CapriCore","Colored Map","Colored Powertips","Custom Start","Friendly Minions","Keyboard Shortcuts","Minty Spire (QoL Compilation)","Relic Stats","Slay the Relics Exporter","StSLib","SuperFastMode","Uncapped"],"gold_per_floor":[109,259,83,94,94,94,94,94],"floor_reached":7,"language":"KOR","playtime":127,"items_purged":["Writhe"],"score":78,"play_id":"5eb73ea8-3484-41cd-a075-72326ba7167b","local_time":"20210131090036","is_ascension_mode":true,"campfire_choices":[{"data":"Devotion","floor":6,"key":"SMITH"}],"circlet_count":0,"master_deck":["AscendersBane","Strike_P","Strike_P","Strike_P","Defend_P","Defend_P","Defend_P","Eruption+1","Vigilance","Devotion+1","DeusExMachina","Prostrate","TalkToTheHand"],"relics":["PureWater","Damaru","WingedGreaves"],"acts_visited":["Exordium"],"potions_floor_usage":[],"damage_taken":[{"damage":11,"enemies":"Jaw Worm","floor":1,"turns":5},{"damage":13,"enemies":"2 Louse","floor":4,"turns":4},{"damage":58,"enemies":"Gremlin Nob","floor":7,"turns":3}],"seed_played":"-7949899813652290719","potions_obtained":[{"floor":1,"key":"LiquidBronze"}],"is_trial":false,"path_per_floor":["M","?","$","M","?","R","E"],"character_chosen":"WATCHER","items_purchased":["Damaru","TalkToTheHand"],"campfire_rested":0,"item_purchase_floors":[3,3],"current_hp_per_floor":[50,50,50,37,37,37,0,0],"gold":94,"neow_bonus":"TRANSFORM_TWO_CARDS","is_daily":false,"chose_seed":false,"campfire_upgraded":1,"win_rate":0.0,"timestamp":1612051236,"path_taken":["M","?","$","M","?","R","E"],"items_purchased_type":["Relic","Card"],"build_version":"2020-12-22","purchased_purges":1,"victory":false,"max_hp_per_floor":[68,68,68,68,68,68,68,68],"relic_stats":{"counters":[3,12],"obtain_stats":[{"Damaru":3,"WingedGreaves":4,"PureWater":0},{"Damaru":1,"WingedGreaves":2,"PureWater":0},{"Damaru":5,"WingedGreaves":9,"PureWater":0}]},"card_choices":[{"not_picked":["FlurryOfBlows","ThirdEye"],"picked":"Prostrate","floor":1},{"not_picked":["EmptyBody","DeusExMachina","FlurryOfBlows"],"picked":"SKIP","floor":4}],"player_experience":670978,"relics_obtained":[],"event_choices":[{"damage_healed":0,"gold_gain":0,"player_choice":"Ignored","damage_taken":0,"max_hp_gain":0,"max_hp_loss":0,"event_name":"Liars Game","floor":2,"gold_loss":0},{"damage_healed":0,"gold_gain":0,"player_choice":"Upgraded","damage_taken":0,"max_hp_gain":0,"max_hp_loss":0,"event_name":"Upgrade Shrine","floor":5,"gold_loss":0,"cards_upgraded":["Eruption"]}],"is_beta":false,"boss_relics":[],"items_purged_floors":[3],"is_endless":false,"potions_floor_spawned":[1],"killed_by":"Gremlin Nob","ascension_level":20}}