{"host":"7p9x7pjspzs3wva0","time":1612095446,"event":{"mods":["Aspiration","BaseMod","Better Skull","Better Third Choice","BetterRewards","Colored Map","Conspire","Dio Mod","Energized Spire","Infinite Spire","Minty Spire (QoL Compilation)","Replay The Spire","Small Relic Pack","StSLib"],"gold_per_floor":[119,38,38,65,91,132,132,132,132,173,196,56,56,84,84,192,192,235,276,326,251,251,251,251,251,251,251,271,307,358,358,358,501,501,532,567,547,201,245,245,301,333,333,31,82,133,177,241,241,255,305],"floor_reached":52,"language":"ENG","playtime":2726,"items_purged":["dioMod:Strike"],"score":2463,"play_id":"2d0cff58-341f-4d74-905c-15d71c8da1fb","local_time":"20210131141726","is_ascension_mode":true,"campfire_choices":[{"floor":8.0,"key":"REST"},{"floor":13.0,"key":"REST"},{"floor":15.0,"key":"REST"},{"data":"dioMod:Pluck","floor":25.0,"key":"SMITH"},{"data":"dioMod:MudaMudaMuda","floor":27.0,"key":"SMITH"},{"data":"Panache","floor":32.0,"key":"SMITH"},{"data":"dioMod:ZaWarudo","floor":40.0,"key":"SMITH"},{"data":"dioMod:PathToHeaven","floor":49,"key":"SMITH"}],"circlet_count":1,"master_deck":["AscendersBane","dioMod:Strike","Bite","dioMod:Defend","dioMod:Defend","Bite","dioMod:BloodSuck+1","dioMod:GoodbyeJojo","dioMod:FlyAway","dioMod:VengefulMuda","Jack Of All Trades","Panache+1","dioMod:DominatingPresence","dioMod:BloodShield","dioMod:SlashThroughTime","dioMod:Muda","dioMod:DoubleTime","dioMod:Pluck+1","dioMod:BloodSplash","dioMod:DaggerToss","dioMod:Muda","dioMod:BlendIn","dioMod:StreetSign","dioMod:MudaMudaMuda+1","dioMod:SadisticLaugh","dioMod:KonoDioDa","dioMod:FlyAway+1","dioMod:ComboFever","dioMod:CautiousMuda","Bane","Dodge and Roll","Deflect","dioMod:Hiss","dioMod:TripleThreat","dioMod:ZaWarudo+1","dioMod:LaserVision+1","dioMod:ComposedMuda+1","Flash of Steel","dioMod:StreetSign","dioMod:Freeze","dioMod:DoubleTime","Replay:BasicMightCard","dioMod:PathToHeaven+1","dioMod:DarkRebirth","dioMod:WRYYY"],"relics":["dioMod:VampireBlood","Prayer Wheel","Replay:Bandana","DollysMirror","Peace Pipe","conspire:DeflatedDodgeball","aspiration:HatOfInfinitePower","Golden Idol","Singing Bowl","Eternal Feather","Circlet","Replay:PocketPolymizer","TheAbacus","Bird Faced Urn","Mango","Kunai","aspiration:PoetsPen_weak","Oddly Smooth Stone","ReplayTheSpireMod:Ninjato","Blood Vial","FossilizedHelix","aspiration:AnachronicSnailShell"],"acts_visited":["Exordium","TheCity","TheBeyond"],"potions_floor_usage":[42,45,45,48,50,50],"damage_taken":[{"damage":8.0,"enemies":"2 Louse","floor":1.0,"turns":2.0},{"damage":7.0,"enemies":"Jaw Worm","floor":4.0,"turns":2.0},{"damage":0.0,"enemies":"Cultist","floor":5.0,"turns":2.0},{"damage":42.0,"enemies":"Replay:BlueRogue","floor":6.0,"turns":5.0},{"damage":64.0,"enemies":"Gremlin Nob","floor":10.0,"turns":6.0},{"damage":11.0,"enemies":"Red Slaver","floor":11.0,"turns":3.0},{"damage":23.0,"enemies":"3 Louse","floor":14.0,"turns":3.0},{"damage":61.0,"enemies":"The Guardian","floor":16.0,"turns":7.0},{"damage":29.0,"enemies":"2 Thieves","floor":18.0,"turns":4.0},{"damage":8.0,"enemies":"Spheric Guardian","floor":19.0,"turns":4.0},{"damage":15.0,"enemies":"Centurion and Healer","floor":20.0,"turns":4.0},{"damage":3.0,"enemies":"conspire:HollyBat","floor":28.0,"turns":6.0},{"damage":33.0,"enemies":"Snake Plant","floor":29.0,"turns":4.0},{"damage":30.0,"enemies":"conspire:Head Lice","floor":30.0,"turns":5.0},{"damage":90.0,"enemies":"StardustCrusaders","floor":33.0,"turns":9.0},{"damage":28.0,"enemies":"3 Shapes","floor":35.0,"turns":4.0},{"damage":9.0,"enemies":"Orb Walker","floor":36.0,"turns":3.0},{"damage":21.0,"enemies":"4 Shapes","floor":39.0,"turns":2.0},{"damage":16.0,"enemies":"Writhing Mass","floor":41.0,"turns":3.0},{"damage":1,"enemies":"Maw","floor":42,"turns":7},{"damage":36,"enemies":"Reptomancer","floor":45,"turns":6},{"damage":1,"enemies":"3 Darklings","floor":46,"turns":2},{"damage":0,"enemies":"Spire Growth","floor":47,"turns":3},{"damage":0,"enemies":"Giant Head","floor":48,"turns":5},{"damage":64,"enemies":"infinitespire:MassOfShapes","floor":50,"turns":8},{"damage":8,"enemies":"Awakened One","floor":51,"turns":7}],"seed_played":"3544465808816943266","potions_obtained":[{"floor":5.0,"key":"Toxic Potion"},{"floor":10.0,"key":"Fire Potion"},{"floor":35.0,"key":"Explosive Potion"},{"floor":37.0,"key":"AttackPotion"},{"floor":42,"key":"Adrenaline Potion"},{"floor":45,"key":"Fruit Juice"},{"floor":47,"key":"CultistPotion"},{"floor":48,"key":"Fire Potion"}],"is_trial":false,"path_per_floor":["M","$","?","M","M","E","?","R","T","E","M","$","R","M","R","B",null,"M","M","M","?","?","T","AVR","R","T","R","M","M","E","T","R","B",null,"M","M","?","$","M","R","M","M","T","$","E","M","M","E","R","B","B",null],"character_chosen":"THE_DEFAULT","items_purchased":["Prayer Wheel","Replay:Bandana","DollysMirror","dioMod:BloodSuck+1","dioMod:GoodbyeJojo","dioMod:VengefulMuda","Jack Of All Trades","Panache","dioMod:SlashThroughTime","dioMod:BlendIn","dioMod:StreetSign","Block Potion","Oddly Smooth Stone","Flash of Steel","Blood Vial","dioMod:DoubleTime","Replay:BasicMightCard"],"campfire_rested":3,"item_purchase_floors":[0,0,0,0,0,0,0,0,2,12,12,12,38,38,44,44,44],"current_hp_per_floor":[54,54,54,52,55,32,32,50,50,11,6,6,40,42,65,22,54,62,71,71,71,71,71,71,71,71,71,73,64,88,88,91,33,77,78,78,78,78,75,96,89,103,103,103,89,110,112,114,114,86,114],"gold":305,"neow_bonus":"","is_daily":false,"chose_seed":false,"campfire_upgraded":5,"win_rate":0.0,"timestamp":1612095446,"path_taken":["M","$","?","M","M","E","?","R","T","E","M","?","R","M","R","BOSS","M","M","M","?","?","?","AVR","R","T","R","?","M","E","?","R","BOSS","M","M","?","$","M","R","M","M","T","?","E","?","M","E","R","BOSS","BOSS"],"items_purchased_type":["Relic","Relic","Relic","Card","Card","Card","Card","Card","Card","Card","Card","Potion","Relic","Card","Relic","Card","Card"],"build_version":"2020-12-22","purchased_purges":1,"victory":true,"max_hp_per_floor":[70,70,70,70,70,70,63,63,63,65,65,65,65,65,65,65,65,67,71,71,71,71,71,71,71,71,71,73,75,91,91,91,91,91,93,95,95,95,97,97,99,103,103,103,108,110,112,114,114,114,114],"card_choices":[{"not_picked":["dioMod:WRYYY","dioMod:LaserVision"],"picked":"dioMod:DominatingPresence","floor":1.0},{"not_picked":["dioMod:Muda","dioMod:DoubleTime"],"picked":"dioMod:BloodShield","floor":1.0},{"not_picked":["dioMod:Minions","dioMod:BloodSuck"],"picked":"dioMod:Muda","floor":4.0},{"not_picked":["dioMod:CutDeep","dioMod:SadisticLaugh"],"picked":"dioMod:DoubleTime","floor":4.0},{"not_picked":["dioMod:VengefulMuda","dioMod:LaserVision"],"picked":"dioMod:Pluck","floor":5.0},{"not_picked":["dioMod:WRYYY","dioMod:DaggerSpree","dioMod:Donut"],"picked":"SKIP","floor":5.0},{"not_picked":["dioMod:HeavyLifting","dioMod:SadisticLaugh"],"picked":"dioMod:BloodSplash","floor":6.0},{"not_picked":["dioMod:BloodSplash","dioMod:TripleThreat","dioMod:VengefulMuda"],"picked":"Singing Bowl","floor":10.0},{"not_picked":["dioMod:Diversion","dioMod:DaggerSpree"],"picked":"dioMod:DaggerToss","floor":11.0},{"not_picked":["dioMod:WRYYY","dioMod:Minions"],"picked":"dioMod:Muda","floor":11.0},{"not_picked":["dioMod:Roundabout","dioMod:VengefulMuda"],"picked":"dioMod:MudaMudaMuda","floor":14.0},{"not_picked":["dioMod:CoffinBath","dioMod:Donut"],"picked":"dioMod:SadisticLaugh","floor":14.0},{"not_picked":["dioMod:Regeneration","dioMod:Pluck"],"picked":"dioMod:KonoDioDa","floor":16.0},{"not_picked":["dioMod:Donut","dioMod:BloodSplash"],"picked":"dioMod:FlyAway+1","floor":18.0},{"not_picked":["dioMod:SecretPlan","dioMod:VengefulMuda","dioMod:BloodSplash"],"picked":"Singing Bowl","floor":18.0},{"not_picked":["dioMod:DoubleTime","dioMod:Roundabout","dioMod:BlendIn+1"],"picked":"Singing Bowl","floor":19.0},{"not_picked":["dioMod:VengefulMuda","dioMod:SlashThroughTime","dioMod:KonoDioDa"],"picked":"Singing Bowl","floor":19.0},{"not_picked":["dioMod:Roundabout","dioMod:DoubleTime+1"],"picked":"dioMod:ComboFever","floor":20.0},{"not_picked":["dioMod:LaserVision","dioMod:VengefulMuda"],"picked":"dioMod:CautiousMuda","floor":20.0},{"not_picked":["dioMod:BloodSplash","dioMod:Diversion+1"],"picked":"dioMod:Hiss","floor":28.0},{"not_picked":["dioMod:BloodShield","dioMod:BlendIn","dioMod:WRYYY"],"picked":"Singing Bowl","floor":28.0},{"not_picked":["dioMod:MudaMudaMuda","dioMod:BloodSplash"],"picked":"dioMod:TripleThreat","floor":29.0},{"not_picked":["dioMod:DominatingPresence","dioMod:DaggerSpree","dioMod:WRYYY"],"picked":"Singing Bowl","floor":29.0},{"not_picked":["dioMod:PhantomBlood","dioMod:ComboFever","dioMod:CutDeep"],"picked":"Singing Bowl","floor":30.0},{"not_picked":["dioMod:RoadRoller","dioMod:Refresh"],"picked":"dioMod:ZaWarudo","floor":33.0},{"not_picked":["dioMod:DaggerSpree","dioMod:FlyAway"],"picked":"dioMod:LaserVision+1","floor":35.0},{"not_picked":["dioMod:BloodTransfusion","dioMod:DoubleTime","dioMod:TripleThreat"],"picked":"Singing Bowl","floor":35.0},{"not_picked":["dioMod:LaserVision","dioMod:CutDeep","dioMod:Diversion"],"picked":"Singing Bowl","floor":36.0},{"not_picked":["dioMod:Diversion","dioMod:BlendIn+1"],"picked":"dioMod:ComposedMuda+1","floor":36.0},{"not_picked":["dioMod:Minions+1","dioMod:DoubleTime","dioMod:WRYYY"],"picked":"Singing Bowl","floor":39.0},{"not_picked":["dioMod:CautiousMuda","dioMod:DoubleTime"],"picked":"dioMod:StreetSign","floor":39.0},{"not_picked":["dioMod:WRYYY","dioMod:HeavyLifting+1"],"picked":"dioMod:Freeze","floor":41.0},{"not_picked":["dioMod:BlendIn","dioMod:Donut","dioMod:BloodTransfusion"],"picked":"Singing Bowl","floor":41.0},{"not_picked":["dioMod:BloodShield","dioMod:BloodSplash","dioMod:BloodSuck"],"picked":"Singing Bowl","floor":42},{"not_picked":["dioMod:LaserVision+1","dioMod:MudaMudaMuda","dioMod:HeavyLifting"],"picked":"Singing Bowl","floor":42},{"not_picked":["dioMod:DarkRebirth","dioMod:SadisticLaugh+1"],"picked":"dioMod:PathToHeaven","floor":45},{"not_picked":["dioMod:CoffinBath","dioMod:DominatingPresence","dioMod:DaggerToss"],"picked":"Singing Bowl","floor":46},{"not_picked":["dioMod:Donut","dioMod:Muda"],"picked":"dioMod:BloodTransfusion","floor":46},{"not_picked":["dioMod:WRYYY","dioMod:BloodSplash+1"],"picked":"dioMod:DarkRebirth","floor":47},{"not_picked":["dioMod:SlashThroughTime","dioMod:GoodbyeJojo","dioMod:BloodSuck"],"picked":"Singing Bowl","floor":47},{"not_picked":["dioMod:Diversion","dioMod:VengefulMuda","dioMod:WRYYY"],"picked":"Singing Bowl","floor":48}],"player_experience":294165,"relics_obtained":[{"floor":3.0,"key":"conspire:DeflatedDodgeball"},{"floor":6.0,"key":"aspiration:HatOfInfinitePower"},{"floor":9.0,"key":"Singing Bowl"},{"floor":10.0,"key":"Eternal Feather"},{"floor":23.0,"key":"Replay:PocketPolymizer"},{"floor":26.0,"key":"Bird Faced Urn"},{"floor":30.0,"key":"Mango"},{"floor":31.0,"key":"Kunai"},{"floor":43,"key":"ReplayTheSpireMod:Ninjato"},{"floor":45,"key":"FossilizedHelix"},{"floor":48,"key":"aspiration:AnachronicSnailShell"}],"event_choices":[{"damage_healed":0.0,"max_hp_gain":0.0,"max_hp_loss":7.0,"gold_gain":0.0,"event_name":"Golden Idol","player_choice":"Lose Max HP","floor":7.0,"gold_loss":0.0,"damage_taken":0.0,"relics_obtained":["Golden Idol"]},{"cards_removed":["dioMod:Strike"],"damage_healed":0.0,"max_hp_gain":0.0,"max_hp_loss":0.0,"gold_gain":0.0,"event_name":"Beggar","player_choice":"Gave Gold","floor":21.0,"gold_loss":75.0,"damage_taken":0.0},{"damage_healed":0.0,"max_hp_gain":0.0,"max_hp_loss":0.0,"gold_gain":0.0,"event_name":"The Woman in Blue","player_choice":"Bought 1 Potion","floor":37.0,"gold_loss":0.0,"damage_taken":0.0}],"is_beta":false,"boss_relics":[{"not_picked":["aspiration:RitualDagger","Busted Crown"],"picked":"Replay:Fungal Core"},{"not_picked":["Abe\u0027s Treasure","relicPack:ShieldShield"],"picked":"aspiration:PoetsPen_weak"}],"items_purged_floors":[38],"is_endless":false,"potions_floor_spawned":[5,10,18,28,29,35,36,42,45,47,48],"ascension_level":20}}