{"host":"wshh0nphwn6jv7vj","time":1612057553,"event":{"mods":["BaseMod","Bestiary","Minty Spire (QoL Compilation)","Relic Stats"],"gold_per_floor":[112,132,57,69,69,69,103,103,150,150,190,217,217,46,46,134,134,162,162,182,17,34,34,34],"floor_reached":23,"language":"ENG","playtime":1727,"items_purged":["Fasting2"],"score":461,"play_id":"b3ff3ba2-ebd7-424c-871e-ec277f99ceb2","local_time":"20210130204553","is_ascension_mode":true,"campfire_choices":[{"data":"JustLucky","floor":6,"key":"SMITH"},{"floor":8,"key":"REST"},{"data":"Alpha","floor":10,"key":"SMITH"},{"floor":15,"key":"REST"}],"circlet_count":0,"master_deck":["AscendersBane","Eruption","Vigilance","SignatureMove","Wireheading","ClearTheMind","FlyingSleeves","LikeWater","Alpha+1","SpiritShield","ThirdEye","Conclude","JustLucky+1","Meditate","BowlingBash","Consecrate","Scrawl","Nirvana+1","EmptyBody"],"relics":["Pandora\u0027s Box","CeramicFish","Bag of Preparation","Kunai","Smiling Mask","TheAbacus","Runic Pyramid","Centennial Puzzle","Oddly Smooth Stone"],"acts_visited":["Exordium","TheCity"],"potions_floor_usage":[23],"damage_taken":[{"damage":1,"enemies":"Cultist","floor":1,"turns":3},{"damage":5,"enemies":"Jaw Worm","floor":2,"turns":4},{"damage":0,"enemies":"Small Slimes","floor":4,"turns":2},{"damage":21,"enemies":"3 Sentries","floor":7,"turns":5},{"damage":33,"enemies":"Gremlin Nob","floor":11,"turns":4},{"damage":0,"enemies":"3 Louse","floor":12,"turns":3},{"damage":0,"enemies":"Hexaghost","floor":16,"turns":7},{"damage":6,"enemies":"Spheric Guardian","floor":18,"turns":7},{"damage":4,"enemies":"3 Byrds","floor":20,"turns":5},{"damage":0,"enemies":"Snecko","floor":22,"turns":4},{"damage":53,"enemies":"Slavers","floor":23,"turns":3}],"seed_played":"-5026071212774883072","potions_obtained":[{"floor":1,"key":"StancePotion"},{"floor":7,"key":"Energy Potion"}],"is_trial":false,"path_per_floor":["M","M","$","M","?","R","E","R","T","R","E","M","?","$","R","B",null,"M","?","M","$","M","E"],"character_chosen":"WATCHER","items_purchased":["TheAbacus","Oddly Smooth Stone"],"campfire_rested":2,"item_purchase_floors":[14,21],"current_hp_per_floor":[60,55,55,55,55,55,34,54,54,54,21,21,21,21,41,41,61,55,55,51,51,51,0,0],"gold":34,"neow_bonus":"BOSS_RELIC","is_daily":false,"chose_seed":false,"campfire_upgraded":2,"win_rate":0.0,"timestamp":1612057553,"path_taken":["M","M","?","M","?","R","E","R","T","R","E","?","?","?","R","BOSS","M","?","M","$","M","E"],"items_purchased_type":["Relic","Relic"],"build_version":"2020-12-22","purchased_purges":1,"victory":false,"max_hp_per_floor":[68,68,68,68,68,68,68,68,68,68,68,68,68,68,68,68,68,68,68,68,68,68,68,68],"relic_stats":{"Centennial Puzzle":[6],"TheAbacus":[48],"counters":[11,47],"CeramicFish":54,"Pandora\u0027s Box":["SignatureMove","Wireheading","ClearTheMind","FlyingSleeves","LikeWater","Alpha","Fasting2","SpiritShield"],"Bag of Preparation":[14],"Kunai":[4],"Smiling Mask":0,"obtain_stats":[{"Centennial Puzzle":19,"TheAbacus":14,"CeramicFish":7,"Oddly Smooth Stone":21,"Pandora\u0027s Box":0,"Bag of Preparation":9,"Kunai":11,"PureWater":0,"Smiling Mask":13,"Runic Pyramid":17},{"Centennial Puzzle":8,"TheAbacus":6,"CeramicFish":4,"Oddly Smooth Stone":9,"Pandora\u0027s Box":0,"Bag of Preparation":4,"Kunai":5,"PureWater":0,"Smiling Mask":6,"Runic Pyramid":7},{"Centennial Puzzle":35,"TheAbacus":21,"CeramicFish":14,"Oddly Smooth Stone":40,"Pandora\u0027s Box":0,"Bag of Preparation":14,"Kunai":18,"PureWater":0,"Smiling Mask":21,"Runic Pyramid":28}]},"card_choices":[{"not_picked":["Sanctity","FlyingSleeves"],"picked":"ThirdEye","floor":1},{"not_picked":["ClearTheMind","FollowUp"],"picked":"Conclude","floor":2},{"not_picked":["ReachHeaven","WaveOfTheHand"],"picked":"JustLucky","floor":4},{"not_picked":["Swivel","FlurryOfBlows"],"picked":"Meditate","floor":7},{"not_picked":["SpiritShield","Halt"],"picked":"BowlingBash","floor":11},{"not_picked":["CutThroughFate","ClearTheMind"],"picked":"Consecrate","floor":12},{"not_picked":["SpiritShield","MasterReality"],"picked":"Scrawl","floor":16},{"not_picked":["Perseverance+1","PathToVictory+1"],"picked":"Nirvana+1","floor":18},{"not_picked":["Wallop","Protect"],"picked":"EmptyBody","floor":20},{"not_picked":["CrushJoints+1","CarveReality","BowlingBash+1"],"picked":"SKIP","floor":22}],"player_experience":1619320,"relics_obtained":[{"floor":7,"key":"CeramicFish"},{"floor":9,"key":"Bag of Preparation"},{"floor":11,"key":"Kunai"},{"floor":13,"key":"Smiling Mask"}],"event_choices":[{"damage_healed":0,"gold_gain":0,"player_choice":"0 cards matched","damage_taken":0,"max_hp_gain":0,"max_hp_loss":0,"event_name":"Match and Keep!","floor":5,"gold_loss":0,"cards_obtained":[]},{"damage_healed":0,"gold_gain":0,"player_choice":"Relic","damage_taken":0,"max_hp_gain":0,"max_hp_loss":0,"event_name":"Wheel of Change","floor":13,"gold_loss":0},{"damage_healed":0,"gold_gain":0,"player_choice":"Gave Potion","damage_taken":0,"relics_obtained":["Centennial Puzzle"],"max_hp_gain":0,"max_hp_loss":0,"event_name":"WeMeetAgain","floor":19,"gold_loss":0}],"is_beta":false,"boss_relics":[{"not_picked":["Snecko Eye","Astrolabe"],"picked":"Runic Pyramid"}],"items_purged_floors":[3],"is_endless":false,"potions_floor_spawned":[1,7,16],"killed_by":"Slavers","ascension_level":17}}