{"host":"zh52cun1g5egmafn","time":1612066545,"event":{"mods":["AchievementEnabler","Arknights","BaseMod","DeckTracker","Minty Spire (QoL Compilation)","StSLib"],"gold_per_floor":[115,0,13,88,88,88,113,126,126,156,184,184,154,154,154,274,274,294,294,62,76,76,76,76],"floor_reached":23,"language":"KOR","playtime":778,"items_purged":["ats:Defend"],"score":308,"play_id":"d71a47e5-72ce-45f2-ba81-bffff91c9bd4","local_time":"20210131131545","is_ascension_mode":true,"campfire_choices":[{"data":"ats:Calcification","floor":6.0,"key":"SMITH"},{"floor":12.0,"key":"REST"},{"floor":15.0,"key":"REST"}],"circlet_count":0,"master_deck":["ats:Strike G","ats:Armor Crushing Shot","ats:Defend","ats:Defend","ats:Defend","ats:Emotion Absorption","ats:Calcification+1","ats:Spore Proliferation","ats:Directed Diagnosis","ats:Absolute Focus","ats:Ignite","ats:Shadow Assault","ats:Closed Bolt Burst Fire+1"],"relics":["ats:Sanity","NeowsBlessing","ats:Originium","Matryoshka","Oddly Smooth Stone","HornCleat","Pear","Golden Idol","Empty Cage","Sling"],"acts_visited":["Exordium","TheCity"],"potions_floor_usage":[16,18,23],"damage_taken":[{"damage":0.0,"enemies":"2 Louse","floor":1.0,"turns":1.0},{"damage":0.0,"enemies":"Small Slimes","floor":3.0,"turns":1.0},{"damage":0.0,"enemies":"Lagavulin","floor":7.0,"turns":2.0},{"damage":6.0,"enemies":"Jaw Worm","floor":8.0,"turns":6.0},{"damage":44.0,"enemies":"Gremlin Nob","floor":11.0,"turns":6.0},{"damage":4.0,"enemies":"Looter","floor":13.0,"turns":4.0},{"damage":47,"enemies":"Hexaghost","floor":16,"turns":11},{"damage":22,"enemies":"Spheric Guardian","floor":18,"turns":10},{"damage":28,"enemies":"Shell Parasite","floor":21,"turns":13},{"damage":13,"enemies":"Book of Stabbing","floor":23,"turns":5}],"seed_played":"8791262174064942135","potions_obtained":[{"floor":7.0,"key":"BlessingOfTheForge"},{"floor":8.0,"key":"PowerPotion"},{"floor":16,"key":"SkillPotion"},{"floor":18,"key":"FearPotion"}],"is_trial":false,"path_per_floor":["M","$","M","?","?","R","E","M","T","?","E","R","M","?","R","B",null,"M","?","$","M","?","E"],"character_chosen":"DOCTOR_CLASS","items_purchased":["ats:Calcification","Sling"],"campfire_rested":2,"item_purchase_floors":[2,20],"current_hp_per_floor":[65,65,65,54,54,54,54,50,50,50,16,40,43,23,47,7,63,54,54,54,35,35,24,24],"gold":76,"neow_bonus":"THREE_ENEMY_KILL","is_daily":false,"chose_seed":false,"campfire_upgraded":1,"win_rate":0.0,"timestamp":1612066545,"path_taken":["M","$","M","?","?","R","E","M","T","?","E","R","?","?","R","BOSS","M","?","$","M","?","E"],"items_purchased_type":["Card","Relic"],"build_version":"2020-12-22","purchased_purges":1,"victory":false,"max_hp_per_floor":[72,72,72,72,72,72,72,72,72,72,82,82,82,82,82,82,82,82,82,82,82,82,82,82],"card_choices":[{"not_picked":["ats:Flexible Camouflage","ats:Revitalization","ats:Apocalypse"],"picked":"SKIP","floor":1.0},{"not_picked":["ats:Sashimi Platter","ats:Thermite Blade"],"picked":"ats:Spore Proliferation","floor":3.0},{"not_picked":["ats:Chain Hook","ats:Assault Order"],"picked":"ats:Directed Diagnosis","floor":7.0},{"not_picked":["ats:Very Hot Blade","ats:Cat Scratch"],"picked":"ats:Absolute Focus","floor":8.0},{"not_picked":["ats:Soul Rend","ats:Spore Proliferation"],"picked":"ats:Ignite","floor":11.0},{"not_picked":["ats:Explosion Area Strengthen","ats:Ignite"],"picked":"ats:Shadow Assault","floor":13.0},{"not_picked":["ats:Rapid Magazine","ats:Very Hot Blade","ats:Leaping Hammer"],"picked":"SKIP","floor":18},{"not_picked":["ats:Cat Scratch","ats:Consecutive Shot Auto"],"picked":"ats:Closed Bolt Burst Fire+1","floor":21}],"player_experience":222671,"relics_obtained":[{"floor":7.0,"key":"ats:Originium"},{"floor":7.0,"key":"Matryoshka"},{"floor":9.0,"key":"Oddly Smooth Stone"},{"floor":9.0,"key":"HornCleat"},{"floor":11.0,"key":"ats:Originium"},{"floor":11.0,"key":"Pear"}],"event_choices":[{"damage_healed":0.0,"max_hp_gain":0.0,"max_hp_loss":0.0,"gold_gain":75.0,"event_name":"World of Goop","player_choice":"Gather Gold","floor":4.0,"gold_loss":0.0,"damage_taken":11.0},{"damage_healed":0.0,"max_hp_gain":0.0,"max_hp_loss":0.0,"gold_gain":0.0,"event_name":"Liars Game","player_choice":"Ignored","floor":5.0,"gold_loss":0.0,"damage_taken":0.0},{"damage_healed":0.0,"max_hp_gain":0.0,"max_hp_loss":0.0,"gold_gain":30.0,"event_name":"Dead Adventurer","player_choice":"Searched \u00271\u0027 times","floor":10.0,"gold_loss":0.0,"damage_taken":0.0},{"damage_healed":0.0,"max_hp_gain":0.0,"max_hp_loss":0.0,"gold_gain":0.0,"event_name":"Golden Idol","player_choice":"Take Damage","floor":14.0,"gold_loss":0.0,"damage_taken":20.0,"relics_obtained":["Golden Idol"]},{"damage_healed":0,"gold_gain":0,"player_choice":"Ignored","damage_taken":0,"max_hp_gain":0,"max_hp_loss":0,"event_name":"Ghosts","floor":19,"gold_loss":0},{"cards_removed":["ats:Strike C"],"damage_healed":0,"gold_gain":0,"player_choice":"Elegance","damage_taken":0,"max_hp_gain":0,"max_hp_loss":0,"event_name":"Back to Basics","floor":22,"gold_loss":0}],"is_beta":false,"boss_relics":[{"not_picked":["Astrolabe","Tiny House"],"picked":"Empty Cage"}],"items_purged_floors":[20],"is_endless":false,"potions_floor_spawned":[7,8,16,18],"killed_by":"Book of Stabbing","ascension_level":8}}