{"host":"axuns55dzq466eei","time":1612086463,"event":{"mods":["BaseMod","Colored Map","Keyboard Shortcuts","Minty Spire (QoL Compilation)","StSLib","SuperFastMode"],"gold_per_floor":[117,117,117,192,192,225,225,251,251,271,28,61,61,87,87,164,164,183,183,183,200,11,11,11],"floor_reached":23,"language":"KOR","playtime":452,"items_purged":["Strike_R","Strike_R+1"],"score":526,"play_id":"58f18205-4caa-45b4-9710-7713e54e74f1","local_time":"20210131184743","is_ascension_mode":true,"campfire_choices":[{"data":"Inflame","floor":7,"key":"SMITH"},{"data":"Dark Embrace","floor":13,"key":"SMITH"},{"data":"Disarm","floor":15,"key":"SMITH"}],"circlet_count":0,"master_deck":["AscendersBane","Strike_R+1","Defend_R","Defend_R","Defend_R","Defend_R","Bash","Dark Embrace+1","Uppercut","Inflame+1","Wild Strike","Shrug It Off","Double Tap","Disarm+1","Feed","Feel No Pain"],"relics":["Burning Blood","NeowsBlessing","Blue Candle","Magic Flower","Toy Ornithopter","FossilizedHelix","Boot","Runic Dome"],"acts_visited":["Exordium","TheCity"],"potions_floor_usage":[12,23],"damage_taken":[{"damage":0,"enemies":"Small Slimes","floor":1,"turns":1},{"damage":0,"enemies":"3 Sentries","floor":6,"turns":2},{"damage":0,"enemies":"Gremlin Nob","floor":8,"turns":1},{"damage":6,"enemies":"2 Louse","floor":10,"turns":3},{"damage":31,"enemies":"Lagavulin","floor":12,"turns":6},{"damage":30,"enemies":"3 Sentries","floor":14,"turns":7},{"damage":11,"enemies":"The Guardian","floor":16,"turns":17},{"damage":16,"enemies":"Spheric Guardian","floor":18,"turns":4},{"damage":20,"enemies":"Shell Parasite","floor":21,"turns":6},{"damage":59,"enemies":"Book of Stabbing","floor":23,"turns":7}],"seed_played":"-364672383381508173","potions_obtained":[{"floor":1,"key":"BlessingOfTheForge"},{"floor":12,"key":"Fruit Juice"},{"floor":16,"key":"SpeedPotion"}],"is_trial":false,"path_per_floor":["M","?","?","?","?","E","R","E","T","M","$","E","R","E","R","B",null,"M","?","?","M","$","E"],"character_chosen":"IRONCLAD","items_purchased":["Double Tap","Feel No Pain"],"campfire_rested":0,"item_purchase_floors":[11,22],"current_hp_per_floor":[74,51,51,40,40,46,46,52,52,55,55,41,41,20,20,18,61,59,59,59,48,48,0,0],"gold":11,"neow_bonus":"THREE_ENEMY_KILL","is_daily":false,"chose_seed":false,"campfire_upgraded":3,"win_rate":0.0,"timestamp":1612086463,"path_taken":["M","?","?","?","?","E","R","E","T","M","$","E","R","E","R","BOSS","M","?","?","M","$","E"],"items_purchased_type":["Card","Card"],"build_version":"2020-12-22","purchased_purges":2,"victory":false,"max_hp_per_floor":[75,75,75,75,75,75,75,75,75,75,75,75,75,75,75,75,75,78,78,78,78,78,78,78],"card_choices":[{"not_picked":["Cleave","Perfected Strike"],"picked":"Dark Embrace","floor":1},{"not_picked":["Intimidate","Clothesline"],"picked":"Inflame","floor":6},{"not_picked":["Fire Breathing","True Grit"],"picked":"Wild Strike","floor":8},{"not_picked":["Shockwave","Pummel"],"picked":"Shrug It Off","floor":10},{"not_picked":["Rupture","Armaments","Reckless Charge"],"picked":"SKIP","floor":12},{"not_picked":["Rampage","Intimidate"],"picked":"Disarm","floor":14},{"not_picked":["Barricade","Immolate"],"picked":"Feed","floor":16},{"not_picked":["Inflame","Sever Soul","Uppercut"],"picked":"SKIP","floor":18},{"not_picked":["Intimidate","Headbutt","True Grit"],"picked":"SKIP","floor":21}],"player_experience":1100886,"relics_obtained":[{"floor":6,"key":"Blue Candle"},{"floor":8,"key":"Magic Flower"},{"floor":9,"key":"Toy Ornithopter"},{"floor":12,"key":"FossilizedHelix"},{"floor":14,"key":"Boot"}],"event_choices":[{"damage_healed":0,"gold_gain":0,"player_choice":"Entered Light","damage_taken":23,"max_hp_gain":0,"max_hp_loss":0,"event_name":"Shining Light","floor":2,"gold_loss":0,"cards_upgraded":["Strike_R","Strike_R"]},{"damage_healed":0,"gold_gain":0,"player_choice":"Ignored","damage_taken":0,"max_hp_gain":0,"max_hp_loss":0,"event_name":"Liars Game","floor":3,"gold_loss":0},{"damage_healed":0,"gold_gain":75,"player_choice":"Gather Gold","damage_taken":11,"max_hp_gain":0,"max_hp_loss":0,"event_name":"World of Goop","floor":4,"gold_loss":0},{"damage_healed":0,"gold_gain":0,"cards_transformed":["Strike_R"],"player_choice":"Transformed","damage_taken":0,"max_hp_gain":0,"max_hp_loss":0,"event_name":"Transmorgrifier","floor":5,"gold_loss":0,"cards_obtained":["Uppercut"]},{"damage_healed":0,"gold_gain":0,"player_choice":"Ignored","damage_taken":0,"max_hp_gain":0,"max_hp_loss":0,"event_name":"Ghosts","floor":19,"gold_loss":0},{"cards_removed":["Strike_R"],"damage_healed":0,"gold_gain":0,"player_choice":"Elegance","damage_taken":0,"max_hp_gain":0,"max_hp_loss":0,"event_name":"Back to Basics","floor":20,"gold_loss":0}],"is_beta":false,"boss_relics":[{"not_picked":["Ectoplasm","Fusion Hammer"],"picked":"Runic Dome"}],"items_purged_floors":[11,22],"is_endless":false,"potions_floor_spawned":[1,12,16],"killed_by":"Book of Stabbing","ascension_level":20}}