{"host":"vhvubw4jk4f204qs","time":1612067594,"event":{"mods":["AchievementEnabler","BaseMod","DeckTracker","GifTheSpireLib","Minty Spire (QoL Compilation)","Permanent Neow","Quick Restart","StSLib","SuperFastMode","The IronCluck","slay the spire mod where everything is the same but ironclad has a cowboy hat"],"gold_per_floor":[111,128,146,146,164,164,198,198,221,221,261,261,273,316,328,468,480,507,542,554,581,322,322,322,322,347,347,371,371,24,60,60,185,185,205,205,138,471,395,425,438,471,496,496,80,113,123,155,155,155,155,155,2,2,2],"floor_reached":54,"language":"ENG","playtime":3132,"items_purged":["Twin Strike+1"],"score":1078,"play_id":"7bcaa230-5a8f-4f42-a632-f4f3bdc7b3e3","local_time":"20210130233314","is_ascension_mode":true,"campfire_choices":[{"data":"Juggernaut","floor":6,"key":"SMITH"},{"data":"Twin Strike","floor":8,"key":"SMITH"},{"floor":13,"key":"REST"},{"data":"Burning Pact","floor":15,"key":"SMITH"},{"data":"Feed","floor":23,"key":"SMITH"},{"data":"Metallicize","floor":25,"key":"SMITH"},{"data":"Shrug It Off","floor":27,"key":"SMITH"},{"data":"Rampage","floor":32,"key":"SMITH"},{"floor":49,"key":"RECALL"},{"data":"Barricade","floor":52,"key":"SMITH"}],"circlet_count":0,"master_deck":["Defend_R","Defend_R","Defend_R","Defend_R","Bash","Juggernaut+1","Burning Pact+1","Carnage","Shrug It Off+1","Feed+1","Burning Pact","Reaper","Metallicize+1","Bite","Bite","Bite","Bite","Bite","Inflame","Shrug It Off+1","Impervious+1","Warcry+1","True Grit+1","Juggernaut+1","Rampage+1","Barricade+1","Warcry+1","Feel No Pain","Evolve","Headbutt+1","Metallicize+1","Reckless Charge","Shrug It Off+1","Inflame","Shrug It Off+1","True Grit+1","Body Slam+1","Limit Break+1","Flame Barrier+1","Feel No Pain"],"relics":["Burning Blood","Strawberry","Oddly Smooth Stone","Orichalcum","Bottled Tornado","MawBank","Vajra","Mark of Pain","Toxic Egg 2","Lantern","DollysMirror","Bronze Scales","Pear","Sozu","Boot","Shuriken","Orrery","Happy Flower","Art of War","Omamori"],"acts_visited":["Exordium","TheCity","TheBeyond","TheEnding"],"potions_floor_usage":[5,7,16,21,28,31,42],"damage_taken":[{"damage":1,"enemies":"Cultist","floor":1,"turns":4},{"damage":23,"enemies":"Jaw Worm","floor":2,"turns":4},{"damage":3,"enemies":"Small Slimes","floor":3,"turns":5},{"damage":12,"enemies":"Exordium Thugs","floor":5,"turns":4},{"damage":27,"enemies":"Lagavulin","floor":7,"turns":8},{"damage":17,"enemies":"3 Sentries","floor":11,"turns":8},{"damage":8,"enemies":"Lagavulin","floor":14,"turns":6},{"damage":5,"enemies":"The Guardian","floor":16,"turns":13},{"damage":19,"enemies":"Shell Parasite","floor":18,"turns":6},{"damage":30,"enemies":"2 Thieves","floor":19,"turns":5},{"damage":6,"enemies":"Snecko","floor":21,"turns":4},{"damage":10,"enemies":"Cultist and Chosen","floor":28,"turns":5},{"damage":18,"enemies":"Book of Stabbing","floor":31,"turns":4},{"damage":54,"enemies":"Champ","floor":33,"turns":9},{"damage":10,"enemies":"3 Shapes","floor":35,"turns":3},{"damage":21,"enemies":"Nemesis","floor":40,"turns":7},{"damage":24,"enemies":"3 Darklings","floor":41,"turns":5},{"damage":62,"enemies":"Giant Head","floor":42,"turns":9},{"damage":23,"enemies":"Nemesis","floor":46,"turns":7},{"damage":29,"enemies":"Sphere and 2 Shapes","floor":47,"turns":5},{"damage":19,"enemies":"Giant Head","floor":48,"turns":7},{"damage":12,"enemies":"Time Eater","floor":50,"turns":10},{"damage":97,"enemies":"Shield and Spear","floor":54,"turns":3}],"seed_played":"-6602183873336806772","potions_obtained":[{"floor":1,"key":"Strength Potion"},{"floor":5,"key":"BloodPotion"},{"floor":11,"key":"Ancient Potion"},{"floor":14,"key":"Energy Potion"},{"floor":19,"key":"AttackPotion"},{"floor":31,"key":"Fruit Juice"},{"floor":33,"key":"Swift Potion"}],"is_trial":false,"path_per_floor":["M","M","M","?","M","R","E","R","T","?","E","?","R","E","R","B",null,"M","M","?","M","$","R","?","R","T","R","M","$","$","E","R","B",null,"M","?","$","?","$","E","M","E","T","?","$","E","M","E","R","B",null,"R","$","E"],"character_chosen":"IRONCLAD","items_purchased":["Toxic Egg 2","Shrug It Off+1","DollysMirror","True Grit+1","Bronze Scales","Feel No Pain","Evolve","Orrery","Happy Flower","True Grit+1","Flame Barrier+1","Feel No Pain"],"campfire_rested":1,"item_purchase_floors":[22,22,30,30,30,37,39,45,45,45,53,53],"current_hp_per_floor":[80,63,66,48,42,42,38,38,38,38,27,27,51,49,49,53,76,71,55,55,61,61,61,61,61,61,61,66,66,66,75,75,45,72,76,76,76,76,76,79,78,45,45,45,45,44,45,50,50,52,86,86,86,0,0],"gold":2,"neow_bonus":"ONE_RANDOM_RARE_CARD","is_daily":false,"chose_seed":false,"campfire_upgraded":8,"win_rate":0.0,"timestamp":1612067594,"path_taken":["M","M","?","?","M","R","E","R","T","?","E","?","R","E","R","BOSS","M","M","?","M","$","R","?","R","T","R","?","?","$","E","R","BOSS","M","?","$","?","$","E","M","E","T","?","$","E","?","E","R","BOSS","R","$","E"],"items_purchased_type":["Relic","Card","Relic","Card","Relic","Card","Card","Relic","Relic","Card","Card","Card"],"build_version":"2020-12-22","purchased_purges":1,"victory":false,"max_hp_per_floor":[80,80,80,87,87,87,87,87,87,81,81,81,81,81,81,84,84,87,90,62,62,62,62,62,62,62,62,66,66,66,81,81,81,81,85,85,85,85,85,89,89,89,89,89,89,93,97,97,97,97,97,97,97,97,97],"card_choices":[{"not_picked":["True Grit","Armaments"],"picked":"Burning Pact","floor":1},{"not_picked":["Headbutt","Anger"],"picked":"Ghostly Armor","floor":2},{"not_picked":["Burning Pact","Body Slam"],"picked":"Carnage","floor":3},{"not_picked":["Carnage","Uppercut"],"picked":"Twin Strike","floor":5},{"not_picked":["Seeing Red","Sword Boomerang"],"picked":"Shrug It Off","floor":7},{"not_picked":["Flex","Spot Weakness"],"picked":"Feed","floor":11},{"not_picked":["Clash","Thunderclap"],"picked":"Burning Pact","floor":14},{"not_picked":["Exhume","Double Tap"],"picked":"Reaper","floor":16},{"not_picked":["Warcry","Bloodletting","Headbutt"],"picked":"SKIP","floor":18},{"not_picked":["Wild Strike+1","Thunderclap+1"],"picked":"Metallicize","floor":19},{"not_picked":["Body Slam","Twin Strike"],"picked":"Inflame","floor":21},{"not_picked":["Clothesline","Brutality"],"picked":"Warcry+1","floor":28},{"not_picked":["Seeing Red+1","Headbutt"],"picked":"Rampage","floor":31},{"not_picked":["Impervious+1","Demon Form"],"picked":"Barricade","floor":33},{"not_picked":["Reckless Charge+1","Anger"],"picked":"Warcry+1","floor":35},{"not_picked":["Headbutt+1","Bloodletting+1","Warcry+1"],"picked":"SKIP","floor":40},{"not_picked":["Bloodletting+1","Warcry+1"],"picked":"Headbutt+1","floor":40},{"not_picked":["Perfected Strike+1","Disarm+1"],"picked":"Metallicize+1","floor":41},{"not_picked":["Sword Boomerang+1","Seeing Red+1"],"picked":"Reckless Charge","floor":42},{"not_picked":["Brutality","Iron Wave"],"picked":"Shrug It Off+1","floor":45},{"not_picked":["Clash+1","Feed"],"picked":"Inflame","floor":45},{"not_picked":["Uppercut+1","Flex+1"],"picked":"Shrug It Off+1","floor":45},{"not_picked":["Pommel Strike","Twin Strike"],"picked":"Body Slam+1","floor":46},{"not_picked":["Iron Wave","Anger+1","Pommel Strike"],"picked":"SKIP","floor":47},{"not_picked":["Twin Strike","Carnage"],"picked":"Limit Break+1","floor":48}],"player_experience":749853,"relics_obtained":[{"floor":7,"key":"Oddly Smooth Stone"},{"floor":9,"key":"Orichalcum"},{"floor":11,"key":"Bottled Tornado"},{"floor":14,"key":"Vajra"},{"floor":26,"key":"Lantern"},{"floor":31,"key":"Pear"},{"floor":40,"key":"Boot"},{"floor":42,"key":"Shuriken"},{"floor":46,"key":"Art of War"},{"floor":48,"key":"Omamori"}],"event_choices":[{"damage_healed":0,"gold_gain":0,"player_choice":"Success","damage_taken":25,"relics_obtained":["Strawberry"],"max_hp_gain":0,"max_hp_loss":0,"event_name":"Scrap Ooze","floor":4,"gold_loss":0},{"damage_healed":0,"gold_gain":0,"player_choice":"Lose Max HP","damage_taken":0,"relics_obtained":["Golden Idol"],"max_hp_gain":0,"max_hp_loss":6,"event_name":"Golden Idol","floor":10,"gold_loss":0},{"damage_healed":0,"gold_gain":0,"player_choice":"Searched \u00271\u0027 times","damage_taken":0,"relics_obtained":["MawBank"],"max_hp_gain":0,"max_hp_loss":0,"event_name":"Dead Adventurer","floor":12,"gold_loss":0},{"damage_healed":0,"gold_gain":0,"player_choice":"Became a vampire","damage_taken":0,"max_hp_gain":0,"max_hp_loss":28,"event_name":"Vampires","floor":20,"gold_loss":0,"cards_obtained":["Bite","Bite","Bite","Bite","Bite"]},{"damage_healed":0,"gold_gain":0,"player_choice":"1 cards matched","damage_taken":0,"max_hp_gain":0,"max_hp_loss":0,"event_name":"Match and Keep!","floor":24,"gold_loss":0,"cards_obtained":["Impervious"]},{"cards_removed":["Ghostly Armor"],"damage_healed":0,"gold_gain":0,"player_choice":"Removed Skill","damage_taken":0,"max_hp_gain":0,"max_hp_loss":0,"event_name":"Falling","floor":36,"gold_loss":0},{"damage_healed":0,"gold_gain":333,"player_choice":"Gave Idol","damage_taken":0,"max_hp_gain":0,"max_hp_loss":0,"event_name":"The Moai Head","floor":38,"relics_lost":["Golden Idol"],"gold_loss":0},{"damage_healed":0,"gold_gain":0,"player_choice":"Ignored","damage_taken":0,"max_hp_gain":0,"max_hp_loss":0,"event_name":"Tomb of Lord Red Mask","floor":44,"gold_loss":0}],"is_beta":false,"boss_relics":[{"not_picked":["Calling Bell","SacredBark"],"picked":"Mark of Pain"},{"not_picked":["Busted Crown","Coffee Dripper"],"picked":"Sozu"}],"items_purged_floors":[45],"is_endless":false,"potions_floor_spawned":[1,5,11,14,19,31,33,35,40,47],"killed_by":"Shield and Spear","ascension_level":5}}