{"host":"i4yzoangb31cseo0","time":1612097955,"event":{"mods":["AchievementEnabler","BaseMod","Colored Powertips","Curses Come First","Minty Spire (QoL Compilation)","Permanent Neow","Rare Cards Sparkle","StSLib"],"gold_per_floor":[111,111,131,56,56,56,70,70,97,114,130,145,132,146,146,146,146],"floor_reached":16,"language":"ENG","playtime":904,"items_purged":["Strike_P"],"score":96,"play_id":"959c3d27-5965-4470-8b27-4f3df2f4fd71","local_time":"20210131232915","is_ascension_mode":false,"campfire_choices":[{"floor":6.0,"key":"REST"},{"data":"Defend_P","floor":8.0,"key":"SMITH"},{"floor":15.0,"key":"REST"}],"circlet_count":0,"master_deck":["Strike_P","Strike_P","Strike_P","Defend_P","Defend_P+1","Defend_P","Defend_P","Eruption","Vigilance","PathToVictory"],"relics":["PureWater"],"acts_visited":["Exordium"],"potions_floor_usage":[],"damage_taken":[{"damage":0.0,"enemies":"Cultist","floor":1.0,"turns":2.0},{"damage":7.0,"enemies":"2 Louse","floor":3.0,"turns":2.0},{"damage":0.0,"enemies":"Small Slimes","floor":7.0,"turns":2.0},{"damage":9.0,"enemies":"Blue Slaver","floor":10.0,"turns":5.0},{"damage":13.0,"enemies":"3 Louse","floor":11.0,"turns":3.0},{"damage":18.0,"enemies":"Exordium Wildlife","floor":12.0,"turns":2.0},{"damage":4.0,"enemies":"Exordium Thugs","floor":13.0,"turns":4.0},{"damage":0.0,"enemies":"Looter","floor":14.0,"turns":4.0},{"damage":84,"enemies":"Slime Boss","floor":16,"turns":8}],"seed_played":"-5273691201206152925","potions_obtained":[{"floor":3.0,"key":"Regen Potion"},{"floor":10.0,"key":"FearPotion"},{"floor":13.0,"key":"BottledMiracle"}],"is_trial":false,"path_per_floor":["M","?","M","$","?","R","M","R","T","M","M","M","M","M","R","B"],"character_chosen":"WATCHER","items_purchased":[],"campfire_rested":2,"item_purchase_floors":[],"current_hp_per_floor":[72,72,65,65,58,72,72,72,72,63,50,37,33,33,54,0,0],"gold":146,"neow_bonus":"THREE_CARDS","is_daily":false,"chose_seed":false,"campfire_upgraded":1,"win_rate":0.0,"timestamp":1612097955,"path_taken":["M","?","M","$","?","R","M","R","T","M","M","M","M","M","R","BOSS"],"items_purchased_type":[],"build_version":"2020-12-22","purchased_purges":1,"victory":false,"max_hp_per_floor":[72,72,72,72,72,72,72,72,72,72,72,72,72,72,72,72,72],"card_choices":[{"not_picked":["Prostrate","JustLucky","Weave"],"picked":"SKIP","floor":1.0},{"not_picked":["Crescendo","WheelKick"],"picked":"PathToVictory","floor":3.0},{"not_picked":["FlurryOfBlows","Crescendo","Study"],"picked":"SKIP","floor":7.0},{"not_picked":["SashWhip","Meditate","Evaluate"],"picked":"SKIP","floor":10.0},{"not_picked":["SignatureMove","Nirvana","FlurryOfBlows"],"picked":"SKIP","floor":11.0},{"not_picked":["JustLucky","Evaluate","Halt"],"picked":"SKIP","floor":12.0},{"not_picked":["ReachHeaven","Judgement","Crescendo"],"picked":"SKIP","floor":13.0},{"not_picked":["ClearTheMind","EmptyFist","EmptyBody"],"picked":"SKIP","floor":14.0}],"player_experience":143764,"relics_obtained":[],"event_choices":[{"damage_healed":0.0,"max_hp_gain":0.0,"max_hp_loss":0.0,"gold_gain":0.0,"event_name":"Shining Light","player_choice":"Ignored","floor":2.0,"gold_loss":0.0,"damage_taken":0.0},{"damage_healed":0.0,"max_hp_gain":0.0,"max_hp_loss":0.0,"gold_gain":0.0,"event_name":"Wheel of Change","player_choice":"Damaged","floor":5.0,"gold_loss":0.0,"damage_taken":7.0}],"is_beta":false,"boss_relics":[],"items_purged_floors":[4],"is_endless":false,"potions_floor_spawned":[3,10,13],"killed_by":"Slime Boss","ascension_level":0}}