{"host":"neeznpvpgo0qgfkd","time":1612072491,"event":{"mods":["AchievementEnabler","BaseMod","BetterRewards","Colored Map","Colored Powertips","Exacting","Minty Spire (QoL Compilation)","Permanent Neow","Quick Restart","Shop Mod"],"gold_per_floor":[114,114,124,138,53,82,82,95,95,370,382,413,430,460,460,538,538,548,590,619,632,642,673,673,706,732,172,172,172,201,232,232,306,306,333,363,585,585,605,636,636,665,692,719,730,778,778,778,778,778,778,778,41,74,74,74],"floor_reached":55,"language":"ENG","playtime":2956,"items_purged":["Defend_G"],"score":1974,"play_id":"6f37fb45-33b6-4694-b41b-7959ba211811","local_time":"20210131005451","is_ascension_mode":true,"campfire_choices":[{"floor":7.0,"key":"REST"},{"floor":15.0,"key":"REST"},{"floor":24.0,"key":"REST"},{"floor":29.0,"key":"REST"},{"floor":32.0,"key":"REST"},{"floor":41.0,"key":"REST"},{"floor":47.0,"key":"REST"},{"floor":49.0,"key":"RECALL"},{"data":"Infinite Blades","floor":52.0,"key":"SMITH"}],"circlet_count":0,"master_deck":["AscendersBane","Strike_G","Strike_G+1","Strike_G","Strike_G","Strike_G","Defend_G","Defend_G","Defend_G","Defend_G","Survivor","Neutralize+1","Infinite Blades+1","Finisher","Blade Dance","Endless Agony","Prepared","Outmaneuver","Footwork","Cloak And Dagger","Slice","Adrenaline","Accuracy","Accuracy","Riddle With Holes","Cloak And Dagger","Corpse Explosion","Flying Knee","Dagger Spray","Flash of Steel","Phantasmal Killer","Flying Knee+1","A Thousand Cuts","Cloak And Dagger+1","Die Die Die","Footwork","Escape Plan","Prepared","Well Laid Plans"],"relics":["Ring of the Serpent","StrikeDummy","Shuriken","Akabeko","Paper Crane","Incense Burner","Ornamental Fan","Red Mask","Anchor","Blood Vial","Bag of Marbles","Oddly Smooth Stone","Kunai","Busted Crown","Regal Pillow","Art of War","Whetstone","Potion Belt","Nunchaku","Bag of Preparation","ClockworkSouvenir","Happy Flower"],"acts_visited":["Exordium","TheCity","TheBeyond","TheEnding"],"potions_floor_usage":[55,55,55],"damage_taken":[{"damage":11.0,"enemies":"Jaw Worm","floor":1.0,"turns":4.0},{"damage":0.0,"enemies":"Small Slimes","floor":3.0,"turns":1.0},{"damage":1.0,"enemies":"Cultist","floor":4.0,"turns":3.0},{"damage":17.0,"enemies":"3 Sentries","floor":6.0,"turns":4.0},{"damage":14.0,"enemies":"Exordium Thugs","floor":8.0,"turns":4.0},{"damage":0.0,"enemies":"Looter","floor":11.0,"turns":1.0},{"damage":0.0,"enemies":"Lagavulin","floor":12.0,"turns":2.0},{"damage":7.0,"enemies":"2 Fungi Beasts","floor":13.0,"turns":3.0},{"damage":18.0,"enemies":"Gremlin Nob","floor":14.0,"turns":4.0},{"damage":0.0,"enemies":"Hexaghost","floor":16.0,"turns":7.0},{"damage":0.0,"enemies":"Spheric Guardian","floor":18.0,"turns":3.0},{"damage":2.0,"enemies":"Masked Bandits","floor":19.0,"turns":3.0},{"damage":12.0,"enemies":"2 Thieves","floor":20.0,"turns":3.0},{"damage":6.0,"enemies":"Centurion and Healer","floor":21.0,"turns":5.0},{"damage":6.0,"enemies":"Sentry and Sphere","floor":22.0,"turns":4.0},{"damage":22.0,"enemies":"Book of Stabbing","floor":23.0,"turns":4.0},{"damage":26.0,"enemies":"Snake Plant","floor":25.0,"turns":4.0},{"damage":3.0,"enemies":"Slavers","floor":30.0,"turns":2.0},{"damage":7.0,"enemies":"Centurion and Healer","floor":31.0,"turns":4.0},{"damage":30.0,"enemies":"Champ","floor":33.0,"turns":7.0},{"damage":0.0,"enemies":"3 Shapes","floor":35.0,"turns":2.0},{"damage":15.0,"enemies":"3 Darklings","floor":36.0,"turns":3.0},{"damage":24.0,"enemies":"Maw","floor":39.0,"turns":6.0},{"damage":13.0,"enemies":"Reptomancer","floor":40.0,"turns":4.0},{"damage":33.0,"enemies":"Giant Head","floor":42.0,"turns":6.0},{"damage":17.0,"enemies":"Reptomancer","floor":44.0,"turns":5.0},{"damage":0.0,"enemies":"Transient","floor":45.0,"turns":5.0},{"damage":6.0,"enemies":"4 Shapes","floor":46.0,"turns":3.0},{"damage":26.0,"enemies":"Donu and Deca","floor":50.0,"turns":7.0},{"damage":14.0,"enemies":"Shield and Spear","floor":54.0,"turns":5.0},{"damage":60,"enemies":"The Heart","floor":55,"turns":5}],"seed_played":"-1719764156599013819","potions_obtained":[{"floor":1.0,"key":"PowerPotion"},{"floor":8.0,"key":"CunningPotion"},{"floor":11.0,"key":"SteroidPotion"},{"floor":14.0,"key":"GhostInAJar"},{"floor":18.0,"key":"CunningPotion"},{"floor":19.0,"key":"PowerPotion"},{"floor":21.0,"key":"Energy Potion"},{"floor":25.0,"key":"BlessingOfTheForge"},{"floor":31.0,"key":"Strength Potion"},{"floor":35.0,"key":"Strength Potion"},{"floor":36.0,"key":"SmokeBomb"},{"floor":40.0,"key":"SkillPotion"},{"floor":44.0,"key":"Energy Potion"},{"floor":44.0,"key":"Block Potion"},{"floor":46.0,"key":"FearPotion"},{"floor":54.0,"key":"SpeedPotion"}],"is_trial":false,"path_per_floor":["M","?","M","M","$","E","R","M","T","?","M","E","M","E","R","B",null,"M","?","M","M","M","E","R","M","T","$","?","R","E","M","R","B",null,"M","M","?","?","M","E","R","E","T","E","M","M","R","?","R","B",null,"R","$","E","B"],"character_chosen":"THE_SILENT","items_purchased":["StrikeDummy","Shuriken","Infinite Blades","SteroidPotion","Endless Agony","Bag of Marbles","Dagger Spray","Flash of Steel","Oddly Smooth Stone","Nunchaku","Bag of Preparation","ClockworkSouvenir","LiquidBronze","Well Laid Plans","Ancient Potion"],"campfire_rested":7,"item_purchase_floors":[0,0,0,0,5,27,27,27,27,53,53,53,53,53,53],"current_hp_per_floor":[48,37,37,36,36,19,38,24,24,24,24,24,26,8,27,27,56,56,54,42,36,30,8,27,1,1,1,1,20,19,14,33,5,51,53,40,40,40,18,16,50,19,19,4,6,4,39,39,39,15,55,55,55,43,0,0],"gold":74,"neow_bonus":"","is_daily":false,"chose_seed":false,"campfire_upgraded":1,"win_rate":0.0,"timestamp":1612072491,"path_taken":["M","?","M","M","?","E","R","M","T","?","M","E","?","E","R","BOSS","M","?","M","M","M","E","R","M","T","$","?","R","E","M","R","BOSS","M","M","?","?","M","E","R","E","T","E","?","M","R","?","R","BOSS","R","$","E","BOSS"],"items_purchased_type":["Relic","Relic","Card","Potion","Card","Relic","Card","Card","Relic","Relic","Relic","Relic","Potion","Card","Potion"],"build_version":"2020-12-22","purchased_purges":1,"victory":false,"max_hp_per_floor":[66,66,66,66,66,66,66,66,66,66,66,66,66,66,66,66,66,66,66,66,66,66,66,66,66,66,66,66,66,66,66,66,66,66,66,66,66,66,66,66,66,66,66,66,66,68,68,68,68,68,68,68,68,68,68,68],"card_choices":[{"not_picked":["Caltrops","Poisoned Stab"],"picked":"Finisher","floor":1.0},{"not_picked":["Dagger Spray","Backflip"],"picked":"Blade Dance","floor":3.0},{"not_picked":["Calculated Gamble","Setup","Quick Slash"],"picked":"SKIP","floor":4.0},{"not_picked":["Bouncing Flask","Calculated Gamble"],"picked":"Prepared","floor":6.0},{"not_picked":["Choke","Venomology"],"picked":"Outmaneuver","floor":8.0},{"not_picked":["Caltrops","Deadly Poison"],"picked":"Footwork","floor":11.0},{"not_picked":["Flechettes","Finisher","Setup"],"picked":"SKIP","floor":12.0},{"not_picked":["Flechettes","Finisher","Setup"],"picked":"SKIP","floor":12.0},{"not_picked":["Slice","Dodge and Roll"],"picked":"Cloak And Dagger","floor":13.0},{"not_picked":["Eviscerate","Outmaneuver"],"picked":"Slice","floor":14.0},{"not_picked":["Phantasmal Killer","Wraith Form v2"],"picked":"Adrenaline","floor":16.0},{"not_picked":["Predator","Cloak And Dagger"],"picked":"Accuracy","floor":18.0},{"not_picked":["Dash+1","Deflect"],"picked":"Accuracy","floor":19.0},{"not_picked":["Deadly Poison","Finisher+1","Outmaneuver"],"picked":"SKIP","floor":20.0},{"not_picked":["Skewer","Deadly Poison"],"picked":"Riddle With Holes","floor":21.0},{"not_picked":["Venomology","Backflip"],"picked":"Cloak And Dagger","floor":22.0},{"not_picked":["Quick Slash","Leg Sweep"],"picked":"Corpse Explosion","floor":23.0},{"not_picked":["Catalyst","Deadly Poison+1"],"picked":"Flying Knee","floor":25.0},{"not_picked":["Tactician","Dagger Throw"],"picked":"Phantasmal Killer","floor":30.0},{"not_picked":["Quick Slash","Dodge and Roll"],"picked":"Flying Knee+1","floor":31.0},{"not_picked":["Doppelganger","Corpse Explosion"],"picked":"A Thousand Cuts","floor":33.0},{"not_picked":[],"picked":"Cloak And Dagger+1","floor":35.0},{"not_picked":["Poisoned Stab"],"picked":"SKIP","floor":36.0},{"not_picked":["Dagger Throw"],"picked":"SKIP","floor":39.0},{"not_picked":[],"picked":"Footwork","floor":40.0},{"not_picked":[],"picked":"Escape Plan","floor":42.0},{"not_picked":[],"picked":"Prepared","floor":44.0},{"not_picked":["Bane"],"picked":"SKIP","floor":45.0},{"not_picked":["Endless Agony"],"picked":"SKIP","floor":46.0},{"not_picked":["Eviscerate+1"],"picked":"SKIP","floor":54.0},{"not_picked":["Acrobatics"],"picked":"SKIP","floor":54.0}],"player_experience":1935135,"relics_obtained":[{"floor":6.0,"key":"Paper Crane"},{"floor":12.0,"key":"Incense Burner"},{"floor":14.0,"key":"Ornamental Fan"},{"floor":19.0,"key":"Red Mask"},{"floor":23.0,"key":"Anchor"},{"floor":26.0,"key":"Blood Vial"},{"floor":30.0,"key":"Kunai"},{"floor":40.0,"key":"Regal Pillow"},{"floor":42.0,"key":"Art of War"},{"floor":43.0,"key":"Whetstone"},{"floor":44.0,"key":"Potion Belt"},{"floor":54.0,"key":"Happy Flower"}],"event_choices":[{"damage_healed":0.0,"max_hp_gain":0.0,"max_hp_loss":0.0,"gold_gain":0.0,"event_name":"Scrap Ooze","player_choice":"Success","floor":2.0,"gold_loss":0.0,"damage_taken":11.0,"relics_obtained":["Akabeko"]},{"damage_healed":0.0,"max_hp_gain":0.0,"max_hp_loss":0.0,"gold_gain":275.0,"event_name":"Golden Shrine","player_choice":"Desecrate","floor":10.0,"gold_loss":0.0,"damage_taken":0.0,"cards_obtained":["Regret"]},{"damage_healed":0.0,"max_hp_gain":0.0,"max_hp_loss":0.0,"gold_gain":0.0,"event_name":"Masked Bandits","player_choice":"Fought Bandits","floor":19.0,"gold_loss":0.0,"damage_taken":0.0},{"damage_healed":0.0,"max_hp_gain":0.0,"max_hp_loss":0.0,"gold_gain":0.0,"event_name":"Ghosts","player_choice":"Ignored","floor":28.0,"gold_loss":0.0,"damage_taken":0.0},{"damage_healed":0.0,"max_hp_gain":0.0,"max_hp_loss":0.0,"gold_gain":222.0,"event_name":"Tomb of Lord Red Mask","player_choice":"Wore Mask","floor":37.0,"gold_loss":0.0,"damage_taken":0.0},{"damage_healed":0.0,"max_hp_gain":0.0,"max_hp_loss":0.0,"gold_gain":0.0,"event_name":"Match and Keep!","player_choice":"1 cards matched","floor":38.0,"gold_loss":0.0,"damage_taken":0.0,"cards_obtained":["Die Die Die"]},{"cards_removed":["Regret"],"damage_healed":0.0,"max_hp_gain":0.0,"max_hp_loss":0.0,"gold_gain":0.0,"event_name":"Fountain of Cleansing","player_choice":"Removed Curses","floor":48.0,"gold_loss":0.0,"damage_taken":0.0}],"is_beta":false,"boss_relics":[{"not_picked":["Runic Pyramid","Tiny House"],"picked":"Ring of the Serpent"},{"not_picked":["Pandora\u0027s Box","Sozu"],"picked":"Busted Crown"}],"items_purged_floors":[27],"is_endless":false,"potions_floor_spawned":[1,3,4,11,14,18,21,22,25,31,36,40,44,46,54],"killed_by":"The Heart","ascension_level":16}}