{"host":"1mv6gj0zv8k9e9tz","time":1612093273,"event":{"mods":["AchievementEnabler","BaseMod","Better Third Choice","Colored Map","DeckTracker","Highlight Path","KOR Keyword Fix","Keyboard Shortcuts","Minty Spire (QoL Compilation)","Permanent Neow","Quick Restart","Rare Cards Sparkle","StSLib","SuperFastMode","everything is the same but u backflip on backflip"],"gold_per_floor":[114,129,146,96,111,145,145,159,212,238,278,290,302,332,344,461,473,504,533,327,345,257,257,257,257,257,257,275,275,295,313,313,418,418,428,428,439,439,439,439],"floor_reached":39,"language":"KOR","playtime":1397,"items_purged":[],"score":732,"play_id":"c3126db1-979e-4f4a-b9f4-1e0c0294703e","local_time":"20210131204113","is_ascension_mode":true,"campfire_choices":[{"floor":7.0,"key":"REST"},{"data":"Electrodynamics","floor":12.0,"key":"SMITH"},{"data":"Hologram","floor":15.0,"key":"SMITH"},{"floor":23.0,"key":"REST"},{"data":"Fission","floor":25.0,"key":"SMITH"},{"data":"Double Energy","floor":27.0,"key":"SMITH"},{"data":"Coolheaded","floor":29.0,"key":"SMITH"},{"data":"Consume","floor":32.0,"key":"SMITH"}],"circlet_count":0,"master_deck":["AscendersBane","Strike_B","Strike_B+1","Defend_B","Defend_B","Defend_B","Defend_B","Zap","Dualcast","CurseOfTheBell","Sweeping Beam","Chill","Sunder+1","Consume+1","Electrodynamics+1","Hologram+1","Fission+1","Double Energy+1","Capacitor","Conserve Battery","Self Repair","Core Surge","Pain","Coolheaded+1","Ball Lightning+1","Go for the Eyes+1","Creative AI","Injury","Stack+1","Injury"],"relics":["Calling Bell","Regal Pillow","White Beast Statue","Thread and Needle","Kunai","MawBank","Pantograph","FaceOfCleric","Cursed Key","Whetstone","Smiling Mask","Nuclear Battery","Bottled Lightning"],"acts_visited":["Exordium","TheCity","TheBeyond"],"potions_floor_usage":[],"damage_taken":[{"damage":0.0,"enemies":"Cultist","floor":1.0,"turns":4.0},{"damage":3.0,"enemies":"Jaw Worm","floor":2.0,"turns":4.0},{"damage":2.0,"enemies":"2 Louse","floor":3.0,"turns":3.0},{"damage":8.0,"enemies":"Red Slaver","floor":5.0,"turns":5.0},{"damage":53.0,"enemies":"Gremlin Nob","floor":6.0,"turns":6.0},{"damage":6.0,"enemies":"Exordium Thugs","floor":8.0,"turns":5.0},{"damage":6.0,"enemies":"3 Louse","floor":10.0,"turns":3.0},{"damage":1.0,"enemies":"3 Sentries","floor":11.0,"turns":8.0},{"damage":5.0,"enemies":"Blue Slaver","floor":14.0,"turns":4.0},{"damage":43.0,"enemies":"The Guardian","floor":16.0,"turns":14.0},{"damage":23.0,"enemies":"2 Thieves","floor":18.0,"turns":3.0},{"damage":0.0,"enemies":"3 Byrds","floor":19.0,"turns":2.0},{"damage":33.0,"enemies":"Centurion and Healer","floor":21.0,"turns":8.0},{"damage":6.0,"enemies":"3 Cultists","floor":28.0,"turns":5.0},{"damage":16.0,"enemies":"Snake Plant","floor":30.0,"turns":3.0},{"damage":6.0,"enemies":"Cultist and Chosen","floor":31.0,"turns":4.0},{"damage":37.0,"enemies":"Collector","floor":33.0,"turns":12.0},{"damage":44.0,"enemies":"3 Darklings","floor":35.0,"turns":4.0},{"damage":5.0,"enemies":"3 Shapes","floor":37.0,"turns":8.0},{"damage":50,"enemies":"Jaw Worm Horde","floor":39,"turns":4}],"seed_played":"-6926407927256086343","potions_obtained":[{"floor":1.0,"key":"Fire Potion"},{"floor":2.0,"key":"LiquidMemories"},{"floor":3.0,"key":"Strength Potion"},{"floor":5.0,"key":"Regen Potion"},{"floor":6.0,"key":"FocusPotion"},{"floor":8.0,"key":"EssenceOfSteel"},{"floor":10.0,"key":"DuplicationPotion"},{"floor":11.0,"key":"DuplicationPotion"},{"floor":14.0,"key":"LiquidMemories"},{"floor":16.0,"key":"PowerPotion"},{"floor":18.0,"key":"Swift Potion"},{"floor":19.0,"key":"Block Potion"},{"floor":21.0,"key":"EssenceOfSteel"},{"floor":28.0,"key":"Fire Potion"},{"floor":30.0,"key":"ColorlessPotion"},{"floor":31.0,"key":"SteroidPotion"},{"floor":33.0,"key":"PowerPotion"},{"floor":35.0,"key":"FocusPotion"}],"is_trial":false,"path_per_floor":["M","M","M","?","M","E","R","M","T","M","E","R","?","M","R","B",null,"M","M","$","M","$","R","?","R","T","R","M","R","M","M","R","B",null,"M","T","M","T","M"],"character_chosen":"DEFECT","items_purchased":["Capacitor","Whetstone","Self Repair","PowerPotion"],"campfire_rested":2,"item_purchase_floors":[20,20,22,22],"current_hp_per_floor":[68,65,63,63,55,2,39,47,47,41,40,40,40,36,36,19,63,41,42,42,10,10,49,49,49,49,49,51,51,36,38,38,34,72,36,36,39,39,0,0],"gold":439,"neow_bonus":"BOSS_RELIC","is_daily":false,"chose_seed":false,"campfire_upgraded":6,"win_rate":0.0,"timestamp":1612093273,"path_taken":["M","M","M","?","M","E","R","M","T","M","E","R","?","M","R","BOSS","M","M","?","M","$","R","?","R","T","R","M","R","M","M","R","BOSS","M","?","?","?","M"],"items_purchased_type":["Card","Relic","Card","Potion"],"build_version":"2020-12-22","purchased_purges":0,"victory":false,"max_hp_per_floor":[75,75,75,75,75,75,75,75,75,75,75,75,75,76,76,77,77,78,79,79,80,80,80,80,80,80,80,81,81,82,83,83,84,84,85,85,86,86,86,86],"card_choices":[{"not_picked":["Steam","Chaos","Barrage"],"picked":"SKIP","floor":1.0},{"not_picked":["Storm","Go for the Eyes","Beam Cell"],"picked":"SKIP","floor":2.0},{"not_picked":["Recycle","Fusion"],"picked":"Sweeping Beam","floor":3.0},{"not_picked":["Gash","FTL"],"picked":"Chill","floor":5.0},{"not_picked":["Hologram","Blizzard"],"picked":"Sunder","floor":6.0},{"not_picked":["Aggregate","Compile Driver"],"picked":"Consume","floor":8.0},{"not_picked":["Force Field","Chaos","Turbo"],"picked":"SKIP","floor":10.0},{"not_picked":["Machine Learning","Reinforced Body"],"picked":"Electrodynamics","floor":11.0},{"not_picked":["Skim","Cold Snap"],"picked":"Hologram","floor":14.0},{"not_picked":["All For One","Rainbow"],"picked":"Fission","floor":16.0},{"not_picked":["Stack","Rebound","Turbo"],"picked":"SKIP","floor":18.0},{"not_picked":["FTL","Sweeping Beam"],"picked":"Double Energy","floor":19.0},{"not_picked":["Reprogram","Stack+1"],"picked":"Conserve Battery","floor":21.0},{"not_picked":["Scrape","Compile Driver"],"picked":"Coolheaded","floor":28.0},{"not_picked":["Gash","Cold Snap"],"picked":"Ball Lightning+1","floor":30.0},{"not_picked":["Doom and Gloom","Rebound"],"picked":"Go for the Eyes+1","floor":31.0},{"not_picked":["Thunder Strike","Meteor Strike"],"picked":"Creative AI","floor":33.0},{"not_picked":["Coolheaded","Stack","Barrage"],"picked":"SKIP","floor":35.0},{"not_picked":["Self Repair","Barrage"],"picked":"Stack+1","floor":37.0}],"player_experience":595407,"relics_obtained":[{"floor":0.0,"key":"Regal Pillow"},{"floor":0.0,"key":"White Beast Statue"},{"floor":0.0,"key":"Thread and Needle"},{"floor":6.0,"key":"Kunai"},{"floor":9.0,"key":"MawBank"},{"floor":11.0,"key":"Pantograph"},{"floor":26.0,"key":"Smiling Mask"},{"floor":38.0,"key":"Bottled Lightning"}],"event_choices":[{"cards_removed":["Strike_B"],"damage_healed":0.0,"max_hp_gain":0.0,"max_hp_loss":0.0,"gold_gain":0.0,"event_name":"The Cleric","player_choice":"Card Removal","floor":4.0,"gold_loss":50.0,"damage_taken":0.0},{"damage_healed":0.0,"max_hp_gain":0.0,"max_hp_loss":0.0,"gold_gain":0.0,"event_name":"FaceTrader","player_choice":"Trade","floor":13.0,"gold_loss":0.0,"damage_taken":0.0,"relics_obtained":["FaceOfCleric"]},{"damage_healed":0.0,"max_hp_gain":0.0,"max_hp_loss":0.0,"gold_gain":0.0,"cards_transformed":["Strike_B"],"event_name":"Transmorgrifier","player_choice":"Transformed","floor":24.0,"gold_loss":0.0,"damage_taken":0.0,"cards_obtained":["Core Surge"]}],"is_beta":false,"boss_relics":[{"not_picked":["Busted Crown","Ectoplasm"],"picked":"Cursed Key"},{"not_picked":["SacredBark","Empty Cage"],"picked":"Nuclear Battery"}],"items_purged_floors":[],"is_endless":false,"potions_floor_spawned":[1,2,3,5,6,8,10,11,14,16,18,19,21,28,30,31,33,35,37],"killed_by":"Jaw Worm Horde","ascension_level":12}}