{"host":"f0gpob8hq9vgebej","time":1612087239,"event":{"mods":["AchievementEnabler","BaseMod","Minty Spire (QoL Compilation)","Quick Restart","SuperFastMode"],"gold_per_floor":[115,127,138,213,27,27,52,70,95,112,112,128,128,178,178,178,178],"floor_reached":16,"language":"KOR","playtime":309,"items_purged":["Strike_R"],"score":179,"play_id":"f29f33b4-ec00-4df6-8cf6-0992e50e0c61","local_time":"20210131190039","is_ascension_mode":true,"campfire_choices":[{"data":"Feed","floor":6.0,"key":"SMITH"},{"data":"Body Slam","floor":11,"key":"SMITH"},{"floor":15,"key":"REST"}],"circlet_count":0,"master_deck":["AscendersBane","Strike_R","Strike_R","Strike_R","Strike_R","Defend_R","Defend_R","Defend_R","Defend_R","Bash","Feed+1","Sword Boomerang","Wild Strike","Body Slam+1","Whirlwind"],"relics":["Burning Blood","Membership Card","Akabeko","Nunchaku"],"acts_visited":["Exordium"],"potions_floor_usage":[16,16],"damage_taken":[{"damage":6.0,"enemies":"2 Louse","floor":1.0,"turns":4.0},{"damage":0.0,"enemies":"Small Slimes","floor":2.0,"turns":3.0},{"damage":6.0,"enemies":"Cultist","floor":3.0,"turns":3.0},{"damage":25.0,"enemies":"3 Sentries","floor":7.0,"turns":7.0},{"damage":0,"enemies":"Looter","floor":8,"turns":1},{"damage":13,"enemies":"Blue Slaver","floor":10,"turns":2},{"damage":33,"enemies":"Gremlin Gang","floor":12,"turns":5},{"damage":22,"enemies":"The Guardian","floor":16,"turns":6}],"seed_played":"-2860046323964337844","potions_obtained":[{"floor":1.0,"key":"Strength Potion"},{"floor":3.0,"key":"Regen Potion"},{"floor":7.0,"key":"DuplicationPotion"},{"floor":8,"key":"Weak Potion"}],"is_trial":false,"path_per_floor":["M","M","M","?","$","R","E","M","T","M","R","M","?","?","R","B"],"character_chosen":"IRONCLAD","items_purchased":["Membership Card"],"campfire_rested":1,"item_purchase_floors":[5],"current_hp_per_floor":[53,62,62,51,51,51,51,57,57,50,50,27,27,19,45,23,23],"gold":178,"neow_bonus":"THREE_RARE_CARDS","is_daily":false,"chose_seed":false,"campfire_upgraded":2,"win_rate":0.0,"timestamp":1612087239,"path_taken":["M","M","M","?","$","R","E","M","T","M","R","M","?","?","R","BOSS"],"items_purchased_type":["Relic"],"build_version":"2020-12-22","purchased_purges":1,"victory":false,"max_hp_per_floor":[78,81,81,81,81,81,85,85,85,85,85,89,89,89,89,89,89],"card_choices":[{"not_picked":["Juggernaut","Brutality"],"picked":"Feed","floor":0.0},{"not_picked":["Flame Barrier","Flex","Anger"],"picked":"SKIP","floor":1.0},{"not_picked":["Anger","Clothesline"],"picked":"Sword Boomerang","floor":2.0},{"not_picked":["Rupture","Flex"],"picked":"Wild Strike","floor":3.0},{"not_picked":["Berserk","Pommel Strike"],"picked":"Body Slam","floor":7.0},{"not_picked":["Anger","Warcry","Metallicize"],"picked":"SKIP","floor":8},{"not_picked":["Clothesline","Flex"],"picked":"Whirlwind","floor":10},{"not_picked":["Armaments","Body Slam","Hemokinesis"],"picked":"SKIP","floor":12}],"player_experience":309685,"relics_obtained":[{"floor":7.0,"key":"Akabeko"},{"floor":9,"key":"Nunchaku"}],"event_choices":[{"damage_healed":0.0,"max_hp_gain":0.0,"max_hp_loss":0.0,"gold_gain":75.0,"event_name":"World of Goop","player_choice":"Gather Gold","floor":4.0,"gold_loss":0.0,"damage_taken":11.0},{"damage_healed":0,"gold_gain":0,"player_choice":"Ignored","damage_taken":0,"max_hp_gain":0,"max_hp_loss":0,"event_name":"Golden Idol","floor":13,"gold_loss":0},{"damage_healed":0,"gold_gain":50,"player_choice":"Touch","damage_taken":8,"max_hp_gain":0,"max_hp_loss":0,"event_name":"FaceTrader","floor":14,"gold_loss":0}],"is_beta":false,"boss_relics":[],"items_purged_floors":[5],"is_endless":false,"potions_floor_spawned":[1,3,7,8,12],"killed_by":"The Guardian","ascension_level":15}}