{"host":"39i3emxub3h8uyq3","time":1612132160,"event":{"mods":["AchievementEnabler","BaseMod","Clockwork Mod","Colored Map","Colored Powertips","DeckTracker","Downfall","Glutton Mod","Gold Saver","Hubris","Minty Spire (QoL Compilation)","Permanent Neow","Quick Restart","Rare Cards Sparkle","Replay The Spire","StSLib","The Bug Knight","The Jungle","The Necromancer","TheHeartMod","Wandering Minibosses"],"gold_per_floor":[652,670,686,212,232,232,232,232,313,313,327,354,66,66,66,164,164,183,200,216,216,216,216],"floor_reached":22,"language":"ENG","playtime":1468,"items_purged":[],"score":211,"play_id":"b0342664-cbef-41f7-9d97-c033ac7fef87","local_time":"20210131172920","is_ascension_mode":false,"campfire_choices":[{"floor":6,"key":"REST"},{"data":"Noxious Fumes","floor":8,"key":"SMITH"},{"floor":15,"key":"REST"}],"circlet_count":0,"master_deck":["Strike_G","Strike_G","Strike_G","Strike_G","Strike_G","Defend_G","Defend_G","Defend_G","Defend_G","Defend_G","Survivor","Neutralize","Backflip","Quick Slash","Poisoned Stab","Noxious Fumes+1","Deflect","Slice","Burst","All Out Attack","Sucker Punch","Dagger Throw","Noxious Fumes","Noxious Fumes","Poison Darts","Pain","Corpse Explosion","Blade Dance","Heel Hook","Caltrops"],"relics":["bronze:MakeshiftBattery","Bronze Scales","hubris:EmptyBottle","hubris:Icosahedron","Chameleon Ring","hubris:CrystalStatue","Blood Vial","Orrery","WarpedTongs","Black Star","hubris:ToyBattleship"],"acts_visited":["Exordium","TheCity"],"potions_floor_usage":[11,12,12,16,19,19],"damage_taken":[{"damage":11,"enemies":"Jaw Worm","floor":1,"turns":6},{"damage":5,"enemies":"2 Louse","floor":2,"turns":5},{"damage":0,"enemies":"Cultist","floor":3,"turns":4},{"damage":2,"enemies":"Looter","floor":5,"turns":3},{"damage":8,"enemies":"2 Fungi Beasts","floor":11,"turns":5},{"damage":0,"enemies":"Gremlin Nob","floor":12,"turns":3},{"damage":27,"enemies":"Hexaghost","floor":16,"turns":5},{"damage":36,"enemies":"Spheric Guardian","floor":18,"turns":6},{"damage":11,"enemies":"3 Byrds","floor":19,"turns":6},{"damage":2,"enemies":"Centurion and Healer","floor":20,"turns":4},{"damage":29,"enemies":"3 Cultists","floor":22,"turns":3}],"seed_played":"3441543011736458947","potions_obtained":[{"floor":2,"key":"bronze:BurnAndBuffPotion"},{"floor":11,"key":"hexamod:SoulburnPotion"},{"floor":12,"key":"GhostInAJar"},{"floor":18,"key":"Block Potion"}],"is_trial":false,"path_per_floor":["M","M","M","$","M","R","?","R","T","?","M","E","$","?","R","B",null,"M","M","M","T","M"],"character_chosen":"THE_SILENT","items_purchased":["Noxious Fumes","Bronze Scales","hubris:EmptyBottle","Deflect","Block Potion","Blood Vial","Orrery"],"campfire_rested":2,"item_purchase_floors":[4,4,4,4,4,13,13],"current_hp_per_floor":[59,54,54,54,52,70,70,70,70,70,62,62,62,62,70,43,70,34,25,25,25,0,0],"gold":216,"neow_bonus":"BOSS_RELIC","is_daily":false,"chose_seed":false,"campfire_upgraded":1,"win_rate":0.0,"timestamp":1612132160,"path_taken":["M","M","M","$","M","R","?","R","T","?","M","E","$","?","R","BOSS","M","M","M","?","M"],"items_purchased_type":["Card","Relic","Relic","Card","Potion","Relic","Relic"],"build_version":"2020-12-22","purchased_purges":0,"victory":false,"max_hp_per_floor":[70,70,70,70,70,70,70,70,70,70,70,70,70,70,70,70,70,70,70,70,70,70,70],"card_choices":[{"not_picked":["Prepared","PiercingWail"],"picked":"Backflip","floor":1},{"not_picked":["Well Laid Plans","Reflex"],"picked":"Quick Slash","floor":2},{"not_picked":["hubris:Sniper","PiercingWail"],"picked":"Poisoned Stab","floor":3},{"not_picked":["Prepared","Cloak And Dagger"],"picked":"Slice","floor":5},{"not_picked":["Hidden Blade","hubris:SlightOfHand"],"picked":"Burst","floor":11},{"not_picked":["Acrobatics","PiercingWail"],"picked":"All Out Attack","floor":12},{"not_picked":["Underhanded Strike","Hidden Blade"],"picked":"Sucker Punch","floor":13},{"not_picked":["Blur","Quick Slash"],"picked":"Dagger Throw","floor":13},{"not_picked":["hubris:SlightOfHand","Storm of Steel"],"picked":"Noxious Fumes","floor":13},{"not_picked":["Prepared","Slice"],"picked":"Noxious Fumes","floor":13},{"not_picked":["Prepared","Sucker Punch"],"picked":"Poison Darts","floor":13},{"not_picked":["Venomology","Replay:Bag of Tricks"],"picked":"Corpse Explosion","floor":16},{"not_picked":["Slice","Quick Slash"],"picked":"Blade Dance","floor":18},{"not_picked":["hubris:SlightOfHand","Acrobatics"],"picked":"Heel Hook","floor":19},{"not_picked":["hubris:SlightOfHand","Distraction+1"],"picked":"Caltrops","floor":20}],"player_experience":83536,"relics_obtained":[{"floor":9,"key":"Chameleon Ring"},{"floor":12,"key":"hubris:CrystalStatue"},{"floor":21,"key":"hubris:ToyBattleship"}],"event_choices":[{"damage_healed":0,"gold_gain":0,"player_choice":"Ignored","damage_taken":0,"max_hp_gain":0,"max_hp_loss":0,"event_name":"Golden Wing","floor":10,"gold_loss":0},{"damage_healed":0,"gold_gain":0,"player_choice":"Rummage","damage_taken":0,"relics_obtained":["WarpedTongs"],"max_hp_gain":0,"max_hp_loss":0,"event_name":"Accursed Blacksmith","floor":14,"gold_loss":0,"cards_obtained":["Pain"]}],"is_beta":false,"boss_relics":[{"not_picked":["hubris:VirtuousBlindfold","Tiny House"],"picked":"Black Star"}],"items_purged_floors":[],"is_endless":false,"potions_floor_spawned":[2,11,12,16,18],"killed_by":"3 Cultists","ascension_level":0}}