{"host":"h1qktzcccqnez8tx","time":1612111350,"event":{"mods":["AchievementEnabler","BaseMod","Bestiary","Better Note","Block Reminder","Colored Map","Colored Powertips","Curses Come First","Downfall","Highlight Path","Infinite Spire","Minty Spire (QoL Compilation)","Permanent Neow","Quick Restart","Relic Stats","Replay The Spire","Say the Spire","StSLib","The Cursed","The Jungle","The Servant 0.9.4","UnlockEverythingMod"],"gold_per_floor":[109,125,143,154,203,267,292,336,390,390,417,442,442,488,488,620,620,649,649,649,676,676,735,735,785,785,825,862,862,916,955,955,1120,1120,1146,1146,1174,1274,1274,1332,1332,1445,1445,1593,1061,1165,1165,1274,1274,1322,1322,1322,475,559,581,581],"floor_reached":55,"language":"ENG","playtime":2916,"items_purged":["TheCursedMod:CleanUpWorkshop","TheCursedMod:StunningStrike","TheCursedMod:SoulReap"],"score":896,"play_id":"12b3b485-5597-4411-96e6-773ba61b2af4","local_time":"20210131174230","is_ascension_mode":true,"campfire_choices":[{"data":"TheCursedMod:CircleOfCorruption","floor":10,"key":"SMITH"},{"data":"TheCursedMod:HellsGateOpen","floor":13,"key":"SMITH"},{"data":"TheCursedMod:CircleOfCorruption","floor":15,"key":"SMITH"},{"data":"TheCursedMod:ManaBullet","floor":24,"key":"SMITH"},{"data":"TheCursedMod:CircleOfFlame","floor":29,"key":"SMITH"},{"data":"TheCursedMod:WearCloak","floor":32,"key":"SMITH"},{"data":"Dark Shackles","floor":41,"key":"SMITH"},{"floor":49,"key":"RECALL"},{"data":"TheCursedMod:WearCloak","floor":52,"key":"SMITH"}],"circlet_count":0,"master_deck":["TheCursedMod:CursedWand","TheCursedMod:CursedShiv","TheCursedMod:Wield","TheCursedMod:ManaBullet+1","TheCursedMod:CircleOfFlame+1","TheCursedMod:CircleOfWindfury","TheCursedMod:CircleOfCorruption+1","TheCursedMod:CircleOfAbyss","Finesse","TheCursedMod:Wield","TheCursedMod:SpitefulPlan","TheCursedMod:WearCloak+1","TheCursedMod:CircleOfCorruption+1","ReplayTheSpireMod:Splinters","TheCursedMod:CursedShiv","TheCursedMod:AshesToAshes","TheCursedMod:WearCloak+1","TheCursedMod:CircleOfFlame","TheCursedMod:HellsGateOpen+1","TheCursedMod:CircleOfAbyss+1","TheCursedMod:TacticalStrike","TheCursedMod:ManaBullet+1","TheCursedMod:CircleOfAbyss+1","Dark Shackles+1","downfall:Haunted","downfall:Haunted","Injury","Parasite","Injury","TheCursedMod:ManaBullet+1","Parasite","TheCursedMod:CircleOfFlame+1","TheCursedMod:CircleOfFlame","Master of Strategy"],"relics":["TheCursedMod:MagicCandle","Replay:Bandana","Bag of Preparation","Sundial","Happy Flower","Replay:Ringing Soul","SacredBark","Centennial Puzzle","bronze:BronzeIdol","Onion Ring","infinitespire:EmpoweringShard","Ring of Chaos","Du-Vu Doll","Akabeko","infinitespire:EvilPickle","Gambling Chip","Ancient Tea Set","Guide Book","Lantern","infinitespire:Beetle Shell","Boot"],"acts_visited":["Exordium","TheCity","TheBeyond","TheEnding"],"potions_floor_usage":[23,50,55,55,55],"damage_taken":[{"damage":0,"enemies":"Jaw Worm","floor":1,"turns":2},{"damage":0,"enemies":"2 Louse","floor":2,"turns":1},{"damage":0,"enemies":"Cultist","floor":3,"turns":1},{"damage":8,"enemies":"3 Louse","floor":4,"turns":2},{"damage":2,"enemies":"3 Sentries","floor":6,"turns":3},{"damage":0,"enemies":"Looter","floor":7,"turns":2},{"damage":0,"enemies":"Gremlin Nob","floor":8,"turns":1},{"damage":0,"enemies":"Blue Slaver","floor":11,"turns":1},{"damage":0,"enemies":"Lots of Slimes","floor":12,"turns":1},{"damage":0,"enemies":"3 Sentries","floor":14,"turns":2},{"damage":6,"enemies":"The Guardian","floor":16,"turns":4},{"damage":0,"enemies":"Chosen","floor":18,"turns":2},{"damage":8,"enemies":"2 Thieves","floor":21,"turns":2},{"damage":16,"enemies":"Slavers","floor":23,"turns":3},{"damage":15,"enemies":"Snake Plant","floor":25,"turns":3},{"damage":0,"enemies":"Centurion and Healer","floor":27,"turns":2},{"damage":0,"enemies":"Sentry and Sphere","floor":28,"turns":2},{"damage":0,"enemies":"Replay:Snechameleon","floor":30,"turns":3},{"damage":0,"enemies":"3 Cultists","floor":31,"turns":2},{"damage":1,"enemies":"Pondfish","floor":33,"turns":3},{"damage":0,"enemies":"Orb Walker","floor":35,"turns":1},{"damage":0,"enemies":"3 Shapes","floor":37,"turns":2},{"damage":2,"enemies":"Reptomancer","floor":40,"turns":3},{"damage":0,"enemies":"3 Darklings","floor":42,"turns":3},{"damage":0,"enemies":"Writhing Mass","floor":44,"turns":3},{"damage":0,"enemies":"Jaw Worm Horde","floor":46,"turns":2},{"damage":0,"enemies":"Transient","floor":48,"turns":5},{"damage":15,"enemies":"Replay:Hell Engine","floor":50,"turns":2},{"damage":0,"enemies":"Shield and Spear","floor":54,"turns":3},{"damage":115,"enemies":"The Heart","floor":55,"turns":6}],"seed_played":"-8577791143122609331","potions_obtained":[{"floor":1,"key":"bronze:BurnAndBuffPotion"},{"floor":3,"key":"SkillPotion"},{"floor":5,"key":"Death Potion"},{"floor":28,"key":"Energy Potion"}],"is_trial":false,"path_per_floor":["M","M","M","M","?","E","M","E","T","R","M","M","R","E","R","B",null,"M","?","$","M","AVR","E","R","M","T","M","M","R","E","M","R","B",null,"M","?","M","?","?","E","R","M","T","M","$","M","?","M","R","B",null,"R","$","E","B"],"character_chosen":"THE_CURSED","items_purchased":["Gambling Chip","Ancient Tea Set","Guide Book","Lantern","infinitespire:Beetle Shell","TheCursedMod:CircleOfFlame","Master of Strategy","hexamod:SoulburnPotion"],"campfire_rested":0,"item_purchase_floors":[45,45,53,53,53,53,53,53],"current_hp_per_floor":[75,75,75,67,67,65,65,65,65,65,65,65,65,65,65,62,78,81,81,81,76,76,66,66,51,51,61,69,69,69,69,69,76,90,90,93,93,101,101,102,102,104,104,107,107,107,102,105,105,90,105,105,108,108,0,0],"gold":581,"neow_bonus":"UPGRADE_CARD","is_daily":false,"chose_seed":false,"campfire_upgraded":8,"win_rate":0.0,"timestamp":1612111350,"path_taken":["M","M","M","M","?","E","M","E","T","R","M","?","R","E","R","BOSS","M","?","$","M","AVR","E","R","M","T","M","M","R","E","M","R","BOSS","M","?","M","?","?","E","R","M","T","M","$","?","?","M","R","BOSS","R","$","E","BOSS"],"items_purchased_type":["Relic","Relic","Relic","Relic","Relic","Card","Card","Potion"],"build_version":"2020-12-22","purchased_purges":3,"victory":false,"max_hp_per_floor":[75,75,75,75,75,75,75,75,75,75,75,75,75,75,75,78,78,81,81,81,84,84,87,87,87,87,90,90,90,90,90,90,90,90,90,93,93,101,101,104,104,104,104,107,107,107,102,105,105,105,105,105,108,108,108,108],"relic_stats":{"Centennial Puzzle":[19],"Happy Flower":[20],"counters":[30,72],"Sundial":[10],"Gambling Chip":[8],"Bag of Preparation":[50],"Boot":[0],"obtain_stats":[{"Lantern":53,"Happy Flower":9,"SacredBark":17,"Guide Book":53,"Ring of Chaos":34,"infinitespire:Beetle Shell":53,"Bag of Preparation":6,"TheCursedMod:MagicCandle":0,"Ancient Tea Set":45,"Boot":54,"Akabeko":40,"bronze:BronzeIdol":23,"Du-Vu Doll":38,"infinitespire:EvilPickle":41,"Replay:Ringing Soul":14,"Replay:Bandana":5,"Centennial Puzzle":22,"Sundial":8,"Gambling Chip":45,"Onion Ring":26,"infinitespire:EmpoweringShard":30},{"Lantern":28,"Happy Flower":7,"SacredBark":11,"Guide Book":28,"Ring of Chaos":20,"infinitespire:Beetle Shell":28,"Bag of Preparation":5,"TheCursedMod:MagicCandle":0,"Ancient Tea Set":25,"Boot":29,"Akabeko":23,"bronze:BronzeIdol":14,"Du-Vu Doll":22,"infinitespire:EvilPickle":23,"Replay:Ringing Soul":10,"Replay:Bandana":4,"Centennial Puzzle":13,"Sundial":7,"Gambling Chip":25,"Onion Ring":15,"infinitespire:EmpoweringShard":18},{"Lantern":63,"Happy Flower":12,"SacredBark":20,"Guide Book":63,"Ring of Chaos":42,"infinitespire:Beetle Shell":63,"Bag of Preparation":9,"TheCursedMod:MagicCandle":0,"Ancient Tea Set":54,"Boot":66,"Akabeko":48,"bronze:BronzeIdol":27,"Du-Vu Doll":45,"infinitespire:EvilPickle":48,"Replay:Ringing Soul":16,"Replay:Bandana":6,"Centennial Puzzle":24,"Sundial":12,"Gambling Chip":54,"Onion Ring":30,"infinitespire:EmpoweringShard":37}]},"card_choices":[{"not_picked":["TheCursedMod:Stretching","TheCursedMod:SpitefulStrike"],"picked":"TheCursedMod:Wield","floor":1},{"not_picked":["TheCursedMod:Obscuration","TheCursedMod:Mangle"],"picked":"TheCursedMod:SpitefulPlan","floor":2},{"not_picked":["TheCursedMod:CursedShiv","TheCursedMod:RapidMovement"],"picked":"TheCursedMod:WearCloak","floor":3},{"not_picked":["TheCursedMod:VoidForm","TheCursedMod:Obscuration"],"picked":"TheCursedMod:CircleOfCorruption","floor":4},{"not_picked":["TheCursedMod:Stretching","TheCursedMod:CircleOfAmplification"],"picked":"TheCursedMod:CursedShiv","floor":5},{"not_picked":["TheCursedMod:SurpriseAttack","TheCursedMod:Mangle"],"picked":"TheCursedMod:AshesToAshes","floor":6},{"not_picked":["TheCursedMod:Obscuration","TheCursedMod:VitalStrike"],"picked":"TheCursedMod:WearCloak","floor":7},{"not_picked":["TheCursedMod:AshesToAshes","TheCursedMod:ForbiddenAlchemy"],"picked":"TheCursedMod:CircleOfFlame","floor":8},{"not_picked":["TheCursedMod:CursedMace","TheCursedMod:SurpriseAttack","TheCursedMod:FleshFromBone"],"picked":"SKIP","floor":11},{"not_picked":["TheCursedMod:PrepareRite","TheCursedMod:Torture"],"picked":"TheCursedMod:HellsGateOpen","floor":12},{"not_picked":["TheCursedMod:FuryStrike","TheCursedMod:ReleasedStrength","TheCursedMod:CursedShiv"],"picked":"SKIP","floor":14},{"not_picked":["TheCursedMod:DemonicPact","TheCursedMod:UltimatePain"],"picked":"TheCursedMod:CircleOfAbyss","floor":16},{"not_picked":["TheCursedMod:CursedShiv","TheCursedMod:FleshFromBone"],"picked":"TheCursedMod:TacticalStrike","floor":18},{"not_picked":["TheCursedMod:TacticalStrike","TheCursedMod:SpitefulStrike"],"picked":"TheCursedMod:SoulReap","floor":21},{"not_picked":["TheCursedMod:SpitefulPray","TheCursedMod:RavingStaff"],"picked":"TheCursedMod:ManaBullet","floor":23},{"not_picked":["TheCursedMod:Stretching","TheCursedMod:CursedMace","TheCursedMod:HellsGateOpen"],"picked":"SKIP","floor":25},{"not_picked":["TheCursedMod:Stretching","TheCursedMod:CursedMace","TheCursedMod:HellsGateOpen"],"picked":"SKIP","floor":25},{"not_picked":["TheCursedMod:CursedArmor+1","TheCursedMod:CursedAmulet+1"],"picked":"TheCursedMod:CircleOfAbyss","floor":27},{"not_picked":["TheCursedMod:BloodBarrier","TheCursedMod:SpitefulStrike+1","TheCursedMod:SmokeScreen"],"picked":"SKIP","floor":28},{"not_picked":["TheCursedMod:VitalStrike","TheCursedMod:BloodBarrier","TheCursedMod:SpitefulStrike"],"picked":"SKIP","floor":30},{"not_picked":["TheCursedMod:CircleOfWindfury","TheCursedMod:FleshFromBone+1","TheCursedMod:CursedArmor"],"picked":"SKIP","floor":31},{"not_picked":["TheCursedMod:BloodBarrier","TheCursedMod:FleshFromBone+1","TheCursedMod:CursedAmulet"],"picked":"SKIP","floor":35},{"not_picked":["Magnetism","Mayhem"],"picked":"Dark Shackles","floor":36},{"not_picked":["TheCursedMod:BloodBarrier+1","TheCursedMod:Wield","TheCursedMod:Stigma"],"picked":"SKIP","floor":37},{"not_picked":["TheCursedMod:CursedMace","TheCursedMod:CircleOfFlame+1"],"picked":"TheCursedMod:ManaBullet+1","floor":40},{"not_picked":["TheCursedMod:BloodBarrier","TheCursedMod:SmokeScreen","TheCursedMod:StingEye+1"],"picked":"SKIP","floor":42},{"not_picked":["TheCursedMod:FleshFromBone+1","TheCursedMod:WearCloak+1","TheCursedMod:AntiAging"],"picked":"SKIP","floor":44},{"not_picked":["TheCursedMod:CursedArmor","TheCursedMod:PrepareRite+1","TheCursedMod:Obscuration"],"picked":"SKIP","floor":46},{"not_picked":["TheCursedMod:Torture","TheCursedMod:SmokeScreen+1"],"picked":"TheCursedMod:CircleOfFlame+1","floor":48},{"not_picked":["TheCursedMod:Mangle+1","TheCursedMod:FleshFromBone","TheCursedMod:HellsGateOpen+1"],"picked":"SKIP","floor":54}],"player_experience":348788,"relics_obtained":[{"floor":5,"key":"Replay:Bandana"},{"floor":6,"key":"Bag of Preparation"},{"floor":8,"key":"Sundial"},{"floor":9,"key":"Happy Flower"},{"floor":14,"key":"Replay:Ringing Soul"},{"floor":23,"key":"bronze:BronzeIdol"},{"floor":26,"key":"Onion Ring"},{"floor":30,"key":"infinitespire:EmpoweringShard"},{"floor":40,"key":"Akabeko"},{"floor":54,"key":"Boot"}],"event_choices":[{"damage_healed":0,"gold_gain":0,"player_choice":"Ignored","damage_taken":0,"max_hp_gain":0,"max_hp_loss":0,"event_name":"Vampires","floor":19,"gold_loss":0},{"damage_healed":0,"gold_gain":0,"player_choice":"Memory 1","damage_taken":0,"max_hp_gain":0,"max_hp_loss":0,"event_name":"SensoryStone","floor":36,"gold_loss":0},{"damage_healed":0,"gold_gain":0,"player_choice":"Ignored","damage_taken":0,"max_hp_gain":0,"max_hp_loss":0,"event_name":"Fountain of Cleansing","floor":39,"gold_loss":0},{"damage_healed":0,"gold_gain":0,"player_choice":"Max HP","damage_taken":0,"max_hp_gain":0,"max_hp_loss":5,"event_name":"Winding Halls","floor":47,"gold_loss":0}],"is_beta":false,"boss_relics":[{"not_picked":["Replay:Bronze Core","SlaversCollar"],"picked":"SacredBark"},{"not_picked":["Busted Crown","Coffee Dripper"],"picked":"Ring of Chaos"}],"items_purged_floors":[22,45,53],"is_endless":false,"potions_floor_spawned":[1,3,11,12,16,28,30,33,35,37,44,54],"killed_by":"The Heart","ascension_level":1}}