{"host":"61r95uy0hn86b9iu","time":1612061221,"event":{"mods":["AchievementEnabler","BaseMod","Better Vampires","BetterRewards","Colored Powertips","Hubris","Minty Spire (QoL Compilation)","Shop Mod","StSLib"],"gold_per_floor":[113,113,124,142,152,152,169,180,180,330,380,380,394,405,405,482,482,494,494,512,41,41,41],"floor_reached":22,"language":"ENG","playtime":1199,"items_purged":["Strike_B","Doubt"],"score":571,"play_id":"58048ba1-bf7c-4ddd-b3fc-a863d8df3700","local_time":"20210130204701","is_ascension_mode":true,"campfire_choices":[{"data":"White Noise","floor":6.0,"key":"SMITH"},{"data":"Rainbow","floor":12.0,"key":"SMITH"},{"floor":15.0,"key":"REST"}],"circlet_count":0,"master_deck":["AscendersBane","Strike_B","Strike_B","Strike_B","Defend_B","Defend_B","Defend_B","Defend_B","Zap","Dualcast","Lockon","White Noise+1","Gash","Rainbow+1","BootSequence","Reboot","CurseOfTheBell","Defragment","Buffer"],"relics":["Cracked Core","Lee\u0027s Waffle","TungstenRod","hubris:Towel","Juzu Bracelet","Pantograph","MerchantsRug","hubris:CuriousFeather"],"acts_visited":["Exordium","TheCity"],"potions_floor_usage":[18],"damage_taken":[{"damage":4.0,"enemies":"2 Louse","floor":1.0,"turns":3.0},{"damage":0.0,"enemies":"Cultist","floor":3.0,"turns":2.0},{"damage":2.0,"enemies":"Small Slimes","floor":4.0,"turns":3.0},{"damage":0.0,"enemies":"Blue Slaver","floor":5.0,"turns":2.0},{"damage":21.0,"enemies":"3 Louse","floor":7.0,"turns":4.0},{"damage":10.0,"enemies":"Large Slime","floor":8.0,"turns":6.0},{"damage":22.0,"enemies":"2 Fungi Beasts","floor":13.0,"turns":5.0},{"damage":1.0,"enemies":"Lots of Slimes","floor":14.0,"turns":2.0},{"damage":46.0,"enemies":"The Guardian","floor":16.0,"turns":12.0},{"damage":0,"enemies":"3 Byrds","floor":18,"turns":2},{"damage":28,"enemies":"Spheric Guardian","floor":20,"turns":6},{"damage":48,"enemies":"Snake Plant","floor":22,"turns":5}],"seed_played":"258160855158137632","potions_obtained":[{"floor":4.0,"key":"AttackPotion"},{"floor":5.0,"key":"Strength Potion"},{"floor":8.0,"key":"SneckoOil"},{"floor":16.0,"key":"PowerPotion"}],"is_trial":false,"path_per_floor":["M","?","M","M","M","R","M","M","T","?","?","R","M","M","R","B",null,"M","?","M","$","M"],"character_chosen":"DEFECT","items_purchased":["Lee\u0027s Waffle","MerchantsRug","hubris:CuriousFeather"],"campfire_rested":1,"item_purchase_floors":[0,21,21],"current_hp_per_floor":[74,74,74,72,72,72,51,41,51,51,51,51,29,28,54,8,76,76,76,48,48,0,0],"gold":41,"neow_bonus":"","is_daily":false,"chose_seed":false,"campfire_upgraded":2,"win_rate":0.0,"timestamp":1612061221,"path_taken":["M","?","M","M","M","R","M","M","T","?","?","R","?","M","R","BOSS","M","?","M","$","M"],"items_purchased_type":["Relic","Relic","Relic"],"build_version":"2020-12-22","purchased_purges":2,"victory":false,"max_hp_per_floor":[78,78,78,78,78,78,78,78,88,88,88,88,88,88,88,88,96,96,96,96,96,96,96],"card_choices":[{"not_picked":["Turbo","Redo"],"picked":"Lockon","floor":1.0},{"not_picked":["Rebound","Stack","Go for the Eyes"],"picked":"SKIP","floor":3.0},{"not_picked":["Hologram","FTL"],"picked":"White Noise","floor":4.0},{"not_picked":["Chaos","Recycle"],"picked":"Gash","floor":5.0},{"not_picked":["Gash","Cold Snap"],"picked":"Rainbow","floor":7.0},{"not_picked":["Blizzard","Compile Driver"],"picked":"BootSequence","floor":8.0},{"not_picked":["Barrage","Sweeping Beam","Stack"],"picked":"SKIP","floor":13.0},{"not_picked":["Redo","Hologram","Stack"],"picked":"SKIP","floor":14.0},{"not_picked":["Multi-Cast","Rainbow"],"picked":"Reboot","floor":16.0},{"not_picked":["Compile Driver","Static Discharge"],"picked":"Defragment","floor":18},{"not_picked":["Go for the Eyes","Steam+1"],"picked":"Buffer","floor":20}],"player_experience":3338418,"relics_obtained":[{"floor":9.0,"key":"Pear"},{"floor":17.0,"key":"Juzu Bracelet"},{"floor":17.0,"key":"Pantograph"},{"floor":17.0,"key":"hubris:Spice"}],"event_choices":[{"damage_healed":0.0,"max_hp_gain":0.0,"max_hp_loss":0.0,"gold_gain":150.0,"event_name":"Liars Game","player_choice":"AGREE","floor":10.0,"gold_loss":0.0,"damage_taken":0.0,"cards_obtained":["Doubt"]},{"damage_healed":0.0,"max_hp_gain":0.0,"max_hp_loss":0.0,"gold_gain":50.0,"event_name":"Golden Shrine","player_choice":"Pray","floor":11.0,"gold_loss":0.0,"damage_taken":0.0},{"damage_healed":0,"gold_gain":0,"player_choice":"Ignored","damage_taken":0,"max_hp_gain":0,"max_hp_loss":0,"event_name":"Ghosts","floor":19,"gold_loss":0}],"is_beta":false,"boss_relics":[{"not_picked":["Snecko Eye","Empty Cage"],"picked":"Calling Bell"}],"items_purged_floors":[0,21],"is_endless":false,"potions_floor_spawned":[4,5,8,16],"killed_by":"Snake Plant","ascension_level":19}}