{"host":"q0ahhcf6jhp3yzzb","time":1612077652,"event":{"mods":["Ascension Unlocker","BaseMod","Bestiary","Minty Spire (QoL Compilation)","Relic Stats","StSLib"],"gold_per_floor":[118,134,134,152,165,195,195,195,195],"floor_reached":8,"language":"ENG","playtime":321,"items_purged":[],"score":116,"play_id":"a9faba29-5fc8-44da-b5a9-776f11fb72fe","local_time":"20210131002052","is_ascension_mode":true,"campfire_choices":[{"data":"Carnage","floor":7,"key":"SMITH"}],"circlet_count":0,"master_deck":["AscendersBane","Strike_R","Strike_R","Strike_R","Strike_R","Defend_R","Defend_R","Defend_R","Defend_R","Bash","Clothesline","Pommel Strike","Anger","Carnage+1","Corruption"],"relics":["Burning Blood","Torii","Question Card"],"acts_visited":["Exordium"],"potions_floor_usage":[],"damage_taken":[{"damage":9,"enemies":"Jaw Worm","floor":1,"turns":5},{"damage":1,"enemies":"Small Slimes","floor":2,"turns":3},{"damage":3,"enemies":"2 Louse","floor":4,"turns":3},{"damage":6,"enemies":"2 Fungi Beasts","floor":5,"turns":3},{"damage":32,"enemies":"3 Sentries","floor":6,"turns":8},{"damage":42,"enemies":"Gremlin Nob","floor":8,"turns":4}],"seed_played":"6319793963267681948","potions_obtained":[{"floor":2,"key":"ElixirPotion"}],"is_trial":false,"path_per_floor":["M","M","?","M","M","E","R","E"],"character_chosen":"IRONCLAD","items_purchased":[],"campfire_rested":0,"item_purchase_floors":[],"current_hp_per_floor":[65,68,61,64,64,38,38,0,0],"gold":195,"neow_bonus":"ONE_RARE_RELIC","is_daily":false,"chose_seed":false,"campfire_upgraded":1,"win_rate":0.0,"timestamp":1612077652,"path_taken":["M","M","?","M","M","E","R","E"],"items_purchased_type":[],"build_version":"2020-12-22","purchased_purges":0,"victory":false,"max_hp_per_floor":[68,68,68,68,68,68,68,68,68],"relic_stats":{"Torii":20,"counters":[6,26],"Question Card":0,"obtain_stats":[{"Torii":0,"Question Card":6,"Burning Blood":0},{"Torii":0,"Question Card":5,"Burning Blood":0},{"Torii":0,"Question Card":22,"Burning Blood":0}],"Burning Blood":28},"card_choices":[{"not_picked":["Clash","Flex"],"picked":"Clothesline","floor":1},{"not_picked":["Dual Wield","Armaments"],"picked":"Pommel Strike","floor":2},{"not_picked":["Thunderclap","Infernal Blade"],"picked":"Anger","floor":4},{"not_picked":["Havoc","Clash"],"picked":"Carnage","floor":5},{"not_picked":["Seeing Red","Clash"],"picked":"Corruption","floor":6}],"player_experience":822867,"relics_obtained":[{"floor":6,"key":"Question Card"}],"event_choices":[{"cards_removed":["Strike_R"],"damage_healed":0,"gold_gain":0,"player_choice":"Card Removal","damage_taken":7,"max_hp_gain":0,"max_hp_loss":0,"event_name":"Golden Wing","floor":3,"gold_loss":0}],"is_beta":false,"boss_relics":[],"items_purged_floors":[],"is_endless":false,"potions_floor_spawned":[2],"killed_by":"Gremlin Nob","ascension_level":20}}