{"host":"gzk4gkgy3zij1c51","time":1612102523,"event":{"mods":["BaseMod","Colored Map","Downfall","Highlight Path","Marked Mod","Minty Spire (QoL Compilation)","Relic Stats","StSLib","everything is the same but u backflip on backflip"],"gold_per_floor":[113,131,131,131,151,183,183,209,209,227,31,31,31,42,42,146,146,165,165,177,252,267,267,302,302,302],"floor_reached":25,"language":"ENG","playtime":1097,"items_purged":[],"score":347,"play_id":"07c81066-5932-4b2c-a3bd-9028e5830e22","local_time":"20210131141523","is_ascension_mode":true,"campfire_choices":[{"floor":12.0,"key":"REST"},{"data":"Streamline","floor":15.0,"key":"SMITH"},{"data":"Buffer","floor":23.0,"key":"SMITH"}],"circlet_count":0,"master_deck":["AscendersBane","Strike_B","Strike_B+1","Strike_B+1","Strike_B","Defend_B","Defend_B","Defend_B","Defend_B","Zap","Dualcast","Gash","Coolheaded","Melter","Conserve Battery","Parasite","Core Surge","Compile Driver","Redo+1","Streamline+1","Buffer+1","Barrage+1","downfall:Bewildered","Cold Snap","Rebound","Electrodynamics"],"relics":["Cracked Core","Orichalcum","Du-Vu Doll","Pantograph","Art of War","Guardian:PocketSentry","Inserter","sneckomod:BabySnecko","champ:DuelingGlove"],"acts_visited":["Exordium","TheCity"],"potions_floor_usage":[25,25],"damage_taken":[{"damage":8.0,"enemies":"2 Louse","floor":1.0,"turns":2.0},{"damage":6.0,"enemies":"Jaw Worm","floor":2.0,"turns":2.0},{"damage":4.0,"enemies":"Small Slimes","floor":5.0,"turns":3.0},{"damage":14.0,"enemies":"3 Sentries","floor":6.0,"turns":6.0},{"damage":26.0,"enemies":"Gremlin Nob","floor":8.0,"turns":4.0},{"damage":0.0,"enemies":"Blue Slaver","floor":10.0,"turns":3.0},{"damage":0.0,"enemies":"Exordium Wildlife","floor":14.0,"turns":2.0},{"damage":24.0,"enemies":"Hexaghost","floor":16.0,"turns":8.0},{"damage":17.0,"enemies":"3 Byrds","floor":18.0,"turns":6.0},{"damage":2.0,"enemies":"Chosen","floor":20.0,"turns":3.0},{"damage":0.0,"enemies":"Snecko","floor":22.0,"turns":4.0},{"damage":35.0,"enemies":"Slavers","floor":24.0,"turns":5.0},{"damage":6,"enemies":"Centurion and Healer","floor":25,"turns":2}],"seed_played":"3940696733473064370","potions_obtained":[{"floor":1.0,"key":"Fruit Juice"},{"floor":2.0,"key":"Ancient Potion"},{"floor":8.0,"key":"EssenceOfSteel"},{"floor":14.0,"key":"Guardian:BlockOnCardUsePotion"},{"floor":22.0,"key":"Strength Potion"}],"is_trial":false,"path_per_floor":["M","M","?","?","M","E","?","E","T","M","$","R","?","M","R","B",null,"M","?","M","?","M","R","E","M"],"character_chosen":"DEFECT","items_purchased":["Guardian:PocketSentry","Redo"],"campfire_rested":1,"item_purchase_floors":[11,11],"current_hp_per_floor":[60,54,36,26,22,8,28,2,2,2,2,26,26,26,26,27,67,50,50,48,40,40,40,5,0,0],"gold":302,"neow_bonus":"RANDOM_COMMON_RELIC","is_daily":false,"chose_seed":false,"campfire_upgraded":2,"win_rate":0.0,"timestamp":1612102523,"path_taken":["M","M","?","?","M","E","?","E","T","?","$","R","?","M","R","BOSS","M","?","M","?","M","R","E","M"],"items_purchased_type":["Relic","Card"],"build_version":"2020-12-22","purchased_purges":0,"victory":false,"max_hp_per_floor":[75,75,75,80,80,80,80,80,80,80,80,80,80,80,80,80,80,80,80,80,80,80,80,80,80,80],"relic_stats":{"Inserter":[10],"counters":[13,49],"Pantograph":25,"Art of War":[5],"Orichalcum":[162],"obtain_stats":[{"Du-Vu Doll":3,"sneckomod:BabySnecko":19,"champ:DuelingGlove":24,"Inserter":17,"Pantograph":6,"Art of War":8,"Guardian:PocketSentry":11,"Orichalcum":0,"Cracked Core":0},{"Du-Vu Doll":2,"sneckomod:BabySnecko":9,"champ:DuelingGlove":12,"Inserter":8,"Pantograph":4,"Art of War":5,"Guardian:PocketSentry":6,"Orichalcum":0,"Cracked Core":0},{"Du-Vu Doll":4,"sneckomod:BabySnecko":35,"champ:DuelingGlove":47,"Inserter":30,"Pantograph":13,"Art of War":17,"Guardian:PocketSentry":20,"Orichalcum":0,"Cracked Core":0}]},"card_choices":[{"not_picked":["White Noise","Darkness"],"picked":"Gash","floor":1.0},{"not_picked":["Capacitor","Beam Cell"],"picked":"Coolheaded","floor":2.0},{"not_picked":["Steam","Leap"],"picked":"Melter","floor":5.0},{"not_picked":["Go for the Eyes","Thunder Strike"],"picked":"Conserve Battery","floor":6.0},{"not_picked":["Heatsinks","Doom and Gloom"],"picked":"Core Surge","floor":8.0},{"not_picked":["Auto Shields","Conserve Battery"],"picked":"Compile Driver","floor":10.0},{"not_picked":["Compile Driver","Force Field"],"picked":"Streamline","floor":14.0},{"not_picked":["Reboot","Meteor Strike"],"picked":"Buffer","floor":16.0},{"not_picked":["Leap","Steam"],"picked":"Barrage+1","floor":18.0},{"not_picked":["Rip and Tear","Darkness"],"picked":"Cold Snap","floor":20.0},{"not_picked":["Redo","Beam Cell"],"picked":"Rebound","floor":22.0},{"not_picked":["Rebound","Force Field+1"],"picked":"Electrodynamics","floor":24.0}],"player_experience":1101820,"relics_obtained":[{"floor":6.0,"key":"Pantograph"},{"floor":8.0,"key":"Art of War"},{"floor":24.0,"key":"champ:DuelingGlove"}],"event_choices":[{"damage_healed":0.0,"max_hp_gain":0.0,"max_hp_loss":0.0,"gold_gain":0.0,"event_name":"Scrap Ooze","player_choice":"Success","floor":3.0,"gold_loss":0.0,"damage_taken":18.0,"relics_obtained":["Du-Vu Doll"]},{"damage_healed":0.0,"max_hp_gain":0.0,"max_hp_loss":0.0,"gold_gain":0.0,"event_name":"Shining Light","player_choice":"Entered Light","floor":4.0,"gold_loss":0.0,"damage_taken":15.0,"cards_upgraded":["Strike_B","Strike_B"]},{"damage_healed":20.0,"max_hp_gain":0.0,"max_hp_loss":0.0,"gold_gain":0.0,"event_name":"Mushrooms","player_choice":"Healed and dodged fight","floor":7.0,"gold_loss":0.0,"damage_taken":0.0,"cards_obtained":["Parasite"]},{"damage_healed":0.0,"max_hp_gain":0.0,"max_hp_loss":0.0,"gold_gain":0.0,"event_name":"Living Wall","player_choice":"Grow","floor":13.0,"gold_loss":0.0,"damage_taken":0.0,"cards_upgraded":["Redo"]},{"damage_healed":0.0,"max_hp_gain":0.0,"max_hp_loss":0.0,"gold_gain":75.0,"event_name":"FaceTrader","player_choice":"Touch","floor":21.0,"gold_loss":0.0,"damage_taken":8.0}],"is_beta":false,"boss_relics":[{"not_picked":["Snecko Eye","Cursed Key"],"picked":"Inserter"}],"items_purged_floors":[],"is_endless":false,"potions_floor_spawned":[1,2,8,14,22],"killed_by":"Centurion and Healer","ascension_level":10}}