{"host":"0fmi5fguj5lvt8pf","time":1612133187,"event":{"mods":["BaseMod","Colored Map","Curses Come First","Downfall","Minty Spire (QoL Compilation)","Permanent Neow","StSLib"],"gold_per_floor":[99,116,126,126,73,85,110,127,140,154,154,14,14,14,25,123,123,123,142,162,179,179,198,222,107,207,207,217,249,31,43,59,154,154,154,170,170,290,290,290,371,401,101,23,37,37,37,53,69,69,69,102,9,9,9,9,9,9],"floor_reached":56,"language":"ENG","playtime":4116,"items_purged":["champ:Execute","champ:Strike","champ:RapidStrikes","champ:Circumvent"],"score":916,"play_id":"2520fb35-c3b7-4ab0-9ae0-6b9497cf5172","local_time":"20210131144627","is_ascension_mode":false,"campfire_choices":[{"data":"champ:Taunt","floor":1,"key":"SMITH"},{"floor":11,"key":"REST"},{"data":"champ:TripleStrike","floor":18,"key":"SMITH"},{"floor":35,"key":"RECALL"},{"data":"1","floor":43,"key":"LIFT"},{"data":"2","floor":47,"key":"LIFT"},{"floor":54,"key":"REST"}],"circlet_count":0,"master_deck":["champ:Strike","champ:Strike","champ:Strike","champ:Defend","champ:Defend","champ:Defend","champ:Taunt+1","champ:Circumvent+1","champ:RageSigil+1","champ:CrownThrow","champ:Improvising","champ:PreciseThrust","champ:DefensiveShout","champ:PreciseThrust","champ:FlashCut","champ:TripleStrike+1","champ:StanceDance","champ:FocusedDefense","champ:ShieldSigil","champ:Parry+1","champ:Duel","champ:DefensiveStyle+1","champ:FlashCut","champ:Circumvent+1","champ:Lariat","champ:GladiatorForm+1","CurseOfTheBell","champ:Circumvent+1","champ:FlashCut","champ:MurderStrike","champ:PreemptiveStrike+1","champ:EnGarde+1","champ:RisingSlash","champ:ShieldWall","champ:FalseCounter+1","champ:SkillfulDodge+1"],"relics":["champ:ChampionCrown","StoneCalendar","Guardian:PocketSentry","sneckomod:SneckoTalon","champ:BlackKnightHelmet","Prayer Wheel","Calling Bell","Akabeko","Toxic Egg 2","Membership Card","Girya","Singing Bowl","champ:DefensiveTrainingManual","downfall:HeartBlessingRed","downfall:HeartBlessingGreen","downfall:HeartBlessingBlue","Bag of Preparation","hexamod:CandleOfCauterizing"],"acts_visited":["Exordium","TheCity","TheBeyond","TheEnding"],"potions_floor_usage":[10,16,16,25,29,30,33,38,52,52,56,56],"damage_taken":[{"damage":16,"enemies":"Cultist","floor":2,"turns":3},{"damage":20,"enemies":"Jaw Worm","floor":3,"turns":5},{"damage":5,"enemies":"downfall:FleeingMerchant","floor":5,"turns":4},{"damage":10,"enemies":"2 Louse","floor":6,"turns":2},{"damage":18,"enemies":"2 Fungi Beasts","floor":8,"turns":3},{"damage":19,"enemies":"Exordium Thugs","floor":9,"turns":5},{"damage":0,"enemies":"Red Slaver","floor":10,"turns":2},{"damage":0,"enemies":"downfall:FleeingMerchant","floor":12,"turns":4},{"damage":0,"enemies":"Exordium Wildlife","floor":15,"turns":4},{"damage":0,"enemies":"SI_SHIV_ARCHETYPE","floor":16,"turns":6},{"damage":0,"enemies":"3 Byrds","floor":19,"turns":4},{"damage":29,"enemies":"Shelled Parasite and Fungi","floor":20,"turns":5},{"damage":0,"enemies":"Centurion and Healer","floor":21,"turns":6},{"damage":2,"enemies":"Snecko","floor":23,"turns":5},{"damage":11,"enemies":"downfall:FleeingMerchant","floor":25,"turns":4},{"damage":19,"enemies":"downfall:FleeingMerchant","floor":26,"turns":6},{"damage":4,"enemies":"Cultist and Chosen","floor":28,"turns":5},{"damage":6,"enemies":"Book of Stabbing","floor":29,"turns":4},{"damage":0,"enemies":"downfall:FleeingMerchant","floor":30,"turns":4},{"damage":3,"enemies":"Snake Plant","floor":31,"turns":4},{"damage":25,"enemies":"Centurion and Healer","floor":32,"turns":4},{"damage":0,"enemies":"WA_ARCHETYPE_CALM","floor":33,"turns":7},{"damage":0,"enemies":"Orb Walker","floor":36,"turns":3},{"damage":0,"enemies":"downfall:FleeingMerchant","floor":38,"turns":4},{"damage":28,"enemies":"Giant Head","floor":42,"turns":8},{"damage":0,"enemies":"3 Shapes","floor":45,"turns":2},{"damage":5,"enemies":"Maw","floor":48,"turns":7},{"damage":30,"enemies":"Writhing Mass","floor":49,"turns":3},{"damage":21,"enemies":"DF_ARCHETYPE_ORBS","floor":50,"turns":11},{"damage":96,"enemies":"downfall:CharBossMerchant","floor":52,"turns":11},{"damage":21,"enemies":"downfall:NeowBoss","floor":55,"turns":25},{"damage":56,"enemies":"downfall:NeowBossFinal","floor":56,"turns":5}],"seed_played":"6556823487329407525","potions_obtained":[{"floor":2,"key":"BlessingOfTheForge"},{"floor":8,"key":"CultistPotion"},{"floor":9,"key":"SneckoOil"},{"floor":16,"key":"FearPotion"},{"floor":20,"key":"FearPotion"},{"floor":28,"key":"Swift Potion"},{"floor":31,"key":"LiquidMemories"},{"floor":32,"key":"Strength Potion"},{"floor":36,"key":"Guardian:BlockOnCardUsePotion"},{"floor":52,"key":"Fruit Juice"}],"is_trial":false,"path_per_floor":["R","M","M","?","$","M","T","M","M","M","R","$","?","?","M","B",null,"R","M","M","M","?","M","T","$","?","?","M","E","$","M","M","B",null,"R","M","?","$","T","$","T","E","R","$","M","?","R","M","M","B",null,"E","$","R","B","B"],"character_chosen":"THE_CHAMP","items_purchased":["champ:RageSigil","champ:FlashCut","champ:DefensiveStyle+1","Membership Card","champ:EnGarde+1","Bag of Preparation","champ:SkillfulDodge+1","Dexterity Potion","SkillPotion"],"campfire_rested":2,"item_purchase_floors":[5,12,30,38,38,44,53,53,53],"current_hp_per_floor":[63,57,57,57,52,52,52,44,25,25,52,52,62,67,67,67,105,105,105,76,76,76,74,74,63,44,44,40,34,34,31,31,31,105,105,105,105,105,105,105,105,79,89,89,91,91,91,90,62,41,125,34,34,73,52,0,0,0],"gold":9,"neow_bonus":"ONE_RARE_RELIC","is_daily":false,"chose_seed":false,"campfire_upgraded":2,"win_rate":0.0,"timestamp":1612133187,"path_taken":["R","M","M","?","?","M","T","?","?","M","R","?","?","?","M","BOSS","R","M","M","M","?","?","T","$","?","?","M","E","?","M","M","BOSS","R","M","?","$","?","$","T","E","R","?","M","?","R","?","M","BOSS","E","$","R","BOSS","BOSS"],"items_purchased_type":["Card","Card","Card","Relic","Card","Relic","Card","Potion","Potion"],"build_version":"2020-12-22","purchased_purges":4,"victory":false,"max_hp_per_floor":[90,90,90,90,90,90,90,90,90,90,90,90,100,105,105,105,105,105,105,105,105,105,105,105,105,105,105,105,105,105,105,105,105,105,105,105,105,105,105,105,105,107,117,117,119,119,119,123,125,125,125,130,130,130,130,130,130,130],"card_choices":[{"not_picked":["champ:CrookedStrike","champ:FanOfKnives"],"picked":"champ:Circumvent","floor":2},{"not_picked":["champ:EnragedBash","champ:Shatter"],"picked":"champ:RapidStrikes","floor":3},{"not_picked":["champ:FanOfKnives","champ:BerserkersShout","champ:PreciseThrust"],"picked":"SKIP","floor":5},{"not_picked":["champ:FanOfKnives","champ:Haymaker"],"picked":"champ:CrownThrow","floor":6},{"not_picked":["champ:StanceDance","champ:CrownThrow"],"picked":"champ:Improvising","floor":8},{"not_picked":["champ:RecklessLeap","champ:IronFortress"],"picked":"champ:PreciseThrust","floor":9},{"not_picked":["champ:CrookedStrike","champ:Shatter"],"picked":"champ:DefensiveShout","floor":10},{"not_picked":["champ:CalledShot","champ:FancyFootwork"],"picked":"champ:PreciseThrust","floor":12},{"not_picked":["champ:Backstep","champ:TornadoPunch","champ:FanOfKnives"],"picked":"SKIP","floor":15},{"not_picked":["champ:IgnorePain","champ:MurderStrike"],"picked":"champ:TripleStrike","floor":16},{"not_picked":["champ:AdrenalArmor+1","champ:GutPunch"],"picked":"champ:FalseCounter","floor":19},{"not_picked":["champ:ViciousMockery","champ:TornadoPunch"],"picked":"champ:StanceDance","floor":20},{"not_picked":["champ:PreciseThrust","champ:PerfectedStrike","champ:Circumvent"],"picked":"SKIP","floor":21},{"not_picked":["champ:FancyFootwork","champ:AdrenalArmor"],"picked":"champ:FocusedDefense","floor":23},{"not_picked":["champ:BerserkersShout","champ:PerfectedStrike"],"picked":"champ:ShieldSigil","floor":25},{"not_picked":["champ:MurderStrike","champ:PreciseThrust+1"],"picked":"champ:Parry+1","floor":28},{"not_picked":["champ:TornadoPunch","champ:BerserkersShout","champ:CrownThrow+1"],"picked":"SKIP","floor":29},{"not_picked":["champ:FanOfKnives+1","champ:Haymaker"],"picked":"champ:Duel","floor":30},{"not_picked":["champ:EnGarde","champ:FalseCounter+1"],"picked":"champ:FlashCut","floor":31},{"not_picked":["champ:Haymaker","champ:DancingMaster+1"],"picked":"champ:Circumvent","floor":31},{"not_picked":["champ:FanOfKnives","champ:Backstep"],"picked":"champ:Circumvent+1","floor":32},{"not_picked":["champ:TornadoPunch","champ:StanceDance+1"],"picked":"champ:Lariat","floor":32},{"not_picked":["champ:HoldFirm","champ:MurderStrike"],"picked":"champ:GladiatorForm+1","floor":33},{"not_picked":["champ:DefensiveStyle+1","champ:RecklessLeap+1"],"picked":"champ:Circumvent+1","floor":36},{"not_picked":["champ:PreciseThrust","champ:TornadoPunch"],"picked":"champ:FlashCut","floor":36},{"not_picked":["champ:BerserkersShout+1","champ:RisingSlash"],"picked":"champ:PreemptiveStrike+1","floor":38},{"not_picked":["champ:SwordSigil+1","champ:EndlessRage","champ:HeartStrike+1"],"picked":"Singing Bowl","floor":42},{"not_picked":["champ:IronFortress","champ:BladeFlurry+1"],"picked":"champ:RisingSlash","floor":45},{"not_picked":["champ:PerfectedStrike","champ:AdrenalArmor+1","champ:PreciseThrust"],"picked":"Singing Bowl","floor":45},{"not_picked":["champ:FanOfKnives+1","champ:BerserkersShout+1","champ:GutPunch+1"],"picked":"Singing Bowl","floor":48},{"not_picked":["champ:DancingMaster","champ:FanOfKnives","champ:PerfectedStrike+1"],"picked":"Singing Bowl","floor":48},{"not_picked":["champ:BladeFlurry+1","champ:EnGarde+1"],"picked":"champ:ShieldWall","floor":49},{"not_picked":["champ:ArenaPreparation+1","champ:BerserkersShout+1","champ:StanceDance+1"],"picked":"Singing Bowl","floor":49},{"not_picked":["champ:ShieldSigil+1","champ:GutPunch+1"],"picked":"champ:FalseCounter+1","floor":52}],"player_experience":1468254,"relics_obtained":[{"floor":7,"key":"Guardian:PocketSentry"},{"floor":26,"key":"champ:BlackKnightHelmet"},{"floor":26,"key":"Frozen Egg 2"},{"floor":29,"key":"Prayer Wheel"},{"floor":34,"key":"Akabeko"},{"floor":34,"key":"Toxic Egg 2"},{"floor":39,"key":"Girya"},{"floor":41,"key":"Singing Bowl"},{"floor":42,"key":"champ:DefensiveTrainingManual"},{"floor":52,"key":"hexamod:CandleOfCauterizing"}],"event_choices":[{"damage_healed":0,"gold_gain":0,"player_choice":"Donut","damage_taken":0,"max_hp_gain":5,"max_hp_loss":0,"event_name":"Big Fish","floor":14,"gold_loss":0},{"cards_removed":["champ:FalseCounter"],"damage_healed":0,"gold_gain":0,"player_choice":"Removed Skill","damage_taken":0,"max_hp_gain":0,"max_hp_loss":0,"event_name":"Falling","floor":46,"gold_loss":0}],"is_beta":false,"boss_relics":[{"not_picked":["Fusion Hammer","champ:ChampionCrownUpgraded"],"picked":"sneckomod:SneckoTalon"},{"not_picked":["Coffee Dripper","Runic Pyramid"],"picked":"Calling Bell"}],"items_purged_floors":[12,25,30,38],"is_endless":false,"potions_floor_spawned":[2,8,9,16,20,28,31,32,36,52],"killed_by":"downfall:NeowBossFinal","ascension_level":0}}