{"host":"7qoz5gmva6til3yp","time":1612090169,"event":{"mods":["AchievementEnabler","BaseMod","Minty Spire (QoL Compilation)","StSLib","SuperFastMode"],"gold_per_floor":[116,136,150,169,94,124,124,143,143,153,185,201,211,22,22,99,99,119,129,54,71,71,71,88,120,147,178,178,203,203,238,238,317,317,327,342,342,357,370,398,398,430,453,453,463,488,284,284,284,284,284,284,284,198,225,225],"floor_reached":57,"language":"KOR","playtime":2552,"items_purged":["Strike_R","Strike_R","Strike_R"],"score":3408,"play_id":"a03f9472-c891-49a3-acf9-f5961b2fc1b2","local_time":"20210131194929","is_ascension_mode":true,"campfire_choices":[{"data":"Armaments","floor":7.0,"key":"SMITH"},{"floor":15.0,"key":"REST"},{"data":"Offering","floor":23.0,"key":"SMITH"},{"floor":30,"key":"REST"},{"floor":32,"key":"REST"},{"floor":41,"key":"RECALL"},{"floor":44,"key":"REST"},{"data":"Writhe","floor":49,"key":"PURGE"},{"data":"Sadistic Nature","floor":53,"key":"SMITH"}],"circlet_count":0,"master_deck":["AscendersBane","Bash","Feed+1","Uppercut+1","Armaments+1","Shockwave+1","Immolate","Purity","Battle Trance","Offering+1","Fire Breathing","Power Through","Evolve+1","Second Wind+1","Sadistic Nature+1","Power Through+1","Feel No Pain","Offering","Evolve"],"relics":["Burning Blood","Dream Catcher","Strawberry","Pear","Mango","FaceOfCleric","Lee\u0027s Waffle","Singing Bowl","CultistMask","Lizard Tail","Boot","Whetstone","Sozu","Pantograph","War Paint","Ancient Tea Set","TungstenRod","Vajra","Mark of Pain","Peace Pipe","Magic Flower","Ginger","Orichalcum"],"acts_visited":["TheCity","TheBeyond","TheEnding"],"potions_floor_usage":[],"damage_taken":[{"damage":8.0,"enemies":"2 Louse","floor":1.0,"turns":4.0},{"damage":17.0,"enemies":"Small Slimes","floor":2.0,"turns":4.0},{"damage":11.0,"enemies":"Jaw Worm","floor":3.0,"turns":4.0},{"damage":7.0,"enemies":"Looter","floor":4.0,"turns":4.0},{"damage":37.0,"enemies":"Lagavulin","floor":6.0,"turns":10.0},{"damage":24.0,"enemies":"Large Slime","floor":8.0,"turns":9.0},{"damage":18.0,"enemies":"3 Louse","floor":10.0,"turns":3.0},{"damage":24.0,"enemies":"Gremlin Nob","floor":11.0,"turns":4.0},{"damage":17.0,"enemies":"Blue Slaver","floor":12.0,"turns":9.0},{"damage":10.0,"enemies":"Red Slaver","floor":13.0,"turns":3.0},{"damage":72.0,"enemies":"The Guardian","floor":16.0,"turns":17.0},{"damage":18.0,"enemies":"2 Thieves","floor":18.0,"turns":3.0},{"damage":15.0,"enemies":"Chosen","floor":19.0,"turns":3.0},{"damage":24.0,"enemies":"Shelled Parasite and Fungi","floor":21.0,"turns":8.0},{"damage":19.0,"enemies":"Snake Plant","floor":24.0,"turns":3.0},{"damage":23.0,"enemies":"Slavers","floor":25.0,"turns":3.0},{"damage":47.0,"enemies":"Book of Stabbing","floor":27.0,"turns":7.0},{"damage":29,"enemies":"Gremlin Leader","floor":29,"turns":7},{"damage":53,"enemies":"Book of Stabbing","floor":31,"turns":5},{"damage":8,"enemies":"Automaton","floor":33,"turns":11},{"damage":23,"enemies":"3 Shapes","floor":35,"turns":3},{"damage":18,"enemies":"3 Darklings","floor":36,"turns":3},{"damage":26,"enemies":"4 Shapes","floor":38,"turns":4},{"damage":32,"enemies":"Spire Growth","floor":39,"turns":5},{"damage":11,"enemies":"Nemesis","floor":40,"turns":5},{"damage":53,"enemies":"Giant Head","floor":42,"turns":9},{"damage":5,"enemies":"3 Darklings","floor":45,"turns":3},{"damage":5,"enemies":"Mind Bloom Boss Battle","floor":46,"turns":4},{"damage":16,"enemies":"Awakened One","floor":50,"turns":11},{"damage":41,"enemies":"Donu and Deca","floor":51,"turns":9},{"damage":22,"enemies":"Shield and Spear","floor":55,"turns":9},{"damage":129,"enemies":"The Heart","floor":56,"turns":14}],"seed_played":"-4730784895967103150","potions_obtained":[{"floor":1.0,"key":"LiquidMemories"},{"floor":2.0,"key":"DistilledChaos"},{"floor":3.0,"key":"EntropicBrew"}],"is_trial":false,"path_per_floor":["M","M","M","M","$","E","R","M","T","M","E","M","M","$","R","B",null,"M","M","?","M","?","R","M","E","T","E","?","E","R","E","R","B",null,"M","M","?","M","M","E","R","E","T","R","M","?","$","?","R","B","B",null,"R","$","E","B",null],"character_chosen":"IRONCLAD","items_purchased":["Purity","Offering","Evolve"],"campfire_rested":4,"item_purchase_floors":[14,47,54],"current_hp_per_floor":[115,110,111,114,114,87,87,76,76,70,59,55,56,56,106,45,142,137,135,135,124,124,124,116,146,146,112,42,22,90,46,114,144,212,202,197,192,179,156,158,158,116,116,198,206,252,252,280,280,275,257,279,279,279,276,175],"gold":225,"neow_bonus":"RANDOM_COMMON_RELIC","is_daily":false,"chose_seed":false,"campfire_upgraded":3,"win_rate":0.0,"timestamp":1612090169,"path_taken":["M","M","M","M","$","E","R","M","T","M","E","M","M","$","R","BOSS","M","M","?","M","?","R","M","E","T","E","?","E","R","E","R","BOSS","M","M","?","M","M","E","R","E","T","R","M","?","$","?","R","BOSS","BOSS","R","$","E","BOSS"],"items_purchased_type":["Card","Card","Card"],"build_version":"2020-12-22","purchased_purges":3,"victory":true,"max_hp_per_floor":[117,123,129,133,133,137,137,144,144,150,157,164,169,169,169,174,174,181,188,188,195,195,195,200,207,207,214,219,222,224,227,227,234,234,241,248,252,259,262,269,269,274,274,274,277,280,280,280,280,281,286,286,286,286,293,294],"card_choices":[{"not_picked":["Combust","Body Slam"],"picked":"Uppercut","floor":1.0},{"not_picked":["Cleave","Havoc","Rupture"],"picked":"Singing Bowl","floor":2.0},{"not_picked":["Bloodletting","Sentinel","Thunderclap"],"picked":"Singing Bowl","floor":3.0},{"not_picked":["Iron Wave","Bloodletting"],"picked":"Armaments","floor":4.0},{"not_picked":["True Grit","Intimidate"],"picked":"Shockwave","floor":6.0},{"not_picked":["Warcry","Dark Embrace","Flex"],"picked":"Singing Bowl","floor":8.0},{"not_picked":["Rupture","Clash","Armaments"],"picked":"Singing Bowl","floor":10.0},{"not_picked":["Thunderclap","Flex","Clothesline"],"picked":"Singing Bowl","floor":11.0},{"not_picked":["Entrench","Clash","Heavy Blade"],"picked":"Singing Bowl","floor":12.0},{"not_picked":["Shrug It Off","Evolve"],"picked":"Immolate","floor":13.0},{"not_picked":["Shockwave","Iron Wave"],"picked":"Battle Trance","floor":15.0},{"not_picked":["Brutality","Bludgeon"],"picked":"Offering","floor":16.0},{"not_picked":["Pommel Strike","Sword Boomerang","Flex"],"picked":"Singing Bowl","floor":18.0},{"not_picked":["Blood for Blood","Pummel","Anger"],"picked":"Singing Bowl","floor":19.0},{"not_picked":["Thunderclap","Iron Wave","Pommel Strike"],"picked":"Singing Bowl","floor":21.0},{"not_picked":["Combust","Inflame"],"picked":"Fire Breathing","floor":24.0},{"not_picked":["Spot Weakness","Hemokinesis","Pommel Strike"],"picked":"Singing Bowl","floor":25.0},{"not_picked":["Wild Strike","Body Slam","Sword Boomerang"],"picked":"Singing Bowl","floor":27.0},{"not_picked":["Twin Strike","Cleave","Shockwave"],"picked":"Singing Bowl","floor":29},{"not_picked":["Warcry","Uppercut","Body Slam"],"picked":"Singing Bowl","floor":30},{"not_picked":["Twin Strike","Dark Embrace","Demon Form"],"picked":"Singing Bowl","floor":31},{"not_picked":["Disarm","Clothesline"],"picked":"Power Through","floor":32},{"not_picked":["Corruption","Impervious","Reaper"],"picked":"Singing Bowl","floor":33},{"not_picked":["Twin Strike","Metallicize","Body Slam"],"picked":"Singing Bowl","floor":35},{"not_picked":["Rampage","Perfected Strike","Twin Strike"],"picked":"Singing Bowl","floor":36},{"not_picked":["Magnetism","Thinking Ahead"],"picked":"Sadistic Nature","floor":37},{"not_picked":["Dramatic Entrance","Forethought","Good Instincts"],"picked":"Singing Bowl","floor":37},{"not_picked":["Magnetism","Trip","Mayhem"],"picked":"Singing Bowl","floor":37},{"not_picked":["Sword Boomerang","Uppercut+1","Flame Barrier+1"],"picked":"Singing Bowl","floor":38},{"not_picked":["Warcry+1","Headbutt","Twin Strike"],"picked":"Singing Bowl","floor":39},{"not_picked":["Sword Boomerang","Entrench","True Grit"],"picked":"Singing Bowl","floor":40},{"not_picked":["Dropkick","Battle Trance"],"picked":"Power Through+1","floor":42},{"not_picked":["Headbutt","Twin Strike"],"picked":"Feel No Pain","floor":44},{"not_picked":["Fire Breathing+1","Carnage","Clothesline"],"picked":"Singing Bowl","floor":45},{"not_picked":["Rage","Pommel Strike+1","Burning Pact+1"],"picked":"Singing Bowl","floor":46},{"not_picked":["Rupture","Havoc","Corruption"],"picked":"Singing Bowl","floor":55}],"player_experience":465357,"relics_obtained":[{"floor":6.0,"key":"Lizard Tail"},{"floor":9.0,"key":"Boot"},{"floor":11.0,"key":"Whetstone"},{"floor":25.0,"key":"Pantograph"},{"floor":26.0,"key":"War Paint"},{"floor":27.0,"key":"Ancient Tea Set"},{"floor":29,"key":"TungstenRod"},{"floor":31,"key":"Vajra"},{"floor":40,"key":"Peace Pipe"},{"floor":42,"key":"Magic Flower"},{"floor":46,"key":"Ginger"},{"floor":55,"key":"Orichalcum"}],"event_choices":[{"cards_removed":["Strike_R"],"damage_healed":0.0,"max_hp_gain":0.0,"max_hp_loss":0.0,"gold_gain":0.0,"event_name":"Beggar","player_choice":"Gave Gold","floor":20.0,"gold_loss":75.0,"damage_taken":0.0},{"damage_healed":0.0,"max_hp_gain":0.0,"max_hp_loss":0.0,"gold_gain":0.0,"event_name":"The Mausoleum","player_choice":"Ignored","floor":22.0,"gold_loss":0.0,"damage_taken":0.0},{"damage_healed":0,"gold_gain":0,"player_choice":"Shed Blood","damage_taken":75,"max_hp_gain":5,"max_hp_loss":0,"event_name":"Forgotten Altar","floor":28,"gold_loss":0},{"damage_healed":0,"gold_gain":0,"player_choice":"Memory 3","damage_taken":10,"max_hp_gain":0,"max_hp_loss":0,"event_name":"SensoryStone","floor":37,"gold_loss":0},{"damage_healed":0,"gold_gain":0,"player_choice":"Fight","damage_taken":0,"max_hp_gain":0,"max_hp_loss":0,"event_name":"MindBloom","floor":46,"gold_loss":0},{"damage_healed":56,"gold_gain":0,"player_choice":"Writhe","damage_taken":0,"max_hp_gain":0,"max_hp_loss":0,"event_name":"Winding Halls","floor":48,"gold_loss":0,"cards_obtained":["Writhe"]}],"is_beta":false,"boss_relics":[{"not_picked":["Philosopher\u0027s Stone","Black Star"],"picked":"Sozu"},{"not_picked":["Cursed Key","Tiny House"],"picked":"Mark of Pain"}],"items_purged_floors":[5,14,47],"is_endless":false,"potions_floor_spawned":[1,2,3,11,21,24,31,36,40,45,55],"ascension_level":20}}