{"host":"1u5b8mzv927aru3b","time":1612080930,"event":{"mods":["AchievementEnabler","BaseMod","Colored Map","Colored Powertips","Downfall","GifTheSpireLib","Googly Eyes","Minty Spire (QoL Compilation)","Quick Restart","Relic Sorter","StSLib","The IronCluck","Unceasing Turn Reminder"],"gold_per_floor":[99,112,124,124,143,159,185,203,203,203,203,216,216,216,233,233,233,233],"floor_reached":16,"language":"ENG","playtime":369,"items_purged":[],"score":118,"play_id":"55079ae8-04ae-411b-bc07-0fb8f1af2a07","local_time":"20210131121530","is_ascension_mode":true,"campfire_choices":[{"data":"Guardian:TwinSlam","floor":1,"key":"SMITH"},{"data":"Guardian:RefractedBeam","floor":13,"key":"SMITH"}],"circlet_count":0,"master_deck":["Guardian:Strike_Guardian","Guardian:Strike_Guardian","Guardian:Strike_Guardian","Guardian:Strike_Guardian","Guardian:Defend_Guardian","Guardian:Defend_Guardian","Guardian:Defend_Guardian","Guardian:Defend_Guardian","Guardian:CurlUp","Guardian:TwinSlam+1","Guardian:FloatingOrbs","Guardian:PolyBeam","Guardian:TwinSlam+1","Guardian:RefractedBeam","Parasite","Guardian:RefractedBeam+1","Guardian:Gem_White"],"relics":["Guardian:StasisSlotReductionRelic","Juzu Bracelet","Regal Pillow"],"acts_visited":["Exordium"],"potions_floor_usage":[16,16,16],"damage_taken":[{"damage":2,"enemies":"2 Louse","floor":2,"turns":3},{"damage":0,"enemies":"Cultist","floor":3,"turns":3},{"damage":10,"enemies":"Small Slimes","floor":5,"turns":3},{"damage":5,"enemies":"2 Fungi Beasts","floor":6,"turns":3},{"damage":9,"enemies":"Gremlin Gang","floor":8,"turns":5},{"damage":24,"enemies":"Large Slime","floor":12,"turns":6},{"damage":20,"enemies":"Exordium Thugs","floor":15,"turns":4},{"damage":32,"enemies":"SI_SHIV_ARCHETYPE","floor":16,"turns":7}],"seed_played":"1518431410549962983","potions_obtained":[{"floor":5,"key":"champ:CounterPotion"},{"floor":6,"key":"Dexterity Potion"},{"floor":11,"key":"BlessingOfTheForge"},{"floor":11,"key":"GamblersBrew"},{"floor":12,"key":"DistilledChaos"}],"is_trial":false,"path_per_floor":["R","M","M","?","M","M","T","M","?","?","?","M","R","?","M","B"],"character_chosen":"GUARDIAN","items_purchased":[],"campfire_rested":0,"item_purchase_floors":[],"current_hp_per_floor":[80,78,78,78,68,63,63,54,51,71,71,47,47,47,27,0,0,0],"gold":233,"neow_bonus":"BOSS_RELIC","is_daily":false,"chose_seed":false,"campfire_upgraded":2,"win_rate":0.0,"timestamp":1612080930,"path_taken":["R","M","M","?","?","M","T","M","?","?","?","M","R","?","M","BOSS"],"items_purchased_type":[],"build_version":"2020-12-22","purchased_purges":0,"victory":false,"max_hp_per_floor":[80,80,80,80,80,80,80,80,80,80,80,80,80,80,80,80,80,80],"card_choices":[{"not_picked":["Guardian:Gem_Green","Guardian:Gem_Purple"],"picked":"Guardian:FloatingOrbs","floor":2},{"not_picked":["Guardian:ShieldCharger","Guardian:Reroute"],"picked":"Guardian:PolyBeam","floor":3},{"not_picked":["Guardian:Emergency","Guardian:RollAttack"],"picked":"Guardian:Gem_Cyan","floor":5},{"not_picked":["Guardian:CrystalBeam","Guardian:GemFire"],"picked":"Guardian:RefractedBeam","floor":6},{"not_picked":["Guardian:Planning","Guardian:BronzeArmor"],"picked":"Guardian:Gem_Green","floor":8},{"not_picked":["Guardian:ShieldCharger","Guardian:PiercingHide"],"picked":"Guardian:RefractedBeam","floor":12},{"not_picked":["Guardian:Repulse","Guardian:Harden"],"picked":"Guardian:Gem_White","floor":15}],"player_experience":176503,"relics_obtained":[{"floor":7,"key":"Juzu Bracelet"}],"event_choices":[{"damage_healed":0,"gold_gain":0,"player_choice":"Success","damage_taken":3,"relics_obtained":["Regal Pillow"],"max_hp_gain":0,"max_hp_loss":0,"event_name":"Scrap Ooze","floor":9,"gold_loss":0},{"damage_healed":20,"gold_gain":0,"player_choice":"Healed and dodged fight","damage_taken":0,"max_hp_gain":0,"max_hp_loss":0,"event_name":"Mushrooms","floor":10,"gold_loss":0,"cards_obtained":["Parasite"]},{"damage_healed":0,"gold_gain":0,"player_choice":"Got Potions","damage_taken":0,"max_hp_gain":0,"max_hp_loss":0,"event_name":"Lab","floor":11,"gold_loss":0}],"is_beta":false,"boss_relics":[],"items_purged_floors":[],"is_endless":false,"potions_floor_spawned":[5,6,12],"killed_by":"SI_SHIV_ARCHETYPE","ascension_level":5}}