{"host":"7jl348xfsxr8glry","time":1612099168,"event":{"mods":["AchievementEnabler","BaseMod","Colored Map","Minty Spire (QoL Compilation)","Random Character Button","Unceasing Turn Reminder"],"gold_per_floor":[110,121,138,138,3,28,28,48,71,71,36,62,8,0,0,96,96,112,63,163,183,202,202,202,202],"floor_reached":24,"language":"ENG","playtime":914,"items_purged":[],"score":235,"play_id":"2184e2e1-5e1f-4c87-8c75-11e58c22235f","local_time":"20210201001928","is_ascension_mode":true,"campfire_choices":[{"floor":7,"key":"REST"},{"floor":10,"key":"REST"},{"floor":15,"key":"REST"},{"floor":23,"key":"REST"}],"circlet_count":0,"master_deck":["Strike_R","Strike_R","Strike_R","Strike_R","Strike_R","Defend_R","Defend_R","Defend_R","Defend_R","Bash","Seeing Red","Armaments","Wild Strike","Flex","Inflame","Sword Boomerang","Pommel Strike","Flex","Double Tap","Flex","Twin Strike","Pommel Strike","Twin Strike+1"],"relics":["Burning Blood","Omamori","Orichalcum","Lantern","Sundial","Black Star"],"acts_visited":["Exordium","TheCity"],"potions_floor_usage":[1,16,16,16,18,21,21,22],"damage_taken":[{"damage":4,"enemies":"Small Slimes","floor":1,"turns":3},{"damage":7,"enemies":"2 Louse","floor":2,"turns":4},{"damage":3,"enemies":"Jaw Worm","floor":3,"turns":4},{"damage":45,"enemies":"3 Sentries","floor":6,"turns":9},{"damage":5,"enemies":"2 Fungi Beasts","floor":8,"turns":3},{"damage":38,"enemies":"Lagavulin","floor":12,"turns":7},{"damage":17,"enemies":"Hexaghost","floor":16,"turns":9},{"damage":26,"enemies":"Spheric Guardian","floor":18,"turns":5},{"damage":11,"enemies":"Shell Parasite","floor":21,"turns":3},{"damage":25,"enemies":"Cultist and Chosen","floor":22,"turns":5},{"damage":64,"enemies":"Book of Stabbing","floor":24,"turns":5}],"seed_played":"8240952955160280577","potions_obtained":[{"floor":0,"key":"ElixirPotion"},{"floor":0,"key":"ElixirPotion"},{"floor":0,"key":"Fire Potion"},{"floor":3,"key":"Weak Potion"},{"floor":6,"key":"DuplicationPotion"},{"floor":12,"key":"HeartOfIron"},{"floor":18,"key":"EntropicBrew"}],"is_trial":false,"path_per_floor":["M","M","M","?","$","E","R","M","T","R","?","E","$","?","R","B",null,"M","$","?","M","M","R","E"],"character_chosen":"IRONCLAD","items_purchased":["Flex","Inflame","Flex","Twin Strike"],"campfire_rested":4,"item_purchase_floors":[5,5,13,19],"current_hp_per_floor":[80,79,80,55,55,16,40,41,41,65,80,48,48,48,72,61,80,60,60,60,55,36,60,0,0],"gold":202,"neow_bonus":"THREE_SMALL_POTIONS","is_daily":false,"chose_seed":false,"campfire_upgraded":0,"win_rate":0.0,"timestamp":1612099168,"path_taken":["M","M","M","?","$","E","R","M","T","R","?","E","?","?","R","BOSS","M","$","?","M","M","R","E"],"items_purchased_type":["Card","Card","Card","Card"],"build_version":"2020-12-22","purchased_purges":0,"victory":false,"max_hp_per_floor":[80,80,80,80,80,80,80,80,80,80,80,80,80,80,80,80,80,80,80,80,80,80,80,80,80],"card_choices":[{"not_picked":["Shockwave","Fire Breathing"],"picked":"Seeing Red","floor":1},{"not_picked":["Clothesline","Burning Pact"],"picked":"Armaments","floor":2},{"not_picked":["Clash","Havoc"],"picked":"Wild Strike","floor":3},{"not_picked":["Barricade","Dark Embrace"],"picked":"Sword Boomerang","floor":6},{"not_picked":["Havoc","Ghostly Armor"],"picked":"Pommel Strike","floor":8},{"not_picked":["Ghostly Armor","Wild Strike","Iron Wave"],"picked":"SKIP","floor":12},{"not_picked":["Fiend Fire","Impervious"],"picked":"Double Tap","floor":16},{"not_picked":["Headbutt","Iron Wave"],"picked":"Flex","floor":18},{"not_picked":["Body Slam","Thunderclap"],"picked":"Pommel Strike","floor":21},{"not_picked":["Headbutt+1","Wild Strike"],"picked":"Twin Strike+1","floor":22}],"player_experience":178822,"relics_obtained":[{"floor":6,"key":"Orichalcum"},{"floor":9,"key":"Lantern"},{"floor":12,"key":"Sundial"}],"event_choices":[{"damage_healed":0,"gold_gain":0,"player_choice":"Success","damage_taken":25,"relics_obtained":["Omamori"],"max_hp_gain":0,"max_hp_loss":0,"event_name":"Scrap Ooze","floor":4,"gold_loss":0},{"damage_healed":20,"gold_gain":0,"player_choice":"Healed","damage_taken":0,"max_hp_gain":0,"max_hp_loss":0,"event_name":"The Cleric","floor":11,"gold_loss":35},{"damage_healed":0,"gold_gain":0,"player_choice":"Left Gold","damage_taken":0,"max_hp_gain":0,"max_hp_loss":0,"event_name":"World of Goop","floor":14,"gold_loss":8},{"damage_healed":0,"gold_gain":100,"player_choice":"Pray","damage_taken":0,"max_hp_gain":0,"max_hp_loss":0,"event_name":"Golden Shrine","floor":20,"gold_loss":0}],"is_beta":false,"boss_relics":[{"not_picked":["Runic Dome","Busted Crown"],"picked":"Black Star"}],"items_purged_floors":[],"is_endless":false,"potions_floor_spawned":[3,6,8,12,18],"killed_by":"Book of Stabbing","ascension_level":3}}