{"host":"v2nniiiz7kpx7fwo","time":1612091827,"event":{"mods":["2.2 Compatiblity","AchievementEnabler","BaseMod","Colored Map","Colored Powertips","DeckTracker","Highlight Path","KOR Keyword Fix","Minty Spire (QoL Compilation)","Permanent Neow","Quick Restart","Rare Cards Sparkle","SuperFastMode"],"gold_per_floor":[118,43,62,62,62,62,89,89,170,183,43,73,73,92,92,195,195,209,209,209,209],"floor_reached":20,"language":"KOR","playtime":909,"items_purged":["Strike_R","Strike_R"],"score":288,"play_id":"eecc84b7-54cf-4769-bb59-fcbd8f03ba4b","local_time":"20210131201707","is_ascension_mode":true,"campfire_choices":[{"data":"Body Slam","floor":6,"key":"SMITH"},{"data":"Bash","floor":8,"key":"SMITH"},{"floor":13,"key":"REST"},{"floor":15,"key":"REST"}],"circlet_count":0,"master_deck":["AscendersBane","Strike_R+1","Defend_R+1","Defend_R","Bash+1","Shrug It Off","Burning Pact","Body Slam+1","Dropkick","Dual Wield","Evolve","Fiend Fire","Thunderclap","Limit Break","Warcry+1","Second Wind+1","Iron Wave","Second Wind"],"relics":["Burning Blood","PreservedInsect","Bottled Flame","Bag of Marbles","Astrolabe"],"acts_visited":["Exordium","TheCity"],"potions_floor_usage":[7,7,12],"damage_taken":[{"damage":9,"enemies":"Small Slimes","floor":1,"turns":4},{"damage":14,"enemies":"Jaw Worm","floor":3,"turns":5},{"damage":18,"enemies":"Gremlin Nob","floor":7,"turns":4},{"damage":1,"enemies":"2 Louse","floor":10,"turns":2},{"damage":25,"enemies":"3 Sentries","floor":12,"turns":6},{"damage":6,"enemies":"Looter","floor":14,"turns":2},{"damage":75,"enemies":"The Guardian","floor":16,"turns":17},{"damage":41,"enemies":"3 Byrds","floor":18,"turns":8}],"seed_played":"-784600926369849083","potions_obtained":[{"floor":1,"key":"Fruit Juice"},{"floor":3,"key":"Fire Potion"},{"floor":7,"key":"CultistPotion"}],"is_trial":false,"path_per_floor":["M","$","M","?","?","R","E","R","T","M","$","E","R","M","R","B",null,"M","?","$"],"character_chosen":"IRONCLAD","items_purchased":["Evolve"],"campfire_rested":2,"item_purchase_floors":[11],"current_hp_per_floor":[69,69,61,66,49,49,42,42,42,47,47,28,55,55,82,13,71,36,36,36,36],"gold":209,"neow_bonus":"THREE_CARDS","is_daily":false,"chose_seed":false,"campfire_upgraded":2,"win_rate":0.0,"timestamp":1612091827,"path_taken":["M","$","M","?","?","R","E","R","T","M","$","E","R","M","R","BOSS","M","?","$"],"items_purchased_type":["Card"],"build_version":"2020-12-22","purchased_purges":2,"victory":false,"max_hp_per_floor":[80,80,80,85,85,85,90,90,90,90,90,90,90,90,90,90,90,90,90,90,90],"card_choices":[{"not_picked":["True Grit","Armaments"],"picked":"Shrug It Off","floor":0},{"not_picked":["Intimidate","Entrench"],"picked":"Burning Pact","floor":1},{"not_picked":["Battle Trance","Shrug It Off"],"picked":"Body Slam","floor":3},{"not_picked":["Power Through","Heavy Blade"],"picked":"Dropkick","floor":7},{"not_picked":["Shrug It Off","Sword Boomerang"],"picked":"Dual Wield","floor":10},{"not_picked":["Clothesline","Warcry"],"picked":"Fiend Fire","floor":12},{"not_picked":["Carnage","Iron Wave"],"picked":"Thunderclap","floor":14},{"not_picked":["Berserk","Reaper"],"picked":"Limit Break","floor":16},{"not_picked":["Twin Strike","Shockwave","Intimidate+1"],"picked":"SKIP","floor":18}],"player_experience":469661,"relics_obtained":[{"floor":7,"key":"PreservedInsect"},{"floor":9,"key":"Bottled Flame"},{"floor":12,"key":"Bag of Marbles"}],"event_choices":[{"damage_healed":0,"gold_gain":0,"player_choice":"Donut","damage_taken":0,"max_hp_gain":5,"max_hp_loss":0,"event_name":"Big Fish","floor":4,"gold_loss":0},{"damage_healed":0,"gold_gain":0,"player_choice":"Entered Light","damage_taken":17,"max_hp_gain":0,"max_hp_loss":0,"event_name":"Shining Light","floor":5,"gold_loss":0,"cards_upgraded":["Defend_R","Strike_R"]},{"damage_healed":0,"gold_gain":0,"cards_transformed":["Heavy Blade","Defend_R"],"player_choice":"Became Test Subject","damage_taken":0,"max_hp_gain":0,"max_hp_loss":0,"event_name":"Drug Dealer","floor":19,"gold_loss":0,"cards_obtained":["Iron Wave","Second Wind"]}],"is_beta":false,"boss_relics":[{"not_picked":["Runic Dome","Mark of Pain"],"picked":"Astrolabe"}],"items_purged_floors":[2,11],"is_endless":false,"potions_floor_spawned":[1,3,7],"ascension_level":12}}