{"host":"9n6i2vl93jt4o42q","time":1612118351,"event":{"mods":["BaseMod","Minty Spire (QoL Compilation)","Relic Stats"],"gold_per_floor":[111,123,123,123,147,147,183,196,196,196,221,221,221,239,239,337,337,362,387,387,402,402,402,402,402],"floor_reached":24,"language":"ENG","playtime":2653,"items_purged":[],"score":396,"play_id":"a819fa21-e3c8-404b-87fb-18ce23d25a22","local_time":"20210131193911","is_ascension_mode":true,"campfire_choices":[{"data":"Bouncing Flask","floor":6,"key":"SMITH"},{"data":"Neutralize","floor":10,"key":"SMITH"},{"data":"Caltrops","floor":12,"key":"SMITH"},{"floor":15,"key":"REST"},{"floor":23,"key":"REST"}],"circlet_count":0,"master_deck":["AscendersBane","Strike_G+1","Strike_G+1","Strike_G+1","Strike_G+1","Strike_G+1","Defend_G+1","Defend_G+1","Defend_G+1","Defend_G+1","Survivor","Neutralize+1","Dagger Spray","Deflect","Bouncing Flask+1","Backflip","Slice","Escape Plan","Caltrops+1","Venomology","Tools of the Trade","Backflip+1","Concentrate","Ghostly","Ghostly","Ghostly","Outmaneuver"],"relics":["Ring of the Snake","Golden Idol","Juzu Bracelet","Bottled Lightning","Shovel","Runic Pyramid"],"acts_visited":["Exordium","TheCity"],"potions_floor_usage":[16,16,16,18,18,19,24,24],"damage_taken":[{"damage":3,"enemies":"Jaw Worm","floor":1,"turns":4},{"damage":1,"enemies":"2 Louse","floor":2,"turns":3},{"damage":1,"enemies":"Small Slimes","floor":5,"turns":4},{"damage":9,"enemies":"Lagavulin","floor":7,"turns":7},{"damage":7,"enemies":"2 Fungi Beasts","floor":8,"turns":3},{"damage":7,"enemies":"Red Slaver","floor":11,"turns":4},{"damage":0,"enemies":"Large Slime","floor":14,"turns":5},{"damage":28,"enemies":"The Guardian","floor":16,"turns":10},{"damage":13,"enemies":"Shell Parasite","floor":18,"turns":5},{"damage":13,"enemies":"Chosen","floor":19,"turns":5},{"damage":23,"enemies":"Snecko","floor":21,"turns":7},{"damage":17,"enemies":"Gremlin Leader","floor":24,"turns":2}],"seed_played":"-8189629361816282250","potions_obtained":[{"floor":5,"key":"EntropicBrew"},{"floor":7,"key":"Weak Potion"},{"floor":21,"key":"Explosive Potion"}],"is_trial":false,"path_per_floor":["M","M","?","?","M","R","E","M","T","R","M","R","?","M","R","B",null,"M","M","?","M","?","R","E"],"character_chosen":"THE_SILENT","items_purchased":[],"campfire_rested":2,"item_purchase_floors":[],"current_hp_per_floor":[56,55,60,60,59,59,50,43,43,43,36,36,10,10,29,16,52,39,26,26,3,3,12,0,0],"gold":402,"neow_bonus":"TRANSFORM_CARD","is_daily":false,"chose_seed":false,"campfire_upgraded":3,"win_rate":0.0,"timestamp":1612118351,"path_taken":["M","M","?","?","M","R","E","M","T","R","M","R","?","M","R","BOSS","M","M","?","M","?","R","E"],"items_purchased_type":[],"build_version":"2020-12-22","purchased_purges":0,"victory":false,"max_hp_per_floor":[66,66,71,64,64,64,64,64,64,64,64,64,64,64,64,64,64,64,64,32,32,32,32,32,32],"relic_stats":{"Shovel":0,"counters":[12,59],"Golden Idol":57,"Juzu Bracelet":0,"obtain_stats":[{"Shovel":13,"Golden Idol":4,"Juzu Bracelet":7,"Bottled Lightning":9,"Ring of the Snake":0,"Runic Pyramid":17},{"Shovel":6,"Golden Idol":2,"Juzu Bracelet":4,"Bottled Lightning":5,"Ring of the Snake":0,"Runic Pyramid":8},{"Shovel":25,"Golden Idol":7,"Juzu Bracelet":18,"Bottled Lightning":21,"Ring of the Snake":0,"Runic Pyramid":40}],"Ring of the Snake":[24]},"card_choices":[{"not_picked":["Prepared","Flechettes"],"picked":"Deflect","floor":1},{"not_picked":["Acrobatics","Quick Slash"],"picked":"Bouncing Flask","floor":2},{"not_picked":["Infinite Blades","Flechettes"],"picked":"Backflip","floor":5},{"not_picked":["Underhanded Strike","Deflect"],"picked":"Slice","floor":7},{"not_picked":["Dash","Concentrate"],"picked":"Escape Plan","floor":8},{"not_picked":["Acrobatics","Accuracy"],"picked":"Caltrops","floor":11},{"not_picked":["Dodge and Roll","Backstab"],"picked":"Venomology","floor":14},{"not_picked":["Phantasmal Killer","Wraith Form v2"],"picked":"Tools of the Trade","floor":16},{"not_picked":["Flying Knee","Caltrops"],"picked":"Backflip+1","floor":18},{"not_picked":["Calculated Gamble","Dagger Throw+1"],"picked":"Concentrate","floor":19},{"not_picked":["Prepared","Reflex"],"picked":"Outmaneuver","floor":21}],"player_experience":2361744,"relics_obtained":[{"floor":7,"key":"Juzu Bracelet"},{"floor":9,"key":"Bottled Lightning"}],"event_choices":[{"damage_healed":0,"gold_gain":0,"player_choice":"Donut","damage_taken":0,"max_hp_gain":5,"max_hp_loss":0,"event_name":"Big Fish","floor":3,"gold_loss":0},{"damage_healed":0,"gold_gain":0,"player_choice":"Lose Max HP","damage_taken":0,"relics_obtained":["Golden Idol"],"max_hp_gain":0,"max_hp_loss":7,"event_name":"Golden Idol","floor":4,"gold_loss":0},{"damage_healed":0,"gold_gain":0,"player_choice":"Success","damage_taken":26,"relics_obtained":["Shovel"],"max_hp_gain":0,"max_hp_loss":0,"event_name":"Scrap Ooze","floor":13,"gold_loss":0},{"damage_healed":0,"gold_gain":0,"player_choice":"Became a Ghost","damage_taken":0,"max_hp_gain":0,"max_hp_loss":32,"event_name":"Ghosts","floor":20,"gold_loss":0,"cards_obtained":["Ghostly","Ghostly","Ghostly"]},{"damage_healed":0,"gold_gain":0,"player_choice":"Simplicity","damage_taken":0,"max_hp_gain":0,"max_hp_loss":0,"event_name":"Back to Basics","floor":22,"gold_loss":0,"cards_upgraded":["Strike_G","Strike_G","Strike_G","Strike_G","Strike_G","Defend_G","Defend_G","Defend_G","Defend_G"]}],"is_beta":false,"boss_relics":[{"not_picked":["Calling Bell","Ectoplasm"],"picked":"Runic Pyramid"}],"items_purged_floors":[],"is_endless":false,"potions_floor_spawned":[5,7,14,16,21],"killed_by":"Gremlin Leader","ascension_level":20}}