{"host":"zfh44j5h77tkupss","time":1612136206,"event":{"mods":["AchievementEnabler","BaseMod","Bestiary","Better Skull","Better Third Choice","Better Vampires","Colored Map","Colored Powertips","Highlight Path","Minty Spire (QoL Compilation)","Permanent Neow","Quick Restart","Rare Cards Sparkle","Relic Stats","StSLib"],"gold_per_floor":[119,138,63,138,88,88,118,138,211,111,111,125,157,32,32,129,129,142,142,162,12,12,37,47,57,107,107,107],"floor_reached":27,"language":"ENG","playtime":1059,"items_purged":["Strike_G","Defend_G","Strike_G","Defend_G"],"score":372,"play_id":"122224f2-8948-45c4-a59e-d1a1ff6f19d6","local_time":"20210201003646","is_ascension_mode":true,"campfire_choices":[{"floor":6.0,"key":"REST"},{"floor":11.0,"key":"REST"},{"data":"Dash","floor":15.0,"key":"SMITH"}],"circlet_count":0,"master_deck":["Strike_G","Defend_G","Survivor","Neutralize","Noxious Fumes+1","Storm of Steel+1","Finisher+1","Bane","Blur","Escape Plan","Dash+1","Phantasmal Killer","Cloak And Dagger+1","Quick Slash"],"relics":["Astrolabe","Regal Pillow","Pantograph","Oddly Smooth Stone","Philosopher\u0027s Stone","Bag of Marbles","Nunchaku"],"acts_visited":["Exordium","TheCity"],"potions_floor_usage":[],"damage_taken":[{"damage":7.0,"enemies":"Jaw Worm","floor":1.0,"turns":4.0},{"damage":10.0,"enemies":"2 Louse","floor":2.0,"turns":3.0},{"damage":26.0,"enemies":"Gremlin Nob","floor":7.0,"turns":5.0},{"damage":6.0,"enemies":"Small Slimes","floor":8.0,"turns":3.0},{"damage":9.0,"enemies":"Blue Slaver","floor":12.0,"turns":4.0},{"damage":0.0,"enemies":"Lagavulin","floor":13.0,"turns":1.0},{"damage":35.0,"enemies":"The Guardian","floor":16.0,"turns":9.0},{"damage":3.0,"enemies":"Spheric Guardian","floor":18.0,"turns":4.0},{"damage":15.0,"enemies":"3 Byrds","floor":20.0,"turns":5.0},{"damage":47.0,"enemies":"Book of Stabbing","floor":23.0,"turns":5.0},{"damage":5.0,"enemies":"Centurion and Healer","floor":24.0,"turns":4.0},{"damage":16.0,"enemies":"Snake Plant","floor":25.0,"turns":4.0},{"damage":9,"enemies":"Shelled Parasite and Fungi","floor":27,"turns":2}],"seed_played":"-609863951438923011","potions_obtained":[{"floor":1.0,"key":"SteroidPotion"},{"floor":7.0,"key":"DuplicationPotion"},{"floor":12.0,"key":"ColorlessPotion"},{"floor":18.0,"key":"FearPotion"},{"floor":20.0,"key":"Strength Potion"}],"is_trial":false,"path_per_floor":["M","M","$","?","?","R","E","M","T","$","R","M","E","$","R","B",null,"M","?","M","$","?","E","M","M","T","M"],"character_chosen":"THE_SILENT","items_purchased":[],"campfire_rested":2,"item_purchase_floors":[],"current_hp_per_floor":[56,46,46,35,35,56,30,24,24,24,60,51,51,51,51,35,61,58,58,43,43,70,23,18,2,2,0,0],"gold":107,"neow_bonus":"BOSS_RELIC","is_daily":false,"chose_seed":false,"campfire_upgraded":1,"win_rate":0.0,"timestamp":1612136206,"path_taken":["M","M","$","?","?","R","E","M","T","$","R","M","E","$","R","BOSS","M","?","M","$","?","E","M","M","T","M"],"items_purchased_type":[],"build_version":"2020-12-22","purchased_purges":4,"victory":false,"max_hp_per_floor":[70,70,70,70,70,70,70,70,70,70,70,70,70,70,70,70,70,70,70,70,70,70,70,70,70,70,70,70],"relic_stats":{"Regal Pillow":15,"Nunchaku":[0],"counters":[13,53],"Astrolabe":["Noxious Fumes","Storm of Steel","Finisher"],"Pantograph":19,"obtain_stats":[{"Regal Pillow":7,"Nunchaku":26,"Astrolabe":0,"Pantograph":9,"Oddly Smooth Stone":13,"Philosopher\u0027s Stone":17,"Bag of Marbles":23,"Ring of the Snake":0},{"Regal Pillow":3,"Nunchaku":12,"Astrolabe":0,"Pantograph":4,"Oddly Smooth Stone":6,"Philosopher\u0027s Stone":7,"Bag of Marbles":10,"Ring of the Snake":0},{"Regal Pillow":12,"Nunchaku":51,"Astrolabe":0,"Pantograph":15,"Oddly Smooth Stone":20,"Philosopher\u0027s Stone":29,"Bag of Marbles":43,"Ring of the Snake":0}]},"card_choices":[{"not_picked":["All Out Attack","Poisoned Stab"],"picked":"Bane","floor":1.0},{"not_picked":["Backflip","Sucker Punch","Footwork"],"picked":"SKIP","floor":2.0},{"not_picked":["Eviscerate","Grand Finale"],"picked":"Blur","floor":7.0},{"not_picked":["Cloak And Dagger","Flying Knee"],"picked":"Escape Plan","floor":8.0},{"not_picked":["Blade Dance","Dodge and Roll"],"picked":"Dash","floor":12.0},{"not_picked":["PiercingWail","Leg Sweep","Deflect"],"picked":"SKIP","floor":13.0},{"not_picked":["Envenom","After Image"],"picked":"Phantasmal Killer","floor":16.0},{"not_picked":["Dagger Spray","Deflect","Sucker Punch"],"picked":"SKIP","floor":18.0},{"not_picked":["Cloak And Dagger","Deflect","Riddle With Holes"],"picked":"SKIP","floor":20.0},{"not_picked":["Slice","Well Laid Plans","Sucker Punch"],"picked":"SKIP","floor":23.0},{"not_picked":["PiercingWail","Outmaneuver"],"picked":"Cloak And Dagger+1","floor":24.0},{"not_picked":["Endless Agony","Underhanded Strike"],"picked":"Quick Slash","floor":25.0}],"player_experience":335213,"relics_obtained":[{"floor":7.0,"key":"Regal Pillow"},{"floor":9.0,"key":"Pantograph"},{"floor":13.0,"key":"Oddly Smooth Stone"},{"floor":23.0,"key":"Bag of Marbles"},{"floor":26.0,"key":"Nunchaku"}],"event_choices":[{"damage_healed":0.0,"max_hp_gain":0.0,"max_hp_loss":0.0,"gold_gain":75.0,"event_name":"betterThird:BetterGoop","player_choice":"Gold","floor":4.0,"gold_loss":0.0,"damage_taken":11.0},{"cards_removed":["Defend_G"],"damage_healed":0.0,"max_hp_gain":0.0,"max_hp_loss":0.0,"gold_gain":0.0,"event_name":"The Cleric","player_choice":"Card Removal","floor":5.0,"gold_loss":50.0,"damage_taken":0.0},{"damage_healed":0.0,"max_hp_gain":0.0,"max_hp_loss":0.0,"gold_gain":0.0,"event_name":"Ghosts","player_choice":"Ignored","floor":19.0,"gold_loss":0.0,"damage_taken":0.0},{"damage_healed":27.0,"max_hp_gain":0.0,"max_hp_loss":0.0,"gold_gain":0.0,"event_name":"Wheel of Change","player_choice":"Full Heal","floor":22.0,"gold_loss":0.0,"damage_taken":0.0}],"is_beta":false,"boss_relics":[{"not_picked":["HoveringKite","Coffee Dripper"],"picked":"Philosopher\u0027s Stone"}],"items_purged_floors":[3,10,14,21],"is_endless":false,"potions_floor_spawned":[1,7,12,18,20],"killed_by":"Shelled Parasite and Fungi","ascension_level":8}}