{"host":"h0xw20cia6ppa69g","time":1612084818,"event":{"mods":["AchievementEnabler","BaseMod","Colored Map","Filter the Spire","Googly Eyes","Minty Spire (QoL Compilation)","Relic Stats","StSLib","The Awakened One except there are too many feathers","everything is the same but u backflip on backflip"],"gold_per_floor":[18,18,33,33,33,33,9,44,115,141,141,170,200,218,218,315,315,333,333,33,33,45,71,88,113,113,148,182,52,78,89,89,187,187,207,207,221,275,275,310,310,335,388,388,421,643,643,693,693,693,693,693,74,103,103],"floor_reached":56,"language":"ENG","playtime":4411,"items_purged":[],"score":1720,"play_id":"e177aa70-cb22-4071-9b6c-a1f89c9623de","local_time":"20210131032018","is_ascension_mode":true,"campfire_choices":[{"data":"Metamorphosis","floor":6,"key":"SMITH"},{"data":"Flame Barrier","floor":15,"key":"SMITH"},{"data":"Evolve","floor":32,"key":"SMITH"},{"floor":41,"key":"RECALL"},{"data":"Feed","floor":47,"key":"SMITH"},{"data":"Barricade","floor":49,"key":"SMITH"},{"data":"Reaper","floor":52,"key":"SMITH"}],"circlet_count":0,"master_deck":["Bash","Metamorphosis+1","Inflame","Dual Wield+1","Armaments+1","Flame Barrier+1","Offering","Armaments+1","True Grit+1","Limit Break+1","Battle Trance+1","Carnage","Shockwave+1","Warcry+1","Dual Wield+1","Barricade+1","Fiend Fire","Sentinel+1","Disarm+1","Reaper+1","Shockwave+1","Disarm+1","Sentinel+1","Feed+1","Feel No Pain+1","Burning Pact+1","Entrench+1","Shrug It Off+1","True Grit+1","Spot Weakness+1","Evolve+1","Impervious+1","Entrench+1","Second Wind+1","Purity+1","Deep Breath+1","Armaments+1","Metallicize","True Grit+1","Brutality"],"relics":["Burning Blood","InkBottle","WingedGreaves","Letter Opener","Centennial Puzzle","Toxic Egg 2","Sundial","Pandora\u0027s Box","OrangePellets","Pear","Juzu Bracelet","The Courier","Tiny Chest","Red Mask","War Paint","Coffee Dripper","FossilizedHelix","Ornamental Fan","Question Card","Bag of Preparation","Mango","Gambling Chip","Dead Branch","CaptainsWheel","Pantograph"],"acts_visited":["Exordium","TheCity","TheBeyond","TheEnding"],"potions_floor_usage":[12,25,55],"damage_taken":[{"damage":0,"enemies":"Cultist","floor":1,"turns":3},{"damage":1,"enemies":"Jaw Worm","floor":3,"turns":3},{"damage":18,"enemies":"Gremlin Nob","floor":8,"turns":4},{"damage":20,"enemies":"Lagavulin","floor":10,"turns":5},{"damage":6,"enemies":"3 Sentries","floor":12,"turns":4},{"damage":19,"enemies":"Lagavulin","floor":13,"turns":7},{"damage":2,"enemies":"Small Slimes","floor":14,"turns":5},{"damage":12,"enemies":"The Guardian","floor":16,"turns":8},{"damage":6,"enemies":"Spheric Guardian","floor":18,"turns":1},{"damage":0,"enemies":"Chosen","floor":22,"turns":4},{"damage":16,"enemies":"Book of Stabbing","floor":23,"turns":5},{"damage":42,"enemies":"Sentry and Sphere","floor":24,"turns":8},{"damage":53,"enemies":"Slavers","floor":25,"turns":8},{"damage":22,"enemies":"Gremlin Leader","floor":27,"turns":6},{"damage":17,"enemies":"Masked Bandits","floor":28,"turns":3},{"damage":21,"enemies":"Book of Stabbing","floor":30,"turns":19},{"damage":8,"enemies":"Centurion and Healer","floor":31,"turns":14},{"damage":56,"enemies":"Automaton","floor":33,"turns":15},{"damage":6,"enemies":"3 Shapes","floor":35,"turns":9},{"damage":6,"enemies":"3 Darklings","floor":37,"turns":11},{"damage":18,"enemies":"2 Orb Walkers","floor":38,"turns":5},{"damage":0,"enemies":"Giant Head","floor":40,"turns":12},{"damage":43,"enemies":"Reptomancer","floor":42,"turns":17},{"damage":0,"enemies":"Giant Head","floor":45,"turns":17},{"damage":0,"enemies":"Mind Bloom Boss Battle","floor":48,"turns":14},{"damage":0,"enemies":"Time Eater","floor":50,"turns":14},{"damage":0,"enemies":"Shield and Spear","floor":54,"turns":6},{"damage":3,"enemies":"The Heart","floor":55,"turns":17}],"seed_played":"5968132600653888367","potions_obtained":[{"floor":3,"key":"EssenceOfSteel"},{"floor":10,"key":"Dexterity Potion"},{"floor":14,"key":"Strength Potion"},{"floor":22,"key":"BloodPotion"},{"floor":27,"key":"ElixirPotion"},{"floor":35,"key":"LiquidMemories"}],"is_trial":false,"path_per_floor":["M","$","M","?","T","R","$","E","T","E","?","E","E","M","R","B",null,"M","?","$","$","M","E","M","E","T","E","?","$","E","M","R","B",null,"M","?","M","?","T","E","R","E","T","?","E","?","R","?","R","B",null,"R","$","E","B",null],"character_chosen":"IRONCLAD","items_purchased":["Armaments","OrangePellets","Disarm+1","Reaper","Entrench+1","Shrug It Off+1","True Grit+1","Dead Branch","Metallicize","CaptainsWheel","True Grit+1","BloodPotion"],"campfire_rested":0,"item_purchase_floors":[7,20,20,20,29,29,29,53,53,53,53,53],"current_hp_per_floor":[80,80,80,80,80,80,80,68,68,54,47,47,34,38,38,32,80,80,80,80,80,80,80,57,40,40,69,58,58,87,105,105,109,109,121,115,119,119,119,123,123,127,127,117,145,145,145,149,149,153,153,153,153,161,161],"gold":103,"neow_bonus":"RANDOM_COLORLESS_2","is_daily":false,"chose_seed":false,"campfire_upgraded":6,"win_rate":0.0,"timestamp":1612084818,"path_taken":["M","?","M","?","?","R","?","E","T","E","?","E","E","?","R","BOSS","M","?","?","$","?","E","M","E","T","E","?","$","E","M","R","BOSS","M","?","M","?","?","E","R","E","T","?","E","?","R","?","R","BOSS","R","$","E","BOSS"],"items_purchased_type":["Card","Relic","Card","Card","Card","Card","Card","Relic","Card","Relic","Card","Potion"],"build_version":"2020-12-22","purchased_purges":0,"victory":true,"max_hp_per_floor":[80,80,80,80,80,80,80,80,80,80,80,80,80,80,80,80,80,80,80,80,80,80,90,90,90,90,94,94,94,97,105,105,109,109,121,115,119,119,119,123,123,127,127,127,145,145,145,149,149,153,153,153,153,161,161],"relic_stats":{"counters":[28,244],"Dead Branch":[59],"Juzu Bracelet":2,"Bag of Preparation":[10],"Letter Opener":[805],"War Paint":["Dual Wield","Armaments"],"Question Card":6,"Burning Blood":106,"OrangePellets":[11],"Centennial Puzzle":[51],"Sundial":[40],"Ornamental Fan":[20],"Gambling Chip":[8],"Pantograph":0,"Pandora\u0027s Box":["Battle Trance","Carnage","Shockwave","Dropkick","Warcry","Dual Wield","Barricade","Fiend Fire"],"Tiny Chest":1,"obtain_stats":[{"Mango":45,"Juzu Bracelet":25,"Bag of Preparation":43,"Burning Blood":0,"Centennial Puzzle":10,"Sundial":13,"Gambling Chip":48,"Pantograph":54,"Tiny Chest":27,"WingedGreaves":8,"Red Mask":28,"Toxic Egg 2":12,"InkBottle":5,"Pear":23,"Dead Branch":53,"The Courier":26,"Letter Opener":9,"War Paint":30,"Question Card":42,"OrangePellets":20,"CaptainsWheel":53,"Ornamental Fan":40,"Pandora\u0027s Box":17,"Coffee Dripper":34,"FossilizedHelix":38},{"Mango":24,"Juzu Bracelet":13,"Bag of Preparation":23,"Burning Blood":0,"Centennial Puzzle":4,"Sundial":6,"Gambling Chip":25,"Pantograph":27,"Tiny Chest":14,"WingedGreaves":3,"Red Mask":15,"Toxic Egg 2":5,"InkBottle":2,"Pear":11,"Dead Branch":26,"The Courier":13,"Letter Opener":3,"War Paint":16,"Question Card":23,"OrangePellets":9,"CaptainsWheel":26,"Ornamental Fan":22,"Pandora\u0027s Box":8,"Coffee Dripper":18,"FossilizedHelix":21},{"Mango":193,"Juzu Bracelet":65,"Bag of Preparation":176,"Burning Blood":0,"Centennial Puzzle":15,"Sundial":26,"Gambling Chip":207,"Pantograph":227,"Tiny Chest":71,"WingedGreaves":10,"Red Mask":74,"Toxic Egg 2":19,"InkBottle":6,"Pear":49,"Dead Branch":221,"The Courier":65,"Letter Opener":10,"War Paint":93,"Question Card":176,"OrangePellets":40,"CaptainsWheel":221,"Ornamental Fan":159,"Pandora\u0027s Box":39,"Coffee Dripper":122,"FossilizedHelix":147}],"InkBottle":[64]},"card_choices":[{"not_picked":["Secret Weapon","Thinking Ahead"],"picked":"Metamorphosis","floor":0},{"not_picked":["Reckless Charge","Headbutt"],"picked":"Inflame","floor":1},{"not_picked":["Twin Strike","Combust"],"picked":"Dual Wield","floor":3},{"not_picked":["Body Slam","Thunderclap"],"picked":"Flame Barrier","floor":8},{"not_picked":["Havoc","Clothesline"],"picked":"Offering","floor":10},{"not_picked":["Metallicize","Bludgeon"],"picked":"Armaments+1","floor":12},{"not_picked":["Clothesline","Inflame"],"picked":"True Grit+1","floor":13},{"not_picked":["Armaments+1","Iron Wave","Wild Strike"],"picked":"SKIP","floor":14},{"not_picked":["Immolate","Double Tap+1"],"picked":"Limit Break+1","floor":16},{"not_picked":["Havoc+1","Wild Strike+1"],"picked":"Sentinel+1","floor":18},{"not_picked":["Headbutt","Wild Strike+1"],"picked":"Shockwave+1","floor":22},{"not_picked":["Dark Embrace","Sword Boomerang"],"picked":"Disarm+1","floor":23},{"not_picked":["Havoc+1","Cleave"],"picked":"Sentinel+1","floor":24},{"not_picked":["Wild Strike","Rampage"],"picked":"Feed","floor":25},{"not_picked":["Battle Trance+1","Power Through+1"],"picked":"Feel No Pain+1","floor":27},{"not_picked":["Cleave","Perfected Strike+1"],"picked":"Burning Pact+1","floor":28},{"not_picked":["Body Slam","Sword Boomerang"],"picked":"Spot Weakness+1","floor":30},{"not_picked":["Thunderclap","Carnage"],"picked":"Evolve","floor":31},{"not_picked":["Berserk","Offering+1"],"picked":"Impervious+1","floor":33},{"not_picked":["Havoc+1","Body Slam","Cleave+1"],"picked":"SKIP","floor":35},{"not_picked":["Reckless Charge+1","Sword Boomerang+1","Perfected Strike"],"picked":"SKIP","floor":37},{"not_picked":["Dual Wield+1","Cleave+1"],"picked":"Entrench+1","floor":40},{"not_picked":["Armaments+1","Sword Boomerang+1"],"picked":"Second Wind+1","floor":42},{"not_picked":["Magnetism","Dramatic Entrance","Mind Blast"],"picked":"Purity+1","floor":44},{"not_picked":["The Bomb+1","Enlightenment+1","Blind+1"],"picked":"Deep Breath+1","floor":44},{"not_picked":["Fire Breathing+1","Juggernaut","Searing Blow","Thunderclap+1"],"picked":"SKIP","floor":45},{"not_picked":["Fire Breathing+1","Juggernaut","Searing Blow","Thunderclap+1"],"picked":"SKIP","floor":45},{"not_picked":["Cleave+1","Iron Wave+1","Sword Boomerang+1"],"picked":"Armaments+1","floor":48},{"not_picked":["Juggernaut","Rage+1","Armaments+1"],"picked":"Brutality","floor":54}],"player_experience":3798012,"relics_obtained":[{"floor":5,"key":"InkBottle"},{"floor":8,"key":"WingedGreaves"},{"floor":9,"key":"Letter Opener"},{"floor":10,"key":"Centennial Puzzle"},{"floor":12,"key":"Toxic Egg 2"},{"floor":13,"key":"Sundial"},{"floor":23,"key":"Pear"},{"floor":25,"key":"Juzu Bracelet"},{"floor":26,"key":"The Courier"},{"floor":27,"key":"Tiny Chest"},{"floor":28,"key":"Red Mask"},{"floor":30,"key":"War Paint"},{"floor":38,"key":"FossilizedHelix"},{"floor":40,"key":"Ornamental Fan"},{"floor":42,"key":"Question Card"},{"floor":43,"key":"Bag of Preparation"},{"floor":45,"key":"Mango"},{"floor":48,"key":"Gambling Chip"},{"floor":54,"key":"Pantograph"}],"event_choices":[{"damage_healed":0,"gold_gain":0,"player_choice":"Ignored","damage_taken":0,"max_hp_gain":0,"max_hp_loss":0,"event_name":"Liars Game","floor":4,"gold_loss":0},{"cards_removed":["Strike_R"],"damage_healed":0,"gold_gain":0,"player_choice":"Card Removal","damage_taken":7,"max_hp_gain":0,"max_hp_loss":0,"event_name":"Golden Wing","floor":11,"gold_loss":0},{"cards_removed":["Dropkick"],"damage_healed":0,"gold_gain":0,"player_choice":"Purged","damage_taken":0,"max_hp_gain":0,"max_hp_loss":0,"event_name":"Purifier","floor":19,"gold_loss":0},{"damage_healed":0,"gold_gain":0,"player_choice":"Fought Bandits","damage_taken":0,"max_hp_gain":0,"max_hp_loss":0,"event_name":"Masked Bandits","floor":28,"gold_loss":0},{"damage_healed":0,"gold_gain":0,"player_choice":"Max HP","damage_taken":0,"max_hp_gain":0,"max_hp_loss":6,"event_name":"Winding Halls","floor":36,"gold_loss":0},{"damage_healed":0,"gold_gain":0,"player_choice":"Fight","damage_taken":0,"max_hp_gain":0,"max_hp_loss":0,"event_name":"Mysterious Sphere","floor":38,"gold_loss":0},{"damage_healed":0,"gold_gain":0,"player_choice":"Memory 3","damage_taken":10,"max_hp_gain":0,"max_hp_loss":0,"event_name":"SensoryStone","floor":44,"gold_loss":0},{"damage_healed":0,"gold_gain":222,"player_choice":"Wore Mask","damage_taken":0,"max_hp_gain":0,"max_hp_loss":0,"event_name":"Tomb of Lord Red Mask","floor":46,"gold_loss":0},{"damage_healed":0,"gold_gain":0,"player_choice":"Fight","damage_taken":0,"max_hp_gain":0,"max_hp_loss":0,"event_name":"MindBloom","floor":48,"gold_loss":0}],"is_beta":false,"boss_relics":[{"not_picked":["Velvet Choker","Runic Cube"],"picked":"Pandora\u0027s Box"},{"not_picked":["Cursed Key","Empty Cage"],"picked":"Coffee Dripper"}],"items_purged_floors":[],"is_endless":false,"potions_floor_spawned":[3,10,14,22,23,24,27,31,35,40,45],"ascension_level":1}}