{"host":"4evnc443c98ww2zl","time":1612053679,"event":{"mods":["BaseMod","Better Third Choice","Hermit","Koishi","Luminous","Minty Spire (QoL Compilation)","Remilia??????","Robot Space Explorer","StSLib","The Administrix","The Bug Knight","The Cursed","TheSwordswoman"],"gold_per_floor":[120,120,130,130,149,149,183,183,210,225,242,270,295,328,328,426,426,445,473,473,487,242,275,292,292,292,323,323,353,353,81,81,178,178,206,219,245,245,273,298,322,15,41,73,111,145,188,188,188,188,188],"floor_reached":50,"language":"ENG","playtime":4642,"items_purged":[],"score":871,"play_id":"fa17d8f3-bd02-4447-a178-5520593e1db1","local_time":"20210130184119","daily_mods":["SealedDeck","Diverse","Colorless Cards","Heirloom","DeadlyEvents","Elite Swarm"],"is_ascension_mode":false,"campfire_choices":[{"floor":6,"key":"RECALL"},{"data":"True Grit","floor":8,"key":"SMITH"},{"floor":15,"key":"REST"},{"data":"Corruption","floor":25,"key":"SMITH"},{"data":"AdministrixMod:AmassedMasks","floor":28,"key":"SMITH"},{"data":"RobotSpaceExplorer:ShockMissile","floor":32,"key":"SMITH"},{"data":"AdministrixMod:DeathByGlamour","floor":49,"key":"SMITH"}],"circlet_count":0,"master_deck":["MiserableFate","AdministrixMod:DiversionaryTactic","True Grit+1","True Grit+1","Koishi:StingingMind","HollowMod:DoubleDash","HollowMod:SoulStrike","AdministrixMod:RebukeDesires","Cold Snap","Thunderclap","FlyingSleeves","Thunderclap","Well Laid Plans","TheCursedMod:SurpriseAttack","RobotSpaceExplorer:Electroshield","TheCursedMod:NeowsMight","Luminous:Light_Wash_Luminous","StarOfDavid","Corruption+1","RobotSpaceExplorer:ShockMissile+1","RobotSpaceExplorer:Blaster","Koishi:SuperEgo","Immolate","CurseOfTheBell","RobotSpaceExplorer:FreezeRay","ClearTheMind","Koishi:YoukaiPolygraph","Bite","Bite","Bite","Bite","Bite","SashWhip","Flash of Steel","TheCursedMod:OutForBlood","hermit:Misfire","blazmod:BoulderFlash","AdministrixMod:AmassedMasks+1","Die Die Die","Insight","hermit:Glare","Dramatic Entrance","hermit:DeadOrAlive","RobotSpaceExplorer:StunGrenade","TheCursedMod:SurpriseAttack+1","Koishi:JumpScare","Koishi:FreudianInstinct+1","BattleHymn","hermit:EyeOfTheStorm+1","Madness","Madness","Doom and Gloom+1","RobotSpaceExplorer:Blaster","AdministrixMod:DeathByGlamour+1","Halt+1","RobotSpaceExplorer:IronShell","RobotSpaceExplorer:Autoloader"],"relics":["AdministrixMod:ConductorRitualBaton","Prayer Wheel","Mummified Hand","AdministrixMod:CrackedTaijitu","Ornamental Fan","Shuriken","Bag of Marbles","Calling Bell","Smiling Mask","Mercury Hourglass","AdministrixMod:KeyOfKings","Red Mask","HandDrill","Happy Flower","Letter Opener","WingedGreaves","HollowMod:PaleOreRelic","Pen Nib","SacredBark","Vajra","Nunchaku","Membership Card","Mango","ScarletDevilRocket","Blue Candle","CeramicFish","Sundial"],"acts_visited":["Exordium","TheCity","TheBeyond"],"potions_floor_usage":[7,11,12,14,16,23,23,33,39,44,45,50,50],"damage_taken":[{"damage":3,"enemies":"Cultist","floor":1,"turns":3},{"damage":4,"enemies":"2 Louse","floor":3,"turns":2},{"damage":0,"enemies":"Small Slimes","floor":5,"turns":2},{"damage":18,"enemies":"Gremlin Nob","floor":7,"turns":4},{"damage":1,"enemies":"Looter","floor":10,"turns":2},{"damage":0,"enemies":"Lots of Slimes","floor":11,"turns":3},{"damage":22,"enemies":"Lagavulin","floor":12,"turns":6},{"damage":0,"enemies":"3 Sentries","floor":13,"turns":5},{"damage":11,"enemies":"Lagavulin","floor":14,"turns":3},{"damage":0,"enemies":"Slime Boss","floor":16,"turns":4},{"damage":9,"enemies":"Shell Parasite","floor":18,"turns":3},{"damage":27,"enemies":"Masked Bandits","floor":19,"turns":4},{"damage":2,"enemies":"Chosen","floor":21,"turns":3},{"damage":4,"enemies":"Slavers","floor":23,"turns":4},{"damage":8,"enemies":"Shelled Parasite and Fungi","floor":24,"turns":4},{"damage":4,"enemies":"Gremlin Leader","floor":27,"turns":5},{"damage":15,"enemies":"Book of Stabbing","floor":29,"turns":4},{"damage":20,"enemies":"Champ","floor":33,"turns":7},{"damage":1,"enemies":"3 Shapes","floor":35,"turns":2},{"damage":0,"enemies":"Orb Walker","floor":36,"turns":3},{"damage":0,"enemies":"Jaw Worm Horde","floor":37,"turns":2},{"damage":35,"enemies":"Writhing Mass","floor":39,"turns":6},{"damage":15,"enemies":"Reptomancer","floor":40,"turns":4},{"damage":0,"enemies":"Giant Head","floor":44,"turns":5},{"damage":11,"enemies":"Reptomancer","floor":45,"turns":3},{"damage":10,"enemies":"3 Darklings","floor":46,"turns":3},{"damage":8,"enemies":"Giant Head","floor":47,"turns":6},{"damage":0,"enemies":"Giant Head","floor":48,"turns":2},{"damage":70,"enemies":"Time Eater","floor":50,"turns":8}],"seed_played":"-5489140072071518538","potions_obtained":[{"floor":1,"key":"Block Potion"},{"floor":3,"key":"DistilledChaos"},{"floor":7,"key":"Weak Potion"},{"floor":13,"key":"DistilledChaos"},{"floor":14,"key":"BlessingOfTheForge"},{"floor":19,"key":"Block Potion"},{"floor":21,"key":"AttackPotion"},{"floor":27,"key":"CultistPotion"},{"floor":33,"key":"Regen Potion"},{"floor":37,"key":"SteroidPotion"},{"floor":39,"key":"Weak Potion"},{"floor":40,"key":"ColorlessPotion"},{"floor":44,"key":"Strength Potion"}],"is_trial":true,"path_per_floor":["M","T","M","?","M","R","E","R","T","M","M","E","E","E","R","B",null,"M","?","?","M","$","E","M","R","T","E","R","E","?","$","R","B",null,"M","M","M","?","M","E","T","$","T","E","E","M","E","?","R","B"],"character_chosen":"TheAdministrix","items_purchased":["HandDrill","Flash of Steel","Pen Nib","hermit:Glare","Dramatic Entrance","Membership Card","Mango"],"campfire_rested":1,"item_purchase_floors":[22,22,31,31,31,42,42],"current_hp_per_floor":[65,65,61,61,61,61,47,47,47,50,50,35,37,26,45,45,65,60,37,37,41,41,41,39,39,39,45,45,30,30,30,30,18,45,45,45,45,39,30,17,17,31,31,59,54,46,48,52,52,0,0],"gold":188,"neow_bonus":"","is_daily":false,"chose_seed":false,"campfire_upgraded":5,"win_rate":0.0,"timestamp":1612053679,"path_taken":["M","?","M","?","M","R","?","R","T","M","M","E","?","E","R","BOSS","M","?","?","M","$","E","?","R","T","E","R","?","?","$","R","BOSS","M","M","M","?","M","E","?","$","T","E","E","M","E","?","R","BOSS"],"items_purchased_type":["Relic","Card","Relic","Card","Card","Relic","Relic"],"build_version":"2020-12-22","purchased_purges":0,"victory":false,"max_hp_per_floor":[65,65,65,65,65,65,65,65,65,65,65,65,65,65,65,65,65,65,65,45,45,45,45,45,45,45,45,45,45,45,45,45,45,45,45,45,45,45,45,45,45,59,59,59,59,59,59,56,56,56,56],"card_choices":[{"not_picked":["Blizzard","SashWhip"],"picked":"FlyingSleeves","floor":1},{"not_picked":["hermit:HighCaliber","Koishi:PhantomBarrier"],"picked":"Thunderclap","floor":1},{"not_picked":["Collect","Koishi:HeartfeltFancy"],"picked":"Well Laid Plans","floor":3},{"not_picked":["Luminous:Tune_Luminous","Well Laid Plans"],"picked":"TheCursedMod:SurpriseAttack","floor":3},{"not_picked":["Outmaneuver","hermit:Snipe"],"picked":"RobotSpaceExplorer:Electroshield","floor":5},{"not_picked":["HollowMod:WraithStrike","Outmaneuver","RobotSpaceExplorer:ScrapShield"],"picked":"SKIP","floor":5},{"not_picked":["HollowMod:ElderbugsWisdom","ScarletCoffin"],"picked":"TheCursedMod:NeowsMight","floor":7},{"not_picked":["Koishi:UnansweredLove","ThirdEye"],"picked":"Luminous:Light_Wash_Luminous","floor":10},{"not_picked":["AdministrixMod:BishamonBlessing","Conserve Battery","Compile Driver"],"picked":"SKIP","floor":10},{"not_picked":["AdministrixMod:Katabasis","Koishi:HeartfeltFancy"],"picked":"StarOfDavid","floor":11},{"not_picked":["AdministrixMod:SealAway","Collect"],"picked":"Corruption","floor":11},{"not_picked":["TheCursedMod:NeowsMight","Machine Learning"],"picked":"RobotSpaceExplorer:ShockMissile","floor":12},{"not_picked":["hermit:BlackWind","Koishi:MindStellarRelief"],"picked":"RobotSpaceExplorer:Blaster","floor":13},{"not_picked":["Phantasmal Killer","Bludgeon"],"picked":"Koishi:SuperEgo","floor":14},{"not_picked":["blazmod:Setsuna","Magnetism"],"picked":"Immolate","floor":16},{"not_picked":["AdministrixMod:Metempsychosis","Luminous:Lunar_Tide_Luminous"],"picked":"RobotSpaceExplorer:FreezeRay","floor":18},{"not_picked":["hermit:Feint","FavorOfDestiny+1"],"picked":"ClearTheMind","floor":18},{"not_picked":["RedRainbow","HollowMod:InfectedAttack"],"picked":"Koishi:YoukaiPolygraph","floor":19},{"not_picked":["Koishi:FidgetySnatcher","TheCursedMod:RavingStaff"],"picked":"SashWhip","floor":21},{"not_picked":["Koishi:CatchAndRose","HollowMod:NewLittleFool","Luminous:Fast_Spell_Luminous"],"picked":"SKIP","floor":21},{"not_picked":["blazmod:Setsuna","Koishi:ConditionedTeleport"],"picked":"TheCursedMod:OutForBlood","floor":23},{"not_picked":["Collect","Crippling Poison+1"],"picked":"hermit:Misfire","floor":24},{"not_picked":["Koishi:UnconsciousUrges","blazmod:PhysicalEndurance+1"],"picked":"blazmod:BoulderFlash","floor":24},{"not_picked":["Koishi:Ego","Devotion"],"picked":"AdministrixMod:AmassedMasks","floor":27},{"not_picked":["Koishi:RuptureMind","Alpha"],"picked":"Die Die Die","floor":29},{"not_picked":["RobotSpaceExplorer:Arsenal","hermit:HighNoon"],"picked":"hermit:DeadOrAlive","floor":33},{"not_picked":["DeceiveReality+1","Hemokinesis+1"],"picked":"RobotSpaceExplorer:StunGrenade","floor":35},{"not_picked":["RobotSpaceExplorer:MiniBoosters","Pommel Strike+1"],"picked":"TheCursedMod:SurpriseAttack+1","floor":35},{"not_picked":["Koishi:UnconsciousUprising","Koishi:TraumaticStroke"],"picked":"Koishi:JumpScare","floor":36},{"not_picked":["HollowMod:SharpenedNail","Koishi:PhantomBarrier"],"picked":"Koishi:FreudianInstinct+1","floor":36},{"not_picked":["hermit:Brawl+1","Eviscerate+1"],"picked":"BattleHymn","floor":37},{"not_picked":["blazmod:FleetOfFoot+1","Koishi:BloodcurdlingScream+1"],"picked":"hermit:EyeOfTheStorm+1","floor":37},{"not_picked":["HollowMod:NewLittleFool","Burning Pact+1"],"picked":"Doom and Gloom+1","floor":39},{"not_picked":["Koishi:PhantomBarrier+1","hermit:Manifest","AdministrixMod:SyncreticPlunge"],"picked":"SKIP","floor":39},{"not_picked":["Corpse Explosion","hermit:HeroicBravado"],"picked":"RobotSpaceExplorer:Blaster","floor":40},{"not_picked":["Omniscience","TheCursedMod:DarkBarrier","hermit:Dissolve"],"picked":"SKIP","floor":44},{"not_picked":["Wish","HandOfGreed"],"picked":"AdministrixMod:DeathByGlamour","floor":45},{"not_picked":["Conserve Battery+1","Luminous:Dark_Pressure_Void+1"],"picked":"Halt+1","floor":46},{"not_picked":["AdministrixMod:QuietConspiracy","hermit:CalledShot"],"picked":"RobotSpaceExplorer:IronShell","floor":46},{"not_picked":["TheCursedMod:AntiAging","hermit:Adapt"],"picked":"RobotSpaceExplorer:Autoloader","floor":47}],"player_experience":1152000,"relics_obtained":[{"floor":7,"key":"Mummified Hand"},{"floor":9,"key":"AdministrixMod:CrackedTaijitu"},{"floor":12,"key":"Ornamental Fan"},{"floor":13,"key":"Shuriken"},{"floor":14,"key":"Bag of Marbles"},{"floor":17,"key":"Smiling Mask"},{"floor":17,"key":"Mercury Hourglass"},{"floor":17,"key":"AdministrixMod:KeyOfKings"},{"floor":19,"key":"Red Mask"},{"floor":23,"key":"Happy Flower"},{"floor":26,"key":"Letter Opener"},{"floor":27,"key":"WingedGreaves"},{"floor":29,"key":"HollowMod:PaleOreRelic"},{"floor":40,"key":"Vajra"},{"floor":41,"key":"Nunchaku"},{"floor":43,"key":"ScarletDevilRocket"},{"floor":44,"key":"Blue Candle"},{"floor":45,"key":"CeramicFish"},{"floor":47,"key":"Sundial"}],"event_choices":[{"damage_healed":0,"gold_gain":0,"player_choice":"Forge","damage_taken":0,"max_hp_gain":0,"max_hp_loss":0,"event_name":"Accursed Blacksmith","floor":4,"gold_loss":0,"cards_upgraded":["True Grit"]},{"damage_healed":0,"gold_gain":0,"player_choice":"Fought Bandits","damage_taken":0,"max_hp_gain":0,"max_hp_loss":0,"event_name":"Masked Bandits","floor":19,"gold_loss":0},{"damage_healed":0,"gold_gain":0,"player_choice":"Became a vampire","damage_taken":0,"max_hp_gain":0,"max_hp_loss":20,"event_name":"Vampires","floor":20,"gold_loss":0,"cards_obtained":["Bite","Bite","Bite","Bite","Bite"]},{"damage_healed":0,"gold_gain":0,"player_choice":"Insight","damage_taken":0,"max_hp_gain":0,"max_hp_loss":0,"event_name":"betterThird:BetterWriting","floor":30,"gold_loss":0,"cards_obtained":["Insight"]},{"damage_healed":0,"gold_gain":0,"player_choice":"Embrace Madness","damage_taken":6,"max_hp_gain":0,"max_hp_loss":0,"event_name":"Winding Halls","floor":38,"gold_loss":0,"cards_obtained":["Madness","Madness"]}],"is_beta":false,"boss_relics":[{"not_picked":["Tiny House","Sozu"],"picked":"Calling Bell"},{"not_picked":["SlaversCollar","Empty Cage"],"picked":"SacredBark"}],"items_purged_floors":[],"is_endless":false,"potions_floor_spawned":[1,3,7,13,14,19,21,27,33,37,39,40,44,48],"killed_by":"Time Eater","ascension_level":0}}