{"host":"Lucas","time":1612133017,"event":{"mods":["BaseMod","Downfall","Minty Spire (QoL Compilation)","READ ME - Guardian Mod","StSLib","The Cursed","The Disciple","The Necromancer","The Servant 0.9.4"],"gold_per_floor":[99,113,113,23,36,47,47,75,75,91,105,105,105,119,138,238,238,238,252,18,37,137,172,172,183,202,202,202,218,233,246,257,356,356,356,374,384,436,292,292,316,342,354,364,375,76,88,103,115,115],"floor_reached":51,"language":"ENG","playtime":5244,"items_purged":[],"score":761,"play_id":"61f25f2a-e648-4b7f-a779-037d81bc97f8","local_time":"20210131224337","is_ascension_mode":false,"campfire_choices":[{"data":"Slimebound:CorrosiveSpit","floor":1,"key":"SMITH"},{"floor":12,"key":"REST"},{"data":"Slimebound:PrepareCrush","floor":18,"key":"SMITH"},{"floor":28,"key":"REST"},{"data":"Slimebound:MinionMaster","floor":35,"key":"SMITH"}],"circlet_count":0,"master_deck":["Slimebound:Strike_Slimebound","Slimebound:Tackle","Slimebound:Defend_Slimebound","Slimebound:Defend_Slimebound","Slimebound:Defend_Slimebound","Slimebound:Defend_Slimebound","Slimebound:Split+1","Slimebound:CorrosiveSpit+1","Slimebound:Repurpose","Slimebound:SelfFormingGoo","Slimebound:GrowthPunch","Slimebound:PressTheAttack","Slimebound:GoopTackle","Slimebound:GoopSpray","Slimebound:SamplingLick","Slimebound:HauntingLick","Slimebound:LeadByExample","Slimebound:PrepareCrush+1","Slimebound:LeechLife","Slimebound:Schlurp+1","Slimebound:AcidTongue","Slimebound:SplitMire","expansioncontent:DashGenerateEvil+1","Slimebound:SplitMire","Slimebound:RollThrough","Slimebound:SlimeTap+1","Slimebound:SlimeBrawl","Slimebound:MassFeed","Slimebound:SplitBruiser+1","Slimebound:SplitAcid","Slimebound:ItLooksTasty+1","Slimebound:AcidTongue","Slimebound:MinionMaster+1","Slimebound:SamplingLick+1","Slimebound:GoopSpray","Slimebound:SamplingLick+1","Slimebound:WasteNot","Slimebound:LevelUp","Bandage Up","Slimebound:AcidTongue+1","Slimebound:Replication+1","Slimebound:ItLooksTasty+1","Slimebound:SplitAcid+1","Slimebound:Schlurp+1","Slimebound:ViciousTackle","expansioncontent:StudyTheSpire","Slimebound:Gluttony+1","Slimebound:BestDefense+1","Slimebound:SlimeBarrage+1"],"relics":["Slimebound:AbsorbEndCombatUpgraded","Blue Candle","Calipers","Philosopher\u0027s Stone","Torii","Letter Opener","Incense Burner","Matryoshka","Dead Branch","Toy Ornithopter","Blood Vial","Omamori","PreservedInsect","Centennial Puzzle"],"acts_visited":["Exordium","TheCity","TheBeyond"],"potions_floor_usage":[8,16,22,25,26,33,33,39,45,48,50,50,50],"damage_taken":[{"damage":11,"enemies":"Jaw Worm","floor":2,"turns":3},{"damage":0,"enemies":"downfall:FleeingMerchant","floor":4,"turns":4},{"damage":0,"enemies":"Cultist","floor":5,"turns":3},{"damage":0,"enemies":"Small Slimes","floor":6,"turns":3},{"damage":20,"enemies":"Lagavulin","floor":8,"turns":5},{"damage":12,"enemies":"Exordium Wildlife","floor":10,"turns":5},{"damage":3,"enemies":"Blue Slaver","floor":11,"turns":3},{"damage":0,"enemies":"Large Slime","floor":14,"turns":4},{"damage":8,"enemies":"Red Slaver","floor":15,"turns":4},{"damage":54,"enemies":"DF_ARCHETYPE_STREAMLINE","floor":16,"turns":12},{"damage":11,"enemies":"Spheric Guardian","floor":19,"turns":3},{"damage":6,"enemies":"downfall:FleeingMerchant","floor":20,"turns":4},{"damage":26,"enemies":"Shelled Parasite and Fungi","floor":21,"turns":5},{"damage":14,"enemies":"WA_ARCHETYPE_RETAIN","floor":22,"turns":5},{"damage":53,"enemies":"Book of Stabbing","floor":23,"turns":6},{"damage":12,"enemies":"Sentry and Sphere","floor":25,"turns":4},{"damage":0,"enemies":"3 Cultists","floor":26,"turns":3},{"damage":18,"enemies":"Shelled Parasite and Fungi","floor":29,"turns":4},{"damage":1,"enemies":"Centurion and Healer","floor":30,"turns":3},{"damage":9,"enemies":"Snecko","floor":31,"turns":3},{"damage":0,"enemies":"Shelled Parasite and Fungi","floor":32,"turns":3},{"damage":40,"enemies":"IC_MUSHROOM_ARCHETYPE","floor":33,"turns":7},{"damage":16,"enemies":"3 Darklings","floor":36,"turns":4},{"damage":2,"enemies":"3 Shapes","floor":37,"turns":4},{"damage":31,"enemies":"2 Orb Walkers","floor":38,"turns":4},{"damage":0,"enemies":"downfall:FleeingMerchant","floor":39,"turns":4},{"damage":22,"enemies":"Giant Head","floor":42,"turns":7},{"damage":27,"enemies":"Transient","floor":43,"turns":5},{"damage":18,"enemies":"Maw","floor":44,"turns":6},{"damage":56,"enemies":"Writhing Mass","floor":45,"turns":4},{"damage":1,"enemies":"downfall:FleeingMerchant","floor":46,"turns":3},{"damage":9,"enemies":"4 Shapes","floor":47,"turns":3},{"damage":26,"enemies":"Jaw Worm Horde","floor":48,"turns":4},{"damage":8,"enemies":"Sphere and 2 Shapes","floor":49,"turns":5},{"damage":85,"enemies":"SI_POISON_ARCHETYPE","floor":50,"turns":7}],"seed_played":"-2100270196224665530","potions_obtained":[{"floor":5,"key":"sneckomod:MuddlingPotion"},{"floor":6,"key":"Slimebound:SlimedPotion"},{"floor":8,"key":"PowerPotion"},{"floor":14,"key":"Swift Potion"},{"floor":15,"key":"Slimebound:SlimedPotion"},{"floor":16,"key":"SteroidPotion"},{"floor":22,"key":"Fruit Juice"},{"floor":25,"key":"Slimebound:SpawnSlimePotion"},{"floor":29,"key":"Slimebound:SlimyTonguePotion"},{"floor":31,"key":"bronze:BurnAndBuffPotion"},{"floor":36,"key":"Slimebound:SpawnSlimePotion"},{"floor":43,"key":"SteroidPotion"},{"floor":47,"key":"Weak Potion"},{"floor":48,"key":"FearPotion"}],"is_trial":false,"path_per_floor":["R","M","?","$","M","M","T","E","?","M","M","R","?","M","M","B",null,"R","M","$","M","?","E","T","M","M","?","R","M","M","M","M","B",null,"R","M","M","?","$","?","T","E","M","M","M","$","M","M","M","B",null],"character_chosen":"SLIMEBOUND","items_purchased":["Slimebound:GrowthPunch","Slimebound:SplitMire","expansioncontent:DashGenerateEvil","Slimebound:LevelUp","Bandage Up","Slimebound:ViciousTackle","PreservedInsect","Centennial Puzzle","DuplicationPotion","expansioncontent:StudyTheSpire"],"campfire_rested":2,"item_purchase_floors":[4,20,20,39,39,46,46,46,46,46],"current_hp_per_floor":[71,64,64,68,70,71,71,55,55,51,52,71,71,71,65,19,71,71,62,66,48,51,18,18,14,18,43,65,56,61,54,60,28,76,76,66,75,54,66,66,66,55,72,75,60,70,72,88,87,23],"gold":115,"neow_bonus":"TEN_PERCENT_HP_BONUS","is_daily":false,"chose_seed":false,"campfire_upgraded":3,"win_rate":0.0,"timestamp":1612133017,"path_taken":["R","M","?","?","M","?","T","E","?","M","M","R","?","M","M","BOSS","R","M","$","M","?","E","T","M","M","?","R","M","M","M","M","BOSS","R","M","M","?","$","?","T","E","M","M","?","$","M","?","M","BOSS"],"items_purchased_type":["Card","Card","Card","Card","Card","Card","Relic","Relic","Potion","Card"],"build_version":"2020-12-18","purchased_purges":0,"victory":true,"max_hp_per_floor":[71,71,71,71,71,71,71,71,71,71,71,71,71,71,71,71,71,71,71,71,71,76,76,76,76,76,76,76,76,76,76,76,76,76,76,76,76,76,76,76,76,76,76,79,82,82,82,88,88,88],"card_choices":[{"not_picked":["Slimebound:Schlurp","Slimebound:GoopTackle"],"picked":"Slimebound:Repurpose","floor":2},{"not_picked":["Slimebound:RejuvenatingLick","Slimebound:ForwardTackle"],"picked":"Slimebound:SelfFormingGoo","floor":4},{"not_picked":["Slimebound:BestDefense","Slimebound:Schlurp"],"picked":"Slimebound:PressTheAttack","floor":5},{"not_picked":["Slimebound:DisruptingSlam","Slimebound:ProtectTheBoss"],"picked":"Slimebound:GoopTackle","floor":6},{"not_picked":["Slimebound:ComboTackle","Slimebound:GrowthPunch"],"picked":"Slimebound:GoopSpray","floor":8},{"not_picked":["Slimebound:ComboTackle","Slimebound:SlimeSpikes"],"picked":"Slimebound:SamplingLick","floor":10},{"not_picked":["Slimebound:SamplingLick","Slimebound:ItLooksTasty"],"picked":"Slimebound:HauntingLick","floor":11},{"not_picked":["Slimebound:GoopSpray","Slimebound:Chomp"],"picked":"Slimebound:LeadByExample","floor":14},{"not_picked":["Slimebound:LivingWall","Slimebound:Nibble"],"picked":"Slimebound:PrepareCrush","floor":15},{"not_picked":["Slimebound:Overexert","Slimebound:RallyTheTroops"],"picked":"Slimebound:LeechLife","floor":16},{"not_picked":["Slimebound:PressTheAttack","Slimebound:FinishingTackle"],"picked":"Slimebound:Schlurp+1","floor":19},{"not_picked":["Slimebound:LeechEnergy","Slimebound:FinishingTackle"],"picked":"Slimebound:AcidTongue","floor":20},{"not_picked":["Slimebound:LeechingTouch+1","Slimebound:DisruptingSlam"],"picked":"Slimebound:SplitMire","floor":21},{"not_picked":["Slimebound:ProtectTheBoss","Slimebound:ComboTackle"],"picked":"Slimebound:RollThrough","floor":22},{"not_picked":["Slimebound:FinishingTackle","Slimebound:Grow"],"picked":"Slimebound:SlimeTap+1","floor":23},{"not_picked":["Slimebound:GoopSpray","Slimebound:Chomp"],"picked":"Slimebound:SlimeBrawl","floor":25},{"not_picked":["Slimebound:HauntingLick","Slimebound:DisruptingSlam+1"],"picked":"Slimebound:MassFeed","floor":26},{"not_picked":["Slimebound:Equalize","Slimebound:GoopTackle"],"picked":"Slimebound:SplitBruiser+1","floor":29},{"not_picked":["Slimebound:LeechingTouch","Slimebound:Grow"],"picked":"Slimebound:SplitAcid","floor":30},{"not_picked":["Slimebound:ForwardTackle","Slimebound:ViciousTackle"],"picked":"Slimebound:ItLooksTasty+1","floor":31},{"not_picked":["Slimebound:FormOfPuddle+1","Slimebound:Repurpose"],"picked":"Slimebound:AcidTongue","floor":32},{"not_picked":["Slimebound:LeechLife","Slimebound:PrepareCrush"],"picked":"Slimebound:MinionMaster","floor":33},{"not_picked":["Slimebound:PressTheAttack","Slimebound:AcidTongue+1"],"picked":"Slimebound:SamplingLick+1","floor":36},{"not_picked":["Slimebound:LeechEnergy+1","Slimebound:RollThrough"],"picked":"Slimebound:GoopSpray","floor":37},{"not_picked":["Slimebound:AcidTongue","Slimebound:Replication+1"],"picked":"Slimebound:SamplingLick+1","floor":38},{"not_picked":["Slimebound:HauntingLick","Slimebound:LivingWall+1"],"picked":"Slimebound:WasteNot","floor":39},{"not_picked":["Slimebound:Dissolve","Slimebound:GoopTackle"],"picked":"Slimebound:AcidTongue+1","floor":42},{"not_picked":["Slimebound:RollThrough","Slimebound:LeechingTouch+1"],"picked":"Slimebound:Replication+1","floor":43},{"not_picked":["Slimebound:Prepare","Slimebound:RollThrough+1"],"picked":"Slimebound:ItLooksTasty+1","floor":44},{"not_picked":["Slimebound:SlimeTap+1","Slimebound:Dissolve+1"],"picked":"Slimebound:SplitAcid+1","floor":45},{"not_picked":["Slimebound:LeechEnergy","Slimebound:SlimeSlap"],"picked":"Slimebound:Schlurp+1","floor":46},{"not_picked":["Slimebound:RejuvenatingLick+1","Slimebound:GoopSpray+1"],"picked":"Slimebound:Gluttony+1","floor":47},{"not_picked":["Slimebound:LeechEnergy+1","Slimebound:ForwardTackle"],"picked":"Slimebound:BestDefense+1","floor":48},{"not_picked":["Slimebound:TongueLash","Slimebound:SplitLeeching+1"],"picked":"Slimebound:SlimeBarrage+1","floor":49}],"player_experience":1239148,"relics_obtained":[{"floor":7,"key":"Blue Candle"},{"floor":8,"key":"Calipers"},{"floor":22,"key":"Torii"},{"floor":22,"key":"Letter Opener"},{"floor":23,"key":"Incense Burner"},{"floor":24,"key":"Matryoshka"},{"floor":38,"key":"Dead Branch"},{"floor":41,"key":"Toy Ornithopter"},{"floor":41,"key":"Blood Vial"},{"floor":42,"key":"Omamori"}],"event_choices":[{"cards_removed":["Slimebound:Strike_Slimebound"],"damage_healed":0,"gold_gain":0,"player_choice":"Offered Basic","damage_taken":0,"max_hp_gain":0,"max_hp_loss":0,"event_name":"Bonfire Elementals","floor":3,"gold_loss":0},{"damage_healed":0,"gold_gain":0,"player_choice":"Grow","damage_taken":0,"max_hp_gain":0,"max_hp_loss":0,"event_name":"Living Wall","floor":13,"gold_loss":0,"cards_upgraded":["Slimebound:Split"]},{"damage_healed":25,"gold_gain":0,"player_choice":"Heal","damage_taken":0,"max_hp_gain":0,"max_hp_loss":0,"event_name":"The Library","floor":27,"gold_loss":0},{"damage_healed":0,"gold_gain":0,"player_choice":"Fight","damage_taken":0,"max_hp_gain":0,"max_hp_loss":0,"event_name":"Mysterious Sphere","floor":38,"gold_loss":0}],"is_beta":true,"boss_relics":[{"not_picked":["Velvet Choker","Busted Crown"],"picked":"Philosopher\u0027s Stone"},{"not_picked":["Fusion Hammer","Sozu"],"picked":"Slimebound:AbsorbEndCombatUpgraded"}],"items_purged_floors":[],"is_endless":false,"potions_floor_spawned":[5,6,8,14,15,16,22,25,29,31,32,36,43,47,48],"ascension_level":0}}