{"host":"2brg86hfzr3u5cix","time":1612066027,"event":{"mods":["AchievementEnabler","Ascension Unlocker","BaseMod","CapriCore","DeckTracker","Highlight Path","Keyboard Shortcuts","Minty Spire (QoL Compilation)","Permanent Neow","Relic Stats","StSLib","Twitch Utils","Uncapped","UnlockEverythingMod"],"gold_per_floor":[115,115,132,146,70,105,105,122,122,122,140,140,140],"floor_reached":12,"language":"KOR","playtime":352,"items_purged":[],"score":160,"play_id":"2d69c535-040f-4c0d-b1c0-ebf45873b295","local_time":"20210131130707","is_ascension_mode":true,"campfire_choices":[{"data":"Pray","floor":7.0,"key":"SMITH"}],"circlet_count":0,"master_deck":["AscendersBane","Strike_P","Strike_P","Strike_P","Defend_P","Defend_P","Defend_P","Eruption+1","Vigilance","EmptyMind","Pray+1","EmptyBody","Tantrum","Sanctity+1","EmptyFist","PathToVictory+1"],"relics":["PureWater","Toxic Egg 2","Pantograph"],"acts_visited":["Exordium"],"potions_floor_usage":[8,11,12],"damage_taken":[{"damage":7.0,"enemies":"Jaw Worm","floor":1.0,"turns":4.0},{"damage":0.0,"enemies":"Cultist","floor":3.0,"turns":3.0},{"damage":0.0,"enemies":"2 Louse","floor":4.0,"turns":2.0},{"damage":33.0,"enemies":"Lagavulin","floor":6.0,"turns":6.0},{"damage":0,"enemies":"Gremlin Gang","floor":8,"turns":4},{"damage":7,"enemies":"Looter","floor":11,"turns":4},{"damage":0,"enemies":"Gremlin Nob","floor":12,"turns":2}],"seed_played":"9113839784686578266","potions_obtained":[{"floor":4.0,"key":"Strength Potion"},{"floor":8,"key":"AttackPotion"},{"floor":11,"key":"Weak Potion"}],"is_trial":false,"path_per_floor":["M","?","M","M","$","E","R","M","T","?","M","E"],"character_chosen":"WATCHER","items_purchased":["Tantrum"],"campfire_rested":0,"item_purchase_floors":[5],"current_hp_per_floor":[54,54,54,54,54,21,21,21,21,21,14,14,14],"gold":140,"neow_bonus":"UPGRADE_CARD","is_daily":false,"chose_seed":false,"campfire_upgraded":1,"win_rate":0.0,"timestamp":1612066027,"path_taken":["M","?","?","M","$","E","R","M","T","?","M","E"],"items_purchased_type":["Card"],"build_version":"2020-12-22","purchased_purges":0,"victory":false,"max_hp_per_floor":[68,68,68,68,68,68,68,68,68,68,68,68,68],"relic_stats":{"counters":[7,25],"Pantograph":0,"obtain_stats":[{"Pantograph":9,"PureWater":0,"Toxic Egg 2":6},{"Pantograph":5,"PureWater":0,"Toxic Egg 2":4},{"Pantograph":19,"PureWater":0,"Toxic Egg 2":15}]},"card_choices":[{"not_picked":["ClearTheMind","Swivel"],"picked":"EmptyMind","floor":1.0},{"not_picked":["Prostrate","JustLucky"],"picked":"Pray","floor":3.0},{"not_picked":["Crescendo","LikeWater"],"picked":"EmptyBody","floor":4.0},{"not_picked":["ThirdEye+1","Consecrate"],"picked":"Sanctity+1","floor":6.0},{"not_picked":["BattleHymn","ThirdEye+1"],"picked":"EmptyFist","floor":8},{"not_picked":["FollowUp","Halt+1"],"picked":"PathToVictory+1","floor":11}],"player_experience":344077,"relics_obtained":[{"floor":6.0,"key":"Toxic Egg 2"},{"floor":9,"key":"Pantograph"}],"event_choices":[{"cards_removed":["Defend_P"],"damage_healed":0.0,"max_hp_gain":0.0,"max_hp_loss":0.0,"gold_gain":0.0,"event_name":"Bonfire Elementals","player_choice":"Offered Basic","floor":2.0,"gold_loss":0.0,"damage_taken":0.0},{"cards_removed":["Strike_P"],"damage_healed":0,"gold_gain":0,"player_choice":"Forget","damage_taken":0,"max_hp_gain":0,"max_hp_loss":0,"event_name":"Living Wall","floor":10,"gold_loss":0}],"is_beta":false,"boss_relics":[],"items_purged_floors":[],"is_endless":false,"potions_floor_spawned":[4,8,11],"killed_by":"Gremlin Nob","ascension_level":20}}