{"host":"4kmvpqjeiacgn1pr","time":1612132390,"event":{"mods":["AchievementEnabler","BaseMod","Better Altar","Better Match","Better Note","Better Sensory Stone","Better Skull","Better Third Choice","Colored Map","Colored Powertips","Curses Come First","Downfall","Highlight Path","Infinite Spire","Minty Spire (QoL Compilation)","Permanent Neow","Quick Restart","Rare Cards Sparkle","Replay The Spire","Shop Mod","Spicy Shops","Spikes Relics","StSLib","Waifu the Spire"],"gold_per_floor":[18,18,35,35,35,35,50,50,50,150,164,177,177,177],"floor_reached":13,"language":"ENG","playtime":491,"items_purged":[],"score":113,"play_id":"42cfd536-545f-43bb-a723-e30c22c4c365","local_time":"20210131173310","is_ascension_mode":true,"campfire_choices":[{"data":"ReplayTheSpireMod:Tripwire","floor":6,"key":"SMITH"},{"data":"Cloak And Dagger","floor":8,"key":"SMITH"}],"circlet_count":0,"master_deck":["AscendersBane","Strike_G","Strike_G","Strike_G+1","Defend_G","Defend_G","Defend_G","Survivor","Neutralize","ReplayTheSpireMod:Tripwire+1","PiercingWail","Cloak And Dagger+1","InfectiousVector","Catalyst"],"relics":["Ring of the Snake","Chameleon Ring"],"acts_visited":["Exordium"],"potions_floor_usage":[13],"damage_taken":[{"damage":0.0,"enemies":"Small Slimes","floor":1.0,"turns":4.0},{"damage":0.0,"enemies":"2 Louse","floor":3.0,"turns":3.0},{"damage":11,"enemies":"Cultist","floor":7,"turns":5},{"damage":6,"enemies":"Large Slime","floor":11,"turns":8},{"damage":3,"enemies":"Lots of Slimes","floor":12,"turns":4},{"damage":10,"enemies":"3 Sentries","floor":13,"turns":4}],"seed_played":"1967852778061187702","potions_obtained":[{"floor":1.0,"key":"Explosive Potion"},{"floor":3.0,"key":"Energy Potion"}],"is_trial":false,"path_per_floor":["M","?","M","?","?","R","M","R","T","?","M","M","E"],"character_chosen":"THE_SILENT","items_purchased":[],"campfire_rested":0,"item_purchase_floors":[],"current_hp_per_floor":[63,63,63,56,56,56,45,45,45,45,39,36,26,26],"gold":177,"neow_bonus":"REMOVE_TWO","is_daily":false,"chose_seed":false,"campfire_upgraded":2,"win_rate":0.0,"timestamp":1612132390,"path_taken":["M","?","M","?","?","R","?","R","T","?","?","M","E"],"items_purchased_type":[],"build_version":"2020-12-22","purchased_purges":0,"victory":false,"max_hp_per_floor":[70,70,70,70,70,70,70,70,70,70,70,70,70,70],"card_choices":[{"not_picked":["Bane","Poisoned Stab","PiercingWail"],"picked":"SKIP","floor":1.0},{"not_picked":["PiercingWail","Setup"],"picked":"ReplayTheSpireMod:Tripwire","floor":3.0},{"not_picked":["Dagger Throw","Finisher"],"picked":"Cloak And Dagger","floor":7},{"not_picked":["Quick Slash","ShadowRift"],"picked":"InfectiousVector","floor":11},{"not_picked":["ReplayTheSpireMod:Speed Training","Deadly Poison"],"picked":"Catalyst","floor":12}],"player_experience":404502,"relics_obtained":[{"floor":9,"key":"Chameleon Ring"}],"event_choices":[{"cards_removed":["Defend_G"],"damage_healed":0.0,"max_hp_gain":0.0,"max_hp_loss":0.0,"gold_gain":0.0,"event_name":"Golden Wing","player_choice":"Card Removal","floor":4.0,"gold_loss":0.0,"damage_taken":7.0},{"damage_healed":0,"gold_gain":0,"cards_transformed":["Strike_G"],"player_choice":"Transformed","damage_taken":0,"max_hp_gain":0,"max_hp_loss":0,"event_name":"Transmorgrifier","floor":5,"gold_loss":0,"cards_obtained":["PiercingWail"]},{"damage_healed":0,"gold_gain":100,"player_choice":"Gold","damage_taken":0,"max_hp_gain":0,"max_hp_loss":0,"event_name":"Wheel of Change","floor":10,"gold_loss":0}],"is_beta":false,"boss_relics":[],"items_purged_floors":[],"is_endless":false,"potions_floor_spawned":[1,3],"killed_by":"3 Sentries","ascension_level":10}}