{"host":"tetk82fuf8thwxol","time":1612121091,"event":{"mods":["AchievementEnabler","BaseMod","BetterRewards","GifTheSpireLib","Hermit","Minty Spire (QoL Compilation)","Permanent Neow","Quick Restart","Shop Mod","Spicy Shops","StSLib","The Bug Knight","The Cursed","The Runesmith"],"gold_per_floor":[115,130,9999,9999,9999,9999,9999,9999,9999,9999,9999,9999,10025,9480,9480,9589,9589,9563,9058,9058,9073,8761,8787,8803,8728,8728,8737,8754,8763,8791,8809,8809,8912,8912,8927,8357,8369,7824,7834,7867,7867,7898,7924,7958,7958,7974,8002,8052,8052,8052],"floor_reached":51,"language":"ENG","playtime":2086,"items_purged":["Normality","Strike_G","Defend_G","Defend_G","Strike_G","Predator","Defend_G","Defend_G"],"score":1876,"play_id":"93d90f55-397d-4a8a-9b33-782750ad0cb5","local_time":"20210131132451","is_ascension_mode":true,"campfire_choices":[{"data":"Leg Sweep","floor":6,"key":"SMITH"},{"data":"Heel Hook","floor":8,"key":"SMITH"},{"data":"Neutralize","floor":10,"key":"SMITH"},{"floor":12,"key":"REST"},{"data":"Choke","floor":15,"key":"SMITH"},{"floor":32,"key":"REST"},{"data":"Grand Finale","floor":41,"key":"SMITH"},{"floor":45,"key":"RECALL"},{"data":"Strike_G","floor":49,"key":"SMITH"}],"circlet_count":0,"master_deck":["AscendersBane","Strike_G+1","Survivor+1","Neutralize+1","Heel Hook+1","Leg Sweep+1","Choke+1","Grand Finale+1","Necronomicurse"],"relics":["Ring of the Snake","Lantern","HandDrill","Chemical X","Strawberry","MealTicket","PreservedInsect","Ornamental Fan","Blue Candle","Membership Card","Toxic Egg 2","CeramicFish","Runesmith:AutoHammer","SlaversCollar","Bottled Flame","Prayer Wheel","Matryoshka","Anchor","Bag of Preparation","Akabeko","Runesmith:Nanobots","Paper Crane","Calipers","Necronomicon","HollowMod:PaleOreRelic","Busted Crown","Pantograph","Happy Flower","Omamori","Sling","TwistedFunnel","Thread and Needle","Mercury Hourglass","Orichalcum","Pen Nib","War Paint","Ancient Tea Set","Regal Pillow","Gremlin Horn","Incense Burner","Pocketwatch"],"acts_visited":["Exordium","TheCity","TheBeyond"],"potions_floor_usage":[7,7,13,24],"damage_taken":[{"damage":0,"enemies":"2 Louse","floor":1,"turns":3},{"damage":1,"enemies":"Small Slimes","floor":2,"turns":4},{"damage":14,"enemies":"Lagavulin","floor":7,"turns":11},{"damage":10,"enemies":"Gremlin Nob","floor":13,"turns":4},{"damage":46,"enemies":"The Guardian","floor":16,"turns":21},{"damage":4,"enemies":"2 Thieves","floor":18,"turns":5},{"damage":5,"enemies":"Shell Parasite","floor":21,"turns":5},{"damage":1,"enemies":"Book of Stabbing","floor":23,"turns":5},{"damage":29,"enemies":"Chosen and Byrds","floor":24,"turns":11},{"damage":3,"enemies":"Cultist and Chosen","floor":28,"turns":5},{"damage":0,"enemies":"Gremlin Leader","floor":30,"turns":1},{"damage":0,"enemies":"3 Cultists","floor":31,"turns":2},{"damage":0,"enemies":"Automaton","floor":33,"turns":3},{"damage":0,"enemies":"3 Shapes","floor":35,"turns":2},{"damage":0,"enemies":"3 Darklings","floor":37,"turns":1},{"damage":0,"enemies":"Transient","floor":39,"turns":5},{"damage":0,"enemies":"Reptomancer","floor":40,"turns":1},{"damage":0,"enemies":"Giant Head","floor":42,"turns":3},{"damage":0,"enemies":"Nemesis","floor":44,"turns":1},{"damage":0,"enemies":"4 Shapes","floor":46,"turns":1},{"damage":0,"enemies":"Reptomancer","floor":47,"turns":1},{"damage":0,"enemies":"Mind Bloom Boss Battle","floor":48,"turns":1},{"damage":0,"enemies":"Time Eater","floor":50,"turns":1}],"seed_played":"1971009970576537825","potions_obtained":[{"floor":1,"key":"AttackPotion"},{"floor":2,"key":"Block Potion"},{"floor":7,"key":"Swift Potion"},{"floor":21,"key":"Swift Potion"},{"floor":24,"key":"Weak Potion"},{"floor":30,"key":"SteroidPotion"},{"floor":31,"key":"Block Potion"},{"floor":35,"key":"LiquidMemories"},{"floor":40,"key":"PowerPotion"}],"is_trial":false,"path_per_floor":["M","M","$","?","?","R","E","R","T","R","T","R","E","$","R","B",null,"M","$","?","M","$","E","M","?","T","?","M","?","E","M","R","B",null,"M","$","M","$","M","E","R","E","T","E","R","M","E","?","R","B",null],"character_chosen":"THE_SILENT","items_purchased":["Lantern","HandDrill","Chemical X","Leg Sweep","Strawberry","Membership Card","Toxic Egg 2","CeramicFish","Runesmith:AutoHammer","Choke","Bottled Flame","Prayer Wheel","Matryoshka","Grand Finale","Anchor","Bag of Preparation","Akabeko","Pantograph","Happy Flower","Omamori","Sling","TwistedFunnel","Thread and Needle","Mercury Hourglass","Orichalcum"],"campfire_rested":2,"item_purchase_floors":[3,3,3,3,3,14,14,14,14,14,19,19,19,19,22,22,22,36,36,36,36,38,38,38,38],"current_hp_per_floor":[70,69,76,76,76,76,62,62,62,62,62,84,74,84,84,38,73,69,84,94,89,94,93,64,64,64,48,45,45,45,45,73,73,89,89,94,94,94,94,94,94,94,94,94,94,94,94,94,94,94],"gold":8052,"neow_bonus":"TEN_PERCENT_HP_BONUS","is_daily":false,"chose_seed":false,"campfire_upgraded":6,"win_rate":0.0,"timestamp":1612121091,"path_taken":["M","M","$","?","?","R","E","R","T","R","?","R","E","$","R","BOSS","M","$","?","M","$","E","?","?","T","?","?","?","E","M","R","BOSS","M","$","M","$","M","E","R","E","T","E","R","M","E","?","R","BOSS"],"items_purchased_type":["Relic","Relic","Relic","Card","Relic","Relic","Relic","Relic","Relic","Card","Relic","Relic","Relic","Card","Relic","Relic","Relic","Relic","Relic","Relic","Relic","Relic","Relic","Relic","Relic"],"build_version":"2020-12-22","purchased_purges":8,"victory":true,"max_hp_per_floor":[77,77,84,84,84,84,84,84,84,84,84,84,84,84,84,84,84,84,84,94,94,94,94,94,94,94,94,94,94,94,94,94,94,94,94,94,94,94,94,94,94,94,94,94,94,94,94,94,94,94],"card_choices":[{"not_picked":["Distraction","Eviscerate"],"picked":"Heel Hook","floor":1},{"not_picked":["Underhanded Strike","Infinite Blades","Flying Knee"],"picked":"SKIP","floor":2},{"not_picked":["Deadly Poison","Well Laid Plans","Catalyst"],"picked":"SKIP","floor":7},{"not_picked":["Deflect","Skewer","Backflip"],"picked":"SKIP","floor":13},{"not_picked":["Tools of the Trade","Bullet Time+1"],"picked":"A Thousand Cuts","floor":16},{"not_picked":["Flying Knee","Bane+1","Masterful Stab"],"picked":"SKIP","floor":18},{"not_picked":["Sucker Punch","Slice","Doppelganger+1"],"picked":"SKIP","floor":21},{"not_picked":["Dodge and Roll+1","Poisoned Stab","Noxious Fumes"],"picked":"SKIP","floor":21},{"not_picked":["Sucker Punch+1","Dagger Throw","Doppelganger+1"],"picked":"SKIP","floor":23},{"not_picked":["Dagger Throw","Riddle With Holes","Bouncing Flask+1"],"picked":"SKIP","floor":24},{"not_picked":["Prepared+1","Expertise+1","Infinite Blades"],"picked":"SKIP","floor":24},{"not_picked":["Blur+1","Terror+1","Expertise+1"],"picked":"SKIP","floor":28},{"not_picked":["Sucker Punch","PiercingWail+1","Bane"],"picked":"SKIP","floor":28},{"not_picked":["Quick Slash","Dagger Spray+1","Blur+1"],"picked":"SKIP","floor":30},{"not_picked":["Deadly Poison+1","Deflect+1","Distraction+1"],"picked":"SKIP","floor":31},{"not_picked":["Endless Agony","A Thousand Cuts","Poisoned Stab"],"picked":"SKIP","floor":31},{"not_picked":["Tactician+1"],"picked":"SKIP","floor":35},{"not_picked":["Escape Plan+1"],"picked":"SKIP","floor":35},{"not_picked":["Outmaneuver+1"],"picked":"SKIP","floor":37},{"not_picked":["Dagger Throw"],"picked":"SKIP","floor":37},{"not_picked":["Eviscerate"],"picked":"SKIP","floor":39},{"not_picked":["Finisher+1"],"picked":"SKIP","floor":39},{"not_picked":["Acrobatics+1"],"picked":"SKIP","floor":40},{"not_picked":["Expertise+1"],"picked":"SKIP","floor":42},{"not_picked":["Bullet Time+1"],"picked":"SKIP","floor":44},{"not_picked":["Cloak And Dagger+1"],"picked":"SKIP","floor":46},{"not_picked":["Bane"],"picked":"SKIP","floor":46},{"not_picked":["Underhanded Strike"],"picked":"SKIP","floor":47}],"player_experience":274164,"relics_obtained":[{"floor":7,"key":"MealTicket"},{"floor":9,"key":"PreservedInsect"},{"floor":11,"key":"Ornamental Fan"},{"floor":13,"key":"Blue Candle"},{"floor":23,"key":"Runesmith:Nanobots"},{"floor":26,"key":"Paper Crane"},{"floor":26,"key":"Calipers"},{"floor":27,"key":"Necronomicon"},{"floor":30,"key":"HollowMod:PaleOreRelic"},{"floor":40,"key":"Pen Nib"},{"floor":42,"key":"War Paint"},{"floor":43,"key":"Ancient Tea Set"},{"floor":43,"key":"Regal Pillow"},{"floor":44,"key":"Gremlin Horn"},{"floor":47,"key":"Incense Burner"},{"floor":48,"key":"Pocketwatch"}],"event_choices":[{"cards_removed":["Strike_G"],"damage_healed":0,"gold_gain":0,"player_choice":"Forget","damage_taken":0,"max_hp_gain":0,"max_hp_loss":0,"event_name":"Living Wall","floor":4,"gold_loss":0},{"damage_healed":0,"gold_gain":0,"player_choice":"Ignored","damage_taken":0,"max_hp_gain":0,"max_hp_loss":0,"event_name":"Shining Light","floor":5,"gold_loss":0},{"cards_removed":["A Thousand Cuts"],"damage_healed":0,"gold_gain":0,"player_choice":"Offered Rare","damage_taken":0,"max_hp_gain":10,"max_hp_loss":0,"event_name":"Bonfire Elementals","floor":20,"gold_loss":0},{"cards_removed":["Defend_G"],"damage_healed":0,"gold_gain":0,"player_choice":"Gave Gold","damage_taken":0,"max_hp_gain":0,"max_hp_loss":0,"event_name":"Beggar","floor":25,"gold_loss":75},{"damage_healed":0,"gold_gain":0,"player_choice":"Obtained Book","damage_taken":16,"max_hp_gain":0,"max_hp_loss":0,"event_name":"Cursed Tome","floor":27,"gold_loss":0},{"damage_healed":0,"gold_gain":0,"cards_transformed":["Strike_G"],"player_choice":"Transformed","damage_taken":0,"max_hp_gain":0,"max_hp_loss":0,"event_name":"Transmorgrifier","floor":29,"gold_loss":0,"cards_obtained":["Predator"]},{"damage_healed":0,"gold_gain":0,"player_choice":"Fight","damage_taken":0,"max_hp_gain":0,"max_hp_loss":0,"event_name":"MindBloom","floor":48,"gold_loss":0}],"is_beta":false,"boss_relics":[{"not_picked":["Astrolabe","SacredBark"],"picked":"SlaversCollar"},{"not_picked":["Runesmith:UraniumAnvil","Coffee Dripper"],"picked":"Busted Crown"}],"items_purged_floors":[3,14,14,19,22,36,36,38],"is_endless":false,"potions_floor_spawned":[1,2,7,21,24,30,31,35,37,40,42,47],"ascension_level":12}}