{"host":"aas8f8jvicx6tcxp","time":1612058978,"event":{"mods":["BaseMod","Better Third Choice","BetterRewards","Clockwork Mod","Downfall","Minty Spire (QoL Compilation)","Shop Mod","StSLib","The Cursed"],"gold_per_floor":[113,113,15,35,50,50,50],"floor_reached":6,"language":"ENG","playtime":271,"items_purged":[],"score":36,"play_id":"beb0d3a7-ac29-4bc7-ad4e-e8d143c16b63","local_time":"20210130200938","is_ascension_mode":false,"campfire_choices":[],"circlet_count":0,"master_deck":["Clockwork:Strike","Clockwork:Strike","Clockwork:Strike","Clockwork:Strike","Clockwork:Shield","Clockwork:Shield","Clockwork:Shield","Clockwork:Shield","Clockwork:Tinker","Clockwork:WarmUp","Clockwork:Handicap","Clockwork:ElasticNanites","Clockwork:CogToss","Clockwork:CogToss","Clockwork:Improve"],"relics":["Clockwork:MomentumEngine","NeowsBlessing"],"acts_visited":["Exordium"],"potions_floor_usage":[6],"damage_taken":[{"damage":0,"enemies":"Jaw Worm","floor":1,"turns":1},{"damage":0,"enemies":"Cultist","floor":4,"turns":1},{"damage":0,"enemies":"2 Louse","floor":5,"turns":1},{"damage":89,"enemies":"Gremlin Nob","floor":6,"turns":8}],"seed_played":"-5184772988041037693","potions_obtained":[{"floor":5,"key":"Energy Potion"}],"is_trial":false,"path_per_floor":["M","?","$","M","M","E"],"character_chosen":"CLOCKWORK","items_purchased":["Clockwork:ElasticNanites","Clockwork:CogToss"],"campfire_rested":0,"item_purchase_floors":[3,3],"current_hp_per_floor":[85,85,85,85,85,0,0],"gold":50,"neow_bonus":"THREE_ENEMY_KILL","is_daily":false,"chose_seed":false,"campfire_upgraded":0,"win_rate":0.0,"timestamp":1612058978,"path_taken":["M","?","$","M","?","E"],"items_purchased_type":["Card","Card"],"build_version":"2020-12-22","purchased_purges":0,"victory":false,"max_hp_per_floor":[85,85,85,85,85,85,85],"card_choices":[{"not_picked":["Clockwork:Enhance","Clockwork:SearchingStrike","Clockwork:ReserveSystems"],"picked":"SKIP","floor":1},{"not_picked":["Clockwork:AdaptiveShield","Clockwork:ElasticNanites"],"picked":"Clockwork:CogToss","floor":4},{"not_picked":["Clockwork:ChargingBlade","Clockwork:StasisBreak"],"picked":"Clockwork:Improve","floor":5}],"player_experience":350896,"relics_obtained":[],"event_choices":[{"damage_healed":0,"gold_gain":0,"player_choice":"Ignored","damage_taken":0,"max_hp_gain":0,"max_hp_loss":0,"event_name":"NoteForYourself","floor":2,"gold_loss":0}],"is_beta":false,"boss_relics":[],"items_purged_floors":[],"is_endless":false,"potions_floor_spawned":[5],"killed_by":"Gremlin Nob","ascension_level":0}}