{"host":"wahmi3v2b4ozu27r","time":1612118983,"event":{"mods":["AchievementEnabler","Act Like it!","Astrologer","BaseMod","Colored Powertips","Energized Spire","Infinite Spire","Minty Spire (QoL Compilation)","Pale of the Ancients","Permanent Neow","Rare Cards Sparkle","Replay The Spire","Shop Mod","Spikes Relics","StSLib","The Animator","The Bug Knight","The Hierophant","The Problem Sleuth","TheBandit","TheFirefly","Trackpad","egg","everything is the same but u backflip on backflip","slay the spire mod where everything is the same but ironclad has a cowboy hat"],"gold_per_floor":[110,58,69,84,96,96,115,115,115,147,147,160,172,201,201,297,247,267,45,61,61,61,61,61,61],"floor_reached":24,"language":"ENG","playtime":2395,"items_purged":[],"score":208,"play_id":"d42737e5-d2c8-4674-99c4-19f1b2c6ae20","local_time":"20210131134943","is_ascension_mode":false,"campfire_choices":[{"data":"Doom and Gloom","floor":6,"key":"SMITH"},{"floor":8,"key":"REST"},{"floor":11,"key":"REST"},{"floor":11,"key":"RECALL"},{"floor":15,"key":"REST"},{"data":"Buffer","floor":15,"key":"SMITH"},{"floor":23,"key":"REST"},{"data":"BasicCrystalCard","floor":23,"key":"SMITH"}],"circlet_count":0,"master_deck":["Strike_B","Strike_B","Strike_B","Strike_B+1","Defend_B+1","Defend_B","Defend_B","Defend_B","Zap","Dualcast","Cold Snap","Doom and Gloom+1","Panic Button","RefreshScreen","Coolheaded","Buffer+1","Skim","Conserve Battery","Multi-Cast","Strike_B","Lockon","BasicCrystalCard+1","Blizzard","BasicCrystalCard","Overencumbered"],"relics":["Cracked Core","infinitespire:Magic Flask","FossilizedHelix","energizedSpire:HugeHouse","Simple Rune","Black Star","Juzu Bracelet","Ring of Panic","ReplayTheSpireMod:Ring of Challenge"],"acts_visited":["Exordium","TheCity"],"potions_floor_usage":[14,14,16,16,24],"damage_taken":[{"damage":10,"enemies":"Cultist","floor":1,"turns":4},{"damage":0,"enemies":"Small Slimes","floor":3,"turns":3},{"damage":11,"enemies":"Jaw Worm","floor":4,"turns":3},{"damage":5,"enemies":"Blue Slaver","floor":5,"turns":2},{"damage":0,"enemies":"Large Slime","floor":7,"turns":4},{"damage":27,"enemies":"Gremlin Nob","floor":10,"turns":4},{"damage":23,"enemies":"Lots of Slimes","floor":12,"turns":3},{"damage":12,"enemies":"2 Fungi Beasts","floor":13,"turns":3},{"damage":15,"enemies":"3 Sentries","floor":14,"turns":4},{"damage":25,"enemies":"The Guardian","floor":16,"turns":12},{"damage":21,"enemies":"Chosen","floor":18,"turns":7},{"damage":14,"enemies":"3 Byrds","floor":20,"turns":5},{"damage":67,"enemies":"Gremlin Leader","floor":24,"turns":8}],"seed_played":"-8704518237104884599","potions_obtained":[{"floor":0,"key":"SneckoOil"},{"floor":0,"key":"FocusPotion"},{"floor":0,"key":"Venom Potion"},{"floor":5,"key":"Explosive Potion"},{"floor":10,"key":"Energy Potion"},{"floor":14,"key":"Adrenaline Potion"},{"floor":18,"key":"FearPotion"}],"is_trial":false,"path_per_floor":["M","$","M","M","M","R","M","R","T","E","R","M","M","E","R","B",null,"M","$","M","AVR","?","R","E"],"character_chosen":"DEFECT","items_purchased":["Cold Snap","Simple Rune","Blizzard"],"campfire_rested":4,"item_purchase_floors":[2,19,19],"current_hp_per_floor":[65,65,65,54,49,49,49,71,71,44,66,43,31,16,38,13,70,49,49,35,35,35,56,0,0],"gold":61,"neow_bonus":"THREE_SMALL_POTIONS","is_daily":false,"chose_seed":false,"campfire_upgraded":3,"win_rate":0.0,"timestamp":1612118983,"path_taken":["M","?","M","M","?","R","M","R","T","E","R","M","M","E","R","BOSS","M","$","M","AVR","?","R","E"],"items_purchased_type":["Card","Relic","Card"],"build_version":"2020-12-22","purchased_purges":0,"victory":false,"max_hp_per_floor":[75,75,75,75,75,75,75,75,75,75,75,75,75,75,75,75,70,70,70,70,70,70,70,70,70],"card_choices":[{"not_picked":["Crystallizer","Gash"],"picked":"Sweeping Beam","floor":1},{"not_picked":["FTL","Melter"],"picked":"Doom and Gloom","floor":3},{"not_picked":["Barrage","Steam"],"picked":"Panic Button","floor":4},{"not_picked":["Chill","Hologram"],"picked":"RefreshScreen","floor":5},{"not_picked":["Compile Driver","Capacitor"],"picked":"Coolheaded","floor":7},{"not_picked":["Stack","Hologram"],"picked":"Buffer","floor":10},{"not_picked":["RefreshScreen","Gash"],"picked":"Skim","floor":12},{"not_picked":["Consume","Compile Driver","Rebound"],"picked":"SKIP","floor":13},{"not_picked":["Heatsinks","Streamline"],"picked":"Conserve Battery","floor":14},{"not_picked":["Electrodynamics","Thunder Strike"],"picked":"Multi-Cast","floor":16},{"not_picked":["Rebound","Reinforced Body"],"picked":"BasicCrystalCard","floor":18},{"not_picked":["Reprogram+1","Defragment"],"picked":"BasicCrystalCard","floor":20}],"player_experience":43408,"relics_obtained":[{"floor":10,"key":"infinitespire:Magic Flask"},{"floor":14,"key":"FossilizedHelix"},{"floor":22,"key":"Ring of Panic"},{"floor":22,"key":"ReplayTheSpireMod:Ring of Challenge"}],"event_choices":[],"is_beta":false,"boss_relics":[{"not_picked":["Replay:Grab Bag","energizedSpire:UnstableMolecules"],"picked":"energizedSpire:HugeHouse"}],"items_purged_floors":[],"is_endless":false,"potions_floor_spawned":[4,5,10,14,18],"killed_by":"Gremlin Leader","ascension_level":0}}