{"host":"i0avyit1s6jb1siw","time":1612121682,"event":{"mods":["BaseMod","DeckTracker","Dota2Spire","Highlight Path","Minty Spire (QoL Compilation)","Quick Restart","StSLib","SuperFastMode"],"gold_per_floor":[218,218,236,161,161,161,172,17,17,17,17,31,31,31],"floor_reached":13,"language":"ENG","playtime":192,"items_purged":["Strike_R"],"score":146,"play_id":"62b6d8a4-d2d3-428b-a563-5ccdb1b61d15","local_time":"20210131203442","is_ascension_mode":true,"campfire_choices":[{"floor":6,"key":"REST"},{"data":"Bash","floor":11,"key":"SMITH"}],"circlet_count":0,"master_deck":["AscendersBane","Strike_R","Strike_R","Strike_R","Defend_R","Defend_R+1","Defend_R","Defend_R+1","Bash+1","Sword Boomerang","Pommel Strike","Intimidate","Hemokinesis","Flex"],"relics":["Burning Blood","Centennial Puzzle"],"acts_visited":["Exordium"],"potions_floor_usage":[],"damage_taken":[{"damage":3,"enemies":"2 Louse","floor":1,"turns":4},{"damage":9,"enemies":"Jaw Worm","floor":3,"turns":3},{"damage":3,"enemies":"Cultist","floor":7,"turns":4},{"damage":14,"enemies":"Lots of Slimes","floor":12,"turns":6},{"damage":34,"enemies":"Lagavulin","floor":13,"turns":4}],"seed_played":"-4805001018646108753","potions_obtained":[],"is_trial":false,"path_per_floor":["M","?","M","?","?","R","M","$","T","$","R","M","E"],"character_chosen":"IRONCLAD","items_purchased":["Hemokinesis"],"campfire_rested":1,"item_purchase_floors":[8],"current_hp_per_floor":[71,36,33,33,10,32,35,35,35,35,35,27,0,0],"gold":31,"neow_bonus":"HUNDRED_GOLD","is_daily":false,"chose_seed":false,"campfire_upgraded":1,"win_rate":0.0,"timestamp":1612121682,"path_taken":["M","?","M","?","?","R","M","$","T","$","R","M","E"],"items_purchased_type":["Card"],"build_version":"2020-12-22","purchased_purges":1,"victory":false,"max_hp_per_floor":[75,75,75,75,75,75,75,75,75,75,75,75,75,75],"card_choices":[{"not_picked":["Havoc","Heavy Blade"],"picked":"Sword Boomerang","floor":1},{"not_picked":["Sword Boomerang","Feel No Pain"],"picked":"Pommel Strike","floor":3},{"not_picked":["Clash","Reckless Charge"],"picked":"Intimidate","floor":7},{"not_picked":["Metallicize","Infernal Blade"],"picked":"Flex","floor":12}],"player_experience":2390864,"relics_obtained":[],"event_choices":[{"damage_healed":0,"gold_gain":0,"player_choice":"Success","damage_taken":35,"relics_obtained":["Centennial Puzzle"],"max_hp_gain":0,"max_hp_loss":0,"event_name":"Scrap Ooze","floor":2,"gold_loss":0},{"cards_removed":["Strike_R"],"damage_healed":0,"gold_gain":0,"player_choice":"Card Removal","damage_taken":0,"max_hp_gain":0,"max_hp_loss":0,"event_name":"The Cleric","floor":4,"gold_loss":75},{"damage_healed":0,"gold_gain":0,"player_choice":"Entered Light","damage_taken":23,"max_hp_gain":0,"max_hp_loss":0,"event_name":"Shining Light","floor":5,"gold_loss":0,"cards_upgraded":["Defend_R","Defend_R"]}],"is_beta":false,"boss_relics":[],"items_purged_floors":[8],"is_endless":false,"potions_floor_spawned":[],"killed_by":"Lagavulin","ascension_level":20}}