{"host":"zsnmfqgcm92hlreo","time":1612059097,"event":{"mods":["AchievementEnabler","BaseMod","Bestiary","Block Reminder","Colored Powertips","Minty Spire (QoL Compilation)","Permanent Neow","Quick Restart","Relic Stats","Weighted Paths"],"gold_per_floor":[20,40,56,72,86,86,236,311,311,338,358,383,403,418,418,497,497,508,508,508,484,484,518,596,596,596,628,641,641,667,680,680,754,754,771,791,203,220,220,220,248,248,274,298,332,351,402,413,413,413,413,413,413,57,90,90],"floor_reached":57,"language":"ENG","playtime":2401,"items_purged":["Strike_G","Strike_G"],"score":3414,"play_id":"d07a5454-5615-45da-84c4-09fd28b3770e","local_time":"20210130201137","is_ascension_mode":true,"campfire_choices":[{"data":"Riddle With Holes","floor":6.0,"key":"SMITH"},{"floor":15.0,"key":"REST"},{"data":"Riddle With Holes","floor":25.0,"key":"SMITH"},{"data":"Infinite Blades","floor":29.0,"key":"SMITH"},{"data":"Malaise","floor":32.0,"key":"SMITH"},{"floor":40.0,"key":"RECALL"},{"data":"Caltrops","floor":42.0,"key":"SMITH"},{"data":"Caltrops","floor":49.0,"key":"SMITH"},{"floor":53.0,"key":"REST"}],"circlet_count":0,"master_deck":["AscendersBane","Strike_G","Strike_G","Strike_G","Defend_G","Defend_G","Defend_G","Defend_G","Defend_G","Survivor","Neutralize","Riddle With Holes+1","Endless Agony","Leg Sweep","Riddle With Holes+1","Backstab","Doubt","Well Laid Plans","Caltrops+1","Dash","Cloak And Dagger","Malaise+1","Leg Sweep","Blade Dance","Dagger Spray","Ghostly","Ghostly","Ghostly","Pain","Shame","Infinite Blades+1","PiercingWail","Backflip","Corpse Explosion","CurseOfTheBell","PiercingWail","Finisher+1","Masterful Stab","Accuracy","Secret Weapon","Writhe","PiercingWail+1","Normality","Writhe","Caltrops+1","Blade Dance","Parasite","Footwork","Footwork"],"relics":["Ring of the Snake","Du-Vu Doll","Bottled Flame","Ninja Scroll","Shuriken","Cursed Key","MutagenicStrength","Centennial Puzzle","StrikeDummy","Ornamental Fan","Bag of Preparation","Calling Bell","Ancient Tea Set","Matryoshka","Dead Branch","Happy Flower","Ginger","White Beast Statue","Strawberry","Paper Crane","Anchor","Oddly Smooth Stone","Orichalcum","Bag of Marbles","CaptainsWheel"],"acts_visited":["Exordium","TheCity","TheBeyond","TheEnding"],"potions_floor_usage":[56],"damage_taken":[{"damage":0.0,"enemies":"Cultist","floor":1.0,"turns":4.0},{"damage":0.0,"enemies":"Jaw Worm","floor":2.0,"turns":3.0},{"damage":0.0,"enemies":"Small Slimes","floor":3.0,"turns":2.0},{"damage":0.0,"enemies":"2 Fungi Beasts","floor":4.0,"turns":4.0},{"damage":3.0,"enemies":"Looter","floor":5.0,"turns":3.0},{"damage":26.0,"enemies":"Gremlin Nob","floor":10.0,"turns":4.0},{"damage":0.0,"enemies":"Large Slime","floor":11.0,"turns":1.0},{"damage":15.0,"enemies":"Lagavulin","floor":12.0,"turns":5.0},{"damage":0.0,"enemies":"Exordium Wildlife","floor":13.0,"turns":1.0},{"damage":0.0,"enemies":"Red Slaver","floor":14.0,"turns":1.0},{"damage":17.0,"enemies":"Hexaghost","floor":16.0,"turns":9.0},{"damage":0.0,"enemies":"Spheric Guardian","floor":18.0,"turns":1.0},{"damage":0.0,"enemies":"Book of Stabbing","floor":23.0,"turns":1.0},{"damage":0.0,"enemies":"Slavers","floor":27.0,"turns":1.0},{"damage":0.0,"enemies":"Shell Parasite","floor":28.0,"turns":1.0},{"damage":0.0,"enemies":"Book of Stabbing","floor":30.0,"turns":3.0},{"damage":0.0,"enemies":"3 Cultists","floor":31.0,"turns":3.0},{"damage":0.0,"enemies":"Automaton","floor":33.0,"turns":5.0},{"damage":0.0,"enemies":"3 Darklings","floor":35.0,"turns":1.0},{"damage":0.0,"enemies":"3 Shapes","floor":36.0,"turns":1.0},{"damage":2.0,"enemies":"Spire Growth","floor":38.0,"turns":2.0},{"damage":0.0,"enemies":"Reptomancer","floor":41.0,"turns":1.0},{"damage":0.0,"enemies":"Giant Head","floor":45.0,"turns":2.0},{"damage":0.0,"enemies":"3 Darklings","floor":46.0,"turns":1.0},{"damage":3.0,"enemies":"Maw","floor":48.0,"turns":5.0},{"damage":2.0,"enemies":"Donu and Deca","floor":50.0,"turns":5.0},{"damage":21.0,"enemies":"Awakened One","floor":51.0,"turns":8.0},{"damage":0.0,"enemies":"Shield and Spear","floor":55.0,"turns":1.0},{"damage":14,"enemies":"The Heart","floor":56,"turns":6}],"seed_played":"-6845827725271127558","potions_obtained":[{"floor":1.0,"key":"SpeedPotion"},{"floor":5.0,"key":"Weak Potion"},{"floor":10.0,"key":"CunningPotion"},{"floor":11.0,"key":"GhostInAJar"},{"floor":28.0,"key":"Strength Potion"},{"floor":35.0,"key":"DuplicationPotion"}],"is_trial":false,"path_per_floor":["M","M","M","M","M","R","?","?","T","E","M","E","M","M","R","B",null,"M","?","?","$","?","E","T","R","T","E","M","R","E","M","R","B",null,"M","M","$","M","?","R","E","R","T","T","E","M","T","M","R","B","B",null,"R","$","E","B",null],"character_chosen":"THE_SILENT","items_purchased":["Dagger Spray","Masterful Stab","Accuracy","Happy Flower","Secret Weapon","Bag of Marbles","Footwork"],"campfire_rested":2,"item_purchase_floors":[21,37,37,37,37,54,54],"current_hp_per_floor":[59,59,59,59,56,56,56,45,45,19,19,4,4,4,23,6,51,51,51,51,51,33,33,33,33,33,33,33,33,33,33,33,33,33,33,33,33,31,33,33,33,33,40,40,40,40,40,37,37,35,14,34,40,40,40,26],"gold":90,"neow_bonus":"ONE_RARE_RELIC","is_daily":false,"chose_seed":false,"campfire_upgraded":6,"win_rate":0.0,"timestamp":1612059097,"path_taken":["M","M","M","M","?","R","?","?","T","E","M","E","M","M","R","BOSS","M","?","?","$","?","E","?","R","T","E","M","R","E","M","R","BOSS","M","M","$","M","?","R","E","R","T","?","E","?","?","M","R","BOSS","BOSS","R","$","E","BOSS"],"items_purchased_type":["Card","Card","Card","Relic","Card","Relic","Card"],"build_version":"2020-12-22","purchased_purges":2,"victory":true,"max_hp_per_floor":[66,66,66,66,66,66,66,66,66,66,66,66,66,66,66,66,66,66,66,66,66,33,33,33,33,33,33,33,33,33,33,33,33,33,33,33,33,33,33,33,33,33,40,40,40,40,40,40,40,40,40,40,40,40,40,40],"relic_stats":{"Centennial Puzzle":[13],"Happy Flower":[10],"counters":[29,85],"Shuriken":[58],"Ornamental Fan":[188],"Dead Branch":[109],"Bag of Preparation":[0],"Ginger":[10],"Orichalcum":[24],"Cursed Key":5,"obtain_stats":[{"Bag of Preparation":30,"Ginger":41,"Cursed Key":17,"Ancient Tea Set":34,"Centennial Puzzle":23,"Matryoshka":34,"Ninja Scroll":10,"Strawberry":43,"Ring of the Snake":0,"Happy Flower":37,"Dead Branch":34,"Oddly Smooth Stone":45,"Paper Crane":44,"Orichalcum":47,"White Beast Statue":43,"Du-Vu Doll":0,"Calling Bell":34,"Bottled Flame":9,"Anchor":44,"CaptainsWheel":55,"Shuriken":12,"Ornamental Fan":27,"MutagenicStrength":20,"Bag of Marbles":54,"StrikeDummy":24},{"Bag of Preparation":16,"Ginger":22,"Cursed Key":11,"Ancient Tea Set":18,"Centennial Puzzle":13,"Matryoshka":18,"Ninja Scroll":6,"Strawberry":22,"Ring of the Snake":0,"Happy Flower":20,"Dead Branch":18,"Oddly Smooth Stone":23,"Paper Crane":22,"Orichalcum":24,"White Beast Statue":22,"Du-Vu Doll":0,"Calling Bell":18,"Bottled Flame":5,"Anchor":22,"CaptainsWheel":28,"Shuriken":8,"Ornamental Fan":14,"MutagenicStrength":12,"Bag of Marbles":27,"StrikeDummy":13},{"Bag of Preparation":44,"Ginger":57,"Cursed Key":37,"Ancient Tea Set":52,"Centennial Puzzle":39,"Matryoshka":52,"Ninja Scroll":20,"Strawberry":57,"Ring of the Snake":0,"Happy Flower":54,"Dead Branch":52,"Oddly Smooth Stone":59,"Paper Crane":57,"Orichalcum":60,"White Beast Statue":57,"Du-Vu Doll":0,"Calling Bell":52,"Bottled Flame":16,"Anchor":57,"CaptainsWheel":79,"Shuriken":26,"Ornamental Fan":40,"MutagenicStrength":38,"Bag of Marbles":78,"StrikeDummy":39}],"Ring of the Snake":[57]},"card_choices":[{"not_picked":["Heel Hook","Poisoned Stab"],"picked":"Riddle With Holes","floor":1.0},{"not_picked":["Predator","Flying Knee"],"picked":"Endless Agony","floor":2.0},{"not_picked":["Acrobatics","Dagger Throw"],"picked":"Leg Sweep","floor":3.0},{"not_picked":["Infinite Blades","Predator"],"picked":"Riddle With Holes","floor":4.0},{"not_picked":["Expertise","Dodge and Roll"],"picked":"Backstab","floor":5.0},{"not_picked":["Heel Hook","Underhanded Strike"],"picked":"Well Laid Plans","floor":10.0},{"not_picked":["Backstab","Outmaneuver"],"picked":"Caltrops","floor":11.0},{"not_picked":["Bane","Acrobatics"],"picked":"Dash","floor":12.0},{"not_picked":["Acrobatics","Deadly Poison"],"picked":"Cloak And Dagger","floor":13.0},{"not_picked":["Eviscerate","Masterful Stab","Prepared"],"picked":"SKIP","floor":14.0},{"not_picked":["Adrenaline","Doppelganger"],"picked":"Malaise","floor":16.0},{"not_picked":["Deflect","Acrobatics"],"picked":"Leg Sweep","floor":18.0},{"not_picked":["Outmaneuver","Predator","Malaise"],"picked":"SKIP","floor":23.0},{"not_picked":["Backflip","Bane"],"picked":"Infinite Blades","floor":27.0},{"not_picked":["Prepared","Setup"],"picked":"PiercingWail","floor":28.0},{"not_picked":["Catalyst","Masterful Stab","Deflect+1"],"picked":"SKIP","floor":30.0},{"not_picked":["Tactician","Heel Hook"],"picked":"Backflip","floor":31.0},{"not_picked":["Night Terror","Envenom"],"picked":"Corpse Explosion","floor":33.0},{"not_picked":["Leg Sweep","Slice"],"picked":"PiercingWail","floor":35.0},{"not_picked":["Tactician+1","Dagger Throw"],"picked":"Finisher+1","floor":36.0},{"not_picked":["All Out Attack","Poisoned Stab","Dodge and Roll"],"picked":"SKIP","floor":38.0},{"not_picked":["Bouncing Flask","Quick Slash"],"picked":"PiercingWail+1","floor":41.0},{"not_picked":["Distraction","Prepared+1"],"picked":"Caltrops","floor":45.0},{"not_picked":["Quick Slash+1","Dagger Throw"],"picked":"Blade Dance","floor":46.0},{"not_picked":["Venomology","Slice"],"picked":"Footwork","floor":48.0},{"not_picked":["Underhanded Strike","Corpse Explosion","Predator"],"picked":"SKIP","floor":55.0}],"player_experience":961688,"relics_obtained":[{"floor":9.0,"key":"Bottled Flame"},{"floor":10.0,"key":"Ninja Scroll"},{"floor":12.0,"key":"Shuriken"},{"floor":23.0,"key":"Centennial Puzzle"},{"floor":24.0,"key":"StrikeDummy"},{"floor":27.0,"key":"Ornamental Fan"},{"floor":30.0,"key":"Bag of Preparation"},{"floor":34.0,"key":"Ancient Tea Set"},{"floor":34.0,"key":"Matryoshka"},{"floor":34.0,"key":"Dead Branch"},{"floor":41.0,"key":"Ginger"},{"floor":43.0,"key":"White Beast Statue"},{"floor":43.0,"key":"Strawberry"},{"floor":44.0,"key":"Paper Crane"},{"floor":44.0,"key":"Anchor"},{"floor":45.0,"key":"Oddly Smooth Stone"},{"floor":47.0,"key":"Orichalcum"},{"floor":55.0,"key":"CaptainsWheel"}],"event_choices":[{"damage_healed":0.0,"max_hp_gain":0.0,"max_hp_loss":0.0,"gold_gain":150.0,"event_name":"Liars Game","player_choice":"AGREE","floor":7.0,"gold_loss":0.0,"damage_taken":0.0,"cards_obtained":["Doubt"]},{"damage_healed":0.0,"max_hp_gain":0.0,"max_hp_loss":0.0,"gold_gain":75.0,"event_name":"World of Goop","player_choice":"Gather Gold","floor":8.0,"gold_loss":0.0,"damage_taken":11.0},{"damage_healed":0.0,"max_hp_gain":0.0,"max_hp_loss":0.0,"gold_gain":0.0,"event_name":"The Library","player_choice":"Read","floor":19.0,"gold_loss":0.0,"damage_taken":0.0,"cards_obtained":["Blade Dance"]},{"damage_healed":0.0,"max_hp_gain":0.0,"max_hp_loss":0.0,"gold_gain":0.0,"event_name":"Drug Dealer","player_choice":"Inject Mutagens","floor":20.0,"gold_loss":0.0,"damage_taken":0.0,"relics_obtained":["MutagenicStrength"]},{"damage_healed":0.0,"max_hp_gain":0.0,"max_hp_loss":33.0,"gold_gain":0.0,"event_name":"Ghosts","player_choice":"Became a Ghost","floor":22.0,"gold_loss":0.0,"damage_taken":0.0,"cards_obtained":["Ghostly","Ghostly","Ghostly"]},{"damage_healed":7.0,"max_hp_gain":0.0,"max_hp_loss":0.0,"gold_gain":0.0,"event_name":"Winding Halls","player_choice":"Writhe","floor":39.0,"gold_loss":0.0,"damage_taken":0.0,"cards_obtained":["Writhe"]}],"is_beta":false,"boss_relics":[{"not_picked":["Busted Crown","Runic Pyramid"],"picked":"Cursed Key"},{"not_picked":["Astrolabe","Black Star"],"picked":"Calling Bell"}],"items_purged_floors":[37,54],"is_endless":false,"potions_floor_spawned":[1,5,10,11,13,28,30,31,35,36,38,45,46,48,55],"ascension_level":20}}