{"host":"TheHustler","time":1612088361,"event":{"mods":["BaseMod","Block Reminder","Colored Map","Colored Powertips","Minty Spire (QoL Compilation)","Quick Restart","StSLib","SuperFastMode","Unceasing Turn Reminder"],"gold_per_floor":[114,114,39,39,39,39,54,84,159,159,174,174,189,219,219,319,319,334,185,225,240,255,255,285,285,285,315,330,345,675,675,675,775,775,790,523,523,523,573,603,603,633,633,60,75,35,35,50,50,50],"floor_reached":51,"language":"ENG","playtime":3377,"items_purged":["Strike_R","Strike_R","Strike_R"],"score":821,"play_id":"4173836b-5864-4a36-9678-e0325b0496fa","local_time":"20210131111921","daily_mods":["Allstar","Diverse","Elite Swarm"],"is_ascension_mode":false,"campfire_choices":[{"data":"Discovery","floor":6.0,"key":"SMITH"},{"data":"Transmutation","floor":10.0,"key":"SMITH"},{"data":"Die Die Die","floor":12.0,"key":"SMITH"},{"data":"Double Tap","floor":15.0,"key":"SMITH"},{"data":"Footwork","floor":23,"key":"SMITH"},{"data":"Storm of Steel","floor":25,"key":"SMITH"},{"floor":32,"key":"REST"},{"data":"Panacea","floor":41,"key":"SMITH"},{"floor":47,"key":"REST"},{"data":"Bash","floor":49,"key":"SMITH"}],"circlet_count":0,"master_deck":["Strike_R","Strike_R","Defend_R","Defend_R","Defend_R","Defend_R+1","Bash+1","Discovery+1","Blind+1","Transmutation+1","Impatience+1","Panacea+1","Conserve Battery","FollowUp","Shrug It Off","Die Die Die+1","Crippling Poison","Melter+1","Double Tap+1","Corpse Explosion","FTL","Footwork+1","Uppercut+1","Storm of Steel+1","Offering+1","Rainbow+1","Envenom","Blade Dance+1","Bandage Up+1","Burning Pact+1","Madness+1","Madness+1","A Thousand Cuts","Wish+1","Acrobatics+1","Dodge and Roll+1"],"relics":["Burning Blood","Incense Burner","Self Forming Clay","Paper Frog","Bronze Scales","Mark of Pain","Blood Vial","Potion Belt","Toxic Egg 2","Old Coin","SacredBark","Gambling Chip","Ornamental Fan","Bottled Tornado","TungstenRod","Unceasing Top"],"acts_visited":["Exordium","TheCity","TheBeyond"],"potions_floor_usage":[16,45,50,50,50,50],"damage_taken":[{"damage":0.0,"enemies":"Small Slimes","floor":1.0,"turns":3.0},{"damage":4.0,"enemies":"Jaw Worm","floor":7.0,"turns":3.0},{"damage":19.0,"enemies":"Lagavulin","floor":8.0,"turns":6.0},{"damage":1.0,"enemies":"Cultist","floor":11.0,"turns":4.0},{"damage":6.0,"enemies":"Lots of Slimes","floor":13.0,"turns":2.0},{"damage":6.0,"enemies":"3 Sentries","floor":14.0,"turns":7.0},{"damage":38,"enemies":"Slime Boss","floor":16,"turns":14},{"damage":11,"enemies":"2 Thieves","floor":18,"turns":4},{"damage":3,"enemies":"Shell Parasite","floor":20,"turns":5},{"damage":12,"enemies":"Shelled Parasite and Fungi","floor":21,"turns":4},{"damage":11,"enemies":"Snecko","floor":22,"turns":4},{"damage":13,"enemies":"Gremlin Leader","floor":24,"turns":6},{"damage":7,"enemies":"Slavers","floor":27,"turns":4},{"damage":22,"enemies":"Centurion and Healer","floor":28,"turns":4},{"damage":10,"enemies":"Shelled Parasite and Fungi","floor":29,"turns":3},{"damage":10,"enemies":"Book of Stabbing","floor":30,"turns":5},{"damage":46,"enemies":"Collector","floor":33,"turns":11},{"damage":11,"enemies":"3 Darklings","floor":35,"turns":4},{"damage":25,"enemies":"Mind Bloom Boss Battle","floor":39,"turns":8},{"damage":20,"enemies":"Giant Head","floor":40,"turns":6},{"damage":24,"enemies":"Nemesis","floor":42,"turns":7},{"damage":5,"enemies":"3 Shapes","floor":45,"turns":5},{"damage":5,"enemies":"Jaw Worm Horde","floor":48,"turns":3},{"damage":22,"enemies":"Awakened One","floor":50,"turns":9}],"seed_played":"7510361231737359051","potions_obtained":[{"floor":13.0,"key":"Ancient Potion"},{"floor":14.0,"key":"Weak Potion"},{"floor":21,"key":"FearPotion"},{"floor":27,"key":"SteroidPotion"},{"floor":28,"key":"Dexterity Potion"},{"floor":29,"key":"DistilledChaos"},{"floor":45,"key":"Fruit Juice"}],"is_trial":false,"path_per_floor":["M","?","$","?","?","R","M","E","T","R","M","R","M","E","R","B",null,"M","$","M","M","M","R","E","R","T","E","M","M","E","?","R","B",null,"M","$","?","?","?","E","R","E","T","$","M","?","R","M","R","B",null],"character_chosen":"IRONCLAD","items_purchased":["FTL","Footwork","Bandage Up+1","Burning Pact+1","CultistPotion","Unceasing Top","Acrobatics+1"],"campfire_rested":2,"item_purchase_floors":[19,19,36,36,44,44,44],"current_hp_per_floor":[80,62,62,46,46,46,48,35,35,35,40,40,40,40,40,8,80,75,75,78,72,67,67,60,60,60,61,47,45,43,28,53,15,85,80,80,80,69,58,52,52,42,42,42,55,55,83,92,92,84],"gold":50,"neow_bonus":"","is_daily":true,"chose_seed":false,"campfire_upgraded":8,"win_rate":0.0,"timestamp":1612088361,"path_taken":["M","?","$","?","?","R","M","E","T","R","M","R","?","E","R","BOSS","M","$","M","M","M","R","E","R","T","E","?","M","E","?","R","BOSS","M","$","?","?","?","E","R","E","T","$","M","?","R","?","R","BOSS"],"items_purchased_type":["Card","Card","Card","Card","Potion","Relic","Card"],"build_version":"2020-12-18","purchased_purges":3,"victory":true,"max_hp_per_floor":[80,80,80,80,80,80,80,80,80,80,80,80,80,80,80,80,80,80,80,80,80,80,80,80,80,80,80,80,80,80,85,85,85,85,85,85,85,85,85,85,85,85,85,85,95,95,95,95,95,95],"card_choices":[{"not_picked":["Prostrate","Prepared"],"picked":"Conserve Battery","floor":1.0},{"not_picked":["Conserve Battery","Protect"],"picked":"Shrug It Off","floor":7.0},{"not_picked":["Glass Knife","Burst"],"picked":"Die Die Die","floor":8.0},{"not_picked":["PathToVictory","Thunderclap"],"picked":"Crippling Poison","floor":11.0},{"not_picked":["Accuracy","Flying Knee"],"picked":"Melter","floor":13.0},{"not_picked":["Brilliance","Amplify"],"picked":"Double Tap","floor":14.0},{"not_picked":["Double Tap","LessonLearned"],"picked":"Corpse Explosion","floor":16},{"not_picked":["Outmaneuver","BowlingBash","EmptyFist"],"picked":"SKIP","floor":18},{"not_picked":["Cleave","SandsOfTime"],"picked":"Uppercut+1","floor":20},{"not_picked":["Backstab+1","Shrug It Off","Halt"],"picked":"SKIP","floor":21},{"not_picked":["ForeignInfluence","Iron Wave","Clash"],"picked":"SKIP","floor":22},{"not_picked":["Judgement","Scrawl"],"picked":"Storm of Steel","floor":24},{"not_picked":["Establishment","Corpse Explosion+1"],"picked":"Offering+1","floor":27},{"not_picked":["Wireheading","WheelKick+1","CutThroughFate"],"picked":"SKIP","floor":28},{"not_picked":["Sentinel+1","FollowUp","Steam+1"],"picked":"SKIP","floor":29},{"not_picked":["Juggernaut","Scrawl+1"],"picked":"Rainbow+1","floor":30},{"not_picked":["Meteor Strike","Devotion"],"picked":"Envenom","floor":33},{"not_picked":["Searing Blow+1","Calculated Gamble+1"],"picked":"Blade Dance+1","floor":35},{"not_picked":["Glass Knife","ConjureBlade+1"],"picked":"A Thousand Cuts","floor":40},{"not_picked":["Fission+1","Devotion"],"picked":"Wish+1","floor":42},{"not_picked":["Ball Lightning","Underhanded Strike+1","Metallicize"],"picked":"SKIP","floor":45},{"not_picked":["FlurryOfBlows","Caltrops+1"],"picked":"Dodge and Roll+1","floor":48}],"player_experience":655811,"relics_obtained":[{"floor":8.0,"key":"Self Forming Clay"},{"floor":9.0,"key":"Paper Frog"},{"floor":14.0,"key":"Bronze Scales"},{"floor":24,"key":"Blood Vial"},{"floor":26,"key":"Potion Belt"},{"floor":27,"key":"Toxic Egg 2"},{"floor":30,"key":"Old Coin"},{"floor":39,"key":"Gambling Chip"},{"floor":40,"key":"Ornamental Fan"},{"floor":42,"key":"Bottled Tornado"},{"floor":43,"key":"TungstenRod"}],"event_choices":[{"damage_healed":0.0,"max_hp_gain":0.0,"max_hp_loss":0.0,"gold_gain":0.0,"event_name":"Scrap Ooze","player_choice":"Success","floor":2.0,"gold_loss":0.0,"damage_taken":18.0,"relics_obtained":["Incense Burner"]},{"damage_healed":0.0,"max_hp_gain":0.0,"max_hp_loss":0.0,"gold_gain":0.0,"event_name":"Shining Light","player_choice":"Entered Light","floor":4.0,"gold_loss":0.0,"damage_taken":16.0,"cards_upgraded":["Blind","Impatience"]},{"damage_healed":0.0,"max_hp_gain":0.0,"max_hp_loss":0.0,"gold_gain":0.0,"event_name":"Match and Keep!","player_choice":"1 cards matched","floor":5.0,"gold_loss":0.0,"damage_taken":0.0,"cards_obtained":["FollowUp"]},{"damage_healed":0,"gold_gain":0,"player_choice":"Shed Blood","damage_taken":20,"max_hp_gain":5,"max_hp_loss":0,"event_name":"Forgotten Altar","floor":31,"gold_loss":0},{"damage_healed":0,"gold_gain":0,"player_choice":"Ignored","damage_taken":0,"max_hp_gain":0,"max_hp_loss":0,"event_name":"Tomb of Lord Red Mask","floor":37,"gold_loss":0},{"damage_healed":0,"gold_gain":0,"player_choice":"Embrace Madness","damage_taken":11,"max_hp_gain":0,"max_hp_loss":0,"event_name":"Winding Halls","floor":38,"gold_loss":0,"cards_obtained":["Madness","Madness"]},{"damage_healed":0,"gold_gain":0,"player_choice":"Fight","damage_taken":0,"max_hp_gain":0,"max_hp_loss":0,"event_name":"MindBloom","floor":39,"gold_loss":0},{"damage_healed":0,"gold_gain":0,"player_choice":"Upgraded Two","damage_taken":0,"max_hp_gain":0,"max_hp_loss":0,"event_name":"Designer","floor":46,"gold_loss":40,"cards_upgraded":["Defend_R","Melter"]}],"is_beta":true,"boss_relics":[{"not_picked":["SlaversCollar","Sozu"],"picked":"Mark of Pain"},{"not_picked":["Calling Bell","Velvet Choker"],"picked":"SacredBark"}],"items_purged_floors":[3,36,44],"is_endless":false,"potions_floor_spawned":[13,14,21,27,28,29,40,42,45],"ascension_level":0}}