{"host":"xmr2g8b7eju0288o","time":1612075465,"event":{"mods":["100% Spire Juice","AchievementEnabler","BaseMod","Colored Map","Colored Powertips","Infinite Spire","KOR Keyword Fix","Minty Spire (QoL Compilation)","Quick Restart","Spicy Shops","StSLib","SuperFastMode"],"gold_per_floor":[109,109,109,120,120,120,153,183,183,183,183],"floor_reached":10,"language":"KOR","playtime":183,"items_purged":[],"score":148,"play_id":"f626c4de-76d5-44e3-be68-7cd50c1cadb6","local_time":"20210131154425","daily_mods":["Heirloom","DeadlyEvents","Elite Swarm"],"is_ascension_mode":true,"campfire_choices":[{"data":"Bash","floor":6,"key":"SMITH"}],"circlet_count":0,"master_deck":["AscendersBane","Strike_R","Strike_R","Strike_R","Strike_R","Defend_R","Defend_R","Defend_R","Defend_R","Bash+1","Clash+1","Second Wind","Demon Form","Feed"],"relics":["Burning Blood","StoneCalendar","infinitespire:Magic Flask","Pen Nib","infinitespire:WardingShard"],"acts_visited":["Exordium"],"potions_floor_usage":[],"damage_taken":[{"damage":2,"enemies":"Cultist","floor":1,"turns":4},{"damage":12,"enemies":"Small Slimes","floor":4,"turns":3},{"damage":35,"enemies":"Lagavulin","floor":7,"turns":5},{"damage":30,"enemies":"3 Sentries","floor":8,"turns":7},{"damage":16,"enemies":"Lagavulin","floor":10,"turns":4}],"seed_played":"1645540381110687792","potions_obtained":[{"floor":8,"key":"Weak Potion"}],"is_trial":true,"path_per_floor":["M","$","?","M","?","R","E","E","T","E"],"character_chosen":"IRONCLAD","items_purchased":[],"campfire_rested":0,"item_purchase_floors":[],"current_hp_per_floor":[72,72,72,66,66,66,37,13,13,0,0],"gold":183,"neow_bonus":"","is_daily":false,"chose_seed":false,"campfire_upgraded":1,"win_rate":0.0,"timestamp":1612075465,"path_taken":["M","?","?","?","?","R","?","E","T","E"],"items_purchased_type":[],"build_version":"2020-12-22","purchased_purges":0,"victory":false,"max_hp_per_floor":[75,75,75,75,75,75,75,75,75,75,75],"card_choices":[{"not_picked":["Havoc","Wild Strike"],"picked":"Clash","floor":1},{"not_picked":["Shrug It Off","Dropkick","Reckless Charge"],"picked":"SKIP","floor":4},{"not_picked":["Corruption","Fiend Fire"],"picked":"Demon Form","floor":7},{"not_picked":["Barricade","Fiend Fire"],"picked":"Feed","floor":8}],"player_experience":123798,"relics_obtained":[{"floor":7,"key":"infinitespire:Magic Flask"},{"floor":8,"key":"Pen Nib"},{"floor":9,"key":"infinitespire:WardingShard"}],"event_choices":[{"damage_healed":0,"gold_gain":0,"cards_transformed":["Strike_R"],"player_choice":"Transformed","damage_taken":0,"max_hp_gain":0,"max_hp_loss":0,"event_name":"Transmorgrifier","floor":3,"gold_loss":0,"cards_obtained":["Second Wind"]},{"damage_healed":0,"gold_gain":0,"player_choice":"Upgraded","damage_taken":0,"max_hp_gain":0,"max_hp_loss":0,"event_name":"Upgrade Shrine","floor":5,"gold_loss":0,"cards_upgraded":["Clash"]}],"is_beta":false,"boss_relics":[],"items_purged_floors":[],"is_endless":false,"potions_floor_spawned":[8],"killed_by":"Lagavulin","ascension_level":20}}