{"host":"nwd160me4iqdtr8u","time":1612087076,"event":{"mods":["AchievementEnabler","Act Like it!","BaseMod","Colored Map","DeckTracker","Keyboard Shortcuts","Minty Spire (QoL Compilation)","Quick Restart","Rare Cards Sparkle","StSLib","SuperFastMode","everything is the same but u backflip on backflip"],"gold_per_floor":[114,114,124,49,61,95,95,95,121,121,144,144,108,121,121,121,121],"floor_reached":16,"language":"KOR","playtime":348,"items_purged":["Strike_G"],"score":180,"play_id":"671d292a-98af-400c-85ff-fcf09831c7f3","local_time":"20210131185756","is_ascension_mode":true,"campfire_choices":[{"floor":7,"key":"REST"},{"data":"Crippling Poison","floor":10,"key":"SMITH"},{"floor":15,"key":"REST"}],"circlet_count":0,"master_deck":["AscendersBane","Strike_G","Strike_G","Strike_G","Strike_G","Defend_G","Defend_G","Defend_G","Defend_G","Defend_G","Survivor","Neutralize","Crippling Poison+1","Tactician","PiercingWail","Deflect","Escape Plan","All Out Attack","Poisoned Stab"],"relics":["Ring of the Snake","NeowsBlessing","Snake Skull","Golden Idol","Potion Belt","Ancient Tea Set"],"acts_visited":["Exordium"],"potions_floor_usage":[6,6,14,16],"damage_taken":[{"damage":0,"enemies":"Small Slimes","floor":1,"turns":1},{"damage":0,"enemies":"Cultist","floor":3,"turns":1},{"damage":0,"enemies":"Jaw Worm","floor":5,"turns":1},{"damage":55,"enemies":"Gremlin Nob","floor":6,"turns":7},{"damage":13,"enemies":"Large Slime","floor":11,"turns":15},{"damage":0,"enemies":"Looter","floor":14,"turns":3},{"damage":43,"enemies":"Slime Boss","floor":16,"turns":6}],"seed_played":"4802071954316832521","potions_obtained":[{"floor":1,"key":"Weak Potion"},{"floor":2,"key":"PowerPotion"},{"floor":5,"key":"PowerPotion"},{"floor":11,"key":"SteroidPotion"},{"floor":14,"key":"Block Potion"}],"is_trial":false,"path_per_floor":["M","?","M","$","M","E","R","?","T","R","M","?","$","M","R","B"],"character_chosen":"THE_SILENT","items_purchased":["All Out Attack"],"campfire_rested":2,"item_purchase_floors":[13],"current_hp_per_floor":[59,59,59,59,59,4,23,23,23,23,10,5,5,5,23,0,0],"gold":121,"neow_bonus":"THREE_ENEMY_KILL","is_daily":false,"chose_seed":false,"campfire_upgraded":1,"win_rate":0.0,"timestamp":1612087076,"path_taken":["M","?","M","?","?","E","R","?","T","R","M","?","$","M","R","BOSS"],"items_purchased_type":["Card"],"build_version":"2020-12-22","purchased_purges":1,"victory":false,"max_hp_per_floor":[66,66,66,66,66,66,66,60,60,60,60,60,60,60,60,60,60],"card_choices":[{"not_picked":["Outmaneuver","Finisher"],"picked":"Crippling Poison","floor":1},{"not_picked":["Terror","Sucker Punch"],"picked":"Tactician","floor":3},{"not_picked":["Cloak And Dagger","Reflex"],"picked":"PiercingWail","floor":5},{"not_picked":["Concentrate","Reflex"],"picked":"Deflect","floor":6},{"not_picked":["Cloak And Dagger","Outmaneuver"],"picked":"Escape Plan","floor":11},{"not_picked":["Caltrops","Dodge and Roll"],"picked":"Poisoned Stab","floor":14}],"player_experience":341258,"relics_obtained":[{"floor":6,"key":"Snake Skull"},{"floor":9,"key":"Potion Belt"}],"event_choices":[{"damage_healed":0,"gold_gain":0,"player_choice":"Got Potions","damage_taken":0,"max_hp_gain":0,"max_hp_loss":0,"event_name":"Lab","floor":2,"gold_loss":0},{"damage_healed":0,"gold_gain":0,"player_choice":"Lose Max HP","damage_taken":0,"relics_obtained":["Golden Idol"],"max_hp_gain":0,"max_hp_loss":6,"event_name":"Golden Idol","floor":8,"gold_loss":0},{"damage_healed":0,"gold_gain":0,"player_choice":"Success","damage_taken":5,"relics_obtained":["Ancient Tea Set"],"max_hp_gain":0,"max_hp_loss":0,"event_name":"Scrap Ooze","floor":12,"gold_loss":0}],"is_beta":false,"boss_relics":[],"items_purged_floors":[4],"is_endless":false,"potions_floor_spawned":[1,5,11,14],"killed_by":"Slime Boss","ascension_level":16}}