{"host":"ow66nzv2xecjoor3","time":1612061523,"event":{"mods":["BaseMod","Bestiary","Block Reminder","Colored Powertips","Curses Come First","Highlight Path","Keyboard Shortcuts","Minty Spire (QoL Compilation)","Permanent Neow","Relic Stats","StSLib","UnlockEverythingMod"],"gold_per_floor":[113,130,130,150,164,175,206,206,206,206,231,196,196,210,210,282,282,298,54,66,101,101,101,128,128,202,219,234,264,264,294,294,372,372,391,416,416,25,35,68,81,115,162,162,162,172,80,98,98,98,98,98,98,29,54,54],"floor_reached":57,"language":"ENG","playtime":5230,"items_purged":["Anger","Anger","Rage"],"score":2985,"play_id":"a9c3ec52-9c9d-406d-b9b7-7c804df38d50","local_time":"20210130205203","is_ascension_mode":true,"campfire_choices":[{"data":"Bludgeon","floor":8.0,"key":"SMITH"},{"data":"Shockwave","floor":13.0,"key":"SMITH"},{"data":"1","floor":15.0,"key":"LIFT"},{"data":"Dual Wield","floor":23.0,"key":"SMITH"},{"data":"Offering","floor":25.0,"key":"SMITH"},{"floor":30.0,"key":"REST"},{"data":"Battle Trance","floor":32.0,"key":"SMITH"},{"floor":45,"key":"REST"},{"floor":49,"key":"RECALL"},{"floor":53,"key":"REST"}],"circlet_count":0,"master_deck":["AscendersBane","Bash","Berserk","Clothesline","Inflame","Impervious","Bludgeon+1","Rage","Shockwave+1","Spot Weakness","Battle Trance+1","Offering+1","Spot Weakness","Impervious","Dark Embrace","Disarm","Armaments+1","Dual Wield+1","Battle Trance","True Grit+1","Disarm","Double Tap","Barricade","Berserk","Shrug It Off","Dark Embrace","Dark Embrace","Demon Form","Flame Barrier+1","Shockwave+1","Bludgeon","Sever Soul+1","True Grit+1","Dual Wield+1","Feel No Pain","True Grit+1","Reaper"],"relics":["Pandora\u0027s Box","Regal Pillow","Thread and Needle","Girya","Snecko Eye","Red Mask","Ice Cream","Prayer Wheel","Akabeko","Black Star","Gambling Chip","Membership Card","TungstenRod","StrikeDummy","Toxic Egg 2","Ginger","Bottled Lightning","Happy Flower","Anchor","Bronze Scales"],"acts_visited":["Exordium","TheCity","TheBeyond","TheEnding"],"potions_floor_usage":[41,41,41,55],"damage_taken":[{"damage":0.0,"enemies":"Jaw Worm","floor":1.0,"turns":2.0},{"damage":0.0,"enemies":"Cultist","floor":2.0,"turns":2.0},{"damage":3.0,"enemies":"2 Louse","floor":4.0,"turns":3.0},{"damage":7.0,"enemies":"Blue Slaver","floor":5.0,"turns":3.0},{"damage":0.0,"enemies":"2 Fungi Beasts","floor":6.0,"turns":3.0},{"damage":15.0,"enemies":"Lagavulin","floor":7.0,"turns":5.0},{"damage":6.0,"enemies":"Gremlin Nob","floor":11.0,"turns":2.0},{"damage":0.0,"enemies":"Exordium Wildlife","floor":14.0,"turns":3.0},{"damage":35.0,"enemies":"Hexaghost","floor":16.0,"turns":5.0},{"damage":0.0,"enemies":"2 Thieves","floor":18.0,"turns":3.0},{"damage":6.0,"enemies":"Chosen","floor":20.0,"turns":1.0},{"damage":6.0,"enemies":"Masked Bandits","floor":21.0,"turns":3.0},{"damage":6.0,"enemies":"Book of Stabbing","floor":24.0,"turns":3.0},{"damage":6.0,"enemies":"Centurion and Healer","floor":27.0,"turns":2.0},{"damage":29.0,"enemies":"Cultist and Chosen","floor":28.0,"turns":6.0},{"damage":5.0,"enemies":"Gremlin Leader","floor":29.0,"turns":5.0},{"damage":17.0,"enemies":"Slavers","floor":31.0,"turns":7.0},{"damage":27.0,"enemies":"Champ","floor":33.0,"turns":6.0},{"damage":13.0,"enemies":"3 Shapes","floor":35.0,"turns":3.0},{"damage":8.0,"enemies":"Mind Bloom Boss Battle","floor":36.0,"turns":7.0},{"damage":0.0,"enemies":"Orb Walker","floor":39.0,"turns":2.0},{"damage":5,"enemies":"Reptomancer","floor":40,"turns":4},{"damage":5,"enemies":"Sphere and 2 Shapes","floor":41,"turns":4},{"damage":5,"enemies":"Nemesis","floor":42,"turns":5},{"damage":0,"enemies":"4 Shapes","floor":46,"turns":6},{"damage":5,"enemies":"Maw","floor":48,"turns":7},{"damage":25,"enemies":"Awakened One","floor":50,"turns":10},{"damage":5,"enemies":"Donu and Deca","floor":51,"turns":5},{"damage":49,"enemies":"Shield and Spear","floor":55,"turns":6},{"damage":118,"enemies":"The Heart","floor":56,"turns":11}],"seed_played":"-2719282869880648362","potions_obtained":[{"floor":1.0,"key":"Weak Potion"},{"floor":4.0,"key":"Dexterity Potion"},{"floor":20.0,"key":"BloodPotion"},{"floor":24.0,"key":"Fruit Juice"},{"floor":31.0,"key":"Dexterity Potion"},{"floor":33.0,"key":"Explosive Potion"},{"floor":40,"key":"EntropicBrew"},{"floor":42,"key":"EssenceOfSteel"},{"floor":46,"key":"Weak Potion"},{"floor":48,"key":"PowerPotion"}],"is_trial":false,"path_per_floor":["M","M","?","M","M","M","E","R","T","?","E","?","R","M","R","B",null,"M","$","M","?","?","R","E","R","T","M","M","E","R","E","R","B",null,"M","?","?","$","M","E","M","E","T","?","R","M","$","M","R","B","B",null,"R","$","E","B",null],"character_chosen":"IRONCLAD","items_purchased":["Dark Embrace","Disarm","Membership Card","TungstenRod","Shrug It Off","True Grit+1","Feel No Pain","True Grit+1"],"campfire_rested":3,"item_purchase_floors":[19,19,38,38,38,47,54,54],"current_hp_per_floor":[68,68,85,82,75,75,60,60,60,53,47,68,68,68,68,33,72,72,72,66,60,60,60,71,71,71,65,36,31,71,54,54,32,76,63,55,55,55,55,50,45,40,40,40,80,80,80,75,75,50,45,75,85,85,36,39],"gold":54,"neow_bonus":"BOSS_RELIC","is_daily":false,"chose_seed":false,"campfire_upgraded":5,"win_rate":0.0,"timestamp":1612061523,"path_taken":["M","M","?","M","M","M","E","R","T","?","E","?","R","M","R","BOSS","M","$","M","?","?","R","E","R","T","M","M","E","R","E","R","BOSS","M","?","?","$","M","E","M","E","T","?","R","M","$","M","R","BOSS","BOSS","R","$","E","BOSS"],"items_purchased_type":["Card","Card","Relic","Relic","Card","Card","Card","Card"],"build_version":"2020-12-22","purchased_purges":3,"victory":true,"max_hp_per_floor":[75,75,85,85,85,85,85,85,85,85,85,85,85,85,85,85,85,85,85,85,85,85,85,85,85,85,85,85,85,85,85,85,90,90,90,90,85,85,85,85,85,85,85,85,85,85,85,85,85,85,85,85,85,85,85,85],"relic_stats":{"Regal Pillow":30,"Happy Flower":[15],"counters":[30,134],"Gambling Chip":[41],"Bronze Scales":[144],"Snecko Eye":[280,280,270,252],"Pandora\u0027s Box":["Berserk","Clothesline","Inflame","Fiend Fire","Impervious","Twin Strike","Anger","Bludgeon","Rage"],"Prayer Wheel":5,"Black Star":3,"Ginger":[7],"obtain_stats":[{"Ice Cream":24,"Girya":11,"Regal Pillow":7,"Happy Flower":43,"Thread and Needle":9,"Ginger":42,"Burning Blood":0,"Akabeko":31,"Anchor":55,"Gambling Chip":36,"Bronze Scales":55,"Snecko Eye":17,"Pandora\u0027s Box":0,"Prayer Wheel":29,"Red Mask":21,"Black Star":34,"Membership Card":38,"Bottled Lightning":42,"Toxic Egg 2":40,"StrikeDummy":40,"TungstenRod":38},{"Ice Cream":13,"Girya":7,"Regal Pillow":6,"Happy Flower":24,"Thread and Needle":6,"Ginger":24,"Burning Blood":0,"Akabeko":17,"Anchor":29,"Gambling Chip":20,"Bronze Scales":29,"Snecko Eye":9,"Pandora\u0027s Box":0,"Prayer Wheel":16,"Red Mask":12,"Black Star":18,"Membership Card":20,"Bottled Lightning":24,"Toxic Egg 2":22,"StrikeDummy":22,"TungstenRod":20},{"Ice Cream":38,"Girya":20,"Regal Pillow":18,"Happy Flower":89,"Thread and Needle":18,"Ginger":89,"Burning Blood":0,"Akabeko":58,"Anchor":123,"Gambling Chip":74,"Bronze Scales":123,"Snecko Eye":28,"Pandora\u0027s Box":0,"Prayer Wheel":51,"Red Mask":35,"Black Star":64,"Membership Card":74,"Bottled Lightning":89,"Toxic Egg 2":80,"StrikeDummy":80,"TungstenRod":74}],"TungstenRod":38},"card_choices":[{"not_picked":["Blood for Blood","Second Wind"],"picked":"Rage","floor":1.0},{"not_picked":["Body Slam","Clothesline"],"picked":"Shockwave","floor":2.0},{"not_picked":["Entrench","Body Slam"],"picked":"Spot Weakness","floor":4.0},{"not_picked":["Perfected Strike","Wild Strike"],"picked":"Anger","floor":5.0},{"not_picked":["Flex","Rage"],"picked":"Battle Trance","floor":6.0},{"not_picked":["Uppercut","Pommel Strike"],"picked":"Offering","floor":7.0},{"not_picked":["Searing Blow","Iron Wave","Burning Pact"],"picked":"SKIP","floor":11.0},{"not_picked":["Clothesline","Wild Strike"],"picked":"Spot Weakness","floor":14.0},{"not_picked":["Double Tap","Barricade"],"picked":"Impervious","floor":16.0},{"not_picked":["Clothesline","Power Through","Thunderclap"],"picked":"SKIP","floor":18.0},{"not_picked":["Fire Breathing","Uppercut"],"picked":"Armaments+1","floor":20.0},{"not_picked":["Flex","Perfected Strike"],"picked":"Dual Wield","floor":21.0},{"not_picked":["Spot Weakness","Headbutt"],"picked":"True Grit+1","floor":24.0},{"not_picked":["Combust","Clothesline","Whirlwind"],"picked":"SKIP","floor":27.0},{"not_picked":["Shrug It Off","True Grit","Juggernaut"],"picked":"SKIP","floor":28.0},{"not_picked":["Clothesline+1","Perfected Strike"],"picked":"Disarm","floor":29.0},{"not_picked":["Body Slam","Blood for Blood"],"picked":"Double Tap","floor":31.0},{"not_picked":["Limit Break","Immolate"],"picked":"Barricade","floor":33.0},{"not_picked":["Body Slam","Intimidate","Sentinel"],"picked":"SKIP","floor":35.0},{"not_picked":["Dropkick","Headbutt+1","Thunderclap+1"],"picked":"SKIP","floor":35.0},{"not_picked":["Second Wind","Body Slam"],"picked":"Berserk","floor":36.0},{"not_picked":["Headbutt+1","Thunderclap"],"picked":"Dark Embrace","floor":39.0},{"not_picked":["Blood for Blood","Ghostly Armor+1"],"picked":"Dark Embrace","floor":39.0},{"not_picked":["Searing Blow","Pommel Strike"],"picked":"Demon Form","floor":40},{"not_picked":["Wild Strike","Clothesline"],"picked":"Flame Barrier+1","floor":41},{"not_picked":["Body Slam","True Grit+1"],"picked":"Shockwave+1","floor":41},{"not_picked":["Sword Boomerang","Rage+1"],"picked":"Bludgeon","floor":42},{"not_picked":["Dark Embrace","Perfected Strike"],"picked":"Sever Soul+1","floor":46},{"not_picked":["Rupture","Cleave","Twin Strike"],"picked":"SKIP","floor":46},{"not_picked":["Inflame","Rampage"],"picked":"Dual Wield+1","floor":48},{"not_picked":["Clash","Havoc+1","Armaments+1"],"picked":"SKIP","floor":48},{"not_picked":["Clothesline","Inflame+1"],"picked":"Reaper","floor":55}],"player_experience":2774145,"relics_obtained":[{"floor":7.0,"key":"Regal Pillow"},{"floor":9.0,"key":"Thread and Needle"},{"floor":11.0,"key":"Girya"},{"floor":21.0,"key":"Red Mask"},{"floor":24.0,"key":"Ice Cream"},{"floor":29.0,"key":"Prayer Wheel"},{"floor":31.0,"key":"Akabeko"},{"floor":36.0,"key":"Gambling Chip"},{"floor":40,"key":"StrikeDummy"},{"floor":40,"key":"Toxic Egg 2"},{"floor":42,"key":"Ginger"},{"floor":42,"key":"Bottled Lightning"},{"floor":43,"key":"Happy Flower"},{"floor":55,"key":"Anchor"},{"floor":55,"key":"Bronze Scales"}],"event_choices":[{"cards_removed":["Fiend Fire"],"damage_healed":7.0,"max_hp_gain":10.0,"max_hp_loss":0.0,"gold_gain":0.0,"event_name":"Bonfire Elementals","player_choice":"Offered Rare","floor":3.0,"gold_loss":0.0,"damage_taken":0.0},{"cards_removed":["Twin Strike"],"damage_healed":0.0,"max_hp_gain":0.0,"max_hp_loss":0.0,"gold_gain":0.0,"event_name":"Golden Wing","player_choice":"Card Removal","floor":10.0,"gold_loss":0.0,"damage_taken":7.0},{"damage_healed":21.0,"max_hp_gain":0.0,"max_hp_loss":0.0,"gold_gain":0.0,"event_name":"The Cleric","player_choice":"Healed","floor":12.0,"gold_loss":35.0,"damage_taken":0.0},{"damage_healed":0.0,"max_hp_gain":0.0,"max_hp_loss":0.0,"gold_gain":0.0,"event_name":"Masked Bandits","player_choice":"Fought Bandits","floor":21.0,"gold_loss":0.0,"damage_taken":0.0},{"damage_healed":0.0,"max_hp_gain":0.0,"max_hp_loss":0.0,"gold_gain":0.0,"event_name":"The Library","player_choice":"Read","floor":22.0,"gold_loss":0.0,"damage_taken":0.0,"cards_obtained":["Battle Trance"]},{"damage_healed":0.0,"max_hp_gain":0.0,"max_hp_loss":0.0,"gold_gain":0.0,"event_name":"MindBloom","player_choice":"Fight","floor":36.0,"gold_loss":0.0,"damage_taken":0.0},{"damage_healed":0.0,"max_hp_gain":0.0,"max_hp_loss":5.0,"gold_gain":0.0,"event_name":"Winding Halls","player_choice":"Max HP","floor":37.0,"gold_loss":0.0,"damage_taken":0.0},{"damage_healed":0,"gold_gain":0,"player_choice":"Ignored","damage_taken":0,"max_hp_gain":0,"max_hp_loss":0,"event_name":"The Moai Head","floor":44,"gold_loss":0}],"is_beta":false,"boss_relics":[{"not_picked":["Cursed Key","Astrolabe"],"picked":"Snecko Eye"},{"not_picked":["Busted Crown","Philosopher\u0027s Stone"],"picked":"Black Star"}],"items_purged_floors":[19,38,47],"is_endless":false,"potions_floor_spawned":[1,4,14,16,20,24,31,33,40,42,46,48],"ascension_level":20}}