{"host":"2qyxu97h6u4ukicb","time":1612057850,"event":{"mods":["AchievementEnabler","BaseMod","BetterRewards","Colored Map","Colored Powertips","Minty Spire (QoL Compilation)","Replay The Spire","Shop Mod","StSLib"],"gold_per_floor":[116,116,129,149,149,149,164,164,219,219,219,219,219,219,219,320,320,330,330,330,330,344,373,373,293,345,345,345,358,370,380,380,485,485,501,568,580,580,580,607,624,624,624,15,15,15,34,52,52,52],"floor_reached":51,"language":"ENG","playtime":3571,"items_purged":[],"score":710,"play_id":"63e22073-798e-41c0-befb-a80129965e50","local_time":"20210130195050","is_ascension_mode":false,"campfire_choices":[{"data":"Eruption","floor":6,"key":"SMITH"},{"data":"Vault","floor":8,"key":"SMITH"},{"data":"Devotion","floor":10,"key":"SMITH"},{"data":"ForeignInfluence","floor":15,"key":"SMITH"},{"floor":24,"key":"REST"},{"data":"Judgement","floor":27,"key":"SMITH"},{"data":"Bite","floor":32,"key":"SMITH"},{"data":"PathToVictory","floor":42,"key":"SMITH"},{"data":"Devotion","floor":46,"key":"SMITH"},{"data":"Bite","floor":49,"key":"SMITH"}],"circlet_count":0,"master_deck":["Defend_P+1","Defend_P+1","Eruption+1","Vigilance","Devotion+1","Consecrate","PathToVictory+1","Vault+1","ForeignInfluence+1","Steam+1","Judgement+1","Necronomicurse","Bite+1","Bite+1","Bite","Bite","Bite","FollowUp","SashWhip","FollowUp+1","Wireheading","ReplayTheSpireMod:Splinters","BowlingBash+1","FlyingSleeves+1","Fasting2+1","Devotion+1","ReachHeaven"],"relics":["HolyWater","NeowsBlessing","FaceOfCleric","ReplayTheSpireMod:Ninjato","ReplayTheSpireMod:Onyx Gauntlets","Busted Crown","Necronomicon","Replay:Baseball","MerchantsRug","ReplayFunnel","Strawberry","SlaversCollar","ReplayTheSpireMod:TigerMarble","Replay:Bottled Steam","Meat on the Bone","Vajra","TungstenRod"],"acts_visited":["Exordium","TheCity","TheBeyond"],"potions_floor_usage":[16,33,33,35,40,40,45,50],"damage_taken":[{"damage":0,"enemies":"Jaw Worm","floor":1,"turns":1},{"damage":0,"enemies":"Cultist","floor":3,"turns":1},{"damage":0,"enemies":"2 Louse","floor":4,"turns":1},{"damage":12,"enemies":"2 Fungi Beasts","floor":7,"turns":4},{"damage":16,"enemies":"Slime Boss","floor":16,"turns":6},{"damage":34,"enemies":"Shell Parasite","floor":18,"turns":4},{"damage":10,"enemies":"3 Byrds","floor":22,"turns":4},{"damage":20,"enemies":"Gremlin Leader","floor":23,"turns":4},{"damage":0,"enemies":"Sentry and Sphere","floor":29,"turns":3},{"damage":0,"enemies":"Snecko","floor":30,"turns":3},{"damage":0,"enemies":"Cultist and Chosen","floor":31,"turns":2},{"damage":9,"enemies":"Champ","floor":33,"turns":7},{"damage":0,"enemies":"3 Darklings","floor":35,"turns":3},{"damage":0,"enemies":"3 Shapes","floor":37,"turns":2},{"damage":22,"enemies":"R_Hoarder","floor":40,"turns":4},{"damage":8,"enemies":"Spire Growth","floor":41,"turns":2},{"damage":0,"enemies":"Sphere and 2 Shapes","floor":45,"turns":1},{"damage":24,"enemies":"3 Darklings","floor":47,"turns":3},{"damage":0,"enemies":"Transient","floor":48,"turns":6},{"damage":15,"enemies":"Donu and Deca","floor":50,"turns":6}],"seed_played":"4172148274208296178","potions_obtained":[{"floor":4,"key":"BlessingOfTheForge"},{"floor":18,"key":"Energy Potion"},{"floor":23,"key":"SpeedPotion"},{"floor":31,"key":"Weak Potion"},{"floor":33,"key":"Fire Potion"},{"floor":35,"key":"Ancient Potion"},{"floor":36,"key":"EssenceOfSteel"}],"is_trial":false,"path_per_floor":["M","?","M","M","?","R","M","R","T","R","$","T","?","?","R","B",null,"M","?","?","?","M","E","R","$","T","R","?","M","M","M","R","B",null,"M","?","M","?","?","E","M","R","T","$","M","R","M","M","R","B",null],"character_chosen":"WATCHER","items_purchased":["MerchantsRug","FollowUp","Vajra","TungstenRod","Devotion","SmokeBomb"],"campfire_rested":1,"item_purchase_floors":[25,25,44,44,44,44],"current_hp_per_floor":[72,72,72,72,72,72,61,61,61,61,61,61,61,61,61,46,74,41,25,25,25,36,33,49,49,49,49,56,62,63,64,64,65,65,66,66,67,67,67,53,57,57,57,57,58,58,43,61,61,72],"gold":52,"neow_bonus":"THREE_ENEMY_KILL","is_daily":false,"chose_seed":false,"campfire_upgraded":9,"win_rate":0.0,"timestamp":1612057850,"path_taken":["M","?","?","M","?","R","M","R","T","R","$","?","?","?","R","BOSS","M","?","?","?","M","E","R","$","T","R","?","M","?","M","R","BOSS","M","?","M","?","?","E","M","R","T","$","?","R","?","M","R","BOSS"],"items_purchased_type":["Relic","Card","Relic","Relic","Card","Potion"],"build_version":"2020-12-22","purchased_purges":0,"victory":true,"max_hp_per_floor":[72,72,72,72,72,72,73,73,73,73,73,73,73,73,73,74,74,75,75,52,52,53,54,54,54,54,54,61,62,63,64,64,65,65,66,66,67,67,67,68,69,69,69,69,70,70,71,72,72,73],"card_choices":[{"not_picked":["Crescendo","Study","Protect"],"picked":"SKIP","floor":1},{"not_picked":["CarveReality","Worship"],"picked":"Consecrate","floor":3},{"not_picked":["FlurryOfBlows","Perseverance"],"picked":"PathToVictory","floor":4},{"not_picked":["Sanctity","Replay:AtTheReady"],"picked":"Vault","floor":7},{"not_picked":["Scrawl","Wish"],"picked":"Judgement","floor":16},{"not_picked":["DeceiveReality"],"picked":"SKIP","floor":18},{"not_picked":["CrushJoints"],"picked":"SKIP","floor":22},{"not_picked":["DeceiveReality+1"],"picked":"SKIP","floor":23},{"not_picked":[],"picked":"SashWhip","floor":29},{"not_picked":[],"picked":"FollowUp+1","floor":30},{"not_picked":["TalkToTheHand"],"picked":"SKIP","floor":31},{"not_picked":[],"picked":"Wireheading","floor":35},{"not_picked":[],"picked":"BowlingBash+1","floor":36},{"not_picked":[],"picked":"FlyingSleeves+1","floor":37},{"not_picked":["EmptyMind+1"],"picked":"SKIP","floor":40},{"not_picked":[],"picked":"Fasting2+1","floor":41},{"not_picked":[],"picked":"ReachHeaven","floor":47},{"not_picked":["CutThroughFate+1"],"picked":"SKIP","floor":48}],"player_experience":763000,"relics_obtained":[{"floor":12,"key":"ReplayTheSpireMod:Ninjato"},{"floor":19,"key":"Necronomicon"},{"floor":23,"key":"Replay:Baseball"},{"floor":26,"key":"ReplayFunnel"},{"floor":36,"key":"ReplayTheSpireMod:TigerMarble"},{"floor":40,"key":"Replay:Bottled Steam"},{"floor":43,"key":"Meat on the Bone"}],"event_choices":[{"damage_healed":0,"gold_gain":0,"player_choice":"1 cards matched","damage_taken":0,"max_hp_gain":0,"max_hp_loss":0,"event_name":"Match and Keep!","floor":2,"gold_loss":0,"cards_obtained":["Devotion"]},{"damage_healed":0,"gold_gain":0,"player_choice":"Trade","damage_taken":0,"relics_obtained":["FaceOfCleric"],"max_hp_gain":0,"max_hp_loss":0,"event_name":"FaceTrader","floor":5,"gold_loss":0},{"damage_healed":0,"gold_gain":0,"player_choice":"Obtained Book","damage_taken":16,"max_hp_gain":0,"max_hp_loss":0,"event_name":"Cursed Tome","floor":19,"gold_loss":0},{"damage_healed":0,"gold_gain":0,"player_choice":"Became a vampire","damage_taken":0,"max_hp_gain":0,"max_hp_loss":23,"event_name":"Vampires","floor":20,"gold_loss":0,"cards_obtained":["Bite","Bite","Bite","Bite","Bite"]},{"damage_healed":0,"gold_gain":0,"player_choice":"Simplicity","damage_taken":0,"max_hp_gain":0,"max_hp_loss":0,"event_name":"Back to Basics","floor":21,"gold_loss":0,"cards_upgraded":["Defend_P","Defend_P","Defend_P"]},{"cards_removed":["Defend_P"],"damage_healed":0,"gold_gain":0,"player_choice":"Removed Skill","damage_taken":0,"max_hp_gain":0,"max_hp_loss":0,"event_name":"Falling","floor":38,"gold_loss":0},{"cards_removed":["Sickly"],"damage_healed":0,"gold_gain":0,"player_choice":"Purged","damage_taken":0,"max_hp_gain":0,"max_hp_loss":0,"event_name":"Purifier","floor":39,"gold_loss":0}],"is_beta":false,"boss_relics":[{"not_picked":["Pandora\u0027s Box","Snecko Eye"],"picked":"Replay:Grab Bag"},{"not_picked":["Ectoplasm","Painkiller Herb"],"picked":"ReplayTheSpireMod:Onyx Gauntlets"},{"not_picked":["Runic Dome","Replay:Bronze Core"],"picked":"Busted Crown"},{"not_picked":["Runic Pyramid","Black Star"],"picked":"HolyWater"},{"not_picked":["Honey Jar","Kintsugi"],"picked":"SlaversCollar"}],"items_purged_floors":[],"is_endless":false,"potions_floor_spawned":[4,18,23,31,33,35],"ascension_level":0}}