{"host":"dowi7cgbhepuzvpj","time":1612056638,"event":{"mods":["AchievementEnabler","BaseMod","Keyboard Shortcuts","Minty Spire (QoL Compilation)","Permanent Neow","Quick Restart","StSLib","SuperFastMode"],"gold_per_floor":[111,119,135,210,220,220,220,253,253,253,253,403,403,214,229,229,305,305,322,237,237,257,257,257,257,274,328,361,361,380,112,123,123,199,199,215,215,58,76,95,95,107,126,150,205,205,205],"floor_reached":45,"language":"KOR","playtime":1499,"items_purged":["Doubt","Strike_G"],"score":1041,"play_id":"d1aa2a82-492f-40d1-a99e-14fc4686f90d","local_time":"20210131103038","is_ascension_mode":true,"campfire_choices":[{"data":"Footwork","floor":6,"key":"SMITH"},{"floor":15,"key":"REST"},{"data":"Neutralize","floor":23,"key":"SMITH"},{"data":"Deadly Poison","floor":28,"key":"SMITH"},{"data":"Burst","floor":32,"key":"SMITH"},{"data":"Cloak And Dagger","floor":40,"key":"SMITH"}],"circlet_count":0,"master_deck":["AscendersBane","Defend_G","Defend_G","Defend_G+1","Defend_G","Survivor","Neutralize+1","Footwork+1","Dagger Throw","Dodge and Roll","Catalyst+1","Cloak And Dagger+1","Footwork+1","Dodge and Roll","Cloak And Dagger+1","Burst+1","Dash","PiercingWail","Choke","Deadly Poison+1","Noxious Fumes+1","Blur","Noxious Fumes+1","After Image+1","Corpse Explosion","After Image+1","Blade Dance","Blur","Deadly Poison"],"relics":["Ring of the Snake","Oddly Smooth Stone","Vajra","Blood Vial","Frozen Egg 2","StrikeDummy","Sundial","Coffee Dripper","Darkstone Periapt","Ornamental Fan","Busted Crown","DollysMirror","Dream Catcher","Mango"],"acts_visited":["Exordium","TheCity","TheBeyond"],"potions_floor_usage":[7,45],"damage_taken":[{"damage":0,"enemies":"2 Louse","floor":1,"turns":3},{"damage":0,"enemies":"Jaw Worm","floor":2,"turns":5},{"damage":1,"enemies":"Small Slimes","floor":4,"turns":3},{"damage":23,"enemies":"3 Sentries","floor":7,"turns":17},{"damage":0,"enemies":"3 Louse","floor":14,"turns":6},{"damage":17,"enemies":"The Guardian","floor":16,"turns":22},{"damage":3,"enemies":"Shell Parasite","floor":18,"turns":8},{"damage":0,"enemies":"Chosen","floor":21,"turns":8},{"damage":0,"enemies":"3 Cultists","floor":25,"turns":8},{"damage":22,"enemies":"Slavers","floor":27,"turns":9},{"damage":3,"enemies":"Shelled Parasite and Fungi","floor":29,"turns":7},{"damage":2,"enemies":"Snecko","floor":31,"turns":6},{"damage":0,"enemies":"Automaton","floor":33,"turns":8},{"damage":1,"enemies":"3 Darklings","floor":35,"turns":5},{"damage":0,"enemies":"Orb Walker","floor":38,"turns":5},{"damage":33,"enemies":"Jaw Worm Horde","floor":39,"turns":5},{"damage":0,"enemies":"Writhing Mass","floor":41,"turns":7},{"damage":8,"enemies":"Sphere and 2 Shapes","floor":42,"turns":5},{"damage":23,"enemies":"2 Orb Walkers","floor":44,"turns":5},{"damage":24,"enemies":"Jaw Worm Horde","floor":45,"turns":3}],"seed_played":"-6701391632426294497","potions_obtained":[{"floor":4,"key":"ColorlessPotion"},{"floor":7,"key":"Energy Potion"},{"floor":21,"key":"FearPotion"},{"floor":33,"key":"DuplicationPotion"}],"is_trial":false,"path_per_floor":["M","M","?","M","?","R","E","?","T","?","?","T","$","M","R","B",null,"M","?","?","M","?","R","?","M","T","E","R","M","$","M","R","B",null,"M","?","$","M","M","R","M","M","T","?","M"],"character_chosen":"THE_SILENT","items_purchased":["Footwork+1","Dodge and Roll","Blur","Noxious Fumes+1","DollysMirror"],"campfire_rested":1,"item_purchase_floors":[13,13,30,30,37],"current_hp_per_floor":[77,44,44,33,32,27,27,6,28,28,8,8,8,8,10,29,14,53,52,52,52,54,54,54,54,56,56,36,36,35,35,35,35,37,59,60,60,60,62,31,31,33,27,27,20,0,0],"gold":205,"neow_bonus":"TRANSFORM_TWO_CARDS","is_daily":false,"chose_seed":false,"campfire_upgraded":5,"win_rate":0.0,"timestamp":1612056638,"path_taken":["M","M","?","M","?","R","E","?","T","?","?","?","$","?","R","BOSS","M","?","?","?","?","R","?","?","T","E","R","M","$","M","R","BOSS","M","?","$","M","M","R","M","M","T","?","M"],"items_purchased_type":["Card","Card","Card","Card","Relic"],"build_version":"2020-12-22","purchased_purges":2,"victory":false,"max_hp_per_floor":[77,66,66,66,66,66,66,66,66,66,66,66,66,66,66,66,66,66,66,66,66,66,66,66,66,66,66,66,66,66,66,66,66,66,66,66,66,66,66,66,66,66,66,66,80,80,80],"card_choices":[{"not_picked":["Deadly Poison","Flying Knee"],"picked":"Dodge and Roll","floor":1},{"not_picked":["Eviscerate","Dagger Spray","Backstab"],"picked":"SKIP","floor":2},{"not_picked":["Setup","Cloak And Dagger"],"picked":"Catalyst","floor":4},{"not_picked":["Deflect","Heel Hook"],"picked":"Cloak And Dagger","floor":7},{"not_picked":["Acrobatics","Flying Knee"],"picked":"Cloak And Dagger","floor":14},{"not_picked":["Die Die Die","Malaise"],"picked":"Burst","floor":16},{"not_picked":["Slice","Dagger Throw","Bane"],"picked":"SKIP","floor":18},{"not_picked":["Quick Slash","Heel Hook"],"picked":"PiercingWail","floor":21},{"not_picked":["Predator","Dodge and Roll"],"picked":"Deadly Poison","floor":25},{"not_picked":["Prepared+1","Slice","Heel Hook"],"picked":"SKIP","floor":27},{"not_picked":["Dagger Spray+1","Tactician"],"picked":"Noxious Fumes+1","floor":29},{"not_picked":["Slice","Sucker Punch"],"picked":"After Image+1","floor":31},{"not_picked":["Night Terror","Malaise"],"picked":"Corpse Explosion","floor":33},{"not_picked":["Skewer"],"picked":"SKIP","floor":35},{"not_picked":["Prepared"],"picked":"SKIP","floor":38},{"not_picked":[],"picked":"Blade Dance","floor":39},{"not_picked":["Slice"],"picked":"SKIP","floor":41},{"not_picked":[],"picked":"Blur","floor":42},{"not_picked":[],"picked":"Deadly Poison","floor":44}],"player_experience":854603,"relics_obtained":[{"floor":7,"key":"Frozen Egg 2"},{"floor":9,"key":"StrikeDummy"},{"floor":12,"key":"Sundial"},{"floor":27,"key":"Ornamental Fan"},{"floor":43,"key":"Dream Catcher"},{"floor":44,"key":"Mango"}],"event_choices":[{"damage_healed":0,"gold_gain":75,"player_choice":"Gather Gold","damage_taken":11,"max_hp_gain":0,"max_hp_loss":0,"event_name":"World of Goop","floor":3,"gold_loss":0},{"damage_healed":0,"gold_gain":0,"player_choice":"Success","damage_taken":5,"relics_obtained":["Blood Vial"],"max_hp_gain":0,"max_hp_loss":0,"event_name":"Scrap Ooze","floor":5,"gold_loss":0},{"damage_healed":22,"gold_gain":0,"player_choice":"Banana","damage_taken":0,"max_hp_gain":0,"max_hp_loss":0,"event_name":"Big Fish","floor":8,"gold_loss":0},{"damage_healed":0,"gold_gain":0,"player_choice":"Entered Light","damage_taken":20,"max_hp_gain":0,"max_hp_loss":0,"event_name":"Shining Light","floor":10,"gold_loss":0,"cards_upgraded":["Defend_G","Catalyst"]},{"damage_healed":0,"gold_gain":150,"player_choice":"AGREE","damage_taken":0,"max_hp_gain":0,"max_hp_loss":0,"event_name":"Liars Game","floor":11,"gold_loss":0,"cards_obtained":["Doubt"]},{"damage_healed":0,"gold_gain":0,"player_choice":"Obtained Relic","damage_taken":0,"relics_obtained":["Darkstone Periapt"],"max_hp_gain":0,"max_hp_loss":0,"event_name":"Addict","floor":19,"gold_loss":85},{"damage_healed":0,"gold_gain":0,"cards_transformed":["Strike_G"],"player_choice":"Transformed","damage_taken":0,"max_hp_gain":0,"max_hp_loss":0,"event_name":"Transmorgrifier","floor":20,"gold_loss":0,"cards_obtained":["Dash"]},{"damage_healed":0,"gold_gain":0,"cards_transformed":["Strike_G","Strike_G"],"player_choice":"Became Test Subject","damage_taken":0,"max_hp_gain":0,"max_hp_loss":0,"event_name":"Drug Dealer","floor":22,"gold_loss":0,"cards_obtained":["Dagger Throw","Choke"]},{"damage_healed":0,"gold_gain":0,"player_choice":"Forge","damage_taken":0,"max_hp_gain":0,"max_hp_loss":0,"event_name":"Accursed Blacksmith","floor":24,"gold_loss":0,"cards_upgraded":["Cloak And Dagger"]},{"cards_removed":["Dagger Throw"],"damage_healed":0,"gold_gain":0,"player_choice":"Removed Attack","damage_taken":0,"max_hp_gain":0,"max_hp_loss":0,"event_name":"Falling","floor":36,"gold_loss":0},{"damage_healed":0,"gold_gain":0,"player_choice":"Fight","damage_taken":0,"max_hp_gain":0,"max_hp_loss":0,"event_name":"Mysterious Sphere","floor":44,"gold_loss":0}],"is_beta":false,"boss_relics":[{"not_picked":["WristBlade","Velvet Choker"],"picked":"Coffee Dripper"},{"not_picked":["Runic Pyramid","Fusion Hammer"],"picked":"Busted Crown"}],"items_purged_floors":[13,30],"is_endless":false,"potions_floor_spawned":[4,7,21,25,27,33,35,39,42],"killed_by":"Jaw Worm Horde","ascension_level":20}}