{"host":"o3b7ow6d1xe49css","time":1612101969,"event":{"mods":["Act Like it!","Aspiration","BaseMod","Bestiary","Better Altar","Better Match","Better Note","Better Sensory Stone","Better Skull","Better Third Choice","Colored Powertips","Conspire","Energized Spire","Force Act Four","GifTheSpireLib","Halation","Hermit","Hubris","Infinite Spire","Lobotomy","Minty Spire (QoL Compilation)","Quick Restart","Rare Cards Sparkle","Relic Filter Mod","Reliquary","Replay The Spire","Spicy Shops","Spikes Relics","Spire Arcade","StSLib","Stuff the Spire","The Blue Laboratory","Wandering Minibosses"],"gold_per_floor":[114,130,148,148,148,148,32,66,66,99,99,109,109,144,144,243,243,257,257,64,77,77,77,107,137,160,190,190,221,221,252,252,352,352,367,378,378,96,116,145,145,175,175,25,25,25,53,63,63,160,160,160,35,62,163],"floor_reached":56,"language":"ENG","playtime":2171,"items_purged":["Strike_B","Strike_B","Strike_B","Strike_B","Defend_B"],"score":1750,"play_id":"6b159055-21aa-4d8b-9a39-cab720e5dbcd","local_time":"20210131050609","daily_mods":["Heirloom","Flight"],"is_ascension_mode":true,"campfire_choices":[{"data":"Zap","floor":6,"key":"SMITH"},{"data":"StuffTheSpire:Synthwave","floor":11,"key":"SMITH"},{"data":"ReplayTheSpireMod:Calculation Training","floor":13,"key":"SMITH"},{"data":"Dualcast","floor":15,"key":"SMITH"},{"floor":23,"key":"RECALL"},{"floor":28,"key":"REST"},{"floor":32,"key":"REST"},{"floor":46,"key":"REST"},{"floor":49,"key":"DIG"},{"data":"hubris:PowerSurge","floor":52,"key":"SMITH"}],"circlet_count":0,"master_deck":["Defend_B","Defend_B+1","Defend_B+1","Zap+1","Dualcast+1","Cold Snap","Cold Snap+1","StuffTheSpire:Synthwave+1","ReplayTheSpireMod:Calculation Training+1","Ball Lightning+1","FIFO Queue","Electrodynamics","hubris:Ukulele+1","Echo Form+1","CurseOfTheBell","hubris:PowerSurge","Shame","hubris:PowerSurge+1"],"relics":["Cracked Core","Ring of Chaos","reliquary:Conveyor","halation:LettersToHer","Garlic","hubris:ToyBattleship","reliquary:WritOfMandamus","Torii","Replay:Rubber Ducky","Juzu Bracelet","infinitespire:CursedDice","aspiration:ChemicalBlood","halation:Gekota","conspire:TopHat","StuffTheSpire:Gunfinga","Calling Bell","Meat on the Bone","hubris:Zylophone","Nunchaku","reliquary:BallBearing","CogitoBucket","Blood Vial","DollysMirror","wanderingMiniBosses:Blackblade","aspiration:ArtOfWarUpgrade","StuffTheSpire:GrapeVine","reliquary:Buckler","halation:VictoryRuler","infinitespire:Lucky Rock","Philosopher\u0027s Stone","Ring of Chaos","Dream Catcher"],"acts_visited":["Exordium","TheCity","TheBeyond","Exordium","TheEnding"],"potions_floor_usage":[10,10,12,24,24,25,29,31,39,40,54,55,55,55,55,55],"damage_taken":[{"damage":1,"enemies":"Cultist","floor":1,"turns":3},{"damage":6,"enemies":"Small Slimes","floor":2,"turns":3},{"damage":2,"enemies":"2 Louse","floor":3,"turns":3},{"damage":12,"enemies":"Lagavulin","floor":8,"turns":6},{"damage":0,"enemies":"Gremlin Nob","floor":10,"turns":2},{"damage":0,"enemies":"Large Slime","floor":12,"turns":2},{"damage":4,"enemies":"3 Sentries","floor":14,"turns":5},{"damage":7,"enemies":"Fading Forest","floor":16,"turns":11},{"damage":0,"enemies":"3 Byrds","floor":18,"turns":3},{"damage":7,"enemies":"Chosen","floor":21,"turns":3},{"damage":7,"enemies":"Gremlin Leader","floor":24,"turns":4},{"damage":11,"enemies":"Slavers","floor":25,"turns":3},{"damage":14,"enemies":"Nightmare","floor":27,"turns":5},{"damage":11,"enemies":"Gremlin Leader","floor":29,"turns":4},{"damage":3,"enemies":"Book of Stabbing","floor":31,"turns":4},{"damage":0,"enemies":"Automaton","floor":33,"turns":6},{"damage":9,"enemies":"3 Shapes","floor":35,"turns":2},{"damage":1,"enemies":"Orb Walker","floor":36,"turns":3},{"damage":7,"enemies":"Writhing Mass","floor":39,"turns":5},{"damage":12,"enemies":"Nightmare","floor":40,"turns":3},{"damage":23,"enemies":"Nemesis","floor":42,"turns":5},{"damage":0,"enemies":"Reptomancer","floor":47,"turns":3},{"damage":0,"enemies":"3 Darklings","floor":48,"turns":2},{"damage":1,"enemies":"Donu and Deca","floor":50,"turns":3},{"damage":3,"enemies":"Shield and Spear","floor":54,"turns":2},{"damage":77,"enemies":"The Heart","floor":55,"turns":7}],"seed_played":"-1553020601070175008","potions_obtained":[{"floor":1,"key":"AttackPotion"},{"floor":8,"key":"blueLaboratory:BottleOfRum"},{"floor":10,"key":"blueLaboratory:BottleOfVodka"},{"floor":21,"key":"blueLaboratory:LouseDecoction"},{"floor":24,"key":"blueLaboratory:CorrosionFlask"},{"floor":27,"key":"Block Potion"},{"floor":35,"key":"blueLaboratory:PhilterOfMotion"},{"floor":39,"key":"blueLaboratory:RelayPotion"},{"floor":42,"key":"Dexterity Potion"},{"floor":48,"key":"Explosive Potion"}],"is_trial":true,"path_per_floor":["M","M","M","$","?","R","$","E","T","E","R","M","R","E","R","B",null,"M","$","$","M","AVR","R","E","E","T","NM","R","E","?","E","R","B",null,"M","M","AVR","$","M","NM","R","E","T","$","R","R","E","M","R","B",null,"R","$","E","B",null],"character_chosen":"DEFECT","items_purchased":["StuffTheSpire:Synthwave","ReplayTheSpireMod:Calculation Training","Torii","blueLaboratory:FruitPunch","Blood Vial","DollysMirror","Adrenaline Potion"],"campfire_rested":3,"item_purchase_floors":[7,7,20,20,38,38,44],"current_hp_per_floor":[74,68,66,66,51,51,51,39,39,39,39,39,39,35,35,36,65,65,65,65,58,58,58,55,44,44,30,53,42,42,39,62,62,75,66,65,65,65,60,50,50,41,41,41,41,64,66,68,68,69,79,79,79,76,13],"gold":163,"neow_bonus":"","is_daily":false,"chose_seed":false,"campfire_upgraded":5,"win_rate":0.0,"timestamp":1612101969,"path_taken":["M","M","M","?","?","R","$","E","T","E","R","M","R","E","R","BOSS","M","$","$","M","AVR","R","E","E","T","NM","R","E","?","E","R","BOSS","M","M","AVR","$","M","NM","R","E","T","$","R","R","E","M","R","BOSS","R","$","E","BOSS"],"items_purchased_type":["Card","Card","Relic","Potion","Relic","Relic","Potion"],"build_version":"2020-12-22","purchased_purges":5,"victory":true,"max_hp_per_floor":[75,75,75,75,75,75,75,75,75,75,75,75,75,75,75,75,75,75,75,75,75,75,75,79,79,79,79,79,79,79,79,79,79,79,79,79,79,79,79,79,79,79,79,79,79,79,79,79,79,79,79,79,79,79,79],"card_choices":[{"not_picked":["Loop","Streamline"],"picked":"Cold Snap","floor":1},{"not_picked":["Steam","Go for the Eyes","BasicCrystalCard"],"picked":"SKIP","floor":2},{"not_picked":["Hologram","Conserve Battery"],"picked":"Cold Snap","floor":3},{"not_picked":["Steam Power","StuffTheSpire:NuclearReactor"],"picked":"Ball Lightning","floor":8},{"not_picked":["Coolheaded","Heatsinks","aspiration:Polymerization"],"picked":"SKIP","floor":10},{"not_picked":["Barrage","ReplaySort"],"picked":"FIFO Queue","floor":12},{"not_picked":["Compile Driver","DiskWipe","Steam Power"],"picked":"SKIP","floor":14},{"not_picked":["ReplayRNGCard","StuffTheSpire:EventHorizon"],"picked":"Electrodynamics","floor":16},{"not_picked":["BasicCrystalCard","FTL+1","Conserve Battery"],"picked":"SKIP","floor":18},{"not_picked":["Beam Cell+1","Redo","Panic Button"],"picked":"SKIP","floor":21},{"not_picked":["Genetic Algorithm","Blizzard","ReplayTheSpireMod:GoodbyeWorld"],"picked":"SKIP","floor":24},{"not_picked":["Steam","Mirror Shield","Stack"],"picked":"SKIP","floor":25},{"not_picked":["Tempest","Streamline+1"],"picked":"hubris:Ukulele+1","floor":27},{"not_picked":["Rebound","Chaos+1","Steam"],"picked":"SKIP","floor":29},{"not_picked":["Sweeping Beam","Cold Snap","Redo"],"picked":"SKIP","floor":31},{"not_picked":["ReplayTheSpireMod:Omega Cannon","ReplayRNGCard"],"picked":"Echo Form","floor":33},{"not_picked":["ReplayTheSpireMod:Reroute Power","Stack+1","Beam Cell+1"],"picked":"SKIP","floor":35},{"not_picked":["Barrage","StuffTheSpire:LoadUp"],"picked":"hubris:PowerSurge","floor":36},{"not_picked":["GreedKing","BlackArmy","FieryBird"],"picked":"Singing Bowl","floor":39},{"not_picked":["wanderingMiniBosses:FinaleOfPromise"],"picked":"SKIP","floor":39},{"not_picked":["Conserve Battery","Sweeping Beam","Stack"],"picked":"SKIP","floor":39},{"not_picked":["GalaxyChild","Laetitia","BigBird"],"picked":"Singing Bowl","floor":40},{"not_picked":["aspiration:Polymerization+1","Compile Driver+1","Leap"],"picked":"SKIP","floor":40},{"not_picked":["Alriune","CENSORED","LaLuna"],"picked":"Singing Bowl","floor":42},{"not_picked":["All For One","Steam","StuffTheSpire:EventHorizon"],"picked":"SKIP","floor":42},{"not_picked":["Variant","Freischutz","LittlePrince"],"picked":"Singing Bowl","floor":47},{"not_picked":["Hologram+1","BasicCrystalCard+1","ReplayTheSpireMod:GoodbyeWorld"],"picked":"SKIP","floor":47},{"not_picked":["CENSORED","HappyTeddy","RedShoes"],"picked":"Singing Bowl","floor":48},{"not_picked":["Conserve Battery","White Noise","Aggregate+1"],"picked":"SKIP","floor":48},{"not_picked":["RedShoes","MeltingLove","DespairKnight"],"picked":"Singing Bowl","floor":54},{"not_picked":["ReplayTheSpireMod:Omega Cannon","Storm+1","StuffTheSpire:Synthwave"],"picked":"SKIP","floor":54}],"player_experience":1232637,"relics_obtained":[{"floor":8,"key":"halation:LettersToHer"},{"floor":9,"key":"halation:LettersToHer"},{"floor":10,"key":"Garlic"},{"floor":14,"key":"hubris:ToyBattleship"},{"floor":24,"key":"Juzu Bracelet"},{"floor":25,"key":"infinitespire:CursedDice"},{"floor":26,"key":"halation:LettersToHer"},{"floor":26,"key":"aspiration:ChemicalBlood"},{"floor":27,"key":"halation:Gekota"},{"floor":29,"key":"conspire:TopHat"},{"floor":31,"key":"StuffTheSpire:Gunfinga"},{"floor":34,"key":"Meat on the Bone"},{"floor":34,"key":"hubris:Zylophone"},{"floor":34,"key":"Nunchaku"},{"floor":39,"key":"wanderingMiniBosses:Blackblade"},{"floor":40,"key":"Art of War"},{"floor":42,"key":"StuffTheSpire:GrapeVine"},{"floor":43,"key":"halation:LettersToHer"},{"floor":43,"key":"reliquary:Buckler"},{"floor":47,"key":"halation:VictoryRuler"},{"floor":49,"key":"infinitespire:Lucky Rock"},{"floor":54,"key":"Dream Catcher"}],"event_choices":[{"damage_healed":66,"gold_gain":0,"player_choice":"Upgrade","damage_taken":15,"max_hp_gain":0,"max_hp_loss":75,"event_name":"betterThird:BetterShining","floor":5,"gold_loss":0,"cards_upgraded":["Defend_B","Cold Snap"]},{"damage_healed":0,"gold_gain":0,"player_choice":"Forge","damage_taken":0,"max_hp_gain":0,"max_hp_loss":0,"event_name":"Accursed Blacksmith","floor":30,"gold_loss":0,"cards_upgraded":["Defend_B"]}],"is_beta":false,"boss_relics":[{"not_picked":["Pandora\u0027s Box","energizedSpire:MagnifyingGlass"],"picked":"reliquary:WritOfMandamus"},{"not_picked":["FrozenCore","aspiration:SecretTechniqueScroll"],"picked":"Calling Bell"},{"not_picked":["hubris:CrackedHourglass","halation:ForbiddenBikini"],"picked":"Philosopher\u0027s Stone"}],"items_purged_floors":[22,37,38,44,53],"is_endless":true,"potions_floor_spawned":[1,8,10,21,24,27,35,42,47,48,55],"ascension_level":5}}