{"host":"bxdue9bkfm2khp2x","time":1612073466,"event":{"mods":["ATMod(阿瑾Mod)","Arknights","Aspiration","BaseMod","Better Vampires","Challenge The Spire","Colored Map","Colored Powertips","Conspire","Decade(王小明)","Dota2Spire","Highlight Path","Minty Spire (QoL Compilation)","MostiFishMod","Remilia（蕾米莉亚）","Replay The Spire","RumiaBox-露米娅的神秘盒子","Ryuuou龙王","Spicy Shops","StSLib","Td1madao Mod","The Alterego","The Bug Knight","The Cursed","The Servant 0.9.4","WarShipGirlsR/战舰少女R mod","noobMod","【功能Mod】混沌之环修复补丁","【遗物卡牌】REMEMod","篝火指南"],"gold_per_floor":[114,129,145,155,155,155,187,187,187,199,199,219,237,271,271,345,345,356,371,296,306,326,326,337,337,337,9,9,9,9,21,21,93,93,113,213,213,2,18,18,51,61,61,78,111,111,129,129,129,129,129,131],"floor_reached":53,"language":"ZHS","playtime":2679,"items_purged":["Defend_R","Defend_R","Defend_R"],"score":1372,"play_id":"0666bdc9-cb74-4883-aa45-2d66358b9d9c","local_time":"20210131141106","is_ascension_mode":true,"campfire_choices":[{"data":"AT_ShrugMaster","floor":6.0,"key":"SMITH"},{"data":"Headbutt","floor":11.0,"key":"SMITH"},{"data":"Bash","floor":15.0,"key":"SMITH"},{"data":"AT_Dispersion","floor":23.0,"key":"SMITH"},{"data":"conspire:Charge","floor":25.0,"key":"SMITH"},{"data":"Inflame","floor":29.0,"key":"SMITH"},{"data":"Double Tap","floor":32.0,"key":"SMITH"},{"data":"Strike_R","floor":40.0,"key":"SMITH"},{"data":"AT_IchimonjiDouble","floor":46.0,"key":"SMITH"},{"data":"Strike_R","floor":51,"key":"SMITH"}],"circlet_count":0,"master_deck":["AscendersBane","Strike_R","Strike_R+1","Strike_R+1","Strike_R+2","Bash+1","AT_ShrugMaster+1","Headbutt+1","AT_Dispersion+1","conspire:Charge+1","Double Tap+1","Inflame+1","ReplayTheSpireMod:LeadingStrike+1","AT_IchimonjiDouble+1"],"relics":["Burning Blood","DaveBox","REME_ComplimentaryCards","ice","AT_ATBox","EGODaCapo","SynthV:TestCard","Replay:Mystery Machine","Bottled Flame","conspire:SpecialSausage","Question Card","Runic Pyramid","conspire:Flyswatter","REME_HandOfSuture","Simple Rune","AT_BellowingDragoncrestRing","ZombieArmy"],"acts_visited":["Exordium","TheCity","TheBeyond"],"potions_floor_usage":[52],"damage_taken":[{"damage":4.0,"enemies":"2 Louse","floor":1.0,"turns":4.0},{"damage":0.0,"enemies":"Small Slimes","floor":2.0,"turns":5.0},{"damage":0.0,"enemies":"conspire:RoseBush","floor":3.0,"turns":4.0},{"damage":4.0,"enemies":"Red Slaver","floor":4.0,"turns":5.0},{"damage":42.0,"enemies":"Gremlin Nob","floor":7.0,"turns":5.0},{"damage":21.0,"enemies":"Exordium Thugs","floor":10.0,"turns":7.0},{"damage":21.0,"enemies":"Gremlin Gang","floor":12.0,"turns":5.0},{"damage":9.0,"enemies":"3 Louse","floor":13.0,"turns":4.0},{"damage":0.0,"enemies":"Replay:BlueRogue","floor":14.0,"turns":6.0},{"damage":24.0,"enemies":"Hexaghost","floor":16.0,"turns":8.0},{"damage":2.0,"enemies":"Spheric Guardian","floor":18.0,"turns":5.0},{"damage":0.0,"enemies":"conspire:FuzzyDice","floor":19.0,"turns":5.0},{"damage":0.0,"enemies":"Snecko","floor":21.0,"turns":5.0},{"damage":0.0,"enemies":"conspire:HollyBat","floor":22.0,"turns":5.0},{"damage":11.0,"enemies":"Shelled Parasite and Fungi","floor":24.0,"turns":4.0},{"damage":0.0,"enemies":"Centurion and Healer","floor":31.0,"turns":4.0},{"damage":0.0,"enemies":"Collector","floor":33.0,"turns":7.0},{"damage":6.0,"enemies":"3 Darklings","floor":35.0,"turns":4.0},{"damage":3.0,"enemies":"3 Shapes","floor":39.0,"turns":3.0},{"damage":0.0,"enemies":"Nemesis","floor":41.0,"turns":5.0},{"damage":0.0,"enemies":"Maw","floor":42.0,"turns":4.0},{"damage":5.0,"enemies":"4 Shapes","floor":44.0,"turns":3.0},{"damage":0.0,"enemies":"conspire:MimicChest","floor":45.0,"turns":4.0},{"damage":11,"enemies":"Writhing Mass","floor":47,"turns":3},{"damage":2,"enemies":"Replay:Hell Engine","floor":52,"turns":4}],"seed_played":"5679579104322095760","potions_obtained":[{"floor":1.0,"key":"SneckoOil"},{"floor":7.0,"key":"Adrenaline Potion"},{"floor":12.0,"key":"BloodPotion"},{"floor":16.0,"key":"SpeedPotion"},{"floor":22.0,"key":"Swift Potion"},{"floor":31.0,"key":"Explosive Potion"},{"floor":35.0,"key":"LifebloodPotion"}],"is_trial":false,"path_per_floor":["M","M","M","M","?","R","E","?","T","M","R","M","M","E","R","B",null,"M","M","$","M","M","R","M","R","T","$","?","R","?","M","R","B",null,"M","?","T","$","M","R","E","M","T","M","?","R","M","PTL","PTL","$","R","B",null],"character_chosen":"IRONCLAD","items_purchased":["Inflame","REME_HandOfSuture"],"campfire_rested":0,"item_purchase_floors":[27,38],"current_hp_per_floor":[70,75,75,75,75,75,39,35,35,20,20,76,73,79,79,80,97,101,107,107,113,116,116,111,111,111,111,111,111,111,117,117,123,126,126,126,126,126,129,129,135,141,141,142,148,148,143,143,143,143,143,149],"gold":131,"neow_bonus":"REMOVE_CARD","is_daily":false,"chose_seed":false,"campfire_upgraded":10,"win_rate":0.0,"timestamp":1612073466,"path_taken":["M","M","M","M","?","R","E","?","T","M","R","M","M","E","R","BOSS","M","M","$","M","M","R","M","R","T","$","?","R","?","?","R","BOSS","M","?","?","$","?","R","E","M","T","M","?","R","M","PTL","PTL","?","R","BOSS"],"items_purchased_type":["Card","Relic"],"build_version":"2020-12-22","purchased_purges":3,"victory":true,"max_hp_per_floor":[75,75,75,75,75,75,75,75,75,75,75,78,83,90,90,102,102,107,111,111,114,116,116,121,121,121,121,121,121,121,122,122,127,127,131,131,131,131,137,137,144,145,145,149,149,149,149,149,149,149,149,149],"card_choices":[{"not_picked":["Wild Strike","AT_GerminateFire","AT_DiedThrough"],"picked":"SKIP","floor":1.0},{"not_picked":["Headbutt","Twin Strike","Pommel Strike","Replay:Undeath\u0027s Touch","Perfected Strike"],"picked":"SKIP","floor":2.0},{"not_picked":["Body Slam","Cleave","ReplayTheSpireMod:Muscle Training","AT_CaressingTears","Perfected Strike"],"picked":"SKIP","floor":3.0},{"not_picked":["ReplayTheSpireMod:Strike From Hell","Thunderclap","AT_DrawKnifeCut","MostiFishMod:Chiaki","Carnage"],"picked":"SKIP","floor":4.0},{"not_picked":["Whirlwind","Defy Death","Shrug It Off","Thunderclap","Body Slam"],"picked":"SKIP","floor":7.0},{"not_picked":["ReplayTheSpireMod:Strike From Hell","Havoc","Burning Pact","Anger"],"picked":"Headbutt","floor":10.0},{"not_picked":["True Grit","ReplayTheSpireMod:Strike From Hell","Havoc","AT_BodySlamDance","Cleave"],"picked":"SKIP","floor":12.0},{"not_picked":["AT_IchimonjiDouble","Feel No Pain","Thunderclap","ReplayReversal","Headbutt"],"picked":"SKIP","floor":13.0},{"not_picked":["Seeing Red","AT_CaressingTears","Body Slam","Power Through","ReplayTheSpireMod:Muscle Training"],"picked":"SKIP","floor":14.0},{"not_picked":["MostiFishMod:DarkDeal","Limit Break","MostiFishMod:TemporaryOutbreak","conspire:Purge"],"picked":"AT_Dispersion","floor":16.0},{"not_picked":["Battle Trance+1","ReplayTheSpireMod:Corrosion Curse","Perfected Strike","Uppercut","Clash"],"picked":"SKIP","floor":18.0},{"not_picked":["Cleave","Disarm","Searing Blow","AT_BodySlamDance"],"picked":"conspire:Charge","floor":19.0},{"not_picked":["Run Through","AT_GerminateFire+1","ReplayReversal","Perfected Strike","Shrug It Off"],"picked":"SKIP","floor":21.0},{"not_picked":["Battle Trance","Havoc","Anger","Run Through","Clothesline"],"picked":"SKIP","floor":22.0},{"not_picked":["Replay:Undeath\u0027s Touch","Life Link","Battle Trance","Burning Pact"],"picked":"Double Tap","floor":24.0},{"not_picked":["Thunderclap","Sword Boomerang","Second Wind","Abandon","Replay:Undeath\u0027s Touch","AT_IchimonjiDouble"],"picked":"SKIP","floor":31.0},{"not_picked":["Flex","Armaments","Feel No Pain","Perfected Strike","Rampage","Dropkick"],"picked":"SKIP","floor":35.0},{"not_picked":["AT_IchimonjiDouble+1","Armaments","Run Through","Ghostly Armor","REME_FearOfPain"],"picked":"ReplayTheSpireMod:LeadingStrike+1","floor":39.0},{"not_picked":["Replay:Undeath\u0027s Touch+1","AT_BodySlamDance+1","ReplayTheSpireMod:LeadingStrike","Exhume","Iron Wave","Immolate"],"picked":"SKIP","floor":41.0},{"not_picked":["Sword Boomerang","Entrench","Clothesline","Cleave","Twin Strike+1","Pommel Strike"],"picked":"SKIP","floor":42.0},{"not_picked":["Havoc+1","REME_TheLastStrike","Burning Pact+1","Entrench","Twin Strike"],"picked":"AT_IchimonjiDouble","floor":44.0},{"not_picked":["Iron Wave+1","Twin Strike","Sword Boomerang","Wild Strike+1","Clash","ReplayReversal+1"],"picked":"SKIP","floor":47}],"player_experience":1371291,"relics_obtained":[{"floor":1.0,"key":"SynthV:TestCard"},{"floor":7.0,"key":"Replay:Mystery Machine"},{"floor":14.0,"key":"Bottled Flame"},{"floor":26.0,"key":"Question Card"},{"floor":37.0,"key":"conspire:Flyswatter"},{"floor":41.0,"key":"Simple Rune"},{"floor":43.0,"key":"AT_BellowingDragoncrestRing"},{"floor":45.0,"key":"ZombieArmy"}],"event_choices":[{"damage_healed":0.0,"max_hp_gain":0.0,"max_hp_loss":0.0,"gold_gain":0.0,"event_name":"conspire:Investor","player_choice":"Leave","floor":8.0,"gold_loss":0.0,"damage_taken":0.0},{"cards_removed":["Defend_R"],"damage_healed":0.0,"max_hp_gain":0.0,"max_hp_loss":0.0,"gold_gain":0.0,"event_name":"Purifier","player_choice":"Purged","floor":30.0,"gold_loss":0.0,"damage_taken":0.0},{"damage_healed":0.0,"max_hp_gain":0.0,"max_hp_loss":0.0,"gold_gain":0.0,"event_name":"Ryuuou:Expiration_R","player_choice":"Ignored","floor":36.0,"gold_loss":0.0,"damage_taken":0.0}],"is_beta":false,"boss_relics":[{"not_picked":["GreenFoldingFan","Black Star"],"picked":"conspire:SpecialSausage"},{"not_picked":["Replay:Wanted Poster","Fusion Hammer"],"picked":"Runic Pyramid"}],"items_purged_floors":[20,27,38],"is_endless":false,"potions_floor_spawned":[1,7,12,16,22,24,31,35,44],"ascension_level":19}}