{"host":"a5lz0e76zb3fcwkm","time":1612065443,"event":{"mods":["AchievementEnabler","BaseMod","Colored Map","Colored Powertips","Minty Spire (QoL Compilation)","StSLib","SuperFastMode"],"gold_per_floor":[17,35,35,51,66,66,79,79,105,105,123,141,63,75,75,75,75],"floor_reached":16,"language":"KOR","playtime":332,"items_purged":[],"score":192,"play_id":"eadaac2d-05cf-4e9e-8cf0-48b5be971dea","local_time":"20210131125723","is_ascension_mode":true,"campfire_choices":[{"data":"Dagger Spray","floor":6,"key":"SMITH"},{"data":"Terror","floor":10,"key":"SMITH"},{"data":"Secret Technique","floor":15,"key":"SMITH"}],"circlet_count":0,"master_deck":["AscendersBane","Strike_G","Strike_G","Strike_G","Defend_G","Defend_G","Defend_G","Defend_G","Defend_G","Survivor","Neutralize","Secret Technique+1","Dagger Spray+1","Backflip","Terror+1","Accuracy","Sucker Punch"],"relics":["Ring of the Snake"],"acts_visited":["Exordium"],"potions_floor_usage":[11],"damage_taken":[{"damage":6.0,"enemies":"Small Slimes","floor":1.0,"turns":5.0},{"damage":5.0,"enemies":"Jaw Worm","floor":2.0,"turns":5.0},{"damage":1,"enemies":"Cultist","floor":4,"turns":4},{"damage":4,"enemies":"2 Fungi Beasts","floor":5,"turns":4},{"damage":27,"enemies":"Large Slime","floor":7,"turns":9},{"damage":0,"enemies":"3 Louse","floor":11,"turns":6},{"damage":13,"enemies":"Blue Slaver","floor":12,"turns":3},{"damage":6,"enemies":"Exordium Thugs","floor":14,"turns":6},{"damage":33,"enemies":"Slime Boss","floor":16,"turns":3}],"seed_played":"-6203689562217147937","potions_obtained":[{"floor":2.0,"key":"SpeedPotion"},{"floor":4,"key":"Regen Potion"},{"floor":11,"key":"FearPotion"}],"is_trial":false,"path_per_floor":["M","M","?","M","M","R","M","?","T","R","M","M","$","M","R","B"],"character_chosen":"THE_SILENT","items_purchased":["Accuracy"],"campfire_rested":0,"item_purchase_floors":[13],"current_hp_per_floor":[53,48,48,47,43,43,16,9,9,9,24,11,11,5,5,0,0],"gold":75,"neow_bonus":"RANDOM_COLORLESS_2","is_daily":false,"chose_seed":false,"campfire_upgraded":3,"win_rate":0.0,"timestamp":1612065443,"path_taken":["M","M","?","M","M","R","M","?","T","R","M","M","?","M","R","BOSS"],"items_purchased_type":["Card"],"build_version":"2020-12-22","purchased_purges":0,"victory":false,"max_hp_per_floor":[66,66,66,66,66,66,66,66,66,66,66,66,66,66,66,66,66],"card_choices":[{"not_picked":["Magnetism","The Bomb"],"picked":"Secret Technique","floor":0.0},{"not_picked":["Heel Hook","Blur","Quick Slash"],"picked":"SKIP","floor":1.0},{"not_picked":["Outmaneuver","Flying Knee"],"picked":"Dagger Spray","floor":2.0},{"not_picked":["Setup","Outmaneuver","Sucker Punch"],"picked":"SKIP","floor":4},{"not_picked":["Flying Knee","Acrobatics"],"picked":"Backflip","floor":5},{"not_picked":["Underhanded Strike","Blur"],"picked":"Terror","floor":7},{"not_picked":["Dagger Spray","Outmaneuver","Poisoned Stab"],"picked":"SKIP","floor":11},{"not_picked":["Outmaneuver","Dash","Tools of the Trade"],"picked":"SKIP","floor":12},{"not_picked":["Dodge and Roll","Choke"],"picked":"Sucker Punch","floor":14}],"player_experience":1823288,"relics_obtained":[],"event_choices":[{"cards_removed":["Strike_G"],"damage_healed":0,"gold_gain":0,"player_choice":"Forget","damage_taken":0,"max_hp_gain":0,"max_hp_loss":0,"event_name":"Living Wall","floor":3,"gold_loss":0},{"cards_removed":["Strike_G"],"damage_healed":0,"gold_gain":0,"player_choice":"Card Removal","damage_taken":7,"max_hp_gain":0,"max_hp_loss":0,"event_name":"Golden Wing","floor":8,"gold_loss":0}],"is_beta":false,"boss_relics":[],"items_purged_floors":[],"is_endless":false,"potions_floor_spawned":[2,4,11],"killed_by":"Slime Boss","ascension_level":20}}