{"host":"fxrgx7wt2cpkbhka","time":1612074320,"event":{"mods":["AchievementEnabler","BaseMod","Colored Powertips","Minty Spire (QoL Compilation)","Permanent Neow","Quick Restart","Slay-I","StSLib","Waifu the Spire"],"gold_per_floor":[113,113,113,124,141,141,151,169,195,195,295,308,322,70,70,70,70],"floor_reached":16,"language":"ENG","playtime":441,"items_purged":[],"score":155,"play_id":"d109953d-a439-4613-9cf8-9be1fa866ad4","local_time":"20210130222520","is_ascension_mode":true,"campfire_choices":[{"data":"Armaments","floor":6,"key":"SMITH"},{"data":"Clash","floor":10,"key":"SMITH"},{"data":"Immolate","floor":15,"key":"SMITH"}],"circlet_count":0,"master_deck":["AscendersBane","Strike_R","Strike_R","Strike_R","Strike_R","Strike_R","Defend_R","Defend_R","Defend_R","Defend_R","Bash","Armaments+1","Clash+1","Iron Wave","Immolate+1"],"relics":["Burning Blood","Potion Belt","Lantern","Singing Bowl"],"acts_visited":["Exordium"],"potions_floor_usage":[7,16,16],"damage_taken":[{"damage":4,"enemies":"2 Louse","floor":1,"turns":4},{"damage":2,"enemies":"Jaw Worm","floor":4,"turns":4},{"damage":6,"enemies":"Cultist","floor":5,"turns":4},{"damage":20,"enemies":"Gremlin Gang","floor":7,"turns":6},{"damage":8,"enemies":"Blue Slaver","floor":8,"turns":5},{"damage":29,"enemies":"Large Slime","floor":12,"turns":7},{"damage":9,"enemies":"3 Louse","floor":13,"turns":3},{"damage":36,"enemies":"Slime Boss","floor":16,"turns":7}],"seed_played":"3071853354739702462","potions_obtained":[{"floor":4,"key":"SneckoOil"},{"floor":5,"key":"SpeedPotion"},{"floor":8,"key":"Ancient Potion"},{"floor":12,"key":"Weak Potion"}],"is_trial":false,"path_per_floor":["M","?","?","M","M","R","M","M","T","R","?","M","M","$","R","B"],"character_chosen":"IRONCLAD","items_purchased":["Singing Bowl"],"campfire_rested":0,"item_purchase_floors":[14],"current_hp_per_floor":[74,74,74,78,78,78,64,62,62,62,62,39,36,36,36,0,0],"gold":70,"neow_bonus":"RANDOM_COMMON_RELIC","is_daily":false,"chose_seed":false,"campfire_upgraded":3,"win_rate":0.0,"timestamp":1612074320,"path_taken":["M","?","?","M","M","R","M","M","T","R","?","?","M","$","R","BOSS"],"items_purchased_type":["Relic"],"build_version":"2020-12-22","purchased_purges":0,"victory":false,"max_hp_per_floor":[80,80,80,80,80,80,80,80,80,80,80,80,80,80,80,80,80],"card_choices":[{"not_picked":["Twin Strike","Body Slam"],"picked":"Armaments","floor":1},{"not_picked":["Entrench","Searing Blow"],"picked":"Clash","floor":4},{"not_picked":["Anger","Body Slam","Seeing Red"],"picked":"SKIP","floor":5},{"not_picked":["Dropkick","Intimidate","Fire Breathing"],"picked":"SKIP","floor":7},{"not_picked":["Anger","Pommel Strike","Pummel"],"picked":"SKIP","floor":8},{"not_picked":["Clothesline","Warcry"],"picked":"Iron Wave","floor":12},{"not_picked":["Armaments","Rupture"],"picked":"Immolate","floor":13}],"player_experience":736942,"relics_obtained":[{"floor":9,"key":"Lantern"}],"event_choices":[{"damage_healed":0,"gold_gain":0,"player_choice":"Ignored","damage_taken":0,"max_hp_gain":0,"max_hp_loss":0,"event_name":"Golden Wing","floor":2,"gold_loss":0},{"damage_healed":0,"gold_gain":0,"player_choice":"Leave","damage_taken":0,"max_hp_gain":0,"max_hp_loss":0,"event_name":"The Cleric","floor":3,"gold_loss":0},{"damage_healed":0,"gold_gain":100,"player_choice":"Pray","damage_taken":0,"max_hp_gain":0,"max_hp_loss":0,"event_name":"Golden Shrine","floor":11,"gold_loss":0}],"is_beta":false,"boss_relics":[],"items_purged_floors":[],"is_endless":false,"potions_floor_spawned":[4,5,8,12],"killed_by":"Slime Boss","ascension_level":13}}