{"host":"6gwm7y0tp7acoxay","time":1612095163,"event":{"mods":["BaseMod","Colored Map","Keyboard Shortcuts","Minty Spire (QoL Compilation)","Quick Restart","StSLib","SuperFastMode","everything is the same but u backflip on backflip"],"gold_per_floor":[116,116,116,116,166,210,241,279,325,360,378,378,378,37,37,130,130,154,70,70,70,70,110,144,144,171,219,272,197,233,249,249,338,338,354,377,377,445,445,478,478,514,563,575,56,87,87,18,18,18,18,18,18,18,49,49],"floor_reached":57,"language":"KOR","playtime":2164,"items_purged":["Sword Boomerang","Cleave"],"score":3250,"play_id":"13289494-9b4b-4246-868a-b4f8e6e99ca7","local_time":"20210131211243","daily_mods":["SealedDeck","Heirloom","Flight"],"is_ascension_mode":true,"campfire_choices":[{"data":"Disarm","floor":12.0,"key":"SMITH"},{"data":"Disarm","floor":13.0,"key":"SMITH"},{"data":"Fire Breathing","floor":15.0,"key":"SMITH"},{"data":"Uppercut","floor":25.0,"key":"SMITH"},{"data":"True Grit","floor":32.0,"key":"SMITH"},{"floor":41.0,"key":"REST"},{"floor":44.0,"key":"RECALL"},{"data":"Evolve","floor":47.0,"key":"SMITH"},{"data":"Double Tap","floor":49.0,"key":"SMITH"},{"data":"Feel No Pain","floor":53,"key":"SMITH"}],"circlet_count":0,"master_deck":["AscendersBane","True Grit+1","Disarm+1","Fire Breathing+1","Shrug It Off+1","Feel No Pain+1","Power Through","Disarm+1","Pommel Strike","Double Tap+1","Exhume","Battle Trance","Rage","Juggernaut","Second Wind+1","Uppercut+1","Dual Wield","Evolve+1","Dropkick+1"],"relics":["Burning Blood","Torii","Anchor","Golden Idol","Magic Flower","Orichalcum","Gambling Chip","Omamori","TungstenRod","Sozu","Molten Egg 2","Shuriken","CeramicFish","Bag of Preparation","Oddly Smooth Stone","PreservedInsect","Black Star","Potion Belt","Mango","Paper Frog","Nunchaku","The Courier","StrikeDummy","MawBank","Membership Card","Unceasing Top","Ancient Tea Set","Kunai","Happy Flower","MealTicket","Art of War","War Paint","Strawberry","Vajra"],"acts_visited":["Exordium","TheCity","TheBeyond","TheEnding"],"potions_floor_usage":[56],"damage_taken":[{"damage":0.0,"enemies":"2 Louse","floor":1.0,"turns":3.0},{"damage":1.0,"enemies":"3 Sentries","floor":6.0,"turns":5.0},{"damage":19.0,"enemies":"Lagavulin","floor":7.0,"turns":9.0},{"damage":0.0,"enemies":"3 Sentries","floor":8.0,"turns":4.0},{"damage":28.0,"enemies":"Gremlin Nob","floor":10.0,"turns":7.0},{"damage":0.0,"enemies":"Small Slimes","floor":11.0,"turns":4.0},{"damage":0.0,"enemies":"Hexaghost","floor":16.0,"turns":11.0},{"damage":0.0,"enemies":"3 Byrds","floor":18.0,"turns":4.0},{"damage":28.0,"enemies":"Slavers","floor":23.0,"turns":4.0},{"damage":0.0,"enemies":"Book of Stabbing","floor":24.0,"turns":7.0},{"damage":23.0,"enemies":"Gremlin Leader","floor":27.0,"turns":7.0},{"damage":0.0,"enemies":"Book of Stabbing","floor":28.0,"turns":7.0},{"damage":19.0,"enemies":"Slavers","floor":30.0,"turns":4.0},{"damage":0.0,"enemies":"Chosen","floor":31.0,"turns":3.0},{"damage":23.0,"enemies":"Collector","floor":33.0,"turns":10.0},{"damage":18.0,"enemies":"3 Darklings","floor":35.0,"turns":5.0},{"damage":36.0,"enemies":"2 Orb Walkers","floor":38.0,"turns":5.0},{"damage":19.0,"enemies":"Nemesis","floor":40.0,"turns":7.0},{"damage":13.0,"enemies":"Reptomancer","floor":42.0,"turns":5.0},{"damage":0.0,"enemies":"Nemesis","floor":46.0,"turns":7.0},{"damage":9.0,"enemies":"Time Eater","floor":50.0,"turns":11.0},{"damage":19,"enemies":"Donu and Deca","floor":51,"turns":7},{"damage":15,"enemies":"Shield and Spear","floor":55,"turns":6},{"damage":25,"enemies":"The Heart","floor":56,"turns":7}],"seed_played":"7533517810767378492","potions_obtained":[{"floor":1.0,"key":"SteroidPotion"},{"floor":8.0,"key":"DistilledChaos"},{"floor":10.0,"key":"BlessingOfTheForge"}],"is_trial":true,"path_per_floor":["M","?","?","$","?","E","E","E","T","E","M","R","R","$","R","B",null,"M","$","?","?","$","E","E","R","T","E","E","$","E","M","R","B",null,"M","T","?","?","?","E","R","E","T","R","$","E","R","$","R","B","B",null,"R","$","E","B",null],"character_chosen":"IRONCLAD","items_purchased":["TungstenRod","Uppercut","Membership Card","Unceasing Top","Ancient Tea Set","Kunai","Happy Flower","War Paint"],"campfire_rested":1,"item_purchase_floors":[14,19,45,45,45,45,45,48],"current_hp_per_floor":[74,69,68,68,68,68,58,67,67,48,57,57,57,57,57,66,68,68,68,68,68,68,49,58,58,58,44,53,53,43,52,52,38,61,52,52,52,39,39,29,53,49,49,49,49,58,58,73,73,73,63,77,77,82,83,67],"gold":49,"neow_bonus":"","is_daily":false,"chose_seed":false,"campfire_upgraded":8,"win_rate":0.0,"timestamp":1612095163,"path_taken":["M","?","?","?","?","E","E","E","T","E","?","R","R","?","R","BOSS","M","?","?","?","?","E","E","R","T","E","E","$","E","?","R","BOSS","M","?","?","?","?","E","R","E","T","R","$","E","R","?","R","BOSS","BOSS","R","$","E","BOSS"],"items_purchased_type":["Relic","Card","Relic","Relic","Relic","Relic","Relic","Relic"],"build_version":"2020-12-22","purchased_purges":2,"victory":true,"max_hp_per_floor":[75,75,68,68,68,68,68,68,68,68,68,68,68,68,68,68,68,68,68,68,68,68,68,68,68,68,68,68,68,68,68,68,68,68,68,68,68,82,82,82,82,82,82,82,82,82,82,82,82,82,82,82,82,82,89,89],"card_choices":[{"not_picked":["Perfected Strike","Wild Strike"],"picked":"Pommel Strike","floor":1.0},{"not_picked":["Twin Strike","Thunderclap"],"picked":"Double Tap","floor":6.0},{"not_picked":["Cleave","Sever Soul"],"picked":"Exhume","floor":7.0},{"not_picked":["Dual Wield","Thunderclap"],"picked":"Dropkick","floor":8.0},{"not_picked":["Clash","Flex"],"picked":"Battle Trance","floor":10.0},{"not_picked":["Perfected Strike","Spot Weakness"],"picked":"Rage","floor":11.0},{"not_picked":["Bludgeon","Impervious"],"picked":"Juggernaut","floor":16.0},{"not_picked":["Body Slam","Twin Strike"],"picked":"Second Wind","floor":18.0},{"not_picked":["Pummel+1","Clash+1","Infernal Blade"],"picked":"SKIP","floor":23.0},{"not_picked":["Thunderclap+1","True Grit"],"picked":"Dual Wield","floor":24.0},{"not_picked":["Clash+1","Corruption"],"picked":"Evolve","floor":27.0},{"not_picked":["Shrug It Off","Headbutt+1"],"picked":"Dropkick+1","floor":28.0},{"not_picked":["Reckless Charge+1","Dual Wield","Rage"],"picked":"SKIP","floor":30.0},{"not_picked":["Shrug It Off","Carnage+1","Uppercut+1"],"picked":"SKIP","floor":31.0},{"not_picked":["Wild Strike+1","Clash+1","Warcry+1"],"picked":"SKIP","floor":35.0},{"not_picked":["Flex","Wild Strike+1","Warcry"],"picked":"SKIP","floor":40.0},{"not_picked":["Combust","Iron Wave+1","Spot Weakness"],"picked":"SKIP","floor":42.0},{"not_picked":["Flex","Twin Strike+1","Battle Trance"],"picked":"SKIP","floor":46.0},{"not_picked":["Rampage+1","Headbutt+1","Clothesline+1"],"picked":"SKIP","floor":55}],"player_experience":4455443,"relics_obtained":[{"floor":6.0,"key":"Magic Flower"},{"floor":7.0,"key":"Orichalcum"},{"floor":8.0,"key":"Gambling Chip"},{"floor":10.0,"key":"Omamori"},{"floor":23.0,"key":"Molten Egg 2"},{"floor":24.0,"key":"Shuriken"},{"floor":26.0,"key":"CeramicFish"},{"floor":27.0,"key":"Bag of Preparation"},{"floor":28.0,"key":"Oddly Smooth Stone"},{"floor":30.0,"key":"PreservedInsect"},{"floor":36.0,"key":"Potion Belt"},{"floor":38.0,"key":"Mango"},{"floor":40.0,"key":"Paper Frog"},{"floor":40.0,"key":"Nunchaku"},{"floor":42.0,"key":"The Courier"},{"floor":42.0,"key":"StrikeDummy"},{"floor":43.0,"key":"MawBank"},{"floor":46.0,"key":"MealTicket"},{"floor":46.0,"key":"Art of War"},{"floor":55,"key":"Strawberry"},{"floor":55,"key":"Vajra"}],"event_choices":[{"damage_healed":0.0,"max_hp_gain":0.0,"max_hp_loss":0.0,"gold_gain":0.0,"event_name":"Scrap Ooze","player_choice":"Success","floor":2.0,"gold_loss":0.0,"damage_taken":5.0,"relics_obtained":["Anchor"]},{"damage_healed":0.0,"max_hp_gain":0.0,"max_hp_loss":7.0,"gold_gain":0.0,"event_name":"Golden Idol","player_choice":"Lose Max HP","floor":3.0,"gold_loss":0.0,"damage_taken":0.0,"relics_obtained":["Golden Idol"]},{"damage_healed":0.0,"max_hp_gain":0.0,"max_hp_loss":0.0,"gold_gain":50.0,"event_name":"Golden Shrine","player_choice":"Pray","floor":5.0,"gold_loss":0.0,"damage_taken":0.0},{"damage_healed":0.0,"max_hp_gain":0.0,"max_hp_loss":0.0,"gold_gain":0.0,"event_name":"The Mausoleum","player_choice":"Ignored","floor":20.0,"gold_loss":0.0,"damage_taken":0.0},{"cards_removed":["Clothesline"],"damage_healed":0.0,"max_hp_gain":0.0,"max_hp_loss":0.0,"gold_gain":0.0,"event_name":"Back to Basics","player_choice":"Elegance","floor":21.0,"gold_loss":0.0,"damage_taken":0.0},{"cards_removed":["Dropkick"],"damage_healed":0.0,"max_hp_gain":0.0,"max_hp_loss":0.0,"gold_gain":0.0,"event_name":"Falling","player_choice":"Removed Attack","floor":37.0,"gold_loss":0.0,"damage_taken":0.0},{"damage_healed":0.0,"max_hp_gain":0.0,"max_hp_loss":0.0,"gold_gain":0.0,"event_name":"Mysterious Sphere","player_choice":"Fight","floor":38.0,"gold_loss":0.0,"damage_taken":0.0},{"damage_healed":0.0,"max_hp_gain":0.0,"max_hp_loss":0.0,"gold_gain":0.0,"event_name":"SensoryStone","player_choice":"Memory 1","floor":39.0,"gold_loss":0.0,"damage_taken":0.0}],"is_beta":false,"boss_relics":[{"not_picked":["Empty Cage","Cursed Key"],"picked":"Sozu"},{"not_picked":["Coffee Dripper","SacredBark"],"picked":"Black Star"}],"items_purged_floors":[29,45],"is_endless":false,"potions_floor_spawned":[1,8,10,11,23,24,30,33,40,42],"ascension_level":20}}