{"host":"1dz819zv7fs9tsdy","time":1612123038,"event":{"mods":["AchievementEnabler","BaseMod","Colored Powertips","Curses Come First","Minty Spire (QoL Compilation)","Rare Cards Sparkle","Replay The Spire","Shop Mod","StSLib"],"gold_per_floor":[112,112,63,63,63,63,90,103,103,120,120,120,154,169,169,264,264,277,152,152,171,181,208,243,243,266,266,299,318,318,344,344,446,446,466,483,533,551,551,568,568,568,568],"floor_reached":42,"language":"ENG","playtime":5569,"items_purged":["Strike_G"],"score":642,"play_id":"de33fbd3-08f7-480e-8fb7-b80f2147ba0d","local_time":"20210131195718","is_ascension_mode":true,"campfire_choices":[{"data":"Toxin Wave","floor":6,"key":"SMITH"},{"data":"ReplayTheSpireMod:Scrap Shanks","floor":11,"key":"SMITH"},{"floor":15,"key":"REST"},{"floor":25,"key":"REST"},{"floor":27,"key":"REST"},{"data":"Atom Bomb","floor":30,"key":"SMITH"},{"floor":32,"key":"REST"},{"floor":41,"key":"REST"}],"circlet_count":0,"master_deck":["Strike_G","Defend_G","Defend_G","Defend_G","Defend_G","Defend_G+1","Survivor","Neutralize","Toxin Wave+1","Poisoned Stab","Glass Knife","ReplayTheSpireMod:Scrap Shanks+1","Deflect","PiercingWail","Noxious Fumes","Deadly Poison","Atom Bomb+1","Outmaneuver","Deadly Poison","After Image","Deadly Poison","Cloak And Dagger","Dash","PiercingWail","Catalyst","Bullet Time","Atom Bomb","Distraction+1","Deadly Poison","Replay:Poison Smokescreen+1","Dagger Throw+1","Prepared+1"],"relics":["NeowsBlessing","Sizzling Blood","Simple Rune","Torii","Replay:Rubber Ducky","Honey Jar","Replay:Baseball","Bronze Scales","Red Mask","Potion Belt","Onion Ring","Bottled Flame","Black Star","Du-Vu Doll"],"acts_visited":["Exordium","TheCity","TheBeyond"],"potions_floor_usage":[13,22,23,33,33,33,40,42],"damage_taken":[{"damage":0,"enemies":"Jaw Worm","floor":1,"turns":1},{"damage":0,"enemies":"3 Sentries","floor":7,"turns":2},{"damage":0,"enemies":"Small Slimes","floor":8,"turns":1},{"damage":0,"enemies":"Cultist","floor":10,"turns":3},{"damage":52,"enemies":"Gremlin Nob","floor":13,"turns":6},{"damage":0,"enemies":"Gremlin Gang","floor":14,"turns":5},{"damage":3,"enemies":"Hexaghost","floor":16,"turns":8},{"damage":9,"enemies":"Shell Parasite","floor":18,"turns":5},{"damage":0,"enemies":"Chosen","floor":21,"turns":3},{"damage":5,"enemies":"3 Cultists","floor":22,"turns":5},{"damage":41,"enemies":"Book of Stabbing","floor":23,"turns":6},{"damage":31,"enemies":"Masked Bandits","floor":24,"turns":4},{"damage":7,"enemies":"Replay:Snechameleon","floor":28,"turns":3},{"damage":0,"enemies":"Snake Plant","floor":29,"turns":4},{"damage":35,"enemies":"Gremlin Leader","floor":31,"turns":4},{"damage":23,"enemies":"Automaton","floor":33,"turns":7},{"damage":1,"enemies":"Orb Walker","floor":35,"turns":3},{"damage":13,"enemies":"3 Darklings","floor":36,"turns":4},{"damage":0,"enemies":"Mind Bloom Boss Battle","floor":37,"turns":2},{"damage":60,"enemies":"Transient","floor":38,"turns":5},{"damage":22,"enemies":"Jaw Worm Horde","floor":40,"turns":5},{"damage":53,"enemies":"Reptomancer","floor":42,"turns":3}],"seed_played":"-8219493821408956949","potions_obtained":[{"floor":7,"key":"Energy Potion"},{"floor":10,"key":"PowerPotion"},{"floor":14,"key":"EssenceOfSteel"},{"floor":16,"key":"Adrenaline Potion"},{"floor":22,"key":"FairyPotion"},{"floor":24,"key":"CunningPotion"},{"floor":28,"key":"Flashbang"},{"floor":31,"key":"Adrenaline Potion"},{"floor":38,"key":"BlessingOfTheForge"},{"floor":40,"key":"Ancient Potion"}],"is_trial":false,"path_per_floor":["M","?","$","?","?","R","E","M","T","M","R","$","E","M","R","B",null,"M","$","?","M","M","E","?","R","T","R","E","M","R","E","R","B",null,"M","M","?","M","?","M","R","E"],"character_chosen":"THE_SILENT","items_purchased":["Poisoned Stab","Deadly Poison"],"campfire_rested":5,"item_purchase_floors":[3,19],"current_hp_per_floor":[70,63,63,67,67,67,71,74,74,74,74,74,26,30,52,53,74,69,69,69,73,72,35,8,30,30,52,49,53,53,22,44,25,74,74,65,69,13,13,22,44,0,0],"gold":568,"neow_bonus":"THREE_ENEMY_KILL","is_daily":false,"chose_seed":false,"campfire_upgraded":3,"win_rate":0.0,"timestamp":1612123038,"path_taken":["M","?","$","?","?","R","E","?","T","M","R","$","E","M","R","BOSS","M","$","?","M","?","E","?","R","T","R","E","M","R","E","R","BOSS","M","M","?","M","?","M","R","E"],"items_purchased_type":["Card","Card"],"build_version":"2020-12-22","purchased_purges":1,"victory":false,"max_hp_per_floor":[70,70,70,74,74,74,74,74,74,74,74,74,74,74,74,74,74,74,74,74,74,74,74,74,74,74,74,74,74,74,74,74,74,74,74,74,74,74,74,74,74,74,74],"card_choices":[{"not_picked":["Acrobatics","Dodge and Roll"],"picked":"Toxin Wave","floor":1},{"not_picked":["Cloak And Dagger","Eviscerate"],"picked":"ReplayTheSpireMod:Scrap Shanks","floor":7},{"not_picked":["Flying Knee","Expertise"],"picked":"Deflect","floor":8},{"not_picked":["Escape Plan","Acrobatics"],"picked":"PiercingWail","floor":10},{"not_picked":["Unload","Flying Knee"],"picked":"Noxious Fumes","floor":13},{"not_picked":["Hidden Blade","Dagger Spray"],"picked":"Deadly Poison","floor":14},{"not_picked":["Grand Finale","Envenom"],"picked":"Atom Bomb","floor":16},{"not_picked":["Underhanded Strike","Flying Knee","Tactician"],"picked":"Outmaneuver","floor":18},{"not_picked":["Prepared","Underhanded Strike","Cloak And Dagger"],"picked":"After Image","floor":21},{"not_picked":["Prepared","Predator","Dodge and Roll"],"picked":"Deadly Poison","floor":22},{"not_picked":["Sucker Punch","Grand Finale","Underhanded Strike"],"picked":"Cloak And Dagger","floor":23},{"not_picked":["Prepared","Flying Knee","Backflip+1"],"picked":"Dash","floor":24},{"not_picked":["Flying Knee","Dagger Throw","Bane"],"picked":"PiercingWail","floor":28},{"not_picked":["Well Laid Plans","Deflect","Sucker Punch"],"picked":"Catalyst","floor":29},{"not_picked":["Dagger Throw","Leg Sweep+1","Predator+1"],"picked":"Bullet Time","floor":31},{"not_picked":["Grand Finale","Phantasmal Killer","Unload"],"picked":"Atom Bomb","floor":33},{"not_picked":["Slice","Bane","Dagger Throw"],"picked":"Distraction+1","floor":35},{"not_picked":["Dagger Throw+1","Deflect+1","Dash"],"picked":"Deadly Poison","floor":36},{"not_picked":["Underhanded Strike+1","Accuracy+1","Finisher"],"picked":"Replay:Poison Smokescreen+1","floor":37},{"not_picked":["Deadly Poison","Reflex+1","Slice"],"picked":"Dagger Throw+1","floor":38},{"not_picked":["Poisoned Stab","Heel Hook","Accuracy+1"],"picked":"Prepared+1","floor":40}],"player_experience":371795,"relics_obtained":[{"floor":7,"key":"Simple Rune"},{"floor":9,"key":"Torii"},{"floor":13,"key":"Replay:Rubber Ducky"},{"floor":23,"key":"Bronze Scales"},{"floor":24,"key":"Red Mask"},{"floor":26,"key":"Potion Belt"},{"floor":28,"key":"Onion Ring"},{"floor":31,"key":"Bottled Flame"},{"floor":37,"key":"Du-Vu Doll"}],"event_choices":[{"cards_removed":["Strike_G"],"damage_healed":0,"gold_gain":0,"player_choice":"Card Removal","damage_taken":7,"max_hp_gain":0,"max_hp_loss":0,"event_name":"Golden Wing","floor":2,"gold_loss":0},{"damage_healed":0,"gold_gain":0,"cards_transformed":["Strike_G"],"player_choice":"Change","damage_taken":0,"max_hp_gain":0,"max_hp_loss":0,"event_name":"Living Wall","floor":5,"gold_loss":0,"cards_obtained":["Glass Knife"]},{"damage_healed":0,"gold_gain":0,"player_choice":"Gave Potion","damage_taken":0,"relics_obtained":["Replay:Baseball"],"max_hp_gain":0,"max_hp_loss":0,"event_name":"WeMeetAgain","floor":20,"gold_loss":0},{"damage_healed":0,"gold_gain":0,"player_choice":"Fought Bandits","damage_taken":0,"max_hp_gain":0,"max_hp_loss":0,"event_name":"Masked Bandits","floor":24,"gold_loss":0},{"damage_healed":0,"gold_gain":0,"player_choice":"Fight","damage_taken":0,"max_hp_gain":0,"max_hp_loss":0,"event_name":"MindBloom","floor":37,"gold_loss":0},{"cards_removed":["Strike_G"],"damage_healed":0,"gold_gain":0,"player_choice":"Removed Attack","damage_taken":0,"max_hp_gain":0,"max_hp_loss":0,"event_name":"Falling","floor":39,"gold_loss":0}],"is_beta":false,"boss_relics":[{"not_picked":["Ectoplasm","Snecko Scales"],"picked":"Honey Jar"},{"not_picked":["ChewingGum","Replay:Wanted Poster"],"picked":"Black Star"}],"items_purged_floors":[19],"is_endless":false,"potions_floor_spawned":[7,10,14,16,22,24,28,31,38,40],"killed_by":"Reptomancer","ascension_level":4}}