{"host":"x5w9zppki4gdwvc7","time":1612130134,"event":{"mods":["AchievementEnabler","BaseMod","Colored Powertips","DeckTracker","Minty Spire (QoL Compilation)","Relic Sorter","SuperFastMode"],"gold_per_floor":[115,115,131,56,56,56,86,86,86,86,101,101,144,163,163,287,287,305,328,427,89,102,143,143,164,216,90,90,90,14,28,28,147,147,172,172,186,186,186,230,230,253,253,253,253],"floor_reached":44,"language":"ENG","playtime":2391,"items_purged":["Strike_R","Defend_R"],"score":562,"play_id":"f37d8c22-2ddf-41bc-8c3b-ec200954ebb5","local_time":"20210131225534","is_ascension_mode":true,"campfire_choices":[{"data":"Bash","floor":6.0,"key":"SMITH"},{"data":"Iron Wave","floor":8.0,"key":"SMITH"},{"floor":15.0,"key":"REST"},{"data":"True Grit","floor":24.0,"key":"SMITH"},{"floor":28.0,"key":"REST"},{"floor":32,"key":"REST"}],"circlet_count":0,"master_deck":["Defend_R+1","Defend_R","Defend_R+1","Bash+1","Iron Wave+1","Anger","Rage","Anger","Headbutt+1","Blood for Blood+1","Headbutt+1","True Grit+1","Wild Strike","Spot Weakness","Intimidate+1","Evolve","True Grit","Shrug It Off","Offering","Shockwave","Feel No Pain","Heavy Blade+1","Clothesline+1","Madness","Madness","Shrug It Off+1"],"relics":["Black Blood","NeowsBlessing","Omamori","FossilizedHelix","Dream Catcher","Golden Idol","Oddly Smooth Stone","Astrolabe","Mummified Hand","Bag of Preparation","Ancient Tea Set","Necronomicon","Orichalcum","Sundial"],"acts_visited":["Exordium","TheCity","TheBeyond"],"potions_floor_usage":[33,44],"damage_taken":[{"damage":0.0,"enemies":"Small Slimes","floor":1.0,"turns":1.0},{"damage":0.0,"enemies":"Jaw Worm","floor":3.0,"turns":1.0},{"damage":0.0,"enemies":"Lagavulin","floor":7.0,"turns":2.0},{"damage":0.0,"enemies":"2 Louse","floor":11.0,"turns":2.0},{"damage":16.0,"enemies":"3 Sentries","floor":13.0,"turns":9.0},{"damage":0.0,"enemies":"Exordium Wildlife","floor":14.0,"turns":4.0},{"damage":55.0,"enemies":"Slime Boss","floor":16.0,"turns":12.0},{"damage":11.0,"enemies":"2 Thieves","floor":18.0,"turns":4.0},{"damage":0.0,"enemies":"3 Byrds","floor":19.0,"turns":8.0},{"damage":6.0,"enemies":"Shelled Parasite and Fungi","floor":22.0,"turns":4.0},{"damage":47.0,"enemies":"Slavers","floor":23.0,"turns":7.0},{"damage":37.0,"enemies":"Snecko","floor":25.0,"turns":6.0},{"damage":0,"enemies":"3 Cultists","floor":31,"turns":4},{"damage":17,"enemies":"Champ","floor":33,"turns":9},{"damage":0,"enemies":"Orb Walker","floor":35,"turns":3},{"damage":28,"enemies":"3 Darklings","floor":37,"turns":6},{"damage":15,"enemies":"Nemesis","floor":40,"turns":7},{"damage":27,"enemies":"Sphere and 2 Shapes","floor":42,"turns":4},{"damage":52,"enemies":"Giant Head","floor":44,"turns":6}],"seed_played":"3630454858508634486","potions_obtained":[{"floor":13.0,"key":"Block Potion"},{"floor":14.0,"key":"Weak Potion"},{"floor":19.0,"key":"ColorlessPotion"},{"floor":25.0,"key":"Energy Potion"},{"floor":35,"key":"GamblersBrew"},{"floor":40,"key":"Energy Potion"}],"is_trial":false,"path_per_floor":["M","$","M","$","?","R","E","R","T","?","M","?","E","M","R","B",null,"M","M","?","$","M","E","R","M","T","$","R","?","$","M","R","B",null,"M","?","M","?","?","E","?","M","T","E"],"character_chosen":"IRONCLAD","items_purchased":["Mummified Hand","Spot Weakness","True Grit","Offering"],"campfire_rested":3,"item_purchase_floors":[21,21,27,30],"current_hp_per_floor":[80,80,80,80,77,77,80,80,80,60,66,50,40,46,70,21,80,75,80,80,80,80,39,39,8,8,8,32,16,16,22,46,35,80,80,80,64,64,64,61,51,36,36,0,0],"gold":253,"neow_bonus":"THREE_ENEMY_KILL","is_daily":false,"chose_seed":false,"campfire_upgraded":3,"win_rate":0.0,"timestamp":1612130134,"path_taken":["M","$","M","$","?","R","E","R","T","?","M","?","E","M","R","BOSS","M","M","?","$","M","E","R","M","T","$","R","?","?","M","R","BOSS","M","?","?","?","?","E","?","M","T","E"],"items_purchased_type":["Relic","Card","Card","Card"],"build_version":"2020-12-22","purchased_purges":2,"victory":false,"max_hp_per_floor":[80,80,80,80,80,80,80,80,80,80,80,80,80,80,80,80,80,80,80,80,80,80,80,80,80,80,80,80,80,80,80,80,80,80,80,80,80,80,80,80,80,80,80,80,80],"card_choices":[{"not_picked":["Heavy Blade","Armaments"],"picked":"Iron Wave","floor":1.0},{"not_picked":["Havoc","Armaments"],"picked":"Anger","floor":3.0},{"not_picked":["Clothesline","Pummel","Fire Breathing"],"picked":"SKIP","floor":7.0},{"not_picked":["Sword Boomerang","Rampage"],"picked":"Rage","floor":11.0},{"not_picked":["Perfected Strike","Thunderclap","Blood for Blood"],"picked":"SKIP","floor":13.0},{"not_picked":["Sever Soul","Heavy Blade","Warcry"],"picked":"SKIP","floor":14.0},{"not_picked":["Twin Strike","Sever Soul"],"picked":"Anger","floor":15.0},{"not_picked":["Havoc","Evolve"],"picked":"True Grit","floor":18.0},{"not_picked":["Dropkick","Perfected Strike+1"],"picked":"Wild Strike","floor":19.0},{"not_picked":["Pommel Strike","Clothesline+1","Clash+1"],"picked":"SKIP","floor":22.0},{"not_picked":["Anger","Body Slam"],"picked":"Intimidate+1","floor":23.0},{"not_picked":["Barricade","Flex"],"picked":"Evolve","floor":25.0},{"not_picked":["Clash","Clothesline"],"picked":"Shrug It Off","floor":28.0},{"not_picked":["Carnage","Intimidate"],"picked":"Shockwave","floor":31},{"not_picked":["Body Slam+1","Heavy Blade"],"picked":"Feel No Pain","floor":32},{"not_picked":["Brutality","Barricade"],"picked":"Exhume","floor":33},{"not_picked":["Cleave","Perfected Strike+1","Whirlwind+1"],"picked":"SKIP","floor":35},{"not_picked":["Clash","Clothesline"],"picked":"Heavy Blade+1","floor":37},{"not_picked":["Iron Wave+1","Body Slam"],"picked":"Clothesline+1","floor":40},{"not_picked":["Whirlwind+1","Rage+1"],"picked":"Shrug It Off+1","floor":42}],"player_experience":343067,"relics_obtained":[{"floor":7.0,"key":"FossilizedHelix"},{"floor":9.0,"key":"Dream Catcher"},{"floor":13.0,"key":"Oddly Smooth Stone"},{"floor":23.0,"key":"Bag of Preparation"},{"floor":26.0,"key":"Ancient Tea Set"},{"floor":29,"key":"Necronomicon"},{"floor":40,"key":"Orichalcum"},{"floor":43,"key":"Sundial"}],"event_choices":[{"damage_healed":0.0,"max_hp_gain":0.0,"max_hp_loss":0.0,"gold_gain":0.0,"event_name":"Scrap Ooze","player_choice":"Success","floor":5.0,"gold_loss":0.0,"damage_taken":3.0,"relics_obtained":["Omamori"]},{"damage_healed":0.0,"max_hp_gain":0.0,"max_hp_loss":0.0,"gold_gain":0.0,"event_name":"Golden Idol","player_choice":"Take Damage","floor":10.0,"gold_loss":0.0,"damage_taken":20.0,"relics_obtained":["Golden Idol"]},{"damage_healed":0.0,"max_hp_gain":0.0,"max_hp_loss":0.0,"gold_gain":0.0,"event_name":"Shining Light","player_choice":"Entered Light","floor":12.0,"gold_loss":0.0,"damage_taken":16.0,"cards_upgraded":["Defend_R","Defend_R"]},{"damage_healed":0.0,"max_hp_gain":0.0,"max_hp_loss":0.0,"gold_gain":99.0,"event_name":"Nest","player_choice":"Stole From Cult","floor":20.0,"gold_loss":0.0,"damage_taken":0.0},{"damage_healed":0,"gold_gain":0,"player_choice":"Obtained Book","damage_taken":16,"max_hp_gain":0,"max_hp_loss":0,"event_name":"Cursed Tome","floor":29,"gold_loss":0},{"cards_removed":["Strike_R"],"damage_healed":0,"gold_gain":0,"player_choice":"Offered Basic","damage_taken":0,"max_hp_gain":0,"max_hp_loss":0,"event_name":"Bonfire Elementals","floor":36,"gold_loss":0},{"cards_removed":["Exhume"],"damage_healed":0,"gold_gain":0,"player_choice":"Removed Skill","damage_taken":0,"max_hp_gain":0,"max_hp_loss":0,"event_name":"Falling","floor":38,"gold_loss":0},{"damage_healed":0,"gold_gain":0,"player_choice":"Ignored","damage_taken":0,"max_hp_gain":0,"max_hp_loss":0,"event_name":"Mysterious Sphere","floor":39,"gold_loss":0},{"damage_healed":0,"gold_gain":0,"player_choice":"Embrace Madness","damage_taken":10,"max_hp_gain":0,"max_hp_loss":0,"event_name":"Winding Halls","floor":41,"gold_loss":0,"cards_obtained":["Madness","Madness"]}],"is_beta":false,"boss_relics":[{"not_picked":["Mark of Pain","Runic Pyramid"],"picked":"Astrolabe"},{"not_picked":["Snecko Eye","Velvet Choker"],"picked":"Black Blood"}],"items_purged_floors":[4,27],"is_endless":false,"potions_floor_spawned":[13,14,19,25,35,40],"killed_by":"Giant Head","ascension_level":3}}