{"host":"gtv41eena9h15rk5","time":1612104126,"event":{"mods":["BaseMod","Colored Powertips","Downfall","Marisa£®ÏF”Í°°ƒß¿Ì…≥£©","Minty Spire (QoL Compilation)","Replay The Spire","Shop Mod","StSLib","The Bug Knight","The Construct","The Cursed","The Runesmith","The Servant 0.9.4","[IsaacMod]“‘»ˆº‚À˛"],"gold_per_floor":[117,8,8,22,22,48,48,73,98,130,142,73,73,91,91,91,91],"floor_reached":16,"language":"ZHS","playtime":697,"items_purged":["downfall:Malfunctioning","Normality"],"score":159,"play_id":"12102834-a8dc-4454-a9d9-0d92c360615d","local_time":"20210131224206","is_ascension_mode":true,"campfire_choices":[{"data":"Shrug It Off","floor":7,"key":"SMITH"},{"floor":13,"key":"REST"},{"floor":15,"key":"RECALL"}],"circlet_count":0,"master_deck":["Strike_R","Strike_R+1","Strike_R","Strike_R","Strike_R","Defend_R","Defend_R","Defend_R","Defend_R","Bash","Demon Form","Armaments+1","Bomb","Shrug It Off+1","Limit Break+1","Hemokinesis","ReplayTheSpireMod:IOU","ReplayTheSpireMod:IOU","Rupture","Shrug It Off"],"relics":["Burning Blood","HushsDoor","SteamSale","ReplayTheSpireMod:CursedCoin","MerchantsRug","ReplayTheSpireMod:Shallot","ReplayTheSpireMod:Ring of Exchange","Smiling Mask","Replay:Rubber Ducky","Regal Pillow","Brimstone","Replay:Bottled Eggs"],"acts_visited":["Exordium"],"potions_floor_usage":[16],"damage_taken":[{"damage":2.0,"enemies":"Small Slimes","floor":1.0,"turns":4.0},{"damage":9.0,"enemies":"Jaw Worm","floor":4.0,"turns":5.0},{"damage":25,"enemies":"Lagavulin","floor":6,"turns":7},{"damage":8,"enemies":"3 Sentries","floor":8,"turns":3},{"damage":28,"enemies":"Gremlin Nob","floor":10,"turns":5},{"damage":0,"enemies":"2 Louse","floor":11,"turns":4},{"damage":2,"enemies":"Blue Slaver","floor":14,"turns":4},{"damage":71,"enemies":"The Guardian","floor":16,"turns":8}],"seed_played":"-2059325423758459596","potions_obtained":[{"floor":4.0,"key":"Ancient Potion"},{"floor":6,"key":"Elixir"},{"floor":14,"key":"Strength Potion"}],"is_trial":false,"path_per_floor":["M","$","?","M","?","E","R","E","T","E","M","$","R","M","R","B"],"character_chosen":"IRONCLAD","items_purchased":["ReplayTheSpireMod:CursedCoin","MerchantsRug","ReplayTheSpireMod:Shallot","Armaments","Brimstone","Replay:Bottled Eggs","Rupture"],"campfire_rested":1,"item_purchase_floors":[2,2,2,2,12,12,12],"current_hp_per_floor":[84,84,66,63,63,44,44,42,42,20,26,26,67,71,71,0,0],"gold":91,"neow_bonus":"TEN_PERCENT_HP_BONUS","is_daily":false,"chose_seed":false,"campfire_upgraded":1,"win_rate":0.0,"timestamp":1612104126,"path_taken":["M","$","?","M","?","E","R","E","T","E","M","$","R","M","R","BOSS"],"items_purchased_type":["Relic","Relic","Relic","Card","Relic","Relic","Card"],"build_version":"2020-12-22","purchased_purges":2,"victory":false,"max_hp_per_floor":[88,88,88,88,88,88,88,88,88,88,88,88,88,88,88,88,88],"card_choices":[{"not_picked":[],"picked":"Bomb","floor":0.0},{"not_picked":["Seeing Red","Clash"],"picked":"Demon Form","floor":1.0},{"not_picked":["Sword Boomerang","Run Through"],"picked":"Bomb","floor":4.0},{"not_picked":["Wild Strike","Body Slam"],"picked":"Shrug It Off","floor":6},{"not_picked":["Bludgeon","Eclipse"],"picked":"Limit Break","floor":8},{"not_picked":["Headbutt","Clash"],"picked":"Hemokinesis","floor":10},{"not_picked":["Combust","Thunderclap","True Grit"],"picked":"SKIP","floor":11},{"not_picked":["Combust","Perfected Strike"],"picked":"Shrug It Off","floor":14}],"player_experience":226513,"relics_obtained":[{"floor":5,"key":"ReplayTheSpireMod:Ring of Exchange"},{"floor":6,"key":"Smiling Mask"},{"floor":8,"key":"Replay:Rubber Ducky"},{"floor":9,"key":"Replay:Wax Seal"},{"floor":10,"key":"Regal Pillow"}],"event_choices":[{"damage_healed":0.0,"max_hp_gain":0.0,"max_hp_loss":0.0,"gold_gain":0.0,"event_name":"Shining Light","player_choice":"Entered Light","floor":3.0,"gold_loss":0.0,"damage_taken":18.0,"cards_upgraded":["Strike_R","Armaments"]}],"is_beta":false,"boss_relics":[],"items_purged_floors":[2,12],"is_endless":false,"potions_floor_spawned":[4,6,14],"killed_by":"The Guardian","ascension_level":7}}