{"host":"5ddwedapke4fsx0r","time":1612096434,"event":{"mods":["BaseMod","Downfall","Infinite Spire","Minty Spire (QoL Compilation)","Reliquary","Shade Mod","StSLib","The Clintock","The Construct","The Forsaken","The Gatherer","The Hierophant","The Servant 0.9.4","TheHero","TheSurvivalist"],"gold_per_floor":[99,109,109,125,57,107,133,165,179,199,199,224,24,54,73,169,169,69,89,89,89,51,79,79,79,79],"floor_reached":25,"language":"ENG","playtime":1403,"items_purged":[],"score":274,"play_id":"a1cf2bc8-e85e-483d-8c3e-01bf537d62ff","local_time":"20210131133354","is_ascension_mode":true,"campfire_choices":[{"floor":1,"key":"RECALL"},{"floor":13,"key":"REST"},{"floor":18,"key":"REST"}],"circlet_count":0,"master_deck":["construct:Strike_Gold","construct:Strike_Gold","construct:Strike_Gold+1","construct:Strike_Gold+1","construct:Strike_Gold","construct:Defend_Gold","construct:Defend_Gold","construct:Defend_Gold","construct:Defend_Gold","construct:Defend_Gold","construct:AttackMode","construct:DefenseMode","construct:AttackMode","construct:Autoturret","construct:Zapper","construct:Failsafe","construct:Autoturret","construct:Reinforce","construct:HammerDown","construct:BatteryCore+1","construct:Autoturret+1","construct:Autoturret+1","construct:Autoturret","construct:BatteryCore"],"relics":["Fusion Hammer","Juzu Bracelet","Whetstone","Omamori","downfall:HeartBlessingRed","downfall:HeartBlessingGreen","reliquary:PartyBalloon","bronze:MakeshiftBattery","downfall:HeartBlessingBlue","Meat on the Bone","reliquary:PurpleTingedLeaf"],"acts_visited":["Exordium","TheCity"],"potions_floor_usage":[8,10,12,16,22,23],"damage_taken":[{"damage":8,"enemies":"2 Louse","floor":2,"turns":3},{"damage":6,"enemies":"Cultist","floor":4,"turns":3},{"damage":0,"enemies":"downfall:FleeingMerchant","floor":5,"turns":4},{"damage":58,"enemies":"3 Sentries","floor":8,"turns":35},{"damage":7,"enemies":"Small Slimes","floor":9,"turns":2},{"damage":3,"enemies":"2 Fungi Beasts","floor":10,"turns":6},{"damage":5,"enemies":"Gremlin Nob","floor":12,"turns":4},{"damage":25,"enemies":"Lagavulin","floor":14,"turns":6},{"damage":4,"enemies":"Red Slaver","floor":15,"turns":3},{"damage":36,"enemies":"IC_STATUS_ARCHETYPE","floor":16,"turns":9},{"damage":18,"enemies":"Shell Parasite","floor":19,"turns":4},{"damage":15,"enemies":"downfall:FleeingMerchant","floor":22,"turns":4},{"damage":43,"enemies":"Gremlin Leader","floor":23,"turns":5},{"damage":20,"enemies":"Cultist and Chosen","floor":25,"turns":4}],"seed_played":"4470692577489823850","potions_obtained":[{"floor":4,"key":"DuplicationPotion"},{"floor":8,"key":"Regen Potion"},{"floor":9,"key":"Dexterity Potion"},{"floor":10,"key":"Guardian:BlockOnCardUsePotion"},{"floor":19,"key":"hexamod:SoulburnPotion"},{"floor":20,"key":"CultistPotion"},{"floor":23,"key":"Ancient Potion"}],"is_trial":false,"path_per_floor":["R","M","?","M","$","T","T","E","M","M","?","E","R","E","M","B",null,"R","M","?","?","$","E","T","M"],"character_chosen":"THE_CONSTRUCT_MOD","items_purchased":["construct:Autoturret","construct:Autoturret"],"campfire_rested":2,"item_purchase_floors":[5,22],"current_hp_per_floor":[85,77,77,71,71,71,71,13,6,18,46,41,66,41,37,1,85,95,77,77,77,62,19,19,0,0],"gold":79,"neow_bonus":"BOSS_RELIC","is_daily":false,"chose_seed":false,"campfire_upgraded":0,"win_rate":0.0,"timestamp":1612096434,"path_taken":["R","M","?","?","$","?","T","E","M","M","?","E","R","E","M","BOSS","R","M","?","?","$","E","T","M"],"items_purchased_type":["Card","Card"],"build_version":"2020-12-22","purchased_purges":0,"victory":false,"max_hp_per_floor":[85,85,85,85,85,85,85,85,85,85,85,85,85,85,85,85,85,95,95,95,95,95,95,95,95,95],"card_choices":[{"not_picked":["construct:Backfire","construct:Forcefield","construct:FocusedBeam"],"picked":"SKIP","floor":2},{"not_picked":["construct:Forcefield","construct:BatteryAcid","construct:Antimatter"],"picked":"SKIP","floor":4},{"not_picked":["construct:SiegeForm","construct:VentSteam","construct:FocusedBeam"],"picked":"SKIP","floor":5},{"not_picked":["construct:CriticalHit","construct:Enhance"],"picked":"construct:Zapper","floor":8},{"not_picked":["construct:Chainstrike","construct:HeavyBolt"],"picked":"construct:Failsafe","floor":9},{"not_picked":["construct:Chainstrike","construct:HeavyBolt","construct:Boost"],"picked":"SKIP","floor":10},{"not_picked":["construct:Stasis","construct:ChargeShot"],"picked":"construct:Autoturret","floor":12},{"not_picked":["construct:Isolate","construct:FocusedBeam"],"picked":"construct:Reinforce","floor":14},{"not_picked":["construct:Anticipate","construct:Boost"],"picked":"construct:HammerDown","floor":15},{"not_picked":["construct:GoldenBullet","construct:MemoryTap"],"picked":"construct:BatteryCore","floor":16},{"not_picked":["construct:Impenetrable","construct:Anticipate"],"picked":"construct:Autoturret+1","floor":19},{"not_picked":["construct:Boost","construct:FierceBash"],"picked":"construct:Autoturret+1","floor":22},{"not_picked":["construct:Analyze","construct:Synchronize"],"picked":"construct:BatteryCore","floor":23}],"player_experience":530404,"relics_obtained":[{"floor":7,"key":"Juzu Bracelet"},{"floor":8,"key":"Whetstone"},{"floor":12,"key":"Omamori"},{"floor":14,"key":"reliquary:PartyBalloon"},{"floor":23,"key":"Meat on the Bone"},{"floor":24,"key":"reliquary:PurpleTingedLeaf"}],"event_choices":[{"damage_healed":28,"gold_gain":0,"player_choice":"Banana","damage_taken":0,"max_hp_gain":0,"max_hp_loss":0,"event_name":"Big Fish","floor":11,"gold_loss":0},{"damage_healed":0,"gold_gain":0,"player_choice":"Forge","damage_taken":0,"max_hp_gain":0,"max_hp_loss":0,"event_name":"Accursed Blacksmith","floor":21,"gold_loss":0,"cards_upgraded":["construct:BatteryCore"]}],"is_beta":false,"boss_relics":[{"not_picked":["Velvet Choker","Coffee Dripper"],"picked":"bronze:MakeshiftBattery"}],"items_purged_floors":[],"is_endless":false,"potions_floor_spawned":[4,8,9,10,19,23],"killed_by":"Cultist and Chosen","ascension_level":1}}