{"host":"sl0ypblsh8fig3r5","time":1612059176,"event":{"mods":["AchievementEnabler","BaseMod","Minty Spire (QoL Compilation)","Rare Cards Sparkle","StSLib"],"gold_per_floor":[110,110,120,139,150,150,166,166,244,244,255,290,301,301,301,399,399,412,412,424,435,350,350,26,39,39,39,56,56,236,248,248,248,248],"floor_reached":33,"language":"KOR","playtime":6354,"items_purged":["Strike_R"],"score":251,"play_id":"8f5ab824-fa42-464f-9a6b-7b1fd6ffdd45","local_time":"20210131111256","is_ascension_mode":false,"campfire_choices":[{"data":"Cleave","floor":6.0,"key":"SMITH"},{"floor":15.0,"key":"REST"},{"floor":23,"key":"REST"},{"floor":27,"key":"REST"},{"floor":32,"key":"REST"}],"circlet_count":0,"master_deck":["Strike_R","Strike_R","Strike_R","Strike_R+1","Defend_R","Defend_R","Defend_R","Defend_R+1","Bash","Uppercut","Perfected Strike","Perfected Strike","Demon Form","Fiend Fire","Feed+1","Metallicize+1","Pommel Strike+1","Second Wind","Pommel Strike","Bludgeon","Flex","Whirlwind","Burning Pact+1","Shrug It Off"],"relics":["Eternal Feather","CaptainsWheel","Oddly Smooth Stone","Lantern","Astrolabe","Nloth\u0027s Gift","Anchor","Bag of Marbles"],"acts_visited":["Exordium","TheCity"],"potions_floor_usage":[20],"damage_taken":[{"damage":5.0,"enemies":"Small Slimes","floor":1.0,"turns":5.0},{"damage":0.0,"enemies":"2 Louse","floor":3.0,"turns":3.0},{"damage":1.0,"enemies":"Jaw Worm","floor":4.0,"turns":3.0},{"damage":8.0,"enemies":"Gremlin Gang","floor":5.0,"turns":5.0},{"damage":10.0,"enemies":"Exordium Wildlife","floor":7.0,"turns":3.0},{"damage":0.0,"enemies":"Large Slime","floor":11.0,"turns":4.0},{"damage":31.0,"enemies":"Gremlin Nob","floor":12.0,"turns":6.0},{"damage":7.0,"enemies":"Red Slaver","floor":13.0,"turns":4.0},{"damage":45.0,"enemies":"The Guardian","floor":16.0,"turns":9.0},{"damage":10,"enemies":"Spheric Guardian","floor":18,"turns":3},{"damage":44,"enemies":"3 Byrds","floor":20,"turns":7},{"damage":11,"enemies":"Snecko","floor":21,"turns":4},{"damage":14,"enemies":"Chosen and Byrds","floor":25,"turns":5},{"damage":14,"enemies":"3 Cultists","floor":28,"turns":5},{"damage":5,"enemies":"Cultist and Chosen","floor":31,"turns":6},{"damage":97,"enemies":"Champ","floor":33,"turns":15}],"seed_played":"868091001554917376","potions_obtained":[{"floor":1.0,"key":"SpeedPotion"},{"floor":4.0,"key":"AttackPotion"},{"floor":7.0,"key":"PowerPotion"},{"floor":13.0,"key":"SpeedPotion"},{"floor":21,"key":"ElixirPotion"}],"is_trial":false,"path_per_floor":["M","?","M","M","M","R","M","?","T","?","M","E","M","T","R","B",null,"M","?","M","M","?","R","$","M","T","R","M","?","?","M","R","B"],"character_chosen":"IRONCLAD","items_purchased":["Bludgeon","Flex","Whirlwind"],"campfire_rested":4,"item_purchase_floors":[24,24,24],"current_hp_per_floor":[80,64,70,75,73,73,69,74,74,62,68,43,42,42,76,37,85,85,85,41,34,34,73,73,59,59,93,79,79,60,55,93,0,0],"gold":248,"neow_bonus":"","is_daily":false,"chose_seed":false,"campfire_upgraded":1,"win_rate":0.0,"timestamp":1612059176,"path_taken":["M","?","M","M","M","R","M","?","T","?","M","E","M","?","R","BOSS","M","?","?","M","?","R","$","M","T","R","M","?","?","M","R","BOSS"],"items_purchased_type":["Card","Card","Card"],"build_version":"2020-12-22","purchased_purges":1,"victory":false,"max_hp_per_floor":[80,80,80,80,80,80,80,85,85,85,85,85,85,85,85,85,85,89,89,89,93,93,93,93,93,93,93,93,93,93,93,93,93,93],"card_choices":[{"not_picked":["Clothesline","True Grit"],"picked":"Cleave","floor":1.0},{"not_picked":["Shrug It Off","Dual Wield"],"picked":"Uppercut","floor":3.0},{"not_picked":["Pommel Strike","Battle Trance"],"picked":"Perfected Strike","floor":4.0},{"not_picked":["Body Slam","Carnage"],"picked":"Perfected Strike","floor":5.0},{"not_picked":["Blood for Blood","Clothesline"],"picked":"Demon Form","floor":7.0},{"not_picked":["Body Slam","Pummel"],"picked":"Whirlwind","floor":11.0},{"not_picked":["Pummel","Twin Strike","Thunderclap"],"picked":"SKIP","floor":12.0},{"not_picked":["Body Slam","Pommel Strike"],"picked":"Iron Wave","floor":13.0},{"not_picked":["Barricade","Demon Form"],"picked":"Fiend Fire","floor":16.0},{"not_picked":["Body Slam","Flex+1","Iron Wave"],"picked":"SKIP","floor":18},{"not_picked":["Berserk","Warcry+1"],"picked":"Second Wind","floor":20},{"not_picked":["Thunderclap","Perfected Strike"],"picked":"Pommel Strike","floor":21},{"not_picked":["Whirlwind","Clothesline"],"picked":"Burning Pact+1","floor":25},{"not_picked":["Clothesline","Carnage"],"picked":"Shrug It Off","floor":28},{"not_picked":["Armaments","Clash","Barricade"],"picked":"SKIP","floor":31}],"player_experience":0,"relics_obtained":[{"floor":9.0,"key":"Eternal Feather"},{"floor":12.0,"key":"Oddly Smooth Stone"},{"floor":14.0,"key":"Lantern"},{"floor":26,"key":"Bag of Marbles"}],"event_choices":[{"damage_healed":0.0,"max_hp_gain":0.0,"max_hp_loss":0.0,"gold_gain":0.0,"event_name":"Shining Light","player_choice":"Entered Light","floor":2.0,"gold_loss":0.0,"damage_taken":16.0,"cards_upgraded":["Strike_R","Defend_R"]},{"damage_healed":0.0,"max_hp_gain":5.0,"max_hp_loss":0.0,"gold_gain":0.0,"event_name":"Big Fish","player_choice":"Donut","floor":8.0,"gold_loss":0.0,"damage_taken":0.0},{"damage_healed":0.0,"max_hp_gain":0.0,"max_hp_loss":0.0,"gold_gain":0.0,"event_name":"Scrap Ooze","player_choice":"Success","floor":10.0,"gold_loss":0.0,"damage_taken":12.0,"relics_obtained":["CaptainsWheel"]},{"damage_healed":0,"gold_gain":0,"player_choice":"Traded Relic","damage_taken":0,"relics_obtained":["Nloth\u0027s Gift"],"max_hp_gain":0,"max_hp_loss":0,"event_name":"N\u0027loth","floor":19,"relics_lost":["Burning Blood"],"gold_loss":0},{"damage_healed":0,"gold_gain":0,"player_choice":"Obtained Relic","damage_taken":0,"relics_obtained":["Anchor"],"max_hp_gain":0,"max_hp_loss":0,"event_name":"Addict","floor":22,"gold_loss":85},{"damage_healed":0,"gold_gain":0,"player_choice":"Ignored","damage_taken":0,"max_hp_gain":0,"max_hp_loss":0,"event_name":"Vampires","floor":29,"gold_loss":0},{"damage_healed":0,"gold_gain":180,"player_choice":"GOLD GOLD ","damage_taken":19,"max_hp_gain":0,"max_hp_loss":0,"event_name":"Knowing Skull","floor":30,"potions_obtained":[],"gold_loss":0,"cards_obtained":[]}],"is_beta":false,"boss_relics":[{"not_picked":["Runic Pyramid","Fusion Hammer"],"picked":"Astrolabe"}],"items_purged_floors":[24],"is_endless":false,"potions_floor_spawned":[1,4,7,13,18,21,31],"killed_by":"Champ","ascension_level":0}}