{"host":"ibckqdmmf9y74ymf","time":1612122856,"event":{"mods":["2.2 Compatiblity","BaseMod","Colored Map","Curses Come First","Highlight Path","Minty Spire (QoL Compilation)","Quick Restart","Rare Cards Sparkle","Relic Stats","StSLib"],"gold_per_floor":[116,116,116,132,151,151,179,179,205,233,233,247,322,339,339,339,339],"floor_reached":16,"language":"ENG","playtime":1310,"items_purged":[],"score":220,"play_id":"c6d257b4-ddf4-4698-becb-25dcba091346","local_time":"20210131205416","is_ascension_mode":true,"campfire_choices":[{"data":"SashWhip","floor":6,"key":"SMITH"},{"floor":8,"key":"REST"},{"floor":15,"key":"REST"}],"circlet_count":0,"master_deck":["AscendersBane","Strike_P","Strike_P","Strike_P","Strike_P","Defend_P","Defend_P","Defend_P","Eruption","Vigilance","Consecrate+1","SashWhip+1","BowlingBash","TalkToTheHand","Wallop"],"relics":["PureWater","NeowsBlessing","Damaru","HornCleat","Toy Ornithopter","Tiny Chest"],"acts_visited":["Exordium"],"potions_floor_usage":[7,16],"damage_taken":[{"damage":0,"enemies":"2 Louse","floor":1,"turns":1},{"damage":0,"enemies":"Jaw Worm","floor":4,"turns":1},{"damage":0,"enemies":"Small Slimes","floor":5,"turns":1},{"damage":27,"enemies":"Lagavulin","floor":7,"turns":3},{"damage":10,"enemies":"3 Sentries","floor":10,"turns":3},{"damage":4,"enemies":"Exordium Thugs","floor":12,"turns":4},{"damage":0,"enemies":"Lots of Slimes","floor":14,"turns":1},{"damage":37,"enemies":"Hexaghost","floor":16,"turns":11}],"seed_played":"-5692920987588235623","potions_obtained":[{"floor":1,"key":"Swift Potion"},{"floor":4,"key":"SkillPotion"},{"floor":10,"key":"SkillPotion"}],"is_trial":false,"path_per_floor":["M","?","?","M","M","R","E","R","T","E","?","M","?","M","R","B"],"character_chosen":"WATCHER","items_purchased":[],"campfire_rested":2,"item_purchase_floors":[],"current_hp_per_floor":[61,61,50,50,50,50,23,43,43,33,26,22,11,11,31,0,0],"gold":339,"neow_bonus":"THREE_ENEMY_KILL","is_daily":false,"chose_seed":false,"campfire_upgraded":1,"win_rate":0.0,"timestamp":1612122856,"path_taken":["M","?","?","M","M","R","E","R","T","E","?","?","?","M","R","BOSS"],"items_purchased_type":[],"build_version":"2020-12-22","purchased_purges":0,"victory":false,"max_hp_per_floor":[68,68,68,68,68,68,68,68,68,68,68,68,68,68,68,68,68],"relic_stats":{"counters":[8,25],"Tiny Chest":0,"obtain_stats":[{"HornCleat":7,"NeowsBlessing":0,"Damaru":3,"Tiny Chest":10,"PureWater":0,"Toy Ornithopter":9},{"HornCleat":4,"NeowsBlessing":0,"Damaru":1,"Tiny Chest":5,"PureWater":0,"Toy Ornithopter":4},{"HornCleat":6,"NeowsBlessing":0,"Damaru":1,"Tiny Chest":9,"PureWater":0,"Toy Ornithopter":6}],"Toy Ornithopter":5},"card_choices":[{"not_picked":["Crescendo","Perseverance"],"picked":"Consecrate","floor":1},{"not_picked":["Fasting2","Conclude"],"picked":"SashWhip","floor":4},{"not_picked":["Indignation","Nirvana"],"picked":"BowlingBash","floor":5},{"not_picked":["SashWhip","Pray","PathToVictory"],"picked":"SKIP","floor":7},{"not_picked":["Judgement","Swivel","Pray"],"picked":"SKIP","floor":10},{"not_picked":["SashWhip","ClearTheMind"],"picked":"TalkToTheHand","floor":12},{"not_picked":["Protect","SashWhip"],"picked":"Wallop","floor":14}],"player_experience":671462,"relics_obtained":[{"floor":7,"key":"HornCleat"},{"floor":9,"key":"Toy Ornithopter"},{"floor":10,"key":"Tiny Chest"}],"event_choices":[{"damage_healed":0,"gold_gain":0,"player_choice":"Grow","damage_taken":0,"max_hp_gain":0,"max_hp_loss":0,"event_name":"Living Wall","floor":2,"gold_loss":0,"cards_upgraded":["Consecrate"]},{"damage_healed":0,"gold_gain":0,"player_choice":"Success","damage_taken":11,"relics_obtained":["Damaru"],"max_hp_gain":0,"max_hp_loss":0,"event_name":"Scrap Ooze","floor":3,"gold_loss":0},{"cards_removed":["Defend_P"],"damage_healed":0,"gold_gain":0,"player_choice":"Card Removal","damage_taken":7,"max_hp_gain":0,"max_hp_loss":0,"event_name":"Golden Wing","floor":11,"gold_loss":0},{"damage_healed":0,"gold_gain":75,"player_choice":"Gather Gold","damage_taken":11,"max_hp_gain":0,"max_hp_loss":0,"event_name":"World of Goop","floor":13,"gold_loss":0}],"is_beta":false,"boss_relics":[],"items_purged_floors":[],"is_endless":false,"potions_floor_spawned":[1,4,10,14],"killed_by":"Hexaghost","ascension_level":20}}