{"host":"4k1o517shm2ba6vh","time":1612133180,"event":{"mods":["AchievementEnabler","BaseMod","Minty Spire (QoL Compilation)","Smile Girya","StSLib","The Poker Player","everything is the same but u backflip on backflip"],"gold_per_floor":[119,133,151,170,186,215,215,247,247,247,273,299,326,426,426,503,503,520,520,531,550,550,550,578,43,66,97,97,112,138,163,175,265,277,300,331,44,69,84,84,112,112,136,136,136,155,155,186,186,186],"floor_reached":51,"language":"ENG","playtime":3145,"items_purged":["Strike_G"],"score":1423,"play_id":"2622b959-bbee-4f38-a72a-a6c6ca5d52d5","local_time":"20210131164620","is_ascension_mode":true,"campfire_choices":[{"data":"Glass Knife","floor":7.0,"key":"SMITH"},{"data":"1","floor":10.0,"key":"LIFT"},{"data":"2","floor":15.0,"key":"LIFT"},{"data":"3","floor":23.0,"key":"LIFT"},{"floor":28.0,"key":"REST"},{"floor":32.0,"key":"REST"},{"floor":40,"key":"REST"},{"data":"Storm of Steel","floor":42,"key":"SMITH"},{"data":"Blade Dance","floor":44,"key":"SMITH"},{"data":"Blade Dance","floor":47,"key":"SMITH"},{"data":"Terror","floor":49,"key":"SMITH"}],"circlet_count":0,"master_deck":["AscendersBane","Strike_G","Strike_G+1","Defend_G+1","Defend_G","Defend_G","Defend_G","Defend_G","Survivor","Neutralize","Terror+1","Dodge and Roll","Flying Knee","Dash","Glass Knife+1","Well Laid Plans","Endless Agony+1","Infinite Blades","Malaise","Noxious Fumes","Blur","Wraith Form v2","Concentrate","Endless Agony","PiercingWail+1","Die Die Die","Slice+1","Dagger Spray","Footwork+1","Night Terror","Cloak And Dagger","Storm of Steel+1","Cloak And Dagger+1","Noxious Fumes","Blade Dance+1","Accuracy","Cloak And Dagger","Masterful Stab","Caltrops","Doppelganger","Blade Dance+1","Blade Dance+1","PiercingWail","Slice"],"relics":["Ring of the Snake","Prayer Wheel","Boot","Girya","Thread and Needle","Odd Mushroom","Mango","WristBlade","Bottled Lightning","ClockworkSouvenir","Whetstone","War Paint","Lantern","MawBank","Runic Dome","Vajra","Unceasing Top","Peace Pipe","Ancient Tea Set","Bronze Scales"],"acts_visited":["Exordium","TheCity","TheBeyond"],"potions_floor_usage":[38,41,50],"damage_taken":[{"damage":0.0,"enemies":"Small Slimes","floor":1.0,"turns":5.0},{"damage":0.0,"enemies":"Cultist","floor":2.0,"turns":4.0},{"damage":0.0,"enemies":"Jaw Worm","floor":3.0,"turns":3.0},{"damage":0.0,"enemies":"3 Louse","floor":4.0,"turns":2.0},{"damage":10.0,"enemies":"Exordium Wildlife","floor":5.0,"turns":6.0},{"damage":1.0,"enemies":"3 Sentries","floor":6.0,"turns":12.0},{"damage":6.0,"enemies":"Lagavulin","floor":8.0,"turns":5.0},{"damage":5.0,"enemies":"Gremlin Nob","floor":11.0,"turns":3.0},{"damage":0.0,"enemies":"The Mushroom Lair","floor":12.0,"turns":3.0},{"damage":11.0,"enemies":"Lagavulin","floor":13.0,"turns":5.0},{"damage":25.0,"enemies":"The Guardian","floor":16.0,"turns":9.0},{"damage":3.0,"enemies":"Shell Parasite","floor":18.0,"turns":4.0},{"damage":0.0,"enemies":"Spheric Guardian","floor":20.0,"turns":2.0},{"damage":16.0,"enemies":"Cultist and Chosen","floor":21.0,"turns":7.0},{"damage":29.0,"enemies":"Slavers","floor":24.0,"turns":8.0},{"damage":6.0,"enemies":"Gremlin Leader","floor":27.0,"turns":5.0},{"damage":0.0,"enemies":"Snecko","floor":29.0,"turns":3.0},{"damage":8.0,"enemies":"Book of Stabbing","floor":30.0,"turns":5.0},{"damage":0.0,"enemies":"Centurion and Healer","floor":31.0,"turns":6.0},{"damage":49.0,"enemies":"Collector","floor":33.0,"turns":10.0},{"damage":15.0,"enemies":"3 Darklings","floor":35.0,"turns":3.0},{"damage":3,"enemies":"3 Shapes","floor":36,"turns":3},{"damage":0,"enemies":"Mind Bloom Boss Battle","floor":38,"turns":6},{"damage":7,"enemies":"Sphere and 2 Shapes","floor":39,"turns":3},{"damage":0,"enemies":"Giant Head","floor":41,"turns":6},{"damage":0,"enemies":"Spire Growth","floor":46,"turns":2},{"damage":0,"enemies":"Nemesis","floor":48,"turns":3},{"damage":43,"enemies":"Donu and Deca","floor":50,"turns":7}],"seed_played":"9159826741690808798","potions_obtained":[{"floor":1.0,"key":"Explosive Potion"},{"floor":3.0,"key":"DuplicationPotion"},{"floor":5.0,"key":"AttackPotion"},{"floor":6.0,"key":"ColorlessPotion"},{"floor":8.0,"key":"SteroidPotion"},{"floor":21.0,"key":"Dexterity Potion"},{"floor":29.0,"key":"SmokeBomb"},{"floor":30.0,"key":"Swift Potion"},{"floor":36,"key":"EssenceOfSteel"},{"floor":38,"key":"AttackPotion"},{"floor":39,"key":"Strength Potion"},{"floor":46,"key":"SteroidPotion"}],"is_trial":false,"path_per_floor":["M","M","M","M","M","E","R","E","T","R","E","?","E","?","R","B",null,"M","?","M","M","?","R","E","$","T","E","R","M","E","M","R","B",null,"M","M","$","?","M","R","E","R","T","R","?","M","R","E","R","B",null],"character_chosen":"THE_SILENT","items_purchased":["ClockworkSouvenir","Die Die Die","Whetstone","Vajra","Cloak And Dagger","Masterful Stab","Caltrops"],"campfire_rested":3,"item_purchase_floors":[25,25,25,37,37,37,37],"current_hp_per_floor":[65,65,65,65,55,54,54,48,48,48,43,43,46,46,46,21,70,67,67,67,51,51,51,22,22,22,16,41,41,33,33,58,9,67,52,49,49,49,42,67,67,67,67,67,67,67,67,67,67,24],"gold":186,"neow_bonus":"TEN_PERCENT_HP_BONUS","is_daily":false,"chose_seed":false,"campfire_upgraded":5,"win_rate":0.0,"timestamp":1612133180,"path_taken":["M","M","M","M","M","E","R","E","T","R","E","?","E","?","R","BOSS","M","?","M","M","?","R","E","$","T","E","R","M","E","M","R","BOSS","M","M","$","?","M","R","E","R","T","R","?","?","R","E","R","BOSS"],"items_purchased_type":["Relic","Card","Relic","Relic","Card","Card","Card"],"build_version":"2020-12-22","purchased_purges":1,"victory":true,"max_hp_per_floor":[72,72,72,72,72,72,72,72,72,72,72,72,86,86,86,86,86,86,86,86,86,86,86,86,86,86,86,86,86,86,86,86,86,86,86,86,86,86,86,86,86,86,86,86,86,86,86,86,86,86],"card_choices":[{"not_picked":["Flechettes","Reflex"],"picked":"Terror","floor":1.0},{"not_picked":["Reflex","Bane","Outmaneuver"],"picked":"SKIP","floor":2.0},{"not_picked":["Escape Plan","Distraction"],"picked":"Dodge and Roll","floor":3.0},{"not_picked":["Slice","Quick Slash"],"picked":"Flying Knee","floor":4.0},{"not_picked":["Crippling Poison","Acrobatics"],"picked":"Dash","floor":5.0},{"not_picked":["Bane","Acrobatics"],"picked":"Glass Knife","floor":6.0},{"not_picked":["Bane","PiercingWail"],"picked":"Well Laid Plans","floor":8.0},{"not_picked":["Bane","Escape Plan"],"picked":"Endless Agony","floor":11.0},{"not_picked":["Poisoned Stab","Skewer"],"picked":"Infinite Blades","floor":12.0},{"not_picked":["Dagger Throw","Underhanded Strike","Poisoned Stab"],"picked":"SKIP","floor":13.0},{"not_picked":["Grand Finale","Tools of the Trade"],"picked":"Malaise","floor":16.0},{"not_picked":["Outmaneuver","Finisher"],"picked":"Noxious Fumes","floor":18.0},{"not_picked":["Terror","Bane","Sucker Punch"],"picked":"SKIP","floor":18.0},{"not_picked":["Underhanded Strike","Poisoned Stab","Tactician"],"picked":"SKIP","floor":20.0},{"not_picked":["Setup","Flying Knee","Quick Slash"],"picked":"SKIP","floor":20.0},{"not_picked":["Dash","Prepared"],"picked":"Blur","floor":21.0},{"not_picked":["Sucker Punch","Acrobatics"],"picked":"Wraith Form v2","floor":21.0},{"not_picked":["All Out Attack+1","Well Laid Plans"],"picked":"PiercingWail","floor":24.0},{"not_picked":["Underhanded Strike","Blur"],"picked":"Slice+1","floor":27.0},{"not_picked":["Leg Sweep","Dodge and Roll"],"picked":"Dagger Spray","floor":29.0},{"not_picked":["Outmaneuver","Sucker Punch"],"picked":"Footwork+1","floor":29.0},{"not_picked":["Dagger Throw+1","PiercingWail"],"picked":"Night Terror","floor":30.0},{"not_picked":["Acrobatics","Setup"],"picked":"Cloak And Dagger","floor":31.0},{"not_picked":["Escape Plan","Deflect","Setup"],"picked":"SKIP","floor":31.0},{"not_picked":["Venomology","Tools of the Trade"],"picked":"Storm of Steel","floor":33.0},{"not_picked":["Dagger Throw","Prepared"],"picked":"Cloak And Dagger+1","floor":35.0},{"not_picked":["Heel Hook","Catalyst"],"picked":"Noxious Fumes","floor":35.0},{"not_picked":["Cloak And Dagger+1","Deadly Poison"],"picked":"Blade Dance","floor":36},{"not_picked":["Underhanded Strike","Dagger Throw"],"picked":"Accuracy","floor":36},{"not_picked":["Setup","Poisoned Stab"],"picked":"Doppelganger","floor":39},{"not_picked":["Skewer+1","Predator","Outmaneuver"],"picked":"SKIP","floor":39},{"not_picked":["Quick Slash","Poisoned Stab"],"picked":"Blade Dance","floor":41},{"not_picked":["Dagger Spray","Setup"],"picked":"PiercingWail","floor":46},{"not_picked":["Acrobatics","Blur"],"picked":"Slice","floor":46},{"not_picked":["Distraction","Heel Hook+1","Deadly Poison+1"],"picked":"SKIP","floor":48}],"player_experience":447973,"relics_obtained":[{"floor":6.0,"key":"Prayer Wheel"},{"floor":8.0,"key":"Boot"},{"floor":9.0,"key":"Girya"},{"floor":11.0,"key":"Thread and Needle"},{"floor":12.0,"key":"Odd Mushroom"},{"floor":13.0,"key":"Mango"},{"floor":24.0,"key":"Bottled Lightning"},{"floor":26.0,"key":"War Paint"},{"floor":27.0,"key":"Lantern"},{"floor":30.0,"key":"MawBank"},{"floor":38,"key":"Unceasing Top"},{"floor":41,"key":"Peace Pipe"},{"floor":43,"key":"Ancient Tea Set"},{"floor":48,"key":"Bronze Scales"}],"event_choices":[{"damage_healed":0.0,"max_hp_gain":0.0,"max_hp_loss":0.0,"gold_gain":0.0,"event_name":"Mushrooms","player_choice":"Fought Mushrooms","floor":12.0,"gold_loss":0.0,"damage_taken":0.0},{"damage_healed":0.0,"max_hp_gain":0.0,"max_hp_loss":0.0,"gold_gain":100.0,"event_name":"Golden Shrine","player_choice":"Pray","floor":14.0,"gold_loss":0.0,"damage_taken":0.0},{"damage_healed":0.0,"max_hp_gain":0.0,"max_hp_loss":0.0,"gold_gain":0.0,"event_name":"Ghosts","player_choice":"Ignored","floor":19.0,"gold_loss":0.0,"damage_taken":0.0},{"damage_healed":0.0,"max_hp_gain":0.0,"max_hp_loss":0.0,"gold_gain":0.0,"cards_transformed":["Strike_G","Strike_G"],"event_name":"Drug Dealer","player_choice":"Became Test Subject","floor":22.0,"gold_loss":0.0,"damage_taken":0.0,"cards_obtained":["Concentrate","Endless Agony"]},{"damage_healed":0,"gold_gain":0,"player_choice":"Fight","damage_taken":0,"max_hp_gain":0,"max_hp_loss":0,"event_name":"MindBloom","floor":38,"gold_loss":0},{"damage_healed":0,"gold_gain":0,"player_choice":"Copied","damage_taken":0,"max_hp_gain":0,"max_hp_loss":0,"event_name":"Duplicator","floor":45,"gold_loss":0,"cards_obtained":["Blade Dance"]}],"is_beta":false,"boss_relics":[{"not_picked":["Calling Bell","SacredBark"],"picked":"WristBlade"},{"not_picked":["SlaversCollar","Astrolabe"],"picked":"Runic Dome"}],"items_purged_floors":[25],"is_endless":false,"potions_floor_spawned":[1,3,5,6,8,21,29,30,36,38,39,46,48],"ascension_level":14}}