{"host":"u7t6gtnp6lus9at9","time":1612127532,"event":{"mods":["AchievementEnabler","Act Like it!","BaseMod","Card Forge","Colored Map","Colored Powertips","Custom Start","Downfall","Minty Spire (QoL Compilation)","Practice Mode","Replay The Spire","Shop Mod","StSLib"],"gold_per_floor":[118,168,233,41,166,206,206,246,271,310,331,346,396,415,415,538,538,558,608,658,708,782,813,836,899,899,899,949,964,1004,1074,1074,1197,1197,1213,1055,1132,898,948,996,996,1059,1086,1121,1182,1257,1307,1338,1338,1360,1360,1360,997,1057,1287],"floor_reached":56,"language":"ENG","playtime":3965,"items_purged":[],"score":1753,"play_id":"ebe793ac-5af7-477e-aad1-891f62ef79ba","local_time":"20210131191212","is_ascension_mode":true,"campfire_choices":[{"floor":7,"key":"RECALL"},{"floor":15,"key":"REST"},{"floor":27,"key":"REST"},{"floor":32,"key":"REST"},{"floor":41,"key":"REST"},{"floor":49,"key":"REST"},{"floor":52,"key":"REST"}],"circlet_count":0,"master_deck":["A Thousand Cuts+1","Accuracy+1","Replay:Bag of Tricks+1","Blade Dance+1","Cloak And Dagger+1","Hidden Blade+1","Infinite Blades+1","ReplayTheSpireMod:Scrap Shanks+1","Prepared+1","ReplayTheSpireMod:Shiv Toss+1","Storm of Steel+1","Tactician+1","Tools of the Trade+1","After Image+1"],"relics":["Ring of the Serpent","Hammer of Thor","Seething Fire","Anvil of the Gods","NeowsBlessing","Ninja Scroll","SsserpentHead","Membership Card","Sundial","Tiny Chest","Happy Flower","Art of War","MealTicket","Golden Idol","WristBlade","Pen Nib","Nunchaku","Shuriken","Kunai","Ornamental Fan","OrangePellets","Mercury Hourglass","Happy Flower","Matryoshka","Pen Nib","Anchor","Mummified Hand","Smiling Mask","War Paint","Honey Jar","Oddly Smooth Stone","MutagenicStrength","ReplayTheSpireMod:Lightbulb","Toy Ornithopter","ReplayTheSpireMod:Ninjato","Sundial","Membership Card","Mummified Hand","Replay:Wax Seal","Strawberry","Replay:Bandana","Akabeko","Medical Kit","Centennial Puzzle","Gremlin Horn","Orichalcum","Omamori","Ring of Chaos","Ring of Panic","Replay:Bottled Steam","Lee\u0027s Waffle","Pet Ghost","Onion Ring"],"acts_visited":["Exordium","TheCity","TheBeyond","TheEnding"],"potions_floor_usage":[40,40,42,42,50,50,55,55,55],"damage_taken":[{"damage":0,"enemies":"Small Slimes","floor":1,"turns":1},{"damage":0,"enemies":"Cultist","floor":3,"turns":1},{"damage":0,"enemies":"Gremlin Nob","floor":6,"turns":1},{"damage":1,"enemies":"Replay:BlueRogue","floor":8,"turns":2},{"damage":4,"enemies":"3 Sentries","floor":10,"turns":2},{"damage":0,"enemies":"2 Louse","floor":11,"turns":1},{"damage":0,"enemies":"Red Slaver","floor":12,"turns":1},{"damage":0,"enemies":"Exordium Wildlife","floor":14,"turns":1},{"damage":0,"enemies":"Slime Boss","floor":16,"turns":1},{"damage":0,"enemies":"Shell Parasite","floor":18,"turns":1},{"damage":0,"enemies":"Slavers","floor":23,"turns":1},{"damage":0,"enemies":"Chosen","floor":24,"turns":1},{"damage":0,"enemies":"Snecko","floor":25,"turns":1},{"damage":0,"enemies":"Snake Plant","floor":29,"turns":1},{"damage":0,"enemies":"Gremlin Leader","floor":30,"turns":1},{"damage":0,"enemies":"Centurion and Healer","floor":31,"turns":1},{"damage":0,"enemies":"Automaton","floor":33,"turns":1},{"damage":0,"enemies":"3 Shapes","floor":35,"turns":2},{"damage":0,"enemies":"Giant Head","floor":40,"turns":1},{"damage":0,"enemies":"R_Hoarder","floor":42,"turns":3},{"damage":0,"enemies":"3 Darklings","floor":44,"turns":1},{"damage":0,"enemies":"Reptomancer","floor":45,"turns":1},{"damage":0,"enemies":"Sphere and 2 Shapes","floor":46,"turns":1},{"damage":0,"enemies":"4 Shapes","floor":48,"turns":1},{"damage":0,"enemies":"Replay:Hell Engine","floor":50,"turns":1},{"damage":0,"enemies":"Shield and Spear","floor":54,"turns":2},{"damage":0,"enemies":"The Heart","floor":55,"turns":3}],"seed_played":"4086381283383223587","potions_obtained":[{"floor":1,"key":"Dexterity Potion"},{"floor":2,"key":"LiquidBronze"},{"floor":2,"key":"SkillPotion"},{"floor":6,"key":"Explosive Potion"},{"floor":23,"key":"Venom Potion"},{"floor":29,"key":"champ:CounterPotion"},{"floor":31,"key":"CultistPotion"},{"floor":35,"key":"sneckomod:MuddlingPotion"},{"floor":45,"key":"FearPotion"},{"floor":48,"key":"SteroidPotion"}],"is_trial":false,"path_per_floor":["M","?","M","$","?","E","R","E","T","E","M","M","T","M","R","B",null,"M","T","?","?","T","E","M","M","T","R","?","M","E","M","R","B",null,"M","$","T","$","?","E","R","E","T","M","E","M","?","M","R","B",null,"R","$","E","B",null],"character_chosen":"THE_SILENT","items_purchased":["OrangePellets","Mercury Hourglass","Membership Card","Mummified Hand","Replay:Wax Seal","Replay:Bandana","Akabeko","Medical Kit","Replay:Bottled Steam","Lee\u0027s Waffle","Guardian:BlockOnCardUsePotion","BlessingOfTheForge","AttackPotion","Pet Ghost"],"campfire_rested":6,"item_purchase_floors":[4,4,36,36,36,38,38,38,53,53,53,53,53,53],"current_hp_per_floor":[70,70,70,70,59,59,59,58,58,54,54,54,54,54,70,70,70,70,70,70,70,70,70,70,70,70,70,80,80,80,80,80,80,80,80,80,87,87,84,87,87,87,87,87,87,87,87,87,87,87,87,87,94,94,94],"gold":1287,"neow_bonus":"THREE_ENEMY_KILL","is_daily":false,"chose_seed":false,"campfire_upgraded":0,"win_rate":0.0,"timestamp":1612127532,"path_taken":["M","?","?","$","?","E","R","E","T","E","M","M","?","M","R","BOSS","M","?","?","?","?","E","M","?","T","R","?","M","E","?","R","BOSS","M","$","?","$","?","E","R","E","T","M","E","?","?","M","R","BOSS","R","$","E","BOSS"],"items_purchased_type":["Relic","Relic","Relic","Relic","Relic","Relic","Relic","Relic","Relic","Relic","Potion","Potion","Potion","Relic"],"build_version":"2020-12-22","purchased_purges":0,"victory":true,"max_hp_per_floor":[70,70,70,70,70,70,70,70,70,70,70,70,70,70,70,70,70,70,70,70,70,70,70,70,70,70,70,80,80,80,80,80,80,80,80,80,87,87,87,87,87,87,87,87,87,87,87,87,87,87,87,87,94,94,94],"card_choices":[{"not_picked":["Blur","Deadly Poison","Flying Knee"],"picked":"SKIP","floor":1},{"not_picked":["Dagger Throw","Dagger Spray","Riddle With Holes"],"picked":"SKIP","floor":3},{"not_picked":["Leg Sweep","Distraction","Hidden Blade"],"picked":"SKIP","floor":6},{"not_picked":["Storm of Steel","Wraith Form v2","Hidden Blade"],"picked":"SKIP","floor":8},{"not_picked":["Terror","ReplayTheSpireMod:Exploit Weakness","Predator"],"picked":"SKIP","floor":10},{"not_picked":["Outmaneuver","Infinite Blades","Accuracy"],"picked":"SKIP","floor":11},{"not_picked":["Infinite Blades","Hidden Blade","Backflip"],"picked":"SKIP","floor":12},{"not_picked":["Dodge and Roll","Riddle With Holes","Tactician"],"picked":"SKIP","floor":14},{"not_picked":["Corpse Explosion","Die Die Die"],"picked":"Envenom","floor":16},{"not_picked":["Masterful Stab","ReplayTheSpireMod:Exploit Weakness","PiercingWail+1"],"picked":"ReplayTheSpireMod:Shiv Toss","floor":18},{"not_picked":["Choke","Prepared","Cloak And Dagger+1"],"picked":"Escape Plan+1","floor":23},{"not_picked":["Toxin Wave","Dagger Spray","All Out Attack"],"picked":"Infinite Blades","floor":24},{"not_picked":["Venomology","PiercingWail","Poisoned Stab"],"picked":"Bane","floor":25},{"not_picked":["PiercingWail","Underhanded Strike+1","Dagger Throw+1"],"picked":"Deadly Poison","floor":29},{"not_picked":["Endless Agony","Bullet Time","Dagger Spray"],"picked":"Blade Dance","floor":30},{"not_picked":["Toxin Wave","Flying Knee","Outmaneuver"],"picked":"Hidden Blade+1","floor":31},{"not_picked":["Burst","Bullet Time","ReplayTheSpireMod:Necrosis"],"picked":"Doppelganger","floor":33},{"not_picked":["Sucker Punch","Cloak And Dagger+1","Blade Dance"],"picked":"Slice+1","floor":35},{"not_picked":["Bane","Noxious Fumes","ReplayTheSpireMod:Speed Training"],"picked":"Escape Plan","floor":40},{"not_picked":["Flying Knee+1","Backflip+1","Distraction"],"picked":"Infinite Blades+1","floor":42},{"not_picked":["Poisoned Stab","Quick Slash","Backflip"],"picked":"Bouncing Flask+1","floor":44},{"not_picked":["Acrobatics","Deadly Poison","PiercingWail"],"picked":"Burst","floor":45},{"not_picked":["Acrobatics+1","Outmaneuver","Sucker Punch"],"picked":"Flying Knee+1","floor":46},{"not_picked":["Backstab","Underhanded Strike+1","Bouncing Flask"],"picked":"Deadly Poison","floor":48},{"not_picked":["Replay:Bag of Tricks","Backflip+1","Slice+1"],"picked":"Caltrops+1","floor":54}],"player_experience":195123,"relics_obtained":[{"floor":6,"key":"Happy Flower"},{"floor":8,"key":"Matryoshka"},{"floor":9,"key":"Pen Nib"},{"floor":10,"key":"Anchor"},{"floor":13,"key":"Smiling Mask"},{"floor":13,"key":"War Paint"},{"floor":19,"key":"Oddly Smooth Stone"},{"floor":22,"key":"ReplayTheSpireMod:Lightbulb"},{"floor":23,"key":"Toy Ornithopter"},{"floor":26,"key":"ReplayTheSpireMod:Ninjato"},{"floor":30,"key":"Sundial"},{"floor":37,"key":"Strawberry"},{"floor":40,"key":"Centennial Puzzle"},{"floor":42,"key":"Gremlin Horn"},{"floor":43,"key":"Orichalcum"},{"floor":45,"key":"Omamori"},{"floor":47,"key":"Ring of Chaos"},{"floor":47,"key":"Ring of Panic"},{"floor":54,"key":"Onion Ring"}],"event_choices":[{"damage_healed":0,"gold_gain":0,"player_choice":"Got Potions","damage_taken":0,"max_hp_gain":0,"max_hp_loss":0,"event_name":"Lab","floor":2,"gold_loss":0},{"damage_healed":0,"gold_gain":75,"player_choice":"Gather Gold","damage_taken":11,"max_hp_gain":0,"max_hp_loss":0,"event_name":"World of Goop","floor":5,"gold_loss":0},{"damage_healed":0,"gold_gain":0,"player_choice":"Inject Mutagens","damage_taken":0,"relics_obtained":["MutagenicStrength"],"max_hp_gain":0,"max_hp_loss":0,"event_name":"Drug Dealer","floor":20,"gold_loss":0},{"damage_healed":23,"gold_gain":0,"player_choice":"Heal","damage_taken":0,"max_hp_gain":0,"max_hp_loss":0,"event_name":"The Library","floor":21,"gold_loss":0},{"cards_removed":["Envenom"],"damage_healed":0,"gold_gain":0,"player_choice":"Offered Rare","damage_taken":0,"max_hp_gain":10,"max_hp_loss":0,"event_name":"Bonfire Elementals","floor":28,"gold_loss":0},{"damage_healed":0,"gold_gain":0,"player_choice":"Punched","damage_taken":3,"max_hp_gain":0,"max_hp_loss":0,"event_name":"Designer","floor":39,"gold_loss":0}],"is_beta":false,"boss_relics":[{"not_picked":["WristBlade","Kintsugi"],"picked":"Honey Jar"},{"not_picked":["Cursed Key","Replay:Bronze Core"],"picked":"Ring of the Serpent"}],"items_purged_floors":[],"is_endless":false,"potions_floor_spawned":[1,6,10,12,14,16,23,29,31,35,45,48],"ascension_level":1}}