{"host":"hixkpep13ay54y5b","time":1612110959,"event":{"mods":["AchievementEnabler","BaseMod","BetterRewards","Card Forge","Colored Map","Hubris","Infinite Spire","Minty Spire (QoL Compilation)","Quick Restart","Replay The Spire","Shop Mod","StSLib","SuperFastMode"],"gold_per_floor":[109,122,137,154,154,154,179,179,252,327,340,363,396,396,396,499,499,513,530,549,563,31,66,66,264,264,291,291,203,203,248,248,353,353,369,399,448,297,397,397,397,414,438,363,391,187,208,208,208,312,312,324,324,339,339,339,339,362,389,414,414,438,438,470,470,470,598,598,598],"floor_reached":68,"language":"ENG","playtime":1059,"items_purged":["Heavy Blade+1","Defend_R+1","Cleave+1"],"score":1428,"play_id":"6cc5a5a6-64a8-4b4e-b5c7-462cd81561ff","local_time":"20210131113559","is_ascension_mode":false,"campfire_choices":[{"data":"Searing Blow+33","floor":6.0,"key":"SMITH"},{"data":"Searing Blow+34","floor":15.0,"key":"SMITH"},{"data":"Reaper","floor":24.0,"key":"SMITH"},{"data":"Searing Blow+35","floor":28.0,"key":"SMITH"},{"data":"Searing Blow+36","floor":30.0,"key":"SMITH"},{"data":"Searing Blow+37","floor":32.0,"key":"SMITH"},{"data":"Searing Blow+38","floor":40.0,"key":"SMITH"},{"data":"Searing Blow+39","floor":49.0,"key":"SMITH"},{"data":"Searing Blow+41","floor":57.0,"key":"SMITH"},{"data":"Searing Blow+42","floor":66.0,"key":"SMITH"}],"circlet_count":0,"master_deck":["Battle Trance+1","Demon Form+1","Double Tap+1","Feed+1","Inflame+1","Limit Break+1","Metallicize+1","Pummel+1","Searing Blow+43","Seeing Red+1","Thunderclap+1","Twin Strike+1","Metallicize+1","ReplayTheSpireMod:Stacked+1","Reaper+1"],"relics":["Burning Blood","Hammer of Thor","Seething Fire","Anvil of the Gods","NeowsBlessing","hubris:Potato","Frozen Egg 2","Odd Mushroom","Gremlin Food","infinitespire:Cupcake","MerchantsRug","Akabeko","Ornamental Fan","Blue Doll","Replay:Rubber Ducky","Replay:Bandana","Ring of Chaos","ClockworkSouvenir","Black Blood","Bottled Flame","Replay:Mystery Machine","Tiny Chest","Membership Card","Golden Idol","Oddly Smooth Stone","Strawberry","Black Star","infinitespire:Midas Blood","Blood Vial","hubris:Backtick","hubris:TinFlute"],"acts_visited":["Exordium","TheCity","TheBeyond","Exordium","TheCity"],"potions_floor_usage":[],"damage_taken":[{"damage":0.0,"enemies":"Small Slimes","floor":1.0,"turns":2.0},{"damage":0.0,"enemies":"2 Louse","floor":2.0,"turns":1.0},{"damage":0.0,"enemies":"Cultist","floor":3.0,"turns":1.0},{"damage":0.0,"enemies":"Blue Slaver","floor":4.0,"turns":2.0},{"damage":16.0,"enemies":"Gremlin Nob","floor":7.0,"turns":4.0},{"damage":0.0,"enemies":"Exordium Thugs","floor":11.0,"turns":1.0},{"damage":6.0,"enemies":"The Mushroom Lair","floor":12.0,"turns":2.0},{"damage":0.0,"enemies":"Lagavulin","floor":13.0,"turns":3.0},{"damage":0.0,"enemies":"The Guardian","floor":16.0,"turns":2.0},{"damage":15.0,"enemies":"3 Byrds","floor":18.0,"turns":3.0},{"damage":0.0,"enemies":"Shell Parasite","floor":19.0,"turns":1.0},{"damage":0.0,"enemies":"Centurion and Healer","floor":20.0,"turns":4.0},{"damage":0.0,"enemies":"Snecko","floor":21.0,"turns":3.0},{"damage":14.0,"enemies":"Gremlin Leader","floor":23.0,"turns":2.0},{"damage":0.0,"enemies":"Nightmare","floor":27.0,"turns":1.0},{"damage":0.0,"enemies":"Cultist and Chosen","floor":31.0,"turns":2.0},{"damage":13.0,"enemies":"Champ","floor":33.0,"turns":3.0},{"damage":0.0,"enemies":"Orb Walker","floor":35.0,"turns":1.0},{"damage":0.0,"enemies":"3 Shapes","floor":36.0,"turns":5.0},{"damage":0.0,"enemies":"3 Darklings","floor":37.0,"turns":2.0},{"damage":0.0,"enemies":"Writhing Mass","floor":42.0,"turns":1.0},{"damage":0.0,"enemies":"Nightmare","floor":45.0,"turns":1.0},{"damage":0.0,"enemies":"Spire Growth","floor":47.0,"turns":1.0},{"damage":0.0,"enemies":"hubris:GrandSnecko","floor":50.0,"turns":1.0},{"damage":0.0,"enemies":"Small Slimes","floor":52.0,"turns":1.0},{"damage":0.0,"enemies":"Cultist","floor":54.0,"turns":1.0},{"damage":0.0,"enemies":"2 Louse","floor":59.0,"turns":2.0},{"damage":0.0,"enemies":"Looter","floor":62.0,"turns":1.0},{"damage":0.0,"enemies":"Nightmare_Alpha","floor":64.0,"turns":1.0},{"damage":0.0,"enemies":"Fading Forest","floor":67.0,"turns":4.0}],"seed_played":"4335915032260569327","potions_obtained":[{"floor":2.0,"key":"SkillPotion"},{"floor":4.0,"key":"Explosive Potion"},{"floor":11.0,"key":"Strength Potion"},{"floor":16.0,"key":"SkillPotion"},{"floor":20.0,"key":"SpeedPotion"},{"floor":50.0,"key":"Swift Potion"},{"floor":64.0,"key":"HeartOfIron"}],"is_trial":false,"path_per_floor":["M","M","M","M","?","R","E","$","T","?","M","?","E","?","R","B",null,"M","M","M","M","$","E","R","?","T","NM","R","$","R","M","R","B",null,"M","M","M","$","?","R","AVR","M","T","$","NM","$","M","?","R","B",null,"M","?","M","$","?","R","T","M","T","AVR","M","$","NM","?","R","B",null],"character_chosen":"IRONCLAD","items_purchased":["MerchantsRug","Akabeko","Ornamental Fan","Replay:Bandana","ClockworkSouvenir","Membership Card"],"campfire_rested":0,"item_purchase_floors":[22,22,22,29,38,46],"current_hp_per_floor":[80,84,88,88,91,91,81,81,81,70,80,80,86,86,86,92,95,91,95,95,95,95,87,87,49,49,55,55,55,55,61,61,54,95,95,99,103,103,103,103,103,103,103,103,103,103,103,103,103,103,103,107,107,107,107,81,81,81,107,114,114,114,114,114,114,114,114,114,114],"gold":598,"neow_bonus":"THREE_ENEMY_KILL","is_daily":false,"chose_seed":false,"campfire_upgraded":10,"win_rate":0.0,"timestamp":1612110959,"path_taken":["M","M","M","M","?","R","E","$","T","?","M","?","E","?","R","BOSS","M","M","M","M","$","E","R","?","T","NM","R","$","R","M","R","BOSS","M","?","M","$","?","R","AVR","M","T","?","NM","$","M","?","R","BOSS","M","?","M","$","?","R","?","M","T","AVR","M","?","NM","?","R","BOSS"],"items_purchased_type":["Relic","Relic","Relic","Relic","Relic","Relic"],"build_version":"2020-12-22","purchased_purges":3,"victory":false,"max_hp_per_floor":[80,84,88,88,91,91,91,91,91,91,95,95,95,95,95,95,95,95,95,95,95,95,95,95,95,95,95,95,95,95,95,95,95,95,95,99,103,103,103,103,103,103,103,103,103,103,103,103,103,103,103,107,107,107,107,107,107,107,107,114,114,114,114,114,114,114,114,114,114],"card_choices":[{"not_picked":["Cleave","Bloodletting","Carnage"],"picked":"SKIP","floor":1.0},{"not_picked":["Replay:Undeath\u0027s Touch","Anger","Thunderclap"],"picked":"SKIP","floor":2.0},{"not_picked":["Wild Strike","Headbutt","Inflame"],"picked":"SKIP","floor":3.0},{"not_picked":["hubris:ReadiedAction","Metallicize","Cleave"],"picked":"SKIP","floor":4.0},{"not_picked":["Seeing Red","hubris:SharpeningStone","Shockwave"],"picked":"SKIP","floor":7.0},{"not_picked":["Reckless Charge","Second Wind","Inflame+1"],"picked":"SKIP","floor":11.0},{"not_picked":["hubris:CleavingFinish","Infernal Blade","Pommel Strike"],"picked":"SKIP","floor":13.0},{"not_picked":["Impervious","hubris:StunningStrike"],"picked":"Reaper","floor":16.0},{"not_picked":["Anger","Sword Boomerang","Dropkick"],"picked":"SKIP","floor":18.0},{"not_picked":["Carnage","Pummel","Armaments+1"],"picked":"SKIP","floor":19.0},{"not_picked":["Wild Strike","Perfected Strike","ReplayTheSpireMod:LeadingStrike"],"picked":"SKIP","floor":20.0},{"not_picked":["Armaments","True Grit","Run Through"],"picked":"SKIP","floor":21.0},{"not_picked":["Run Through","Dual Wield+1","Shrug It Off"],"picked":"SKIP","floor":23.0},{"not_picked":["hubris:CleavingFinish","Blood for Blood","ReplayTheSpireMod:LeadingStrike"],"picked":"SKIP","floor":27.0},{"not_picked":["Dark Embrace+1","Dropkick+1","Clothesline+1"],"picked":"SKIP","floor":31.0},{"not_picked":["Flex+1","Wild Strike","Clash+1"],"picked":"SKIP","floor":35.0},{"not_picked":["ReplayTheSpireMod:Limb From Limb+1","Power Through+1","Pummel+1"],"picked":"SKIP","floor":36.0},{"not_picked":["ReplayTheSpireMod:Limb From Limb+1","Twin Strike+1","Spot Weakness"],"picked":"SKIP","floor":37.0},{"not_picked":["Twin Strike","Shockwave+1","Rage"],"picked":"SKIP","floor":42.0},{"not_picked":["Disarm+1","Armaments","Inflame+1"],"picked":"SKIP","floor":45.0},{"not_picked":["Flex+1","Anger+1","Ghostly Armor+1"],"picked":"SKIP","floor":47.0},{"not_picked":["Shockwave","Clash","Replay:Undeath\u0027s Touch"],"picked":"SKIP","floor":52.0},{"not_picked":["Cleave","Body Slam","hubris:CleavingFinish"],"picked":"SKIP","floor":54.0},{"not_picked":["Iron Wave","Perfected Strike","Replay:Undeath\u0027s Touch"],"picked":"SKIP","floor":59.0},{"not_picked":["Abandon","Feel No Pain+1","infinitespire:OneForAll"],"picked":"SKIP","floor":62.0},{"not_picked":["True Grit","Clash","Heavy Blade"],"picked":"SKIP","floor":64.0}],"player_experience":176006,"relics_obtained":[{"floor":7.0,"key":"hubris:Potato"},{"floor":9.0,"key":"Frozen Egg 2"},{"floor":12.0,"key":"Odd Mushroom"},{"floor":13.0,"key":"Gremlin Food"},{"floor":23.0,"key":"Replay:Bottled Snecko"},{"floor":26.0,"key":"Blue Doll"},{"floor":27.0,"key":"Replay:Rubber Ducky"},{"floor":43.0,"key":"Replay:Mystery Machine"},{"floor":45.0,"key":"Tiny Chest"},{"floor":58.0,"key":"Oddly Smooth Stone"},{"floor":60.0,"key":"Strawberry"},{"floor":64.0,"key":"Blood Vial"}],"event_choices":[{"damage_healed":0.0,"max_hp_gain":0.0,"max_hp_loss":0.0,"gold_gain":75.0,"event_name":"World of Goop","player_choice":"Gather Gold","floor":10.0,"gold_loss":0.0,"damage_taken":11.0},{"damage_healed":0.0,"max_hp_gain":0.0,"max_hp_loss":0.0,"gold_gain":0.0,"event_name":"Mushrooms","player_choice":"Fought Mushrooms","floor":12.0,"gold_loss":0.0,"damage_taken":0.0},{"damage_healed":0.0,"max_hp_gain":0.0,"max_hp_loss":0.0,"gold_gain":100.0,"event_name":"Golden Shrine","player_choice":"Pray","floor":39.0,"gold_loss":0.0,"damage_taken":0.0},{"damage_healed":0.0,"max_hp_gain":0.0,"max_hp_loss":0.0,"gold_gain":0.0,"event_name":"Match and Keep!","player_choice":"0 cards matched","floor":48.0,"gold_loss":0.0,"damage_taken":0.0,"cards_obtained":[]},{"damage_healed":0.0,"max_hp_gain":0.0,"max_hp_loss":0.0,"gold_gain":0.0,"event_name":"Golden Idol","player_choice":"Take Damage","floor":56.0,"gold_loss":0.0,"damage_taken":26.0,"relics_obtained":["Golden Idol"]},{"damage_healed":0.0,"max_hp_gain":0.0,"max_hp_loss":0.0,"gold_gain":0.0,"event_name":"Match and Keep!","player_choice":"0 cards matched","floor":65.0,"gold_loss":0.0,"damage_taken":0.0,"cards_obtained":[]}],"is_beta":false,"boss_relics":[{"not_picked":["Painkiller Herb","hubris:CrackedHourglass"],"picked":"infinitespire:Cupcake"},{"not_picked":["Replay:Ancient Bell","Replay:Grab Bag"],"picked":"Ring of Chaos"},{"not_picked":["hubris:BlackHole","ReplayTheSpireMod:DimensionalGlitch","Mark of Pain"]},{"not_picked":["hubris:RunicObelisk","Ooze Armor"],"picked":"hubris:Backtick"}],"items_purged_floors":[44,46,61],"is_endless":true,"potions_floor_spawned":[2,4,11,13,16,20,21,27,33,37,47,50,62,64],"ascension_level":0}}