{"host":"7qqg3hyzrz6apiso","time":1612086799,"event":{"mods":["AchievementEnabler","BaseMod","Better Debug","Colored Map","Keyboard Shortcuts","Minty Spire (QoL Compilation)","Permanent Neow","Quick Restart","StSLib","SuperFastMode"],"gold_per_floor":[369,18,193,264,284,284,300,320,320,2,2,2,24,24,24,125,125,141,155,155,355,355,355],"floor_reached":22,"language":"KOR","playtime":883,"items_purged":["Strike_G"],"score":223,"play_id":"72f0e1a8-a279-47de-af39-2da3178824ad","local_time":"20210131185319","is_ascension_mode":true,"campfire_choices":[{"data":"Cloak And Dagger","floor":6,"key":"SMITH"},{"data":"Neutralize","floor":11,"key":"SMITH"},{"data":"Noxious Fumes","floor":15,"key":"SMITH"}],"circlet_count":0,"master_deck":["Survivor","Neutralize+1","Accuracy","Accuracy","Cloak And Dagger+1","Doubt","PiercingWail","Noxious Fumes+1","Envenom","Poisoned Stab","A Thousand Cuts","Envenom","Sucker Punch","Dodge and Roll","Deflect","Leg Sweep","Grand Finale"],"relics":["Ring of the Snake","Sling","Meat on the Bone","MealTicket","Pantograph","Odd Mushroom","Pandora\u0027s Box"],"acts_visited":["Exordium","TheCity"],"potions_floor_usage":[13,13],"damage_taken":[{"damage":1,"enemies":"Cultist","floor":1,"turns":3},{"damage":2,"enemies":"Jaw Worm","floor":5,"turns":6},{"damage":0,"enemies":"2 Louse","floor":7,"turns":4},{"damage":5,"enemies":"2 Fungi Beasts","floor":8,"turns":4},{"damage":22,"enemies":"The Mushroom Lair","floor":13,"turns":5},{"damage":48,"enemies":"Hexaghost","floor":16,"turns":12},{"damage":34,"enemies":"2 Thieves","floor":18,"turns":4},{"damage":28,"enemies":"Shell Parasite","floor":19,"turns":6},{"damage":25,"enemies":"Snake Plant","floor":22,"turns":4}],"seed_played":"6643211511506032955","potions_obtained":[{"floor":1,"key":"LiquidBronze"},{"floor":7,"key":"GhostInAJar"},{"floor":16,"key":"Strength Potion"}],"is_trial":false,"path_per_floor":["M","$","?","T","M","R","M","M","T","$","R","$","?","?","R","B",null,"M","M","?","?","M"],"character_chosen":"THE_SILENT","items_purchased":["Accuracy","Cloak And Dagger","Sling","Noxious Fumes","Pantograph"],"campfire_rested":0,"item_purchase_floors":[2,2,2,10,10],"current_hp_per_floor":[62,62,62,62,60,60,60,55,55,63,63,63,41,41,41,27,63,41,25,25,25,0,0],"gold":355,"neow_bonus":"TWO_FIFTY_GOLD","is_daily":false,"chose_seed":false,"campfire_upgraded":3,"win_rate":0.0,"timestamp":1612086799,"path_taken":["M","$","?","?","M","R","?","M","T","$","R","$","?","?","R","BOSS","M","M","?","?","?"],"items_purchased_type":["Card","Card","Relic","Card","Relic"],"build_version":"2020-12-22","purchased_purges":1,"victory":false,"max_hp_per_floor":[63,63,63,63,63,63,63,63,63,63,63,63,63,63,63,63,63,63,63,63,63,63,63],"card_choices":[{"not_picked":["Skewer","Bane"],"picked":"Accuracy","floor":1},{"not_picked":["Well Laid Plans","Dodge and Roll"],"picked":"PiercingWail","floor":5},{"not_picked":["Dagger Throw","Concentrate","Backstab"],"picked":"SKIP","floor":7},{"not_picked":["Dagger Spray","Poisoned Stab","Setup"],"picked":"SKIP","floor":8},{"not_picked":["Catalyst","Outmaneuver"],"picked":"Deflect","floor":18},{"not_picked":["Dagger Spray","Deflect","All Out Attack"],"picked":"SKIP","floor":19}],"player_experience":186771,"relics_obtained":[{"floor":4,"key":"Meat on the Bone"},{"floor":9,"key":"MealTicket"},{"floor":13,"key":"Odd Mushroom"}],"event_choices":[{"damage_healed":0,"gold_gain":175,"player_choice":"AGREE","damage_taken":0,"max_hp_gain":0,"max_hp_loss":0,"event_name":"Liars Game","floor":3,"gold_loss":0,"cards_obtained":["Doubt"]},{"damage_healed":0,"gold_gain":0,"player_choice":"Fought Mushrooms","damage_taken":0,"max_hp_gain":0,"max_hp_loss":0,"event_name":"Mushrooms","floor":13,"gold_loss":0},{"cards_removed":["Strike_G"],"damage_healed":0,"gold_gain":0,"player_choice":"Forget","damage_taken":0,"max_hp_gain":0,"max_hp_loss":0,"event_name":"Living Wall","floor":14,"gold_loss":0},{"damage_healed":0,"gold_gain":0,"cards_transformed":["Endless Agony","Endless Agony"],"player_choice":"Became Test Subject","damage_taken":0,"max_hp_gain":0,"max_hp_loss":0,"event_name":"Drug Dealer","floor":20,"gold_loss":0,"cards_obtained":["Leg Sweep","Grand Finale"]},{"damage_healed":0,"gold_gain":200,"player_choice":"Gold","damage_taken":0,"max_hp_gain":0,"max_hp_loss":0,"event_name":"Wheel of Change","floor":21,"gold_loss":0}],"is_beta":false,"boss_relics":[{"not_picked":["Fusion Hammer","Philosopher\u0027s Stone"],"picked":"Pandora\u0027s Box"}],"items_purged_floors":[2],"is_endless":false,"potions_floor_spawned":[1,7,16],"killed_by":"Snake Plant","ascension_level":3}}