{"host":"49pjgf1q9ev52n8z","time":1612063809,"event":{"mods":["BaseMod","Bestiary","Colored Map","Minty Spire (QoL Compilation)","Relic Stats","StSLib"],"gold_per_floor":[113,113,132,143,155,155,168,202,202,202,229,229,229,242,242,242,242],"floor_reached":16,"language":"ENG","playtime":1088,"items_purged":[],"score":218,"play_id":"e4663bf2-64ac-4486-a140-b02e5a7ad108","local_time":"20210130193009","is_ascension_mode":true,"campfire_choices":[{"data":"Neutralize","floor":6,"key":"SMITH"},{"floor":10,"key":"REST"},{"data":"Deadly Poison","floor":15,"key":"SMITH"}],"circlet_count":0,"master_deck":["AscendersBane","Strike_G","Strike_G","Strike_G","Strike_G","Strike_G","Defend_G+1","Defend_G","Defend_G","Defend_G","Defend_G","Survivor+1","Neutralize+1","All Out Attack","Deadly Poison+1","Dagger Throw","Eviscerate","After Image","Skewer","Injury","Parasite"],"relics":["Ring of the Snake","Tingsha","NlothsMask","War Paint","Pen Nib","Golden Idol"],"acts_visited":["Exordium"],"potions_floor_usage":[4,8,16],"damage_taken":[{"damage":4,"enemies":"Small Slimes","floor":1,"turns":3},{"damage":0,"enemies":"Cultist","floor":3,"turns":4},{"damage":0,"enemies":"Jaw Worm","floor":4,"turns":3},{"damage":9,"enemies":"Looter","floor":5,"turns":3},{"damage":1,"enemies":"Blue Slaver","floor":7,"turns":3},{"damage":20,"enemies":"Gremlin Nob","floor":8,"turns":4},{"damage":31,"enemies":"Lagavulin","floor":11,"turns":8},{"damage":0,"enemies":"2 Fungi Beasts","floor":14,"turns":2},{"damage":27,"enemies":"Hexaghost","floor":16,"turns":12}],"seed_played":"-8318791216569112051","potions_obtained":[{"floor":1,"key":"SkillPotion"},{"floor":3,"key":"ColorlessPotion"},{"floor":11,"key":"Swift Potion"}],"is_trial":false,"path_per_floor":["M","?","M","M","M","R","M","E","T","R","E","?","?","M","R","B"],"character_chosen":"THE_SILENT","items_purchased":[],"campfire_rested":1,"item_purchase_floors":[],"current_hp_per_floor":[55,55,55,55,46,46,45,25,25,43,12,12,27,27,27,0,0],"gold":242,"neow_bonus":"ONE_RARE_RELIC","is_daily":false,"chose_seed":false,"campfire_upgraded":2,"win_rate":0.0,"timestamp":1612063809,"path_taken":["M","?","M","M","M","R","?","E","T","R","E","?","?","M","R","BOSS"],"items_purchased_type":[],"build_version":"2020-12-22","purchased_purges":0,"victory":false,"max_hp_per_floor":[60,60,60,60,60,60,60,60,60,60,60,60,60,60,60,60,60],"relic_stats":{"counters":[9,42],"Golden Idol":3,"Tingsha":[86],"Pen Nib":[2],"War Paint":["Survivor","Defend_G"],"obtain_stats":[{"Golden Idol":12,"Tingsha":0,"Pen Nib":11,"War Paint":8,"Ring of the Snake":0,"NlothsMask":2},{"Golden Idol":7,"Tingsha":0,"Pen Nib":7,"War Paint":6,"Ring of the Snake":0,"NlothsMask":1},{"Golden Idol":28,"Tingsha":0,"Pen Nib":28,"War Paint":20,"Ring of the Snake":0,"NlothsMask":3}],"Ring of the Snake":[18]},"card_choices":[{"not_picked":["Prepared","PiercingWail"],"picked":"All Out Attack","floor":1},{"not_picked":["Bane","Prepared"],"picked":"Deadly Poison","floor":3},{"not_picked":["Terror","Outmaneuver"],"picked":"Dagger Throw","floor":4},{"not_picked":["Dodge and Roll","Deadly Poison"],"picked":"Eviscerate","floor":5},{"not_picked":["Outmaneuver","Blur"],"picked":"After Image","floor":7},{"not_picked":["Dagger Spray","Bane"],"picked":"Skewer","floor":8},{"not_picked":["Dagger Spray","Outmaneuver","Choke"],"picked":"SKIP","floor":11},{"not_picked":["Deadly Poison","Bane","Eviscerate"],"picked":"SKIP","floor":14}],"player_experience":654351,"relics_obtained":[{"floor":8,"key":"War Paint"},{"floor":11,"key":"Pen Nib"}],"event_choices":[{"damage_healed":0,"gold_gain":0,"player_choice":"Trade","damage_taken":0,"relics_obtained":["NlothsMask"],"max_hp_gain":0,"max_hp_loss":0,"event_name":"FaceTrader","floor":2,"gold_loss":0},{"damage_healed":0,"gold_gain":0,"player_choice":"Take Wound","damage_taken":0,"relics_obtained":["Golden Idol"],"max_hp_gain":0,"max_hp_loss":0,"event_name":"Golden Idol","floor":12,"gold_loss":0,"cards_obtained":["Injury"]},{"damage_healed":15,"gold_gain":0,"player_choice":"Healed and dodged fight","damage_taken":0,"max_hp_gain":0,"max_hp_loss":0,"event_name":"Mushrooms","floor":13,"gold_loss":0,"cards_obtained":["Parasite"]}],"is_beta":false,"boss_relics":[],"items_purged_floors":[],"is_endless":false,"potions_floor_spawned":[1,3,11],"killed_by":"Hexaghost","ascension_level":19}}