{"host":"facnppb4175fcpe2","time":1612096591,"event":{"mods":["AchievementEnabler","BaseMod","Colored Map","Colored Powertips","Highlight Path","Minty Spire (QoL Compilation)","Quick Restart","Rare Cards Sparkle","Relic Stats","StSLib","SuperFastMode"],"gold_per_floor":[116,291,291,366,385,385,385],"floor_reached":6,"language":"ZHS","playtime":117,"items_purged":[],"score":41,"play_id":"bf7af3ce-346c-4048-998f-6fc1f981bbc7","local_time":"20210131203631","is_ascension_mode":true,"campfire_choices":[],"circlet_count":0,"master_deck":["Strike_G","Strike_G","Strike_G","Strike_G","Strike_G","Defend_G","Defend_G","Defend_G","Defend_G","Defend_G","Survivor","Neutralize","Poisoned Stab","Doubt"],"relics":["Ring of the Snake","Frozen Egg 2"],"acts_visited":["Exordium"],"potions_floor_usage":[],"damage_taken":[{"damage":0,"enemies":"Jaw Worm","floor":1,"turns":5},{"damage":0,"enemies":"2 Louse","floor":5,"turns":3},{"damage":0,"enemies":"3 Sentries","floor":6,"turns":1}],"seed_played":"1780872196872594670","potions_obtained":[{"floor":1,"key":"EntropicBrew"},{"floor":5,"key":"AttackPotion"}],"is_trial":false,"path_per_floor":["M","?","T","?","M","E"],"character_chosen":"THE_SILENT","items_purchased":[],"campfire_rested":0,"item_purchase_floors":[],"current_hp_per_floor":[77,77,77,66,66,66,66],"gold":385,"neow_bonus":"TEN_PERCENT_HP_BONUS","is_daily":false,"chose_seed":false,"campfire_upgraded":0,"win_rate":0.0,"timestamp":1612096591,"path_taken":["M","?","?","?","M","E"],"items_purchased_type":[],"build_version":"2020-12-22","purchased_purges":0,"victory":false,"max_hp_per_floor":[77,77,77,77,77,77,77],"relic_stats":{"counters":[3,9],"obtain_stats":[{"Frozen Egg 2":3,"Ring of the Snake":0},{"Frozen Egg 2":1,"Ring of the Snake":0},{"Frozen Egg 2":5,"Ring of the Snake":0}],"Ring of the Snake":[6]},"card_choices":[{"not_picked":["Dash","Flying Knee"],"picked":"Poisoned Stab","floor":1},{"not_picked":["Prepared","Finisher","Choke"],"picked":"SKIP","floor":5}],"player_experience":104538,"relics_obtained":[{"floor":3,"key":"Frozen Egg 2"}],"event_choices":[{"damage_healed":0,"gold_gain":175,"player_choice":"AGREE","damage_taken":0,"max_hp_gain":0,"max_hp_loss":0,"event_name":"Liars Game","floor":2,"gold_loss":0,"cards_obtained":["Doubt"]},{"damage_healed":0,"gold_gain":75,"player_choice":"Gather Gold","damage_taken":11,"max_hp_gain":0,"max_hp_loss":0,"event_name":"World of Goop","floor":4,"gold_loss":0}],"is_beta":false,"boss_relics":[],"items_purged_floors":[],"is_endless":false,"potions_floor_spawned":[1,5],"killed_by":"3 Sentries","ascension_level":4}}