{"host":"zxkjcgzis4pm3za5","time":1612059316,"event":{"mods":["AchievementEnabler","Act Like it!","BaseMod","Colored Map","Colored Powertips","Friendly Minions","GifTheSpireLib","Minty Spire (QoL Compilation)","Quick Restart","RNG Fix","Random Character Button","Relic Filter Mod","Relic Sorter","Relic Stats","StSLib"],"gold_per_floor":[209,219,144,161,174,202,202,227,227,246,246,246,246],"floor_reached":12,"language":"ENG","playtime":309,"items_purged":[],"score":171,"play_id":"1f55c560-0a21-4911-86c3-41863e55320b","local_time":"20210131074516","is_ascension_mode":true,"campfire_choices":[{"data":"Envenom","floor":7.0,"key":"SMITH"},{"data":"Footwork","floor":11,"key":"SMITH"}],"circlet_count":0,"master_deck":["AscendersBane","Strike_G","Strike_G","Strike_G","Strike_G","Strike_G","Defend_G","Defend_G","Defend_G","Defend_G","Survivor","Neutralize","Dash","Deadly Poison","Dodge and Roll","Footwork+1","Envenom+1","Dagger Spray+1","Deflect"],"relics":["Ring of the Snake","Juzu Bracelet","Molten Egg 2","TungstenRod"],"acts_visited":["Exordium"],"potions_floor_usage":[12],"damage_taken":[{"damage":7.0,"enemies":"Small Slimes","floor":1.0,"turns":4.0},{"damage":0.0,"enemies":"2 Louse","floor":2.0,"turns":3.0},{"damage":0.0,"enemies":"Cultist","floor":4.0,"turns":4.0},{"damage":0.0,"enemies":"Lots of Slimes","floor":5.0,"turns":2.0},{"damage":20.0,"enemies":"Gremlin Nob","floor":6.0,"turns":4.0},{"damage":12.0,"enemies":"Lagavulin","floor":8.0,"turns":9.0},{"damage":6,"enemies":"Exordium Wildlife","floor":10,"turns":5},{"damage":41,"enemies":"Gremlin Nob","floor":12,"turns":3}],"seed_played":"-6448367780704235270","potions_obtained":[{"floor":2.0,"key":"Explosive Potion"},{"floor":4.0,"key":"SkillPotion"},{"floor":5.0,"key":"BlessingOfTheForge"}],"is_trial":false,"path_per_floor":["M","M","?","M","M","E","R","E","T","M","R","E"],"character_chosen":"THE_SILENT","items_purchased":[],"campfire_rested":0,"item_purchase_floors":[],"current_hp_per_floor":[52,52,52,52,52,32,32,20,20,14,14,0,0],"gold":246,"neow_bonus":"HUNDRED_GOLD","is_daily":false,"chose_seed":false,"campfire_upgraded":2,"win_rate":0.0,"timestamp":1612059316,"path_taken":["M","M","?","M","M","E","R","E","T","M","R","E"],"items_purchased_type":[],"build_version":"2020-12-22","purchased_purges":0,"victory":false,"max_hp_per_floor":[66,66,66,66,66,66,66,66,66,66,66,66,66],"relic_stats":{"counters":[8,34],"Juzu Bracelet":0,"obtain_stats":[{"Molten Egg 2":8,"Juzu Bracelet":6,"TungstenRod":9,"Ring of the Snake":0},{"Molten Egg 2":6,"Juzu Bracelet":5,"TungstenRod":6,"Ring of the Snake":0},{"Molten Egg 2":26,"Juzu Bracelet":17,"TungstenRod":26,"Ring of the Snake":0}],"TungstenRod":3,"Ring of the Snake":[16]},"card_choices":[{"not_picked":["Distraction","Deadly Poison"],"picked":"Dash","floor":1.0},{"not_picked":["Prepared","Heel Hook"],"picked":"Deadly Poison","floor":2.0},{"not_picked":["Deflect","Reflex"],"picked":"Dodge and Roll","floor":4.0},{"not_picked":["Sucker Punch","Poisoned Stab"],"picked":"Footwork","floor":5.0},{"not_picked":["Deadly Poison","Dodge and Roll"],"picked":"Envenom","floor":6.0},{"not_picked":["Setup","Sucker Punch+1"],"picked":"Dagger Spray+1","floor":8.0},{"not_picked":["Calculated Gamble","Dodge and Roll"],"picked":"Deflect","floor":10}],"player_experience":295095,"relics_obtained":[{"floor":6.0,"key":"Juzu Bracelet"},{"floor":8.0,"key":"Molten Egg 2"},{"floor":9.0,"key":"TungstenRod"}],"event_choices":[{"cards_removed":["Defend_G"],"damage_healed":0.0,"max_hp_gain":0.0,"max_hp_loss":0.0,"gold_gain":0.0,"event_name":"The Cleric","player_choice":"Card Removal","floor":3.0,"gold_loss":75.0,"damage_taken":0.0}],"is_beta":false,"boss_relics":[],"items_purged_floors":[],"is_endless":false,"potions_floor_spawned":[2,4,5],"killed_by":"Gremlin Nob","ascension_level":18}}