{"host":"jx3f6ezc0g3s9edc","time":1612056041,"event":{"mods":["AchievementEnabler","BaseMod","Bestiary","Colored Map","Highlight Path","Minty Spire (QoL Compilation)","StSLib"],"gold_per_floor":[109,120,120,137,62,62,76,76,76,76,94,112,128,78,78,175,175,186,186,31,42,58,58,133,143,143,143,143],"floor_reached":27,"language":"ENG","playtime":2527,"items_purged":["Strike_R"],"score":207,"play_id":"1daa6a6f-6759-4bd3-bdec-f68c76710069","local_time":"20210130202041","is_ascension_mode":false,"campfire_choices":[{"data":"Bash","floor":6,"key":"SMITH"},{"data":"Flex","floor":8,"key":"SMITH"},{"data":"Immolate","floor":10,"key":"SMITH"},{"data":"True Grit","floor":15,"key":"SMITH"},{"data":"Sentinel","floor":23,"key":"SMITH"}],"circlet_count":0,"master_deck":["Strike_R","Strike_R","Defend_R","Defend_R","Defend_R","Defend_R","Bash+1","Hemokinesis","Sword Boomerang","Immolate+1","Flex+1","Headbutt","Dropkick","True Grit+1","Brutality","Sentinel+1","Seeing Red","Inflame","Flex+1"],"relics":["Burning Blood"],"acts_visited":["Exordium","TheCity"],"potions_floor_usage":[16,22],"damage_taken":[{"damage":11,"enemies":"Jaw Worm","floor":1,"turns":4},{"damage":2,"enemies":"Cultist","floor":2,"turns":2},{"damage":2,"enemies":"Small Slimes","floor":4,"turns":2},{"damage":12,"enemies":"Exordium Wildlife","floor":7,"turns":3},{"damage":8,"enemies":"Gremlin Gang","floor":11,"turns":2},{"damage":8,"enemies":"Red Slaver","floor":12,"turns":3},{"damage":9,"enemies":"Blue Slaver","floor":13,"turns":3},{"damage":54,"enemies":"The Guardian","floor":16,"turns":10},{"damage":1,"enemies":"Chosen","floor":18,"turns":2},{"damage":21,"enemies":"3 Byrds","floor":21,"turns":4},{"damage":13,"enemies":"Snake Plant","floor":22,"turns":4},{"damage":41,"enemies":"Shelled Parasite and Fungi","floor":25,"turns":5},{"damage":26,"enemies":"3 Cultists","floor":27,"turns":4}],"seed_played":"-3852104249319795841","potions_obtained":[{"floor":2,"key":"ColorlessPotion"},{"floor":11,"key":"SkillPotion"},{"floor":12,"key":"Strength Potion"},{"floor":18,"key":"Strength Potion"},{"floor":21,"key":"Ancient Potion"}],"is_trial":false,"path_per_floor":["M","M","?","M","$","R","M","R","T","R","M","M","M","?","R","B",null,"M","?","$","M","M","R","?","M","T","M"],"character_chosen":"IRONCLAD","items_purchased":["Seeing Red","Inflame"],"campfire_rested":0,"item_purchase_floors":[20,20],"current_hp_per_floor":[83,87,87,88,88,88,82,82,82,82,80,78,75,75,75,27,88,88,88,88,73,66,66,58,23,23,0,0],"gold":143,"neow_bonus":"TEN_PERCENT_HP_BONUS","is_daily":false,"chose_seed":false,"campfire_upgraded":5,"win_rate":0.0,"timestamp":1612056041,"path_taken":["M","M","?","?","$","R","M","R","T","R","M","M","M","?","R","BOSS","M","?","$","M","M","R","?","?","T","M"],"items_purchased_type":["Card","Card"],"build_version":"2020-12-22","purchased_purges":1,"victory":false,"max_hp_per_floor":[88,88,88,88,88,88,88,88,88,88,88,88,88,88,88,88,88,88,88,88,88,88,88,88,88,88,88,88],"card_choices":[{"not_picked":["Iron Wave","Perfected Strike"],"picked":"Hemokinesis","floor":1},{"not_picked":["Perfected Strike","Dark Embrace"],"picked":"Sword Boomerang","floor":2},{"not_picked":["Wild Strike","Immolate"],"picked":"Flex","floor":4},{"not_picked":["Warcry","Pummel"],"picked":"Headbutt","floor":7},{"not_picked":["Armaments","Heavy Blade"],"picked":"Dropkick","floor":11},{"not_picked":["Carnage","Anger","Warcry"],"picked":"SKIP","floor":12},{"not_picked":["Clash","Anger"],"picked":"True Grit","floor":13},{"not_picked":["Immolate","Fiend Fire"],"picked":"Brutality","floor":16},{"not_picked":["Hemokinesis+1","Fire Breathing"],"picked":"Sentinel","floor":18},{"not_picked":["Combust+1","Dual Wield","Pommel Strike"],"picked":"SKIP","floor":21},{"not_picked":["Clothesline","Dual Wield"],"picked":"Flex+1","floor":22},{"not_picked":["Inflame+1","Body Slam","Headbutt"],"picked":"SKIP","floor":25}],"player_experience":791203,"relics_obtained":[],"event_choices":[{"damage_healed":0,"gold_gain":0,"cards_transformed":["Strike_R"],"player_choice":"Transformed","damage_taken":0,"max_hp_gain":0,"max_hp_loss":0,"event_name":"Transmorgrifier","floor":3,"gold_loss":0,"cards_obtained":["Immolate"]},{"cards_removed":["Strike_R"],"damage_healed":0,"gold_gain":0,"player_choice":"Card Removal","damage_taken":0,"max_hp_gain":0,"max_hp_loss":0,"event_name":"The Cleric","floor":14,"gold_loss":50},{"damage_healed":0,"gold_gain":0,"player_choice":"Ignored","damage_taken":0,"max_hp_gain":0,"max_hp_loss":0,"event_name":"The Mausoleum","floor":19,"gold_loss":0},{"damage_healed":0,"gold_gain":75,"player_choice":"Touch","damage_taken":8,"max_hp_gain":0,"max_hp_loss":0,"event_name":"FaceTrader","floor":24,"gold_loss":0}],"is_beta":false,"boss_relics":[{"not_picked":["Empty Cage","Snecko Eye","Pandora\u0027s Box"]}],"items_purged_floors":[5],"is_endless":false,"potions_floor_spawned":[2,11,12,13,18,21],"killed_by":"3 Cultists","ascension_level":0}}