{"host":"n7gg140mhoutldtp","time":1612105380,"event":{"mods":["BaseMod","Card Filter","Colored Map","Downfall","Duelist Mod","Marisa????????","Minty Spire (QoL Compilation)","READ ME - Guardian Mod","StSLib","The Jungle","The Senshi"],"gold_per_floor":[117,133,133,32,61,117,117,146,146,0,18,93,93,136,136,226,226,243,243,287,369,111,111,161,161,161,161,180,239,249,260,260,334,334,347,347,397,429,443,443,460,493,493,537,550,574,621,643,655,667],"floor_reached":51,"language":"ENG","playtime":3734,"items_purged":["Pain"],"score":1473,"play_id":"d50fa6a0-8d11-4e69-ae95-165029db75c4","local_time":"20210131160300","is_ascension_mode":true,"campfire_choices":[{"data":"PowerUp","floor":7.0,"key":"SMITH"},{"data":"FinalSpark","floor":15.0,"key":"SMITH"},{"data":"FinalSpark","floor":23.0,"key":"SMITH"},{"floor":25.0,"key":"REST"},{"data":"1","floor":27.0,"key":"LIFT"},{"data":"2","floor":32.0,"key":"LIFT"},{"data":"3","floor":40,"key":"LIFT"},{"data":"EarthLightRay","floor":49,"key":"SMITH"}],"circlet_count":0,"master_deck":["AscendersBane","MasterSpark","UpSweep","DoubleSpark","PowerUp+1","WitchOfGreed","DoubleSpark","PulseMagic","EscapeVelocity","PowerUp","EnergyFlow","FinalSpark+1","FinalSpark+1","IllusionStar","ChargeUpSpray","MachineGunSpark","DoubleSpark","ChargeUpSpray","MagicChant","StarlightTyphoon","MagicAbsorber+1","GasGiant","Master of Strategy","GasGiant","DoubleSpark","EarthLightRay+1","UltimateShortwave","Acceleration+1","SprinkleStarSeal","DeepEcoloBomb","EarthLightRay+1","DoubleSpark","MagicAbsorber+1","DragonMeteor"],"relics":["MiniHakkero","Bag of Marbles","WarpedTongs","StoneCalendar","Tiny Chest","SproutingBranch","Pandora\u0027s Box","Letter Opener","BreadOfAWashokuLover","Girya","Gremlin Horn","ExperimentalFamiliar","FossilizedHelix","Toy Ornithopter","Pocketwatch","Regal Pillow","MawBank","Thread and Needle"],"acts_visited":["Exordium","TheCity","TheBeyond"],"potions_floor_usage":[33,33,41,44,48],"damage_taken":[{"damage":2.0,"enemies":"Jaw Worm","floor":1.0,"turns":3.0},{"damage":0.0,"enemies":"Cultist","floor":2.0,"turns":3.0},{"damage":0.0,"enemies":"2 Louse","floor":5.0,"turns":2.0},{"damage":24.0,"enemies":"3 Sentries","floor":6.0,"turns":7.0},{"damage":0.0,"enemies":"Large Slime","floor":8.0,"turns":4.0},{"damage":6.0,"enemies":"Looter","floor":11.0,"turns":2.0},{"damage":2.0,"enemies":"Gremlin Nob","floor":14.0,"turns":3.0},{"damage":21.0,"enemies":"The Guardian","floor":16.0,"turns":6.0},{"damage":0.0,"enemies":"Chosen","floor":18.0,"turns":2.0},{"damage":22.0,"enemies":"2 Thieves","floor":20.0,"turns":3.0},{"damage":42.0,"enemies":"Slavers","floor":24.0,"turns":3.0},{"damage":12.0,"enemies":"Snake Plant","floor":28.0,"turns":2.0},{"damage":22.0,"enemies":"theDuelist:KaibaA2","floor":29.0,"turns":3.0},{"damage":0.0,"enemies":"3 Cultists","floor":30.0,"turns":3.0},{"damage":0.0,"enemies":"Centurion and Healer","floor":31.0,"turns":2.0},{"damage":14,"enemies":"Champ","floor":33,"turns":5},{"damage":0,"enemies":"Orb Walker","floor":35,"turns":1},{"damage":5,"enemies":"2 Orb Walkers","floor":37,"turns":2},{"damage":0,"enemies":"3 Shapes","floor":38,"turns":2},{"damage":0,"enemies":"Maw","floor":39,"turns":3},{"damage":12,"enemies":"Writhing Mass","floor":41,"turns":3},{"damage":0,"enemies":"Giant Head","floor":42,"turns":2},{"damage":0,"enemies":"Reptomancer","floor":44,"turns":3},{"damage":0,"enemies":"3 Darklings","floor":45,"turns":1},{"damage":0,"enemies":"Nemesis","floor":47,"turns":3},{"damage":0,"enemies":"Jaw Worm Horde","floor":48,"turns":2},{"damage":2,"enemies":"Donu and Deca","floor":50,"turns":5}],"seed_played":"-3272293058718644597","potions_obtained":[{"floor":2.0,"key":"hexamod:SoulburnPotion"},{"floor":5.0,"key":"sneckomod:MuddlingPotion"},{"floor":6.0,"key":"Dexterity Potion"},{"floor":8.0,"key":"PowerPotion"},{"floor":11.0,"key":"bronze:BurnAndBuffPotion"},{"floor":14.0,"key":"Ancient Potion"},{"floor":14.0,"key":"Strength Potion"},{"floor":16.0,"key":"Block Potion"},{"floor":16.0,"key":"AttackPotion"},{"floor":20.0,"key":"Ancient Potion"},{"floor":24.0,"key":"Ancient Potion"},{"floor":29.0,"key":"Weak Potion"},{"floor":29.0,"key":"PowerPotion"},{"floor":35,"key":"ColorlessPotion"},{"floor":38,"key":"Weak Potion"},{"floor":42,"key":"champ:CounterPotion"},{"floor":44,"key":"BlessingOfTheForge"},{"floor":44,"key":"sneckomod:MuddlingPotion"},{"floor":47,"key":"Swift Potion"}],"is_trial":false,"path_per_floor":["M","M","?","$","M","E","R","M","T","$","M","?","?","E","R","B",null,"M","?","M","T","$","R","E","R","T","R","M","E","M","M","R","B",null,"M","?","?","M","M","R","M","E","T","E","M","T","E","M","R","B",null],"character_chosen":"MARISA","items_purchased":["WitchOfGreed","Tiny Chest","GasGiant","Master of Strategy"],"campfire_rested":1,"item_purchase_floors":[4,10,22,22],"current_hp_per_floor":[61,61,61,61,61,37,37,37,37,37,31,20,20,18,18,12,56,61,61,48,48,48,48,15,36,36,36,29,16,25,30,30,35,61,61,61,67,70,70,70,62,68,68,70,70,70,70,70,70,70],"gold":679,"neow_bonus":"RANDOM_COMMON_RELIC","is_daily":false,"chose_seed":false,"campfire_upgraded":4,"win_rate":0.0,"timestamp":1612105380,"path_taken":["M","M","?","$","M","E","R","?","T","?","M","?","?","E","R","BOSS","M","?","M","?","$","R","E","R","T","R","?","E","M","M","R","BOSS","M","?","?","M","M","R","M","E","T","E","M","?","E","M","R","BOSS"],"items_purchased_type":["Card","Relic","Card","Card"],"build_version":"2020-12-22","purchased_purges":1,"victory":true,"max_hp_per_floor":[70,70,70,70,70,70,70,70,70,70,70,70,70,70,70,70,70,70,70,70,70,70,70,70,70,70,70,70,70,70,70,70,70,70,70,70,70,70,70,70,70,70,70,70,70,70,70,70,70,70],"card_choices":[{"not_picked":["IllusionStar","GravityBeat"],"picked":"DoubleSpark","floor":1.0},{"not_picked":["MagicChant","WitchLeyline"],"picked":"PowerUp","floor":2.0},{"not_picked":["BigCrunch","6A"],"picked":"DoubleSpark","floor":5.0},{"not_picked":["6A","EarthLightRay"],"picked":"PulseMagic","floor":6.0},{"not_picked":["SporeBomb","UnstableBomb"],"picked":"EscapeVelocity","floor":8.0},{"not_picked":["OneTimeOff","LuminesStrike"],"picked":"PowerUp","floor":11.0},{"not_picked":["ChargeUpSpray","DC"],"picked":"FinalSpark","floor":14.0},{"not_picked":["BigCrunch","ManaRampage"],"picked":"FinalSpark","floor":16.0},{"not_picked":["WitchOfGreed","EnergyFlow+1"],"picked":"MagicAbsorber+1","floor":18.0},{"not_picked":["LuminesStrike","PowerUp","IllusionStar"],"picked":"SKIP","floor":20.0},{"not_picked":["NonDirectionalLaser","LuminesStrike+1"],"picked":"GasGiant","floor":24.0},{"not_picked":["WitchOfGreed","ShootingEcho"],"picked":"DoubleSpark","floor":28.0},{"not_picked":["6A","GrandCross","WitchLeyline"],"picked":"SKIP","floor":29.0},{"not_picked":["UnstableBomb+1","MysteriousBeam"],"picked":"EarthLightRay","floor":30.0},{"not_picked":["MachineGunSpark","WitchLeyline","MagicChant"],"picked":"SKIP","floor":31.0},{"not_picked":["SuperNova","SatelliteIllusion"],"picked":"UltimateShortwave","floor":33},{"not_picked":["NonDirectionalLaser","LuminesStrike+1","DC+1"],"picked":"SKIP","floor":35},{"not_picked":["WitchOfGreed","AlicesGift"],"picked":"Acceleration+1","floor":37},{"not_picked":["GrandCross","GalacticHalo"],"picked":"SprinkleStarSeal","floor":38},{"not_picked":["SuperNova","DC"],"picked":"DeepEcoloBomb","floor":39},{"not_picked":["NonDirectionalLaser","6A+1"],"picked":"EarthLightRay+1","floor":41},{"not_picked":["MaximisePower","MagicAbsorber"],"picked":"DoubleSpark","floor":42},{"not_picked":["GasGiant","ShootingEcho"],"picked":"MagicAbsorber+1","floor":44},{"not_picked":["SprinkleStarSeal","LuminesStrike","DragonMeteor"],"picked":"SKIP","floor":45},{"not_picked":["SprinkleStarSeal","LuminesStrike"],"picked":"DragonMeteor","floor":45},{"not_picked":["FairyDestructionRay","WitchOfGreed","SporeBomb"],"picked":"SKIP","floor":47},{"not_picked":["Acceleration","WitchLeyline+1","ManaConvection"],"picked":"SKIP","floor":48}],"player_experience":1026827,"relics_obtained":[{"floor":9.0,"key":"StoneCalendar"},{"floor":14.0,"key":"SproutingBranch"},{"floor":21.0,"key":"Letter Opener"},{"floor":24.0,"key":"BreadOfAWashokuLover"},{"floor":26.0,"key":"Girya"},{"floor":29.0,"key":"Gremlin Horn"},{"floor":37,"key":"FossilizedHelix"},{"floor":42,"key":"Toy Ornithopter"},{"floor":43,"key":"Pocketwatch"},{"floor":44,"key":"Regal Pillow"},{"floor":46,"key":"MawBank"},{"floor":47,"key":"Thread and Needle"}],"event_choices":[{"damage_healed":0.0,"max_hp_gain":0.0,"max_hp_loss":0.0,"gold_gain":0.0,"event_name":"Accursed Blacksmith","player_choice":"Rummage","floor":3.0,"gold_loss":0.0,"damage_taken":0.0,"relics_obtained":["WarpedTongs"],"cards_obtained":["Pain"]},{"damage_healed":0.0,"max_hp_gain":0.0,"max_hp_loss":0.0,"gold_gain":75.0,"event_name":"World of Goop","player_choice":"Gather Gold","floor":12.0,"gold_loss":0.0,"damage_taken":11.0},{"damage_healed":0.0,"max_hp_gain":0.0,"max_hp_loss":0.0,"gold_gain":0.0,"cards_transformed":["Strike_MRS"],"event_name":"Living Wall","player_choice":"Change","floor":13.0,"gold_loss":0.0,"damage_taken":0.0,"cards_obtained":["EnergyFlow"]},{"damage_healed":0.0,"max_hp_gain":0.0,"max_hp_loss":0.0,"gold_gain":0.0,"event_name":"Vampires","player_choice":"Ignored","floor":19.0,"gold_loss":0.0,"damage_taken":0.0},{"damage_healed":0,"gold_gain":0,"player_choice":"Ignored","damage_taken":0,"max_hp_gain":0,"max_hp_loss":0,"event_name":"Tomb of Lord Red Mask","floor":36,"gold_loss":0},{"damage_healed":0,"gold_gain":0,"player_choice":"Fight","damage_taken":0,"max_hp_gain":0,"max_hp_loss":0,"event_name":"Mysterious Sphere","floor":37,"gold_loss":0}],"is_beta":false,"boss_relics":[{"not_picked":["Tiny House","Empty Cage"],"picked":"Pandora\u0027s Box"},{"not_picked":["Philosopher\u0027s Stone","Velvet Choker"],"picked":"ExperimentalFamiliar"}],"items_purged_floors":[4],"is_endless":false,"potions_floor_spawned":[2,11,14,16,20,29,31,35,42,44,47],"ascension_level":14}}