{"host":"facnppb4175fcpe2","time":1612068593,"event":{"mods":["BaseMod","Downfall","Minty Spire (QoL Compilation)","StSLib"],"gold_per_floor":[17,17,34,46,65,97,97,130,153,168,179,199,224,252,252,349,349,359,370,285,285,297,297,327,343,343,111,111,123,123,153,153,249,249,267,283,283,299,299,299,299,299,352,363,390,390,440,451,451,451],"floor_reached":51,"language":"ZHS","playtime":2093,"items_purged":["Strike_R"],"score":1021,"play_id":"ccf1fd37-3aec-4329-990b-afe4d1b4d7b4","local_time":"20210131124953","is_ascension_mode":true,"campfire_choices":[{"data":"Double Tap","floor":7.0,"key":"SMITH"},{"data":"Dropkick","floor":15.0,"key":"SMITH"},{"data":"Feed","floor":23.0,"key":"SMITH"},{"data":"Searing Blow","floor":30.0,"key":"SMITH"},{"data":"Searing Blow+1","floor":32.0,"key":"SMITH"},{"data":"Searing Blow+2","floor":40.0,"key":"SMITH"},{"data":"Searing Blow+3","floor":42.0,"key":"SMITH"},{"data":"Searing Blow+4","floor":46.0,"key":"SMITH"},{"data":"Searing Blow+5","floor":49,"key":"SMITH"}],"circlet_count":0,"master_deck":["Strike_R","Strike_R","Strike_R","Defend_R","Defend_R","Defend_R","Bash","Uppercut+1","Clash","Double Tap+1","Dropkick+1","Feed+1","Searing Blow+6","Warcry+1","Headbutt+1"],"relics":["Burning Blood","Frozen Egg 2","Juzu Bracelet","Strawberry","Bag of Marbles","Regal Pillow","Velvet Choker","Vajra","Kunai","Mummified Hand","Red Skull","Singing Bowl","Busted Crown","Toy Ornithopter","Toxic Egg 2","Bird Faced Urn"],"acts_visited":["Exordium","TheCity","TheBeyond"],"potions_floor_usage":[48,50],"damage_taken":[{"damage":1.0,"enemies":"Small Slimes","floor":1.0,"turns":3.0},{"damage":2.0,"enemies":"Jaw Worm","floor":3.0,"turns":4.0},{"damage":0.0,"enemies":"Cultist","floor":4.0,"turns":2.0},{"damage":6.0,"enemies":"Looter","floor":5.0,"turns":2.0},{"damage":8.0,"enemies":"Gremlin Nob","floor":6.0,"turns":3.0},{"damage":30.0,"enemies":"3 Sentries","floor":8.0,"turns":8.0},{"damage":4.0,"enemies":"Red Slaver","floor":10.0,"turns":2.0},{"damage":0.0,"enemies":"2 Fungi Beasts","floor":11.0,"turns":3.0},{"damage":2.0,"enemies":"Blue Slaver","floor":12.0,"turns":3.0},{"damage":0.0,"enemies":"Gremlin Nob","floor":14.0,"turns":2.0},{"damage":50.0,"enemies":"The Guardian","floor":16.0,"turns":9.0},{"damage":7.0,"enemies":"Chosen","floor":18.0,"turns":3.0},{"damage":3.0,"enemies":"2 Thieves","floor":19.0,"turns":2.0},{"damage":19.0,"enemies":"Snake Plant","floor":22.0,"turns":2.0},{"damage":45.0,"enemies":"Book of Stabbing","floor":24.0,"turns":6.0},{"damage":12.0,"enemies":"Snecko","floor":25.0,"turns":4.0},{"damage":8.0,"enemies":"Centurion and Healer","floor":29.0,"turns":3.0},{"damage":23.0,"enemies":"Gremlin Leader","floor":31.0,"turns":3.0},{"damage":57.0,"enemies":"Automaton","floor":33.0,"turns":8.0},{"damage":2.0,"enemies":"Orb Walker","floor":35.0,"turns":2.0},{"damage":31.0,"enemies":"3 Darklings","floor":36.0,"turns":6.0},{"damage":40.0,"enemies":"Sphere and 2 Shapes","floor":38.0,"turns":7.0},{"damage":0.0,"enemies":"Spire Growth","floor":44.0,"turns":2.0},{"damage":10.0,"enemies":"Giant Head","floor":45.0,"turns":5.0},{"damage":12.0,"enemies":"Mind Bloom Boss Battle","floor":47.0,"turns":6.0},{"damage":0,"enemies":"Maw","floor":48,"turns":6},{"damage":91,"enemies":"Time Eater","floor":50,"turns":7}],"seed_played":"1243782855178522530","potions_obtained":[{"floor":1.0,"key":"ColorlessPotion"},{"floor":4.0,"key":"DistilledChaos"},{"floor":10.0,"key":"Energy Potion"},{"floor":12.0,"key":"AttackPotion"},{"floor":14.0,"key":"Block Potion"},{"floor":18.0,"key":"GamblersBrew"},{"floor":22.0,"key":"FairyPotion"},{"floor":25.0,"key":"Fire Potion"},{"floor":29.0,"key":"EssenceOfSteel"},{"floor":35.0,"key":"BlessingOfTheForge"},{"floor":38.0,"key":"ElixirPotion"},{"floor":45.0,"key":"DuplicationPotion"},{"floor":47.0,"key":"Guardian:BlockOnCardUsePotion"}],"is_trial":false,"path_per_floor":["M","?","M","M","M","E","R","E","T","M","M","M","T","E","R","B",null,"M","M","?","?","M","R","E","M","T","$","?","M","R","E","R","B",null,"M","M","?","M","?","R","?","R","T","M","E","R","?","M","R","B",null],"character_chosen":"IRONCLAD","items_purchased":["Red Skull"],"campfire_rested":0,"item_purchase_floors":[27],"current_hp_per_floor":[80,80,80,80,80,78,78,54,61,63,69,73,73,79,79,35,87,89,93,93,84,71,71,36,34,34,34,67,69,69,58,58,13,117,123,100,102,74,74,74,74,74,74,82,80,80,80,97,97,17],"gold":451,"neow_bonus":"REMOVE_TWO","is_daily":false,"chose_seed":false,"campfire_upgraded":9,"win_rate":0.0,"timestamp":1612068593,"path_taken":["M","?","M","M","M","E","R","E","T","M","M","M","?","E","R","BOSS","M","M","?","?","M","R","E","M","T","$","?","M","R","E","R","BOSS","M","M","?","M","?","R","?","R","T","M","E","R","?","M","R","BOSS"],"items_purchased_type":["Relic"],"build_version":"2020-12-22","purchased_purges":1,"victory":true,"max_hp_per_floor":[80,80,80,80,80,80,80,80,87,87,87,87,87,87,87,87,87,90,93,93,93,93,93,97,101,101,101,101,105,105,111,111,117,117,123,125,127,133,126,126,126,126,126,128,130,130,136,142,142,142],"card_choices":[{"not_picked":["True Grit","Twin Strike"],"picked":"Uppercut","floor":1.0},{"not_picked":["Flex","Sentinel"],"picked":"Clash","floor":3.0},{"not_picked":["Body Slam","Spot Weakness","True Grit"],"picked":"SKIP","floor":4.0},{"not_picked":["Armaments","Shockwave"],"picked":"Double Tap","floor":5.0},{"not_picked":["Battle Trance","Flex"],"picked":"Dropkick","floor":6.0},{"not_picked":["Dropkick","Sword Boomerang","Metallicize+1"],"picked":"SKIP","floor":8.0},{"not_picked":["Uppercut","Body Slam","Clothesline"],"picked":"SKIP","floor":10.0},{"not_picked":["Sword Boomerang","Evolve+1","Uppercut"],"picked":"SKIP","floor":11.0},{"not_picked":["Wild Strike","Clothesline","Shrug It Off"],"picked":"SKIP","floor":12.0},{"not_picked":["Whirlwind","Intimidate","True Grit"],"picked":"SKIP","floor":14.0},{"not_picked":["Fiend Fire","Barricade+1"],"picked":"Feed","floor":16.0},{"not_picked":["Pommel Strike","Rage+1","Infernal Blade+1"],"picked":"SKIP","floor":18.0},{"not_picked":["Cleave","Shrug It Off+1"],"picked":"Searing Blow","floor":19.0},{"not_picked":["Flex","Heavy Blade+1","Iron Wave"],"picked":"SKIP","floor":22.0},{"not_picked":["Metallicize+1","Juggernaut+1"],"picked":"Warcry+1","floor":24.0},{"not_picked":["Cleave","True Grit","Anger"],"picked":"SKIP","floor":25.0},{"not_picked":["Pommel Strike","Berserk+1"],"picked":"Headbutt+1","floor":29.0},{"not_picked":["Ghostly Armor","Twin Strike","Entrench"],"picked":"Singing Bowl","floor":31.0},{"not_picked":["Berserk+1","Immolate","Juggernaut+1"],"picked":"Singing Bowl","floor":33.0},{"not_picked":["Shockwave+1"],"picked":"Singing Bowl","floor":35.0},{"not_picked":["Cleave+1"],"picked":"Singing Bowl","floor":36.0},{"not_picked":["Bandage Up"],"picked":"Singing Bowl","floor":37.0},{"not_picked":["Perfected Strike"],"picked":"Singing Bowl","floor":38.0},{"not_picked":["Headbutt+1"],"picked":"Singing Bowl","floor":44.0},{"not_picked":["Feed"],"picked":"Singing Bowl","floor":45.0},{"not_picked":["Blood for Blood+1"],"picked":"Singing Bowl","floor":47.0},{"not_picked":["Thunderclap"],"picked":"Singing Bowl","floor":48}],"player_experience":80666,"relics_obtained":[{"floor":6.0,"key":"Frozen Egg 2"},{"floor":8.0,"key":"Juzu Bracelet"},{"floor":9.0,"key":"Strawberry"},{"floor":13.0,"key":"Bag of Marbles"},{"floor":14.0,"key":"Regal Pillow"},{"floor":24.0,"key":"Kunai"},{"floor":26.0,"key":"Mummified Hand"},{"floor":31.0,"key":"Singing Bowl"},{"floor":43.0,"key":"Toy Ornithopter"},{"floor":45.0,"key":"Toxic Egg 2"},{"floor":47.0,"key":"Bird Faced Urn"}],"event_choices":[{"damage_healed":0.0,"max_hp_gain":0.0,"max_hp_loss":0.0,"gold_gain":0.0,"event_name":"Living Wall","player_choice":"Grow","floor":2.0,"gold_loss":0.0,"damage_taken":0.0,"cards_upgraded":["Uppercut"]},{"damage_healed":0.0,"max_hp_gain":0.0,"max_hp_loss":0.0,"gold_gain":0.0,"event_name":"Addict","player_choice":"Obtained Relic","floor":20.0,"gold_loss":85.0,"damage_taken":0.0,"relics_obtained":["Vajra"]},{"damage_healed":0.0,"max_hp_gain":0.0,"max_hp_loss":0.0,"gold_gain":0.0,"event_name":"Wheel of Change","player_choice":"Damaged","floor":21.0,"gold_loss":0.0,"damage_taken":9.0},{"damage_healed":33.0,"max_hp_gain":0.0,"max_hp_loss":0.0,"gold_gain":0.0,"event_name":"The Library","player_choice":"Heal","floor":28.0,"gold_loss":0.0,"damage_taken":0.0},{"damage_healed":0.0,"max_hp_gain":0.0,"max_hp_loss":0.0,"gold_gain":0.0,"event_name":"SensoryStone","player_choice":"Memory 1","floor":37.0,"gold_loss":0.0,"damage_taken":0.0},{"damage_healed":0.0,"max_hp_gain":0.0,"max_hp_loss":7.0,"gold_gain":0.0,"event_name":"Winding Halls","player_choice":"Max HP","floor":39.0,"gold_loss":0.0,"damage_taken":0.0},{"damage_healed":0.0,"max_hp_gain":0.0,"max_hp_loss":0.0,"gold_gain":0.0,"event_name":"Match and Keep!","player_choice":"0 cards matched","floor":41.0,"gold_loss":0.0,"damage_taken":0.0,"cards_obtained":[]},{"damage_healed":0.0,"max_hp_gain":0.0,"max_hp_loss":0.0,"gold_gain":0.0,"event_name":"MindBloom","player_choice":"Fight","floor":47.0,"gold_loss":0.0,"damage_taken":0.0}],"is_beta":false,"boss_relics":[{"not_picked":["Astrolabe","Fusion Hammer"],"picked":"Velvet Choker"},{"not_picked":["Runic Cube","Philosopher\u0027s Stone"],"picked":"Busted Crown"}],"items_purged_floors":[27],"is_endless":false,"potions_floor_spawned":[1,4,10,12,14,18,22,25,29,35,38,45,47],"ascension_level":3}}