{"host":"6xsbn6ynqlzwllfm","time":1612083699,"event":{"mods":["2.2 Compatiblity","BaseMod","Bestiary","Colored Map","Colored Powertips","Curses Come First","Highlight Path","Keyboard Shortcuts","Minty Spire (QoL Compilation)","Relic Stats","Slay the Relics Exporter","StSLib","SuperFastMode"],"gold_per_floor":[112,112,123,136,136,136,136,171,171,204,204,229,248,266,266,343,343,354,370,370,370],"floor_reached":20,"language":"ENG","playtime":573,"items_purged":[],"score":488,"play_id":"a54e970f-ceaf-4ef8-9b8c-c1010916c9fe","local_time":"20210131040139","is_ascension_mode":true,"campfire_choices":[{"data":"EmptyFist","floor":6.0,"key":"SMITH"},{"data":"BattleHymn","floor":11.0,"key":"SMITH"},{"data":"CrushJoints","floor":15,"key":"SMITH"}],"circlet_count":0,"master_deck":["AscendersBane","Strike_P+1","Defend_P","Defend_P","Defend_P","Eruption+1","Vigilance","EmptyFist+1","Consecrate","Adaptation","BattleHymn+1","CrushJoints+1","Protect","LessonLearned","WindmillStrike+1","Alpha+1","TalkToTheHand+1","LikeWater"],"relics":["PureWater","Question Card","Bag of Preparation","PreservedInsect","Bird Faced Urn","Whetstone","Astrolabe"],"acts_visited":["Exordium","TheCity"],"potions_floor_usage":[16,19],"damage_taken":[{"damage":6.0,"enemies":"2 Louse","floor":1.0,"turns":3.0},{"damage":0.0,"enemies":"Small Slimes","floor":3.0,"turns":4.0},{"damage":0.0,"enemies":"Cultist","floor":4.0,"turns":2.0},{"damage":7.0,"enemies":"Lagavulin","floor":8.0,"turns":6.0},{"damage":0.0,"enemies":"Gremlin Nob","floor":10.0,"turns":2.0},{"damage":0.0,"enemies":"Lagavulin","floor":12.0,"turns":3.0},{"damage":5.0,"enemies":"Gremlin Gang","floor":13.0,"turns":4.0},{"damage":7,"enemies":"3 Louse","floor":14,"turns":2},{"damage":27,"enemies":"The Guardian","floor":16,"turns":7},{"damage":4,"enemies":"Chosen","floor":18,"turns":3},{"damage":21,"enemies":"3 Byrds","floor":19,"turns":4},{"damage":49,"enemies":"Shelled Parasite and Fungi","floor":20,"turns":4}],"seed_played":"4580068037633377108","potions_obtained":[{"floor":3.0,"key":"Weak Potion"},{"floor":4.0,"key":"Regen Potion"},{"floor":10.0,"key":"Block Potion"},{"floor":14,"key":"Explosive Potion"}],"is_trial":false,"path_per_floor":["M","?","M","M","?","R","?","E","T","E","R","E","M","M","R","B",null,"M","M","M"],"character_chosen":"WATCHER","items_purchased":[],"campfire_rested":0,"item_purchase_floors":[],"current_hp_per_floor":[61,43,43,43,43,43,43,51,51,51,51,55,52,49,49,26,62,60,43,0,0],"gold":370,"neow_bonus":"TEN_PERCENT_HP_BONUS","is_daily":false,"chose_seed":false,"campfire_upgraded":3,"win_rate":0.0,"timestamp":1612083699,"path_taken":["M","?","M","M","?","R","?","E","T","E","R","E","?","M","R","BOSS","M","M","?"],"items_purchased_type":[],"build_version":"2020-12-22","purchased_purges":0,"victory":false,"max_hp_per_floor":[74,74,74,74,74,74,74,74,74,74,74,74,74,74,74,74,74,74,74,74,74],"relic_stats":{"counters":[12,44],"Bird Faced Urn":[26],"Astrolabe":["WindmillStrike","Alpha","TalkToTheHand"],"PreservedInsect":50,"Bag of Preparation":[16],"Whetstone":["Eruption","Strike_P"],"Question Card":10,"obtain_stats":[{"Bird Faced Urn":10,"Astrolabe":17,"PreservedInsect":9,"Bag of Preparation":8,"Whetstone":12,"PureWater":0,"Question Card":2},{"Bird Faced Urn":5,"Astrolabe":9,"PreservedInsect":4,"Bag of Preparation":4,"Whetstone":6,"PureWater":0,"Question Card":1},{"Bird Faced Urn":17,"Astrolabe":33,"PreservedInsect":15,"Bag of Preparation":15,"Whetstone":20,"PureWater":0,"Question Card":3}]},"card_choices":[{"not_picked":["ClearTheMind","InnerPeace"],"picked":"EmptyFist","floor":1.0},{"not_picked":["Weave","ThirdEye","WaveOfTheHand"],"picked":"Consecrate","floor":3.0},{"not_picked":["Protect","MentalFortress","InnerPeace"],"picked":"Adaptation","floor":4.0},{"not_picked":["Brilliance","WheelKick","Perseverance"],"picked":"BattleHymn","floor":8.0},{"not_picked":["InnerPeace","Halt","ThirdEye"],"picked":"CrushJoints","floor":10.0},{"not_picked":["FlyingSleeves","PathToVictory","Nirvana"],"picked":"Protect","floor":14},{"not_picked":["Wish","DevaForm","Blasphemy"],"picked":"LessonLearned","floor":16},{"not_picked":["JustLucky","Crescendo+1","SandsOfTime"],"picked":"LikeWater","floor":19}],"player_experience":1335268,"relics_obtained":[{"floor":8.0,"key":"Bag of Preparation"},{"floor":9.0,"key":"PreservedInsect"},{"floor":10.0,"key":"Bird Faced Urn"},{"floor":12.0,"key":"Whetstone"}],"event_choices":[{"damage_healed":0.0,"max_hp_gain":0.0,"max_hp_loss":0.0,"gold_gain":0.0,"event_name":"Scrap Ooze","player_choice":"Success","floor":2.0,"gold_loss":0.0,"damage_taken":18.0,"relics_obtained":["Question Card"]},{"damage_healed":0.0,"max_hp_gain":0.0,"max_hp_loss":0.0,"gold_gain":0.0,"event_name":"Liars Game","player_choice":"Ignored","floor":5.0,"gold_loss":0.0,"damage_taken":0.0},{"cards_removed":["Strike_P"],"damage_healed":0.0,"max_hp_gain":0.0,"max_hp_loss":0.0,"gold_gain":0.0,"event_name":"Bonfire Elementals","player_choice":"Offered Basic","floor":7.0,"gold_loss":0.0,"damage_taken":0.0}],"is_beta":false,"boss_relics":[{"not_picked":["Runic Pyramid","Velvet Choker"],"picked":"Astrolabe"}],"items_purged_floors":[],"is_endless":false,"potions_floor_spawned":[3,4,10,14],"killed_by":"Shelled Parasite and Fungi","ascension_level":20}}