{"host":"w4b7hmige5bnqipq","time":1612101360,"event":{"mods":["2.2 Compatiblity","BaseMod","Colored Map","DeckTracker","Keyboard Shortcuts","Minty Spire (QoL Compilation)","Permanent Neow","Rare Cards Sparkle","SuperFastMode","everything is the same but u backflip on backflip","slay the spire mod where everything is the same but ironclad has a cowboy hat"],"gold_per_floor":[114,132,132,55,79,79,112,112,139,167,167,167,195,195,195,269,269,281,292,47,97,111,146,146,146,170,3,36,54,54,54,54,54,54],"floor_reached":33,"language":"KOR","playtime":1079,"items_purged":[],"score":594,"play_id":"43343057-e954-4ff0-8cac-3ff78fc617c8","local_time":"20210131225600","is_ascension_mode":true,"campfire_choices":[{"data":"Envenom","floor":6.0,"key":"SMITH"},{"floor":8.0,"key":"REST"},{"floor":11.0,"key":"REST"},{"floor":15.0,"key":"REST"},{"data":"Phantasmal Killer","floor":24.0,"key":"SMITH"},{"data":"Crippling Poison","floor":32.0,"key":"SMITH"}],"circlet_count":0,"master_deck":["AscendersBane","Strike_G","Strike_G","Strike_G","Defend_G","Defend_G","Defend_G+1","Defend_G","Defend_G+1","Survivor","Neutralize","Envenom+1","Dagger Spray","Eviscerate","Footwork","Bane","PiercingWail","Phantasmal Killer+1","Venomology","PiercingWail+1","Crippling Poison+1","Blade Dance","Blur"],"relics":["Ring of the Snake","Art of War","The Specimen","War Paint","Anchor","Oddly Smooth Stone","Pocketwatch","Coffee Dripper","OrangePellets","Thread and Needle","Vajra","Medical Kit","StrikeDummy"],"acts_visited":["Exordium","TheCity"],"potions_floor_usage":[33,33,33],"damage_taken":[{"damage":2.0,"enemies":"Jaw Worm","floor":1.0,"turns":6.0},{"damage":0.0,"enemies":"Cultist","floor":2.0,"turns":4.0},{"damage":27.0,"enemies":"Lagavulin","floor":7.0,"turns":10.0},{"damage":15.0,"enemies":"3 Sentries","floor":10.0,"turns":8.0},{"damage":14.0,"enemies":"Lagavulin","floor":13.0,"turns":9.0},{"damage":13.0,"enemies":"The Guardian","floor":16.0,"turns":14.0},{"damage":8.0,"enemies":"Spheric Guardian","floor":18.0,"turns":6.0},{"damage":13.0,"enemies":"Chosen","floor":19.0,"turns":6.0},{"damage":7.0,"enemies":"Shelled Parasite and Fungi","floor":22.0,"turns":7.0},{"damage":14.0,"enemies":"Book of Stabbing","floor":23.0,"turns":6.0},{"damage":10.0,"enemies":"Gremlin Leader","floor":28.0,"turns":6.0},{"damage":0.0,"enemies":"Snecko","floor":29.0,"turns":4.0},{"damage":48,"enemies":"Collector","floor":33,"turns":8}],"seed_played":"3552768454699477098","potions_obtained":[{"floor":13.0,"key":"ColorlessPotion"},{"floor":14.0,"key":"Weak Potion"},{"floor":14.0,"key":"LiquidBronze"},{"floor":16.0,"key":"Strength Potion"},{"floor":29.0,"key":"DistilledChaos"}],"is_trial":false,"path_per_floor":["M","M","?","$","T","R","E","R","T","E","R","?","E","?","R","B",null,"M","M","$","?","M","E","R","?","T","$","E","M","?","?","R","B"],"character_chosen":"THE_SILENT","items_purchased":["Footwork","OrangePellets","Crippling Poison","Medical Kit"],"campfire_rested":3,"item_purchase_floors":[4,20,20,27],"current_hp_per_floor":[42,42,42,42,42,42,15,34,34,19,38,20,6,6,25,12,53,45,32,32,32,25,11,11,24,24,24,14,14,14,14,14,0,0],"gold":54,"neow_bonus":"THREE_RARE_CARDS","is_daily":false,"chose_seed":false,"campfire_upgraded":3,"win_rate":0.0,"timestamp":1612101360,"path_taken":["M","M","?","$","?","R","E","R","T","E","R","?","E","?","R","BOSS","M","M","$","?","?","E","R","?","T","$","E","M","?","?","R","BOSS"],"items_purchased_type":["Card","Relic","Card","Relic"],"build_version":"2020-12-22","purchased_purges":0,"victory":false,"max_hp_per_floor":[66,66,66,66,66,66,66,66,66,66,66,66,66,66,66,66,66,66,66,66,66,66,66,66,66,66,66,66,66,66,66,66,66,66],"card_choices":[{"not_picked":["Wraith Form v2","Tools of the Trade"],"picked":"Envenom","floor":0.0},{"not_picked":["Blur","Setup"],"picked":"Dagger Spray","floor":1.0},{"not_picked":["Backflip","Deadly Poison"],"picked":"Eviscerate","floor":2.0},{"not_picked":["Sucker Punch","Quick Slash"],"picked":"Bane","floor":7.0},{"not_picked":["Sucker Punch","Bane"],"picked":"PiercingWail","floor":10.0},{"not_picked":["Masterful Stab","Prepared"],"picked":"Phantasmal Killer","floor":13.0},{"not_picked":["Night Terror","Tools of the Trade"],"picked":"Venomology","floor":16.0},{"not_picked":["Choke","Deadly Poison","Heel Hook"],"picked":"SKIP","floor":18.0},{"not_picked":["Bane","Quick Slash"],"picked":"PiercingWail+1","floor":19.0},{"not_picked":["Deflect","Finisher"],"picked":"Blade Dance","floor":22.0},{"not_picked":["Concentrate","Backstab","Dagger Spray+1"],"picked":"SKIP","floor":23.0},{"not_picked":["Die Die Die","PiercingWail+1"],"picked":"Blur","floor":28.0},{"not_picked":["Deflect","Sucker Punch","Slice"],"picked":"SKIP","floor":29.0}],"player_experience":684652,"relics_obtained":[{"floor":5.0,"key":"Art of War"},{"floor":7.0,"key":"The Specimen"},{"floor":9.0,"key":"War Paint"},{"floor":10.0,"key":"Anchor"},{"floor":13.0,"key":"Pocketwatch"},{"floor":23.0,"key":"Thread and Needle"},{"floor":26.0,"key":"Vajra"},{"floor":28.0,"key":"StrikeDummy"}],"event_choices":[{"cards_removed":["Strike_G"],"damage_healed":0.0,"max_hp_gain":0.0,"max_hp_loss":0.0,"gold_gain":0.0,"event_name":"Purifier","player_choice":"Purged","floor":3.0,"gold_loss":0.0,"damage_taken":0.0},{"damage_healed":0.0,"max_hp_gain":0.0,"max_hp_loss":0.0,"gold_gain":0.0,"event_name":"Scrap Ooze","player_choice":"Success","floor":12.0,"gold_loss":0.0,"damage_taken":18.0,"relics_obtained":["Oddly Smooth Stone"]},{"damage_healed":0.0,"max_hp_gain":0.0,"max_hp_loss":0.0,"gold_gain":0.0,"event_name":"Lab","player_choice":"Got Potions","floor":14.0,"gold_loss":0.0,"damage_taken":0.0},{"damage_healed":0.0,"max_hp_gain":0.0,"max_hp_loss":0.0,"gold_gain":50.0,"event_name":"Golden Shrine","player_choice":"Pray","floor":21.0,"gold_loss":0.0,"damage_taken":0.0},{"damage_healed":13.0,"max_hp_gain":0.0,"max_hp_loss":0.0,"gold_gain":0.0,"event_name":"The Library","player_choice":"Heal","floor":25.0,"gold_loss":0.0,"damage_taken":0.0},{"damage_healed":0.0,"max_hp_gain":0.0,"max_hp_loss":0.0,"gold_gain":0.0,"event_name":"Cursed Tome","player_choice":"Ignored","floor":30.0,"gold_loss":0.0,"damage_taken":0.0},{"cards_removed":["Strike_G"],"damage_healed":0.0,"max_hp_gain":0.0,"max_hp_loss":0.0,"gold_gain":0.0,"event_name":"Purifier","player_choice":"Purged","floor":31.0,"gold_loss":0.0,"damage_taken":0.0}],"is_beta":false,"boss_relics":[{"not_picked":["Fusion Hammer","HoveringKite"],"picked":"Coffee Dripper"}],"items_purged_floors":[],"is_endless":false,"potions_floor_spawned":[13,16,22,28,29],"killed_by":"Collector","ascension_level":20}}