{"host":"qeogwbudlaqzb6hy","time":1612055153,"event":{"mods":["BaseMod","Downfall","Minty Spire (QoL Compilation)","StSLib"],"gold_per_floor":[99,118,131,143,154,167,167,199,199,215,227,14,49,68,82,82,82,82],"floor_reached":16,"language":"ENG","playtime":988,"items_purged":[],"score":124,"play_id":"25fdc1a4-b5b8-4a1c-9d69-fc4ac9f11e82","local_time":"20210131110553","is_ascension_mode":true,"campfire_choices":[{"data":"Slimebound:Split","floor":1,"key":"SMITH"},{"data":"Slimebound:MinionMaster","floor":9,"key":"SMITH"}],"circlet_count":0,"master_deck":["Slimebound:Strike_Slimebound","Slimebound:Strike_Slimebound","Slimebound:Tackle","Slimebound:Defend_Slimebound","Slimebound:Defend_Slimebound","Slimebound:Defend_Slimebound","Slimebound:Defend_Slimebound","Slimebound:Split+1","Slimebound:CorrosiveSpit","Slimebound:SpikyOuterGoop","Slimebound:SplitMire","Slimebound:RainOfGoop","Slimebound:SplitMire","Slimebound:GoopSpray","Slimebound:MinionMaster+1","Slimebound:SplitAcid","Slimebound:SplitAcid","Slimebound:SplitBruiser","Slimebound:MassFeed","Slimebound:SplitMire","Slimebound:Repurpose","Slimebound:LevelUp"],"relics":["Slimebound:AbsorbEndCombat","Ice Cream","Dead Branch","Strange Spoon","Prayer Wheel"],"acts_visited":["Exordium"],"potions_floor_usage":[10],"damage_taken":[{"damage":0,"enemies":"Cultist","floor":2,"turns":3},{"damage":4,"enemies":"2 Louse","floor":3,"turns":4},{"damage":3,"enemies":"Jaw Worm","floor":4,"turns":3},{"damage":9,"enemies":"Blue Slaver","floor":5,"turns":3},{"damage":10,"enemies":"2 Fungi Beasts","floor":6,"turns":3},{"damage":17,"enemies":"Gremlin Nob","floor":8,"turns":4},{"damage":9,"enemies":"Large Slime","floor":10,"turns":7},{"damage":3,"enemies":"Red Slaver","floor":11,"turns":4},{"damage":0,"enemies":"downfall:FleeingMerchant","floor":12,"turns":4},{"damage":15,"enemies":"Lagavulin","floor":13,"turns":6},{"damage":12,"enemies":"3 Louse","floor":14,"turns":3},{"damage":0,"enemies":"Large Slime","floor":15,"turns":3},{"damage":33,"enemies":"DF_ARCHETYPE_STREAMLINE","floor":16,"turns":5}],"seed_played":"8921479546689200416","potions_obtained":[{"floor":3,"key":"EssenceOfSteel"},{"floor":11,"key":"SteroidPotion"},{"floor":13,"key":"SpeedPotion"},{"floor":15,"key":"Fire Potion"}],"is_trial":false,"path_per_floor":["R","M","M","M","M","M","T","E","R","M","M","$","E","M","M","B"],"character_chosen":"SLIMEBOUND","items_purchased":["Strange Spoon","Slimebound:SplitBruiser"],"campfire_rested":0,"item_purchase_floors":[12,12],"current_hp_per_floor":[65,65,61,60,55,51,51,40,40,39,38,42,35,25,30,0,0,0],"gold":82,"neow_bonus":"TRANSFORM_CARD","is_daily":false,"chose_seed":false,"campfire_upgraded":2,"win_rate":0.0,"timestamp":1612055153,"path_taken":["R","M","M","M","M","M","T","E","R","M","M","?","E","M","M","BOSS"],"items_purchased_type":["Relic","Card"],"build_version":"2020-12-22","purchased_purges":0,"victory":false,"max_hp_per_floor":[65,65,65,65,65,65,65,65,65,65,65,65,65,65,68,68,68,68],"card_choices":[{"not_picked":["Slimebound:Schlurp","Slimebound:GoopTackle"],"picked":"Slimebound:SplitMire","floor":2},{"not_picked":["Slimebound:SlimeSpikes","Slimebound:BestDefense"],"picked":"Slimebound:RainOfGoop","floor":3},{"not_picked":["Slimebound:SplitLeeching","Slimebound:Schlurp"],"picked":"Slimebound:SplitMire","floor":4},{"not_picked":["Slimebound:RainOfGoop","Slimebound:LeechingTouch"],"picked":"Slimebound:GoopSpray","floor":5},{"not_picked":["Slimebound:RollThrough","Slimebound:SamplingLick","Slimebound:SlimeSpikes"],"picked":"SKIP","floor":6},{"not_picked":["Slimebound:LivingWall","Slimebound:GoopSpray"],"picked":"Slimebound:MinionMaster","floor":8},{"not_picked":["Slimebound:SamplingLick","Slimebound:ItLooksTasty"],"picked":"Slimebound:SplitAcid","floor":10},{"not_picked":["Slimebound:ComboTackle","Slimebound:Chomp","Slimebound:ForwardTackle"],"picked":"SKIP","floor":11},{"not_picked":["Slimebound:SlimeTap","Slimebound:GrowthPunch"],"picked":"Slimebound:SplitAcid","floor":12},{"not_picked":["Slimebound:Nibble","Slimebound:GoopSpray"],"picked":"Slimebound:MassFeed","floor":13},{"not_picked":["Slimebound:RollThrough","Slimebound:Schlurp"],"picked":"Slimebound:SplitMire","floor":14},{"not_picked":["Slimebound:SamplingLick","Slimebound:SlimeSpikes","Slimebound:RollThrough"],"picked":"SKIP","floor":14},{"not_picked":["Slimebound:Prepare","Slimebound:ServeAndProtect"],"picked":"Slimebound:Repurpose","floor":15},{"not_picked":["Slimebound:SplitAcid","Slimebound:LivingWall"],"picked":"Slimebound:LevelUp","floor":15}],"player_experience":347819,"relics_obtained":[{"floor":7,"key":"Ice Cream"},{"floor":8,"key":"Dead Branch"},{"floor":13,"key":"Prayer Wheel"}],"event_choices":[],"is_beta":false,"boss_relics":[],"items_purged_floors":[],"is_endless":false,"potions_floor_spawned":[3,11,13,15],"killed_by":"DF_ARCHETYPE_STREAMLINE","ascension_level":1}}