{"host":"hkj1blq6xqcrzx6o","time":1612083514,"event":{"mods":["BaseMod","Downfall","Lobotomy","Minty Spire (QoL Compilation)","Replay The Spire","StSLib","The Cursed","The Servant 0.9.4"],"gold_per_floor":[115,115,115,36,54,54,78,78,132,147,168,183,258,278,278,406,406,426,440,440,454,477,477,496,510,535,535,548,548,568,592,592,592,592],"floor_reached":33,"language":"ZHS","playtime":1446,"items_purged":[],"score":247,"play_id":"ecefcd8e-1590-46b3-b6aa-8249323ce169","local_time":"20210131165834","is_ascension_mode":false,"campfire_choices":[{"data":"Infernal Blade","floor":6,"key":"SMITH"},{"data":"Thunderclap","floor":8,"key":"SMITH"},{"data":"Seeing Red","floor":15,"key":"SMITH"},{"floor":27,"key":"REST"},{"floor":29,"key":"REST"},{"floor":32,"key":"REST"}],"circlet_count":0,"master_deck":["Strike_R","Strike_R","Strike_R","Strike_R","Defend_R","Defend_R","Defend_R","Defend_R","Bash","Dark Shackles","Dropkick","Searing Blow+1","Metallicize","Infernal Blade+1","Thunderclap+1","Seeing Red+1","Rage","Headbutt","Juggernaut","Iron Wave","Warcry+1","Anger","Bloodletting","Twin Strike+1","Thunderclap+1","Flame Barrier+1","Intimidate","Disarm"],"relics":["Black Blood","Golden Idol","ReplayTheSpireMod:Spearhead","MutagenicStrength","Boot"],"acts_visited":["Exordium","TheCity"],"potions_floor_usage":[24,25,33,33,33],"damage_taken":[{"damage":5,"enemies":"Small Slimes","floor":1,"turns":5},{"damage":6,"enemies":"2 Louse","floor":5,"turns":2},{"damage":2,"enemies":"Jaw Worm","floor":7,"turns":4},{"damage":0,"enemies":"Exordium Thugs","floor":10,"turns":3},{"damage":0,"enemies":"3 Louse","floor":11,"turns":2},{"damage":0,"enemies":"2 Fungi Beasts","floor":12,"turns":2},{"damage":0,"enemies":"Looter","floor":14,"turns":3},{"damage":29,"enemies":"Slime Boss","floor":16,"turns":13},{"damage":26,"enemies":"3 Byrds","floor":18,"turns":5},{"damage":23,"enemies":"Shell Parasite","floor":19,"turns":6},{"damage":11,"enemies":"Snake Plant","floor":21,"turns":4},{"damage":18,"enemies":"Cultist and Chosen","floor":22,"turns":6},{"damage":49,"enemies":"Centurion and Healer","floor":24,"turns":8},{"damage":27,"enemies":"Chosen and Byrds","floor":25,"turns":8},{"damage":25,"enemies":"Cultist and Chosen","floor":28,"turns":6},{"damage":37,"enemies":"Snecko","floor":30,"turns":6},{"damage":3,"enemies":"3 Cultists","floor":31,"turns":4},{"damage":82,"enemies":"Collector","floor":33,"turns":7}],"seed_played":"-7752301997481380200","potions_obtained":[{"floor":7,"key":"Swift Potion"},{"floor":10,"key":"FearPotion"},{"floor":12,"key":"BloodPotion"},{"floor":14,"key":"Milkshake"},{"floor":19,"key":"Fire Potion"},{"floor":24,"key":"BlessingOfTheForge"},{"floor":30,"key":"Explosive Potion"}],"is_trial":false,"path_per_floor":["M","?","?","$","M","R","M","R","T","M","M","M","?","M","R","B",null,"M","M","?","M","M","?","M","M","T","R","M","R","M","M","R","B"],"character_chosen":"IRONCLAD","items_purchased":["Metallicize"],"campfire_rested":3,"item_purchase_floors":[4],"current_hp_per_floor":[80,60,60,60,60,60,64,64,64,70,76,80,69,75,75,52,80,66,55,55,56,50,55,18,19,19,43,30,54,29,38,62,0,0],"gold":592,"neow_bonus":"RANDOM_COLORLESS","is_daily":false,"chose_seed":false,"campfire_upgraded":3,"win_rate":0.0,"timestamp":1612083514,"path_taken":["M","?","?","?","?","R","M","R","T","M","M","M","?","M","R","BOSS","M","M","?","M","M","?","M","?","T","R","M","R","M","M","R","BOSS"],"items_purchased_type":["Card"],"build_version":"2020-12-22","purchased_purges":0,"victory":false,"max_hp_per_floor":[80,80,80,80,80,80,80,80,80,80,80,80,80,80,80,80,80,80,80,80,80,80,80,80,80,80,80,80,80,80,80,80,80,80],"card_choices":[{"not_picked":["Impatience","Swift Strike"],"picked":"Dark Shackles","floor":0},{"not_picked":["Clash","Feel No Pain"],"picked":"Dropkick","floor":1},{"not_picked":["Cleave","Carnage"],"picked":"Infernal Blade","floor":5},{"not_picked":["Reckless Charge","Entrench"],"picked":"Thunderclap","floor":7},{"not_picked":["Sword Boomerang","Rage"],"picked":"Seeing Red","floor":10},{"not_picked":["Pummel","Uppercut"],"picked":"Rage","floor":11},{"not_picked":["Pummel","ReplayTheSpireMod:Strike From Hell"],"picked":"True Grit","floor":12},{"not_picked":["Dark Embrace","True Grit"],"picked":"Headbutt","floor":14},{"not_picked":["Bludgeon","Double Tap"],"picked":"Juggernaut","floor":16},{"not_picked":["Body Slam","True Grit"],"picked":"Iron Wave","floor":18},{"not_picked":["Armaments","Battle Trance"],"picked":"Warcry+1","floor":19},{"not_picked":["ReplayTheSpireMod:Stacked","Headbutt"],"picked":"Anger","floor":21},{"not_picked":["Clash+1","Infernal Blade"],"picked":"Bloodletting","floor":22},{"not_picked":["Dual Wield","ReplayTheSpireMod:Strike From Hell+1"],"picked":"Twin Strike+1","floor":24},{"not_picked":["Perfected Strike","Headbutt"],"picked":"Thunderclap+1","floor":25},{"not_picked":["ReplayTheSpireMod:Limb From Limb","Sword Boomerang"],"picked":"Flame Barrier+1","floor":28},{"not_picked":["Cleave","Iron Wave+1"],"picked":"Intimidate","floor":30},{"not_picked":["Sword Boomerang","Juggernaut"],"picked":"Disarm","floor":31}],"player_experience":23170,"relics_obtained":[{"floor":9,"key":"ReplayTheSpireMod:Spearhead"},{"floor":26,"key":"Boot"}],"event_choices":[{"damage_healed":0,"gold_gain":0,"player_choice":"Take Damage","damage_taken":20,"relics_obtained":["Golden Idol"],"max_hp_gain":0,"max_hp_loss":0,"event_name":"Golden Idol","floor":2,"gold_loss":0},{"damage_healed":0,"gold_gain":75,"player_choice":"Gather Gold","damage_taken":11,"max_hp_gain":0,"max_hp_loss":0,"event_name":"World of Goop","floor":13,"gold_loss":0},{"damage_healed":0,"gold_gain":0,"player_choice":"Inject Mutagens","damage_taken":0,"relics_obtained":["MutagenicStrength"],"max_hp_gain":0,"max_hp_loss":0,"event_name":"Drug Dealer","floor":20,"gold_loss":0},{"cards_removed":["True Grit"],"damage_healed":5,"gold_gain":0,"player_choice":"Offered Common","damage_taken":0,"max_hp_gain":0,"max_hp_loss":0,"event_name":"Bonfire Elementals","floor":23,"gold_loss":0},{"cards_removed":["True Grit"],"damage_healed":5,"gold_gain":0,"player_choice":"Offered Special","damage_taken":0,"max_hp_gain":0,"max_hp_loss":0,"event_name":"Bonfire Elementals","floor":23,"gold_loss":0}],"is_beta":false,"boss_relics":[{"not_picked":["Replay:Wanted Poster","SacredBark"],"picked":"Black Blood"}],"items_purged_floors":[],"is_endless":false,"potions_floor_spawned":[7,10,12,14,19,21,24,30],"killed_by":"Collector","ascension_level":0}}