{"host":"djfsqftupta9xgss","time":1612069400,"event":{"mods":["ATMod(°¢èªMod)","Act Like it!","BaseMod","Downfall","Gensokyo","Minty Spire (QoL Compilation)","MostiFishMod","Replay The Spire","Spicy Shops","StSLib","TestMod"],"gold_per_floor":[99,99,99,99,112,127,138,138,138,173,173,273,301,301,301,313,346,101,120,223,223,123,123,123,139,139,239,291,306,336,336,353,394,394,423,445,551,551,451,479,498,60,71,71,123,160,60,76,101,135,163,196,210,210,210,243,89,89,89,89],"floor_reached":61,"language":"ZHS","playtime":3490,"items_purged":["Guardian:Strike_Guardian","Guardian:WalkerClaw"],"score":1893,"play_id":"baa4553e-1f82-4f7c-83e0-09d051c8c4aa","local_time":"20210131130320","is_ascension_mode":true,"campfire_choices":[{"floor":1.0,"key":"RECALL"},{"data":"AT_KneejerkReflex","floor":8.0,"key":"SMITH"},{"data":"Guardian:Planning","floor":11.0,"key":"SMITH"},{"data":"Guardian:ExploitGems","floor":15.0,"key":"SMITH"},{"floor":22.0,"key":"DIG"},{"data":"Guardian:Repulse","floor":31.0,"key":"SMITH"},{"data":"J.A.X.","floor":47,"key":"SMITH"},{"data":"Guardian:TimeCapacitor","floor":58,"key":"SMITH"}],"circlet_count":0,"master_deck":["Guardian:Defend_Guardian","Guardian:Defend_Guardian","Guardian:Defend_Guardian","Guardian:CurlUp","Guardian:TwinSlam+1","AT_KneejerkReflex+1","Guardian:Planning+1","Guardian:Emergency","Guardian:ExploitGems+1","Guardian:Repulse+1","Guardian:TimeCapacitor+1","Guardian:SentryBeam+1","Guardian:TimeCapacitor+1","J.A.X.+1","Guardian:SentryBeam+1","Guardian:DecasProtection","Guardian:StasisField","Guardian:Gem_White","Guardian:Gem_Green","Guardian:Gem_White","Guardian:Gem_Fragmented","Guardian:Clone"],"relics":["Guardian:ModeShifter","AT_ATBox","DaveBox","testmod-TestBox","testmod-ObsoleteBoomerang","RhineFirstAidKit","downfall:HeartsMalice","Mirror","Divine Protection","HornCleat","AT_ChloranthyRing","Honey Jar","downfall:HeartBlessingGreen","Shuriken","downfall:RedIOU","MutagenicStrength","Replay:Wax Seal","Whetstone","CeramicFish","SacredBark","downfall:HeartBlessingRed","Singing Bowl","Medical Kit","AT_BellowingDragoncrestRing","Orichalcum","downfall:HeartBlessingBlue","testmod-CasingShield","White Beast Statue","Bag of Preparation"],"acts_visited":["Exordium","TheCity","TheBeyond","TheEnding"],"potions_floor_usage":[58,58,59,59,59,59,59],"damage_taken":[{"damage":0.0,"enemies":"Cultist","floor":2.0,"turns":1.0},{"damage":0.0,"enemies":"Small Slimes","floor":3.0,"turns":1.0},{"damage":0.0,"enemies":"Jaw Worm","floor":4.0,"turns":1.0},{"damage":4.0,"enemies":"Gremlin Gang","floor":5.0,"turns":3.0},{"damage":13.0,"enemies":"Red Slaver","floor":6.0,"turns":3.0},{"damage":11.0,"enemies":"3 Louse","floor":7.0,"turns":3.0},{"damage":0.0,"enemies":"Lagavulin","floor":10.0,"turns":6.0},{"damage":2.0,"enemies":"downfall:Heads","floor":12.0,"turns":4.0},{"damage":0.0,"enemies":"3 Sentries","floor":13.0,"turns":3.0},{"damage":0.0,"enemies":"Blue Slaver","floor":16.0,"turns":2.0},{"damage":2.0,"enemies":"Lagavulin","floor":17.0,"turns":3.0},{"damage":0.0,"enemies":"downfall:FleeingMerchant","floor":18.0,"turns":4.0},{"damage":0.0,"enemies":"Lots of Slimes","floor":19.0,"turns":3.0},{"damage":0.0,"enemies":"IC_STATUS_ARCHETYPE","floor":20.0,"turns":5.0},{"damage":0.0,"enemies":"Spheric Guardian","floor":25.0,"turns":1.0},{"damage":0.0,"enemies":"downfall:Augmenter","floor":27.0,"turns":2.0},{"damage":0.0,"enemies":"Centurion and Healer","floor":29.0,"turns":3.0},{"damage":0.0,"enemies":"Replay:Snechameleon","floor":30.0,"turns":2.0},{"damage":0.0,"enemies":"Sentry and Sphere","floor":32.0,"turns":2.0},{"damage":0.0,"enemies":"Gremlin Leader","floor":33.0,"turns":2.0},{"damage":7.0,"enemies":"Chosen and Byrds","floor":35.0,"turns":2.0},{"damage":0.0,"enemies":"Snake Plant","floor":36.0,"turns":2.0},{"damage":0.0,"enemies":"WA_ARCHETYPE_CALM","floor":37.0,"turns":3.0},{"damage":0.0,"enemies":"3 Shapes","floor":40.0,"turns":1.0},{"damage":6.0,"enemies":"3 Darklings","floor":41.0,"turns":2.0},{"damage":0.0,"enemies":"downfall:FleeingMerchant","floor":42.0,"turns":3.0},{"damage":0.0,"enemies":"Sphere and 2 Shapes","floor":43.0,"turns":2.0},{"damage":0,"enemies":"R_Hoarder","floor":46,"turns":3},{"damage":0,"enemies":"Spire Growth","floor":48,"turns":1},{"damage":0,"enemies":"Giant Head","floor":50,"turns":3},{"damage":0,"enemies":"Maw","floor":51,"turns":3},{"damage":0,"enemies":"R_Hoarder","floor":52,"turns":3},{"damage":0,"enemies":"Writhing Mass","floor":53,"turns":2},{"damage":16,"enemies":"SI_POISON_ARCHETYPE","floor":54,"turns":3},{"damage":1,"enemies":"downfall:CharBossMerchant","floor":56,"turns":3},{"damage":0,"enemies":"downfall:NeowBoss","floor":59,"turns":4},{"damage":12,"enemies":"downfall:NeowBossFinal","floor":60,"turns":4}],"seed_played":"518466693229310119","potions_obtained":[{"floor":5.0,"key":"Guardian:BlockOnCardUsePotion"},{"floor":6.0,"key":"Fire Potion"},{"floor":12.0,"key":"Fruit Juice"},{"floor":19.0,"key":"SkillPotion"},{"floor":20.0,"key":"SkillPotion"},{"floor":25.0,"key":"Energy Potion"},{"floor":27.0,"key":"Guardian:BlockOnCardUsePotion"},{"floor":36.0,"key":"ColorlessPotion"},{"floor":37.0,"key":"Fire Potion"},{"floor":46,"key":"EntropicBrew"},{"floor":48,"key":"Energy Potion"},{"floor":56,"key":"SpeedPotion"}],"is_trial":false,"path_per_floor":["R","M","M","M","M","M","M","R","T","E","R","?","E","?","R","M","E","$","M","B",null,"R","?","?","M","?","?","T","M","E","R","M","E","?","M","M","B",null,"R","M","M","$","M","$","T","E","R","M","?","E","M","E","M","B",null,"E","$","R","B","B",null],"character_chosen":"GUARDIAN","items_purchased":["AT_ChloranthyRing","Singing Bowl","Medical Kit","AT_BellowingDragoncrestRing","testmod-SpacePotion"],"campfire_rested":0,"item_purchase_floors":[18,42,42,42,57],"current_hp_per_floor":[80,80,80,80,76,63,52,52,52,52,52,50,50,50,50,50,48,48,53,53,85,85,85,69,69,69,69,69,69,69,69,69,69,100,93,93,93,100,100,100,94,94,96,96,96,96,106,108,82,84,84,86,88,72,122,123,123,123,123,111],"gold":89,"neow_bonus":"THREE_ENEMY_KILL","is_daily":false,"chose_seed":false,"campfire_upgraded":6,"win_rate":0.0,"timestamp":1612069400,"path_taken":["R","M","M","?","M","M","M","R","T","E","R","?","E","?","R","?","E","?","M","BOSS","R","?","?","M","?","?","T","?","E","R","M","E","?","M","M","BOSS","R","M","M","?","M","$","T","E","R","M","?","E","M","E","M","BOSS","E","$","R","BOSS","BOSS"],"items_purchased_type":["Relic","Relic","Relic","Relic","Potion"],"build_version":"2020-12-22","purchased_purges":2,"victory":true,"max_hp_per_floor":[80,80,80,80,80,80,80,80,80,80,80,80,80,80,80,80,80,80,85,85,85,85,85,90,90,90,90,90,90,90,90,90,90,100,100,100,100,100,100,100,100,100,102,102,102,102,112,114,116,118,118,120,122,122,122,124,124,124,124,124],"card_choices":[{"not_picked":["Guardian:PiercingHide","Guardian:Harden","Guardian:Gem_Lightblue"],"picked":"SKIP","floor":2.0},{"not_picked":["Guardian:GuardianWhirl","Guardian:PrimingBeam","Guardian:Gem_Red"],"picked":"SKIP","floor":3.0},{"not_picked":["Guardian:ShieldCharger","Guardian:CrystalBeam"],"picked":"Guardian:Planning","floor":4.0},{"not_picked":["Guardian:Gem_Green","Guardian:Reroute","Guardian:TemporalShield"],"picked":"SKIP","floor":5.0},{"not_picked":["Guardian:Harden","Guardian:Gem_Purple","Guardian:Reroute"],"picked":"SKIP","floor":6.0},{"not_picked":["Guardian:VentSteam","Guardian:ConstructionForm"],"picked":"Guardian:Gem_Cyan","floor":7.0},{"not_picked":["Guardian:WalkerClaw","Guardian:ShieldSpikes","Guardian:Harden"],"picked":"SKIP","floor":10.0},{"not_picked":["Guardian:DecasProtection","Guardian:PrismaticBeam"],"picked":"Guardian:Gem_Cyan","floor":12.0},{"not_picked":["Guardian:Harden","Guardian:BronzeArmor"],"picked":"Guardian:ExploitGems","floor":13.0},{"not_picked":["Guardian:Incinerate","Guardian:WalkerClaw","Guardian:RefractedBeam"],"picked":"SKIP","floor":16.0},{"not_picked":["Guardian:Gem_Purple","Guardian:Incinerate"],"picked":"Guardian:TimeCapacitor","floor":17.0},{"not_picked":["Guardian:PolyBeam","Guardian:PrimingBeam"],"picked":"Guardian:SentryBeam","floor":18.0},{"not_picked":["Guardian:RollAttack","Guardian:GuardianWhirl"],"picked":"Guardian:Gem_Fragmented","floor":19.0},{"not_picked":["Guardian:AncientConstruct","Guardian:FierceBash"],"picked":"Guardian:StasisStrike","floor":20.0},{"not_picked":["Guardian:BronzeArmor","Guardian:PiercingHide","Guardian:Recover"],"picked":"Guardian:Gem_Cyan","floor":25.0},{"not_picked":["Guardian:Gem_Purple","Guardian:MultiBeam","Guardian:PrismaticBeam"],"picked":"Guardian:TimeCapacitor","floor":27.0},{"not_picked":[],"picked":"J.A.X.","floor":27.0},{"not_picked":["Guardian:Harden","Guardian:Preprogram","Guardian:TemporalStrike"],"picked":"Guardian:SentryBeam+1","floor":29.0},{"not_picked":["Guardian:Gem_Cyan","Guardian:RollAttack","Guardian:TimeSifter"],"picked":"Guardian:Gem_White","floor":30.0},{"not_picked":["Guardian:ChargeCore","Guardian:Incinerate","Guardian:ChargeUp"],"picked":"Guardian:DecasProtection","floor":32.0},{"not_picked":["Guardian:PrimingBeam+1","Guardian:Gem_Blue","Guardian:BodySlam"],"picked":"Guardian:Gem_Crimson","floor":33.0},{"not_picked":["Guardian:WalkerClaw","Guardian:Incinerate+1","Guardian:PiercingHide+1"],"picked":"Guardian:Gem_Red","floor":35.0},{"not_picked":["Guardian:TemporalShield","Guardian:WalkerClaw+1","Guardian:Incinerate"],"picked":"Guardian:StasisField","floor":36.0},{"not_picked":["Guardian:StasisField","Guardian:GatlingBeam","Guardian:RevengeProtocol"],"picked":"Guardian:Gem_Synthetic","floor":37.0},{"not_picked":["Guardian:ChargeUp+1","Guardian:PolyBeam+1","Guardian:BodySlam"],"picked":"Guardian:Gem_White","floor":40.0},{"not_picked":["Guardian:TemporalStrike+1","Guardian:ChargeUp","Guardian:Gem_Lightblue"],"picked":"Guardian:Gem_Green","floor":41.0},{"not_picked":["Guardian:GuardianWhirl+1","Guardian:ShieldCharger+1","Guardian:PrismaticBeam"],"picked":"Guardian:Gem_White","floor":42.0},{"not_picked":["Guardian:PrimingBeam","Guardian:Emergency","Guardian:Gem_Crimson","Guardian:ArmoredProtocol"],"picked":"Singing Bowl","floor":43.0},{"not_picked":["Guardian:Recover","Guardian:DecasProtection","Guardian:GuardianWhirl+1"],"picked":"Guardian:Gem_Fragmented","floor":46},{"not_picked":["Guardian:ChargeCore+1","Guardian:TemporalShield","Guardian:ChargeUp","Guardian:WalkerClaw"],"picked":"Singing Bowl","floor":48},{"not_picked":["Guardian:WalkerClaw","Guardian:Orbwalk","Guardian:BronzeArmor+1","Guardian:RevengeProtocol"],"picked":"Singing Bowl","floor":49},{"not_picked":["Guardian:PiercingHide","Guardian:TemporalShield+1","Guardian:RefractedBeam","Guardian:ArmoredProtocol+1"],"picked":"Singing Bowl","floor":50},{"not_picked":["Guardian:SpikerProtocol","Guardian:TemporalStrike+1","Guardian:PolyBeam"],"picked":"Guardian:Clone","floor":51},{"not_picked":["Guardian:Gem_Crimson","Guardian:Gem_Lightblue","Guardian:BronzeOrb","Guardian:Gem_Red"],"picked":"Singing Bowl","floor":52},{"not_picked":["Guardian:RevengeProtocol","Guardian:ShieldSpikes+1","Guardian:Gem_Red","Guardian:WalkerClaw"],"picked":"Singing Bowl","floor":53},{"not_picked":["Guardian:Gem_Lightblue","Guardian:RefractedBeam+1","Guardian:RollAttack","Guardian:RevengeProtocol"],"picked":"Singing Bowl","floor":56}],"player_experience":418513,"relics_obtained":[{"floor":9.0,"key":"Mirror"},{"floor":10.0,"key":"Divine Protection"},{"floor":13.0,"key":"AT_EbonyIvory"},{"floor":17.0,"key":"HornCleat"},{"floor":22.0,"key":"Shuriken"},{"floor":27.0,"key":"MutagenicStrength"},{"floor":28.0,"key":"Replay:Wax Seal"},{"floor":30.0,"key":"Whetstone"},{"floor":33.0,"key":"CeramicFish"},{"floor":46,"key":"Orichalcum"},{"floor":50,"key":"testmod-CasingShield"},{"floor":52,"key":"White Beast Statue"},{"floor":56,"key":"Bag of Preparation"}],"event_choices":[{"damage_healed":0.0,"max_hp_gain":0.0,"max_hp_loss":0.0,"gold_gain":0.0,"event_name":"Ghosts","player_choice":"Ignored","floor":23.0,"gold_loss":0.0,"damage_taken":0.0},{"cards_removed":["Guardian:StasisStrike"],"damage_healed":21.0,"max_hp_gain":10.0,"max_hp_loss":0.0,"gold_gain":0.0,"event_name":"Bonfire Elementals","player_choice":"Offered Rare","floor":34.0,"gold_loss":0.0,"damage_taken":0.0}],"is_beta":false,"boss_relics":[{"not_picked":["BloodWine","testmod-BloodSacrificeSpiritualization"],"picked":"Honey Jar"},{"not_picked":["Pandora\u0027s Box","ReplayTheSpireMod:DimensionalGlitch"],"picked":"SacredBark"}],"items_purged_floors":[18,42],"is_endless":false,"potions_floor_spawned":[5,6,12,19,20,25,27,36,37,46,48,50,51,52,53,56],"ascension_level":1}}