{"host":"aqym1xxr3lb31d9m","time":1612117417,"event":{"mods":["BaseMod","Block Reminder","Colored Map","Colored Powertips","DeckTracker","Highlight Path","Minty Spire (QoL Compilation)","Quick Restart","Random Character Button","StSLib","SuperFastMode","UnlockEverythingMod"],"gold_per_floor":[113,113,129,90,165,165,199,199,223,256,256,266,266,266,266,362,362,375,414,428,343,343,343,343,343,416,449,449,449,449,94,94,94,94],"floor_reached":33,"language":"JPN","playtime":893,"items_purged":[],"score":580,"play_id":"34e76850-73ac-4aaf-a242-6e3ebd59b3a5","local_time":"20210201032337","is_ascension_mode":true,"campfire_choices":[{"data":"Zap","floor":6,"key":"SMITH"},{"data":"Go for the Eyes","floor":8,"key":"SMITH"},{"data":"Dualcast","floor":11,"key":"SMITH"},{"data":"Barrage","floor":13,"key":"SMITH"},{"data":"Scrape","floor":15,"key":"SMITH"},{"data":"Sunder","floor":23,"key":"SMITH"},{"data":"Defragment","floor":25,"key":"SMITH"},{"data":"Coolheaded","floor":28,"key":"SMITH"},{"data":"Coolheaded","floor":30,"key":"SMITH"},{"floor":32,"key":"REST"}],"circlet_count":0,"master_deck":["AscendersBane","Strike_B+1","Strike_B+1","Defend_B+1","Defend_B+1","Defend_B+1","Defend_B+1","Zap+1","Dualcast+1","Doom and Gloom","Go for the Eyes+1","Scrape+1","Cold Snap","Cold Snap","Barrage+1","Core Surge","Coolheaded+1","Defragment+1","Sunder+1","Coolheaded+1","Ball Lightning","Self Repair+1","Hologram"],"relics":["Cracked Core","NeowsBlessing","NlothsMask","Ornamental Fan","Vajra","Golden Idol","Nuclear Battery","Red Mask","Pen Nib","Bottled Lightning","Question Card","Calipers"],"acts_visited":["Exordium","TheCity"],"potions_floor_usage":[10,18,19],"damage_taken":[{"damage":0,"enemies":"Jaw Worm","floor":1,"turns":1},{"damage":0,"enemies":"Cultist","floor":3,"turns":1},{"damage":0,"enemies":"3 Sentries","floor":7,"turns":1},{"damage":22,"enemies":"Gremlin Nob","floor":10,"turns":4},{"damage":4,"enemies":"2 Louse","floor":12,"turns":2},{"damage":9,"enemies":"Hexaghost","floor":16,"turns":9},{"damage":5,"enemies":"Shell Parasite","floor":18,"turns":3},{"damage":4,"enemies":"Masked Bandits","floor":19,"turns":3},{"damage":0,"enemies":"Chosen","floor":20,"turns":3},{"damage":14,"enemies":"Slavers","floor":27,"turns":5},{"damage":60,"enemies":"Automaton","floor":33,"turns":10}],"seed_played":"-20294852718591219","potions_obtained":[{"floor":3,"key":"ColorlessPotion"},{"floor":10,"key":"SmokeBomb"},{"floor":12,"key":"BlessingOfTheForge"},{"floor":18,"key":"SkillPotion"}],"is_trial":false,"path_per_floor":["M","?","M","$","?","R","E","R","T","E","R","M","R","?","R","B",null,"M","?","M","?","?","R","?","R","T","E","R","?","R","$","R","B"],"character_chosen":"DEFECT","items_purchased":["Scrape","Calipers","Hologram"],"campfire_rested":1,"item_purchase_floors":[4,31,31],"current_hp_per_floor":[64,64,64,64,53,53,53,53,53,31,31,27,27,27,27,18,53,48,44,44,44,44,44,44,44,44,30,30,30,30,30,49,0,0],"gold":94,"neow_bonus":"THREE_ENEMY_KILL","is_daily":false,"chose_seed":false,"campfire_upgraded":9,"win_rate":0.0,"timestamp":1612117417,"path_taken":["M","?","?","$","?","R","E","R","T","E","R","M","R","?","R","BOSS","M","?","M","?","?","R","?","R","T","E","R","?","R","$","R","BOSS"],"items_purchased_type":["Card","Relic","Card"],"build_version":"2020-12-22","purchased_purges":0,"victory":false,"max_hp_per_floor":[71,71,71,71,71,71,71,71,71,71,71,71,71,64,64,64,64,64,64,64,64,64,64,64,64,64,64,64,64,64,64,64,64,64],"card_choices":[{"not_picked":["Stack","Recycle"],"picked":"Doom and Gloom","floor":1},{"not_picked":["Storm","Leap"],"picked":"Go for the Eyes","floor":3},{"not_picked":["BootSequence","Compile Driver"],"picked":"Cold Snap","floor":7},{"not_picked":["Rebound","Blizzard"],"picked":"Cold Snap","floor":10},{"not_picked":["Leap","Auto Shields"],"picked":"Barrage","floor":12},{"not_picked":["Hyperbeam","Thunder Strike"],"picked":"Core Surge","floor":16},{"not_picked":["Cold Snap","Recycle"],"picked":"Coolheaded","floor":18},{"not_picked":["Static Discharge","Redo"],"picked":"Defragment","floor":19},{"not_picked":["Recycle","Go for the Eyes"],"picked":"Sunder","floor":20},{"not_picked":["Force Field","Static Discharge"],"picked":"Self Repair+1","floor":27}],"player_experience":4160712,"relics_obtained":[{"floor":7,"key":"Ornamental Fan"},{"floor":10,"key":"Vajra"},{"floor":19,"key":"Red Mask"},{"floor":26,"key":"Bottled Lightning"},{"floor":27,"key":"Question Card"}],"event_choices":[{"damage_healed":0,"gold_gain":0,"player_choice":"Trade","damage_taken":0,"relics_obtained":["NlothsMask"],"max_hp_gain":0,"max_hp_loss":0,"event_name":"FaceTrader","floor":2,"gold_loss":0},{"damage_healed":0,"gold_gain":75,"player_choice":"Gather Gold","damage_taken":11,"max_hp_gain":0,"max_hp_loss":0,"event_name":"World of Goop","floor":5,"gold_loss":0},{"damage_healed":0,"gold_gain":0,"player_choice":"Lose Max HP","damage_taken":0,"relics_obtained":["Golden Idol"],"max_hp_gain":0,"max_hp_loss":7,"event_name":"Golden Idol","floor":14,"gold_loss":0},{"damage_healed":0,"gold_gain":0,"player_choice":"Fought Bandits","damage_taken":0,"max_hp_gain":0,"max_hp_loss":0,"event_name":"Masked Bandits","floor":19,"gold_loss":0},{"damage_healed":0,"gold_gain":0,"player_choice":"Obtained Relic","damage_taken":0,"relics_obtained":["Pen Nib"],"max_hp_gain":0,"max_hp_loss":0,"event_name":"Addict","floor":21,"gold_loss":85},{"damage_healed":0,"gold_gain":0,"player_choice":"Simplicity","damage_taken":0,"max_hp_gain":0,"max_hp_loss":0,"event_name":"Back to Basics","floor":22,"gold_loss":0,"cards_upgraded":["Strike_B","Strike_B","Strike_B","Strike_B","Defend_B","Defend_B","Defend_B","Defend_B"]},{"damage_healed":0,"gold_gain":0,"cards_transformed":["Strike_B","Strike_B"],"player_choice":"Became Test Subject","damage_taken":0,"max_hp_gain":0,"max_hp_loss":0,"event_name":"Drug Dealer","floor":24,"gold_loss":0,"cards_obtained":["Coolheaded","Ball Lightning"]},{"damage_healed":0,"gold_gain":0,"player_choice":"Ignored","damage_taken":0,"max_hp_gain":0,"max_hp_loss":0,"event_name":"Beggar","floor":29,"gold_loss":0}],"is_beta":false,"boss_relics":[{"not_picked":["Cursed Key","Black Star"],"picked":"Nuclear Battery"}],"items_purged_floors":[],"is_endless":false,"potions_floor_spawned":[3,10,12,18],"killed_by":"Automaton","ascension_level":20}}