{"host":"lly094a91h6n5nv5","time":1612098190,"event":{"mods":["AchievementEnabler","BaseMod","Colored Map","Minty Spire (QoL Compilation)"],"gold_per_floor":[109,125,141,151,25,25,55,55,136,136,151,163,200,38,38,166,166,201,239,266,309,408,408,11,46,346,31,82,128,128,128,128,258,258,298,55,97,140,220,285,285,285,285,285,285,344,344,408,408,438,438,438,52,81,81],"floor_reached":56,"language":"ENG","playtime":5147,"items_purged":["Strike_P","Strike_P","Strike_P+1"],"score":1620,"play_id":"acd1edfc-0272-405c-9bef-e298d3153e59","local_time":"20210131070310","is_ascension_mode":true,"campfire_choices":[{"data":"LikeWater","floor":6.0,"key":"SMITH"},{"data":"ForeignInfluence","floor":8.0,"key":"SMITH"},{"data":"PathToVictory","floor":15.0,"key":"SMITH"},{"floor":23.0,"key":"REST"},{"data":"Establishment","floor":30.0,"key":"SMITH"},{"data":"SpiritShield","floor":32.0,"key":"SMITH"},{"floor":42,"key":"REST"},{"data":"Alpha","floor":45,"key":"SMITH"},{"data":"Vault","floor":47,"key":"SMITH"},{"floor":49,"key":"RECALL"},{"data":"Ghostly","floor":52,"key":"SMITH"}],"circlet_count":0,"master_deck":["Defend_P+1","Defend_P","Defend_P","Defend_P","Eruption","Vigilance+1","ForeignInfluence+1","CutThroughFate+1","LikeWater+1","ClearTheMind+1","Protect+1","BowlingBash+1","Consecrate+1","Wish+1","PathToVictory+1","LessonLearned+1","Establishment+1","Protect","SpiritShield+1","PathToVictory+1","Ghostly","Ghostly+1","Ghostly","Ghostly+1","Ghostly+1","Perseverance","LikeWater+1","PathToVictory","Alpha+1","Vault+1","LikeWater"],"relics":["PureWater","NeowsBlessing","Thread and Needle","Nunchaku","Sozu","Red Mask","FossilizedHelix","Strawberry","Old Coin","Bag of Preparation","War Paint","Philosopher\u0027s Stone","Bronze Scales","Gambling Chip","Dream Catcher","Yang","Whetstone","Sundial","Mummified Hand","Damaru"],"acts_visited":["Exordium","TheCity","TheBeyond","TheEnding"],"potions_floor_usage":[33,55],"damage_taken":[{"damage":0.0,"enemies":"2 Louse","floor":1.0,"turns":1.0},{"damage":0.0,"enemies":"Cultist","floor":2.0,"turns":1.0},{"damage":0.0,"enemies":"Small Slimes","floor":3.0,"turns":1.0},{"damage":16.0,"enemies":"3 Louse","floor":4.0,"turns":3.0},{"damage":27.0,"enemies":"Gremlin Nob","floor":7.0,"turns":3.0},{"damage":0.0,"enemies":"2 Fungi Beasts","floor":11.0,"turns":3.0},{"damage":0.0,"enemies":"Exordium Thugs","floor":12.0,"turns":3.0},{"damage":3.0,"enemies":"Exordium Wildlife","floor":13.0,"turns":4.0},{"damage":5.0,"enemies":"Hexaghost","floor":16.0,"turns":14.0},{"damage":3.0,"enemies":"Shell Parasite","floor":18.0,"turns":8.0},{"damage":7.0,"enemies":"3 Byrds","floor":19.0,"turns":6.0},{"damage":49.0,"enemies":"Masked Bandits","floor":20.0,"turns":7.0},{"damage":0.0,"enemies":"Centurion and Healer","floor":21.0,"turns":8.0},{"damage":0.0,"enemies":"Slavers","floor":25.0,"turns":10.0},{"damage":1.0,"enemies":"Gremlin Leader","floor":28.0,"turns":9.0},{"damage":0.0,"enemies":"Snake Plant","floor":29.0,"turns":6.0},{"damage":0,"enemies":"Champ","floor":33,"turns":10},{"damage":0,"enemies":"3 Shapes","floor":35,"turns":4},{"damage":3,"enemies":"Orb Walker","floor":37,"turns":8},{"damage":0,"enemies":"4 Shapes","floor":38,"turns":6},{"damage":0,"enemies":"Mind Bloom Boss Battle","floor":39,"turns":10},{"damage":27,"enemies":"Nemesis","floor":40,"turns":13},{"damage":0,"enemies":"Giant Head","floor":46,"turns":11},{"damage":0,"enemies":"Nemesis","floor":48,"turns":8},{"damage":0,"enemies":"Awakened One","floor":50,"turns":13},{"damage":0,"enemies":"Shield and Spear","floor":54,"turns":7},{"damage":19,"enemies":"The Heart","floor":55,"turns":11}],"seed_played":"8546279124150982458","potions_obtained":[{"floor":2.0,"key":"SneckoOil"},{"floor":3.0,"key":"SkillPotion"},{"floor":4.0,"key":"Weak Potion"},{"floor":11.0,"key":"Fire Potion"},{"floor":13.0,"key":"FearPotion"},{"floor":16.0,"key":"CultistPotion"}],"is_trial":false,"path_per_floor":["M","M","M","M","$","R","E","R","T","?","M","M","M","$","R","B",null,"M","M","?","M","?","R","$","E","T","$","E","M","R","?","R","B",null,"M","$","M","M","?","E","?","R","T","$","R","E","R","E","R","B",null,"R","$","E","B",null],"character_chosen":"WATCHER","items_purchased":["Protect","LessonLearned","FossilizedHelix","Bag of Preparation","SpiritShield","LikeWater","PathToVictory","Bronze Scales","Mummified Hand"],"campfire_rested":2,"item_purchase_floors":[5,14,24,27,27,36,36,36,53],"current_hp_per_floor":[72,72,72,56,56,56,29,29,29,29,29,29,26,26,26,21,72,69,62,13,13,13,34,34,41,41,41,40,40,40,39,39,39,39,39,39,36,36,36,9,9,20,20,20,20,20,20,20,20,20,39,39,39,39,20],"gold":81,"neow_bonus":"THREE_ENEMY_KILL","is_daily":false,"chose_seed":false,"campfire_upgraded":8,"win_rate":0.0,"timestamp":1612098190,"path_taken":["M","M","M","M","$","R","E","R","T","?","M","?","M","$","R","BOSS","M","M","?","M","?","R","$","E","T","$","E","M","R","?","R","BOSS","M","$","M","M","?","E","?","R","T","$","R","E","R","E","R","BOSS","R","$","E","BOSS"],"items_purchased_type":["Card","Card","Relic","Relic","Card","Card","Card","Relic","Relic"],"build_version":"2020-12-22","purchased_purges":3,"victory":true,"max_hp_per_floor":[72,72,72,72,72,72,72,72,72,72,72,72,72,72,72,72,72,72,72,72,72,72,72,72,79,79,79,79,79,79,39,39,39,39,39,39,39,39,39,39,39,39,39,39,39,39,39,39,39,39,39,39,39,39,39],"card_choices":[{"not_picked":["JustLucky","Evaluate"],"picked":"ForeignInfluence","floor":1.0},{"not_picked":["Evaluate","Halt"],"picked":"CutThroughFate","floor":2.0},{"not_picked":["Evaluate","Worship"],"picked":"LikeWater","floor":3.0},{"not_picked":["JustLucky","Worship"],"picked":"ClearTheMind","floor":4.0},{"not_picked":["WheelKick","SashWhip"],"picked":"BowlingBash","floor":7.0},{"not_picked":["CrushJoints","Crescendo"],"picked":"Consecrate","floor":11.0},{"not_picked":["ThirdEye","Weave"],"picked":"Wish","floor":12.0},{"not_picked":["SashWhip","BowlingBash"],"picked":"PathToVictory","floor":13.0},{"not_picked":["Blasphemy","LessonLearned"],"picked":"Establishment","floor":16.0},{"not_picked":["Indignation+1","Crescendo"],"picked":"Protect","floor":18.0},{"not_picked":["CarveReality+1","EmptyFist","FearNoEvil"],"picked":"SKIP","floor":19.0},{"not_picked":["EmptyBody","TalkToTheHand","SandsOfTime"],"picked":"SKIP","floor":21.0},{"not_picked":["Weave","Protect","Conclude"],"picked":"SKIP","floor":25.0},{"not_picked":["LikeWater","WreathOfFlame"],"picked":"PathToVictory+1","floor":28.0},{"not_picked":["FlurryOfBlows","Worship","SashWhip"],"picked":"SKIP","floor":29.0},{"not_picked":["SashWhip","WaveOfTheHand"],"picked":"Perseverance","floor":35},{"not_picked":["Nirvana","Crescendo+1","FlyingSleeves+1"],"picked":"SKIP","floor":37},{"not_picked":["ThirdEye","SashWhip","ClearTheMind"],"picked":"SKIP","floor":38},{"not_picked":["EmptyFist","Weave"],"picked":"Alpha","floor":39},{"not_picked":["Meditate+1","Prostrate+1","MentalFortress"],"picked":"SKIP","floor":40},{"not_picked":["Pray+1","EmptyFist+1"],"picked":"Vault","floor":46},{"not_picked":["FlyingSleeves","SandsOfTime"],"picked":"LikeWater","floor":48},{"not_picked":["CarveReality","Conclude","EmptyMind"],"picked":"SKIP","floor":54}],"player_experience":91549,"relics_obtained":[{"floor":7.0,"key":"Thread and Needle"},{"floor":20.0,"key":"Red Mask"},{"floor":25.0,"key":"Strawberry"},{"floor":26.0,"key":"Old Coin"},{"floor":28.0,"key":"War Paint"},{"floor":39,"key":"Gambling Chip"},{"floor":40,"key":"Dream Catcher"},{"floor":43,"key":"Yang"},{"floor":46,"key":"Whetstone"},{"floor":48,"key":"Sundial"},{"floor":54,"key":"Damaru"}],"event_choices":[{"damage_healed":0.0,"max_hp_gain":0.0,"max_hp_loss":0.0,"gold_gain":0.0,"event_name":"WeMeetAgain","player_choice":"Gave Potion","floor":10.0,"gold_loss":0.0,"damage_taken":0.0,"relics_obtained":["Nunchaku"]},{"damage_healed":0.0,"max_hp_gain":0.0,"max_hp_loss":0.0,"gold_gain":0.0,"event_name":"Masked Bandits","player_choice":"Fought Bandits","floor":20.0,"gold_loss":0.0,"damage_taken":0.0},{"damage_healed":0.0,"max_hp_gain":0.0,"max_hp_loss":0.0,"gold_gain":99.0,"event_name":"Nest","player_choice":"Stole From Cult","floor":22.0,"gold_loss":0.0,"damage_taken":0.0},{"damage_healed":0.0,"max_hp_gain":0.0,"max_hp_loss":40.0,"gold_gain":0.0,"event_name":"Ghosts","player_choice":"Became a Ghost","floor":31.0,"gold_loss":0.0,"damage_taken":0.0,"cards_obtained":["Ghostly","Ghostly","Ghostly","Ghostly","Ghostly"]},{"damage_healed":0,"gold_gain":0,"player_choice":"Fight","damage_taken":0,"max_hp_gain":0,"max_hp_loss":0,"event_name":"MindBloom","floor":39,"gold_loss":0},{"cards_removed":["Strike_P"],"damage_healed":0,"gold_gain":0,"player_choice":"Removed Attack","damage_taken":0,"max_hp_gain":0,"max_hp_loss":0,"event_name":"Falling","floor":41,"gold_loss":0}],"is_beta":false,"boss_relics":[{"not_picked":["Tiny House","Coffee Dripper"],"picked":"Sozu"},{"not_picked":["Fusion Hammer","HolyWater"],"picked":"Philosopher\u0027s Stone"}],"items_purged_floors":[5,24,53],"is_endless":false,"potions_floor_spawned":[2,3,4,11,13,16,20,25,28,29,35,37,40,46],"ascension_level":3}}