{"host":"l4kdldlios54gl54","time":1612067082,"event":{"mods":["AchievementEnabler","BaseMod","Colored Map","Colored Powertips","Minty Spire (QoL Compilation)","Random Character Button"],"gold_per_floor":[111,124,139,63,77,77,152,152,152,178,178,198,223,239,239,311,311,330,339,352,373,399,399,420,420,420,420,420],"floor_reached":27,"language":"ENG","playtime":803,"items_purged":[],"score":468,"play_id":"ce1d377d-e6f9-4d75-acf5-35494ae87944","local_time":"20210131052442","is_ascension_mode":true,"campfire_choices":[{"data":"Feed","floor":6,"key":"SMITH"},{"data":"Wild Strike","floor":11,"key":"SMITH"},{"data":"Combust","floor":15,"key":"SMITH"},{"floor":23,"key":"REST"}],"circlet_count":0,"master_deck":["AscendersBane","Strike_R","Strike_R","Strike_R","Strike_R","Strike_R","Defend_R","Defend_R","Defend_R","Defend_R","Bash","Feed+1","Wild Strike+1","Hemokinesis+1","Flame Barrier","Combust+1","J.A.X.","Metallicize","Shrug It Off+1","Armaments+1"],"relics":["Burning Blood","InkBottle","CeramicFish","Fusion Hammer","Boot"],"acts_visited":["Exordium","TheCity"],"potions_floor_usage":[3,14,16,18,21,22,24],"damage_taken":[{"damage":9,"enemies":"Jaw Worm","floor":1,"turns":3},{"damage":9,"enemies":"2 Louse","floor":2,"turns":2},{"damage":0,"enemies":"Cultist","floor":3,"turns":2},{"damage":8,"enemies":"Blue Slaver","floor":5,"turns":4},{"damage":12,"enemies":"Large Slime","floor":12,"turns":4},{"damage":3,"enemies":"Looter","floor":13,"turns":3},{"damage":11,"enemies":"Exordium Thugs","floor":14,"turns":3},{"damage":28,"enemies":"Slime Boss","floor":16,"turns":8},{"damage":20,"enemies":"Spheric Guardian","floor":18,"turns":5},{"damage":16,"enemies":"Chosen","floor":20,"turns":3},{"damage":26,"enemies":"Snake Plant","floor":21,"turns":2},{"damage":43,"enemies":"Sentry and Sphere","floor":22,"turns":5},{"damage":35,"enemies":"Centurion and Healer","floor":24,"turns":7},{"damage":26,"enemies":"3 Cultists","floor":27,"turns":4}],"seed_played":"-6973280955925778963","potions_obtained":[{"floor":1,"key":"SteroidPotion"},{"floor":5,"key":"Fire Potion"},{"floor":13,"key":"FearPotion"},{"floor":16,"key":"Ancient Potion"},{"floor":18,"key":"LiquidMemories"},{"floor":21,"key":"ColorlessPotion"},{"floor":22,"key":"ColorlessPotion"}],"is_trial":false,"path_per_floor":["M","M","M","$","M","R","?","?","T","T","R","M","M","M","R","B",null,"M","?","M","M","M","R","M","?","T","M"],"character_chosen":"IRONCLAD","items_purchased":["Flame Barrier"],"campfire_rested":1,"item_purchase_floors":[4],"current_hp_per_floor":[68,68,77,77,78,78,67,67,67,67,67,65,72,71,71,49,87,77,77,71,51,18,51,26,26,26,0,0],"gold":420,"neow_bonus":"ONE_RANDOM_RARE_CARD","is_daily":false,"chose_seed":false,"campfire_upgraded":3,"win_rate":0.0,"timestamp":1612067082,"path_taken":["M","M","M","$","M","R","?","?","T","?","R","M","M","M","R","BOSS","M","?","M","M","M","R","M","?","T","M"],"items_purchased_type":["Card"],"build_version":"2020-12-22","purchased_purges":0,"victory":false,"max_hp_per_floor":[78,81,84,84,87,87,87,87,87,87,87,91,95,99,99,99,99,103,103,107,107,111,111,115,115,115,115,115],"card_choices":[{"not_picked":["Armaments","Anger"],"picked":"Wild Strike","floor":1},{"not_picked":["Warcry","Wild Strike"],"picked":"Hemokinesis","floor":2},{"not_picked":["Heavy Blade","Headbutt","Pommel Strike"],"picked":"SKIP","floor":3},{"not_picked":["Perfected Strike","Twin Strike","Uppercut"],"picked":"SKIP","floor":5},{"not_picked":["Dropkick","Perfected Strike","Searing Blow"],"picked":"SKIP","floor":12},{"not_picked":["Cleave","Hemokinesis"],"picked":"Combust","floor":13},{"not_picked":["Metallicize","Combust","Dropkick"],"picked":"SKIP","floor":14},{"not_picked":["Twin Strike","Uppercut","Seeing Red"],"picked":"SKIP","floor":18},{"not_picked":["Thunderclap","Clothesline","Metallicize"],"picked":"SKIP","floor":20},{"not_picked":["Spot Weakness","Sever Soul"],"picked":"Metallicize","floor":21},{"not_picked":["Havoc","Flex+1"],"picked":"Shrug It Off+1","floor":22},{"not_picked":["Flex","True Grit"],"picked":"Armaments+1","floor":24}],"player_experience":899159,"relics_obtained":[{"floor":9,"key":"InkBottle"},{"floor":10,"key":"CeramicFish"},{"floor":26,"key":"Boot"}],"event_choices":[{"damage_healed":0,"gold_gain":75,"player_choice":"Gather Gold","damage_taken":11,"max_hp_gain":0,"max_hp_loss":0,"event_name":"World of Goop","floor":7,"gold_loss":0},{"damage_healed":0,"gold_gain":0,"player_choice":"Grow","damage_taken":0,"max_hp_gain":0,"max_hp_loss":0,"event_name":"Living Wall","floor":8,"gold_loss":0,"cards_upgraded":["Hemokinesis"]},{"damage_healed":0,"gold_gain":0,"player_choice":"Obtain J.A.X.","damage_taken":0,"max_hp_gain":0,"max_hp_loss":0,"event_name":"Drug Dealer","floor":19,"gold_loss":0,"cards_obtained":["J.A.X."]},{"damage_healed":0,"gold_gain":0,"player_choice":"Ignored","damage_taken":0,"max_hp_gain":0,"max_hp_loss":0,"event_name":"The Mausoleum","floor":25,"gold_loss":0}],"is_beta":false,"boss_relics":[{"not_picked":["Snecko Eye","Black Star"],"picked":"Fusion Hammer"}],"items_purged_floors":[],"is_endless":false,"potions_floor_spawned":[1,5,13,16,18,21,22],"killed_by":"3 Cultists","ascension_level":20}}