{"host":"nomlpa5ttaaqphus","time":1612110772,"event":{"mods":["100% Spire Juice","AchievementEnabler","BaseMod","Colored Powertips","Minty Spire (QoL Compilation)","StSLib"],"gold_per_floor":[112,126,6,25,40,40,50,50,50,66,66,66,84,84,84,184,184,199,79,95,124,124,152,169,169,169,169,169,83,83,103,103,206,206,222,242,2,22,72,72,72,92,138,150,1,1,21,21,21,21],"floor_reached":51,"language":"ENG","playtime":4625,"items_purged":[],"score":1019,"play_id":"6770f7b1-34f4-40ac-b8fd-86189648b2b7","local_time":"20210131123252","is_ascension_mode":true,"campfire_choices":[{"data":"Moonworks:Ambush","floor":6.0,"key":"SMITH"},{"floor":8.0,"key":"REST"},{"floor":15.0,"key":"REST"},{"floor":28,"key":"REST"},{"floor":30,"key":"REST"},{"data":"Moonworks:Wanted","floor":32,"key":"SMITH"},{"data":"Moonworks:CompletionReward","floor":40,"key":"SMITH"},{"data":"Moonworks:QuickRestoration","floor":46,"key":"SMITH"},{"data":"Moonworks:UnpaidWork","floor":49,"key":"SMITH"}],"circlet_count":0,"master_deck":["AscendersBane","Moonworks:Strike","Moonworks:Defend","Moonworks:Defend","Moonworks:Defend","Moonworks:Defend","Moonworks:Ambush+1","Moonworks:LongDistanceShot","Moonworks:QuickRestoration+1","Moonworks:NicePresent","Moonworks:RedAndBlue","Moonworks:Wanted+1","Moonworks:Assault","Moonworks:CompletionReward+1","Moonworks:Rival+1","Moonworks:FullSpeedAlicianrone","Moonworks:GoldenEgg","Moonworks:TreasureThief+1","Moonworks:AwakeningOfTalent+1","Moonworks:UnpaidWork+1","Moonworks:AnotherUltimateWeapon+1","Moonworks:SweetBattle+1","Moonworks:FullSpeedAlicianrone+1","Moonworks:QuickRestoration+1","Moonworks:TreasureThief+1","Moonworks:SealedMemories+1","Moonworks:LuckyCharm+1","Moonworks:NicePresent","Moonworks:ImmovableObject","Moonworks:MeltingMemories+1"],"relics":["Moonworks:BrokenBomb","Moonworks:Homemark","Shovel","Frozen Egg 2","Philosopher\u0027s Stone","Red Mask","Eternal Feather","Lizard Tail","Blood Vial","Darkstone Periapt","Astrolabe","Incense Burner","Nunchaku","Oddly Smooth Stone"],"acts_visited":["TheCity","TheBeyond"],"potions_floor_usage":[24,24,33],"damage_taken":[{"damage":9.0,"enemies":"Jaw Worm","floor":1.0,"turns":3.0},{"damage":0.0,"enemies":"Small Slimes","floor":2.0,"turns":3.0},{"damage":4.0,"enemies":"2 Louse","floor":4.0,"turns":4.0},{"damage":12.0,"enemies":"2 Fungi Beasts","floor":5.0,"turns":4.0},{"damage":12.0,"enemies":"Large Slime","floor":7.0,"turns":6.0},{"damage":4.0,"enemies":"Lots of Slimes","floor":10.0,"turns":2.0},{"damage":8.0,"enemies":"3 Louse","floor":13.0,"turns":2.0},{"damage":45.0,"enemies":"The Guardian","floor":16.0,"turns":11.0},{"damage":7.0,"enemies":"Shell Parasite","floor":18.0,"turns":4.0},{"damage":2.0,"enemies":"Spheric Guardian","floor":20.0,"turns":3.0},{"damage":40.0,"enemies":"Masked Bandits","floor":21.0,"turns":5.0},{"damage":0.0,"enemies":"Book of Stabbing","floor":23.0,"turns":4.0},{"damage":21,"enemies":"Snake Plant","floor":24,"turns":3},{"damage":23,"enemies":"Slavers","floor":29,"turns":4},{"damage":8,"enemies":"Snecko","floor":31,"turns":4},{"damage":50,"enemies":"Automaton","floor":33,"turns":9},{"damage":0,"enemies":"3 Shapes","floor":35,"turns":6},{"damage":3,"enemies":"Orb Walker","floor":36,"turns":3},{"damage":0,"enemies":"Spire Growth","floor":38,"turns":4},{"damage":0,"enemies":"Mind Bloom Boss Battle","floor":39,"turns":5},{"damage":13,"enemies":"Sphere and 2 Shapes","floor":42,"turns":5},{"damage":1,"enemies":"Transient","floor":44,"turns":5},{"damage":0,"enemies":"Maw","floor":47,"turns":5},{"damage":13,"enemies":"Time Eater","floor":50,"turns":8}],"seed_played":"4852206974160214275","potions_obtained":[{"floor":2.0,"key":"Fire Potion"},{"floor":4.0,"key":"LiquidMemories"},{"floor":5.0,"key":"DuplicationPotion"},{"floor":16.0,"key":"DuplicationPotion"},{"floor":18.0,"key":"SteroidPotion"},{"floor":23.0,"key":"Regen Potion"},{"floor":24,"key":"Swift Potion"},{"floor":33,"key":"BlessingOfTheForge"},{"floor":44,"key":"Energy Potion"},{"floor":47,"key":"SpeedPotion"}],"is_trial":false,"path_per_floor":["M","M","?","M","M","R","M","R","T","M","T","?","M","$","R","B",null,"M","?","M","?","T","E","M","?","T","?","R","E","R","M","R","B",null,"M","M","$","M","?","R","?","M","T","M","$","R","M","?","R","B",null],"character_chosen":"THE_STARBREAKER","items_purchased":["Oddly Smooth Stone"],"campfire_rested":4,"item_purchase_floors":[45],"current_hp_per_floor":[51,51,51,47,35,35,23,42,42,38,38,38,30,30,49,4,51,44,44,42,2,2,2,24,12,12,12,45,24,57,51,63,15,57,63,62,62,68,70,71,71,58,58,67,67,71,71,71,71,60],"gold":21,"neow_bonus":"TEN_PERCENT_HP_BONUS","is_daily":false,"chose_seed":false,"campfire_upgraded":5,"win_rate":0.0,"timestamp":1612110772,"path_taken":["M","M","?","M","M","R","M","R","T","M","?","?","M","?","R","BOSS","M","?","M","?","?","E","?","?","T","?","R","E","R","M","R","BOSS","M","M","$","M","?","R","?","M","T","M","$","R","?","?","R","BOSS"],"items_purchased_type":["Relic"],"build_version":"2020-12-22","purchased_purges":0,"victory":true,"max_hp_per_floor":[66,66,66,66,66,66,66,66,66,66,66,66,66,66,66,66,66,66,66,66,66,66,66,66,71,71,71,71,71,71,71,71,71,71,71,71,71,71,71,71,71,71,71,71,71,71,71,71,71,71],"card_choices":[{"not_picked":["Moonworks:LulusLuckyEgg","Moonworks:UnluckyCharm","Moonworks:Poppoformation"],"picked":"SKIP","floor":1.0},{"not_picked":["Moonworks:LulusLuckyEgg","Moonworks:UnluckyCharm","Moonworks:Poppoformation"],"picked":"SKIP","floor":1.0},{"not_picked":["Moonworks:LulusLuckyEgg","Moonworks:UnluckyCharm","Moonworks:Poppoformation"],"picked":"SKIP","floor":1.0},{"not_picked":["Moonworks:SakisCookie","Moonworks:AwakeningOfTalent"],"picked":"Moonworks:QuickRestoration","floor":2.0},{"not_picked":["Moonworks:ImOnFire","Moonworks:BigMagnum"],"picked":"Moonworks:NicePresent","floor":4.0},{"not_picked":["Moonworks:CloudOfSeagulls","Moonworks:Heat300Percent"],"picked":"Moonworks:RedAndBlue","floor":5.0},{"not_picked":["Moonworks:SakisCookie","Moonworks:x16BigRocket"],"picked":"Moonworks:Wanted","floor":7.0},{"not_picked":["Moonworks:BigMagnum","Moonworks:IntelligenceOfficer"],"picked":"Moonworks:Assault","floor":10.0},{"not_picked":["Moonworks:x16BigRocket","Moonworks:JonathanRush"],"picked":"Moonworks:CompletionReward","floor":13.0},{"not_picked":["Moonworks:SinkOrSwim+1","Moonworks:PlushieMaster"],"picked":"Moonworks:Rival+1","floor":16.0},{"not_picked":["Moonworks:EvilSpyWorkPreparation","Moonworks:ReproductionOfRecords+1"],"picked":"Moonworks:FullSpeedAlicianrone","floor":18.0},{"not_picked":["Moonworks:QuickRestoration","Moonworks:DesperateModification"],"picked":"Moonworks:GoldenEgg","floor":20.0},{"not_picked":["Moonworks:LulusLuckyEgg","Moonworks:ImOnFire","Moonworks:AwakeningOfTalent"],"picked":"SKIP","floor":23.0},{"not_picked":["Moonworks:IndiscriminateFireSupport","Moonworks:x16BigRocket"],"picked":"Moonworks:TreasureThief+1","floor":24},{"not_picked":["Moonworks:Gamble","Moonworks:BigMagnum"],"picked":"Moonworks:AwakeningOfTalent+1","floor":29},{"not_picked":["Moonworks:BigMagnum+1","Moonworks:DesperateModification"],"picked":"Moonworks:UnpaidWork","floor":31},{"not_picked":["Moonworks:LeapThroughSpace+1","Moonworks:HolyNight+1"],"picked":"Moonworks:AnotherUltimateWeapon+1","floor":33},{"not_picked":["Moonworks:LulusLuckyEgg+1","Moonworks:Assault"],"picked":"Moonworks:QuickRestoration+1","floor":35},{"not_picked":["Moonworks:DevilHand","Moonworks:SakisCookie+1"],"picked":"Moonworks:TreasureThief+1","floor":36},{"not_picked":["Moonworks:SakisCookie+1","Moonworks:JonathanRush+1"],"picked":"Moonworks:SealedMemories+1","floor":38},{"not_picked":["Moonworks:SelfDestruct+1","Moonworks:EvilSpyWorkPreparation+1"],"picked":"Moonworks:LuckyCharm+1","floor":39},{"not_picked":["Moonworks:ImOnFire+1","Moonworks:GoldenEgg+1"],"picked":"Moonworks:NicePresent","floor":42},{"not_picked":["Moonworks:BackdoorTrade+1","Moonworks:ImOnFire+1"],"picked":"Moonworks:ImmovableObject","floor":44},{"not_picked":["Moonworks:CloudOfSeagulls","Moonworks:Assault+1"],"picked":"Moonworks:MeltingMemories+1","floor":47}],"player_experience":84031,"relics_obtained":[{"floor":9.0,"key":"Shovel"},{"floor":11.0,"key":"Frozen Egg 2"},{"floor":21.0,"key":"Red Mask"},{"floor":22.0,"key":"Eternal Feather"},{"floor":23.0,"key":"Lizard Tail"},{"floor":26,"key":"Blood Vial"},{"floor":29,"key":"Darkstone Periapt"},{"floor":39,"key":"Incense Burner"},{"floor":43,"key":"Nunchaku"}],"event_choices":[{"damage_healed":0.0,"max_hp_gain":0.0,"max_hp_loss":0.0,"gold_gain":0.0,"event_name":"The Cleric","player_choice":"Leave","floor":3.0,"gold_loss":0.0,"damage_taken":0.0},{"damage_healed":0.0,"max_hp_gain":0.0,"max_hp_loss":0.0,"gold_gain":0.0,"event_name":"Golden Wing","player_choice":"Ignored","floor":12.0,"gold_loss":0.0,"damage_taken":0.0},{"damage_healed":0.0,"max_hp_gain":0.0,"max_hp_loss":0.0,"gold_gain":0.0,"event_name":"Beggar","player_choice":"Ignored","floor":19.0,"gold_loss":0.0,"damage_taken":0.0},{"damage_healed":0.0,"max_hp_gain":0.0,"max_hp_loss":0.0,"gold_gain":0.0,"event_name":"Masked Bandits","player_choice":"Fought Bandits","floor":21.0,"gold_loss":0.0,"damage_taken":0.0},{"damage_healed":0,"gold_gain":0,"player_choice":"Shed Blood","damage_taken":17,"max_hp_gain":5,"max_hp_loss":0,"event_name":"Forgotten Altar","floor":25,"gold_loss":0},{"damage_healed":0,"gold_gain":0,"player_choice":"Ignored","damage_taken":0,"max_hp_gain":0,"max_hp_loss":0,"event_name":"Cursed Tome","floor":27,"gold_loss":0},{"damage_healed":0,"gold_gain":0,"player_choice":"Fight","damage_taken":0,"max_hp_gain":0,"max_hp_loss":0,"event_name":"MindBloom","floor":39,"gold_loss":0},{"damage_healed":0,"gold_gain":0,"player_choice":"Bought 0 Potions","damage_taken":0,"max_hp_gain":0,"max_hp_loss":0,"event_name":"The Woman in Blue","floor":41,"gold_loss":0},{"cards_removed":["Moonworks:SinkOrSwim"],"damage_healed":0,"gold_gain":0,"player_choice":"Removed Power","damage_taken":0,"max_hp_gain":0,"max_hp_loss":0,"event_name":"Falling","floor":48,"gold_loss":0}],"is_beta":false,"boss_relics":[{"not_picked":["Fusion Hammer","Calling Bell"],"picked":"Philosopher\u0027s Stone"},{"not_picked":["Tiny House","SacredBark"],"picked":"Astrolabe"}],"items_purged_floors":[],"is_endless":false,"potions_floor_spawned":[2,4,5,16,18,23,24,33,44,47],"ascension_level":10}}