{"host":"sad04l3m69qtnhom","time":1612081802,"event":{"mods":["AchievementEnabler","BaseMod","Colored Map","Colored Powertips","DeckTracker","Highlight Path","Minty Spire (QoL Compilation)","Permanent Neow","Quick Restart","SuperFastMode","everything is the same but u backflip on backflip"],"gold_per_floor":[116,132,143,68,81,81,110,110,110,129,29,29,29,56,56,161,161,171,94,94,109,125,153,153,185,185,185,185],"floor_reached":27,"language":"KOR","playtime":1170,"items_purged":["Strike_B","Strike_B"],"score":313,"play_id":"7b85d693-7808-46bd-8a26-74303d2b6de9","local_time":"20210131173002","is_ascension_mode":true,"campfire_choices":[{"data":"Static Discharge","floor":6,"key":"SMITH"},{"data":"Tempest","floor":8,"key":"SMITH"},{"data":"Defragment","floor":15,"key":"SMITH"},{"floor":24,"key":"REST"}],"circlet_count":0,"master_deck":["Strike_B+1","Strike_B+1","Defend_B","Defend_B+1","Defend_B+1","Defend_B","Zap","Dualcast","Ball Lightning","Auto Shields+1","Static Discharge+1","Tempest+1","White Noise","Defragment+1","Echo Form","Storm","Fusion+1","Barrage+1","White Noise"],"relics":["Velvet Choker","Vajra","Whetstone","InkBottle","Inserter","Dream Catcher","Anchor","White Beast Statue"],"acts_visited":["Exordium","TheCity"],"potions_floor_usage":[7,14,14,22,23],"damage_taken":[{"damage":0,"enemies":"2 Louse","floor":1,"turns":1},{"damage":0,"enemies":"Small Slimes","floor":2,"turns":2},{"damage":1,"enemies":"Jaw Worm","floor":3,"turns":4},{"damage":0,"enemies":"Red Slaver","floor":5,"turns":3},{"damage":10,"enemies":"Lagavulin","floor":7,"turns":7},{"damage":5,"enemies":"Blue Slaver","floor":10,"turns":2},{"damage":7,"enemies":"3 Sentries","floor":14,"turns":5},{"damage":4,"enemies":"Slime Boss","floor":16,"turns":4},{"damage":4,"enemies":"Chosen","floor":18,"turns":3},{"damage":16,"enemies":"Spheric Guardian","floor":21,"turns":4},{"damage":16,"enemies":"Cultist and Chosen","floor":22,"turns":4},{"damage":37,"enemies":"Slavers","floor":23,"turns":4},{"damage":20,"enemies":"Gremlin Leader","floor":25,"turns":5},{"damage":0,"enemies":"Centurion and Healer","floor":27,"turns":2}],"seed_played":"-6928011764653183543","potions_obtained":[{"floor":1,"key":"PowerPotion"},{"floor":3,"key":"SkillPotion"},{"floor":7,"key":"PotionOfCapacity"},{"floor":10,"key":"SteroidPotion"},{"floor":21,"key":"AttackPotion"},{"floor":22,"key":"Weak Potion"}],"is_trial":false,"path_per_floor":["M","M","M","$","M","R","E","R","T","M","$","?","?","E","R","B",null,"M","$","?","M","M","E","R","E","T","M"],"character_chosen":"DEFECT","items_purchased":["Storm"],"campfire_rested":1,"item_purchase_floors":[19],"current_hp_per_floor":[75,75,74,74,74,74,64,64,64,59,59,59,44,37,37,33,75,71,71,71,55,39,2,24,4,4,4,4],"gold":185,"neow_bonus":"BOSS_RELIC","is_daily":false,"chose_seed":false,"campfire_upgraded":3,"win_rate":0.0,"timestamp":1612081802,"path_taken":["M","M","M","$","M","R","E","R","T","M","$","?","?","E","R","BOSS","M","$","?","M","M","E","R","E","T","M"],"items_purchased_type":["Card"],"build_version":"2020-12-22","purchased_purges":2,"victory":false,"max_hp_per_floor":[75,75,75,75,75,75,75,75,75,75,75,75,75,75,75,75,75,75,75,75,75,75,75,75,75,75,75,75],"card_choices":[{"not_picked":["Heatsinks","Conserve Battery"],"picked":"Ball Lightning","floor":1},{"not_picked":["Streamline","Rebound"],"picked":"Auto Shields","floor":2},{"not_picked":["Tempest","Hologram"],"picked":"Static Discharge","floor":3},{"not_picked":["Leap","Steam Power"],"picked":"Tempest","floor":5},{"not_picked":["Rebound","FTL"],"picked":"White Noise","floor":7},{"not_picked":["Streamline","Sunder","Rainbow"],"picked":"SKIP","floor":10},{"not_picked":["FTL","Leap"],"picked":"Defragment","floor":14},{"not_picked":["Multi-Cast","Biased Cognition"],"picked":"Echo Form","floor":16},{"not_picked":["Chaos+1","Steam","Chill"],"picked":"SKIP","floor":18},{"not_picked":["Sweeping Beam","Steam","Turbo+1"],"picked":"SKIP","floor":21},{"not_picked":["Beam Cell","Cold Snap","Redo+1"],"picked":"SKIP","floor":22},{"not_picked":["Heatsinks","Go for the Eyes"],"picked":"Fusion+1","floor":23},{"not_picked":["Lockon","Blizzard"],"picked":"Barrage+1","floor":24},{"not_picked":["Ball Lightning","Compile Driver"],"picked":"White Noise","floor":25}],"player_experience":422451,"relics_obtained":[{"floor":7,"key":"Vajra"},{"floor":9,"key":"Whetstone"},{"floor":14,"key":"InkBottle"},{"floor":23,"key":"Dream Catcher"},{"floor":25,"key":"Anchor"},{"floor":26,"key":"White Beast Statue"}],"event_choices":[{"damage_healed":0,"gold_gain":0,"player_choice":"Grow","damage_taken":0,"max_hp_gain":0,"max_hp_loss":0,"event_name":"Living Wall","floor":12,"gold_loss":0,"cards_upgraded":["Auto Shields"]},{"damage_healed":0,"gold_gain":0,"player_choice":"Entered Light","damage_taken":15,"max_hp_gain":0,"max_hp_loss":0,"event_name":"Shining Light","floor":13,"gold_loss":0,"cards_upgraded":["Defend_B","Defend_B"]},{"damage_healed":0,"gold_gain":0,"player_choice":"Ignored","damage_taken":0,"max_hp_gain":0,"max_hp_loss":0,"event_name":"Vampires","floor":20,"gold_loss":0}],"is_beta":false,"boss_relics":[{"not_picked":["SacredBark","Sozu"],"picked":"Inserter"}],"items_purged_floors":[4,11],"is_endless":false,"potions_floor_spawned":[1,3,7,10,21,22],"killed_by":"Centurion and Healer","ascension_level":4}}