{"host":"fxrgx7wt2cpkbhka","time":1612075838,"event":{"mods":["AchievementEnabler","BaseMod","Colored Powertips","Minty Spire (QoL Compilation)","Permanent Neow","Quick Restart","Slay-I","StSLib","Waifu the Spire"],"gold_per_floor":[110,86,86,86,161,182,205,249,274,274,309,309,391,405,405,498,498,513,528,547,566,591,591,625,643,666,941,711,711,711,736,736,736,736],"floor_reached":33,"language":"ENG","playtime":803,"items_purged":["Regret"],"score":457,"play_id":"1f2ad1e5-285e-4884-80e0-5eda607b5593","local_time":"20210130225038","is_ascension_mode":true,"campfire_choices":[{"floor":10,"key":"REST"},{"data":"Immolate","floor":12,"key":"SMITH"},{"floor":15,"key":"REST"},{"data":"Metallicize","floor":23,"key":"SMITH"},{"floor":29,"key":"REST"},{"data":"Double Tap","floor":32,"key":"SMITH"}],"circlet_count":0,"master_deck":["AscendersBane","Strike_R","Strike_R","Strike_R","Strike_R","Strike_R","Defend_R","Defend_R","Defend_R","Defend_R","Bash","Sword Boomerang","Injury","Perfected Strike","Immolate+1","Cleave","Double Tap+1","Metallicize+1","Clash+1"],"relics":["Black Blood","Tiny Chest","Golden Idol","Boot","Bag of Marbles","Paper Frog","Regal Pillow","PreservedInsect","Blood Vial","Self Forming Clay"],"acts_visited":["Exordium","TheCity"],"potions_floor_usage":[11,11,22,24,24,33],"damage_taken":[{"damage":5,"enemies":"Small Slimes","floor":1,"turns":3},{"damage":14,"enemies":"Jaw Worm","floor":6,"turns":5},{"damage":4,"enemies":"2 Louse","floor":7,"turns":3},{"damage":55,"enemies":"3 Sentries","floor":8,"turns":10},{"damage":16,"enemies":"Gremlin Nob","floor":11,"turns":3},{"damage":0,"enemies":"Gremlin Gang","floor":14,"turns":1},{"damage":43,"enemies":"Slime Boss","floor":16,"turns":9},{"damage":12,"enemies":"Chosen","floor":18,"turns":3},{"damage":35,"enemies":"3 Byrds","floor":19,"turns":5},{"damage":5,"enemies":"Snecko","floor":20,"turns":3},{"damage":14,"enemies":"Centurion and Healer","floor":21,"turns":4},{"damage":24,"enemies":"Snake Plant","floor":22,"turns":4},{"damage":46,"enemies":"Slavers","floor":24,"turns":5},{"damage":0,"enemies":"Shelled Parasite and Fungi","floor":25,"turns":1},{"damage":27,"enemies":"Centurion and Healer","floor":31,"turns":7},{"damage":92,"enemies":"Automaton","floor":33,"turns":6}],"seed_played":"4240007530914884692","potions_obtained":[{"floor":1,"key":"Strength Potion"},{"floor":8,"key":"LiquidBronze"},{"floor":16,"key":"BloodPotion"},{"floor":20,"key":"Fire Potion"},{"floor":22,"key":"PowerPotion"},{"floor":25,"key":"BloodPotion"}],"is_trial":false,"path_per_floor":["M","$","?","?","?","M","M","E","T","R","E","R","T","M","R","B",null,"M","M","M","M","M","R","E","M","T","?","$","R","T","M","R","B"],"character_chosen":"IRONCLAD","items_purchased":["Sword Boomerang","Blood Vial"],"campfire_rested":3,"item_purchase_floors":[2,28],"current_hp_per_floor":[73,73,73,78,67,59,61,12,12,37,27,27,27,33,58,21,69,69,46,53,51,39,39,22,34,34,34,34,74,74,61,61,0,0],"gold":736,"neow_bonus":"RANDOM_COMMON_RELIC","is_daily":false,"chose_seed":false,"campfire_upgraded":3,"win_rate":0.0,"timestamp":1612075838,"path_taken":["M","$","?","?","?","M","M","E","T","R","E","R","?","M","R","BOSS","M","?","M","?","M","R","E","M","T","?","$","R","?","M","R","BOSS"],"items_purchased_type":["Card","Relic"],"build_version":"2020-12-22","purchased_purges":1,"victory":false,"max_hp_per_floor":[80,80,80,85,85,85,85,85,85,85,85,85,85,85,85,85,85,85,85,85,85,85,85,85,85,85,85,85,85,85,85,85,85,85],"card_choices":[{"not_picked":["Sever Soul","Rupture","Infernal Blade"],"picked":"SKIP","floor":1},{"not_picked":["Armaments","Sentinel"],"picked":"Perfected Strike","floor":6},{"not_picked":["Shrug It Off","Fire Breathing","Heavy Blade"],"picked":"SKIP","floor":7},{"not_picked":["Havoc","Clothesline"],"picked":"Immolate","floor":8},{"not_picked":["Feel No Pain","Dark Embrace"],"picked":"Cleave","floor":11},{"not_picked":["True Grit","Pummel","Clothesline"],"picked":"SKIP","floor":14},{"not_picked":["Bludgeon","Corruption"],"picked":"Double Tap","floor":16},{"not_picked":["Disarm","Anger"],"picked":"Metallicize","floor":18},{"not_picked":["Wild Strike","Anger","Ghostly Armor"],"picked":"SKIP","floor":19},{"not_picked":["Thunderclap","Headbutt","Havoc"],"picked":"SKIP","floor":20},{"not_picked":["Limit Break","Warcry","Anger"],"picked":"SKIP","floor":21},{"not_picked":["Heavy Blade","Feel No Pain","Headbutt"],"picked":"SKIP","floor":22},{"not_picked":["Dark Embrace+1","Demon Form","Pummel"],"picked":"SKIP","floor":24},{"not_picked":["Thunderclap","Heavy Blade","Wild Strike"],"picked":"SKIP","floor":25},{"not_picked":["Battle Trance","Power Through"],"picked":"Clash+1","floor":31}],"player_experience":736942,"relics_obtained":[{"floor":8,"key":"Boot"},{"floor":11,"key":"Bag of Marbles"},{"floor":13,"key":"Paper Frog"},{"floor":24,"key":"Regal Pillow"},{"floor":26,"key":"PreservedInsect"},{"floor":30,"key":"Self Forming Clay"}],"event_choices":[{"damage_healed":0,"gold_gain":0,"player_choice":"Take Wound","damage_taken":0,"relics_obtained":["Golden Idol"],"max_hp_gain":0,"max_hp_loss":0,"event_name":"Golden Idol","floor":3,"gold_loss":0,"cards_obtained":["Injury"]},{"damage_healed":0,"gold_gain":0,"player_choice":"Donut","damage_taken":0,"max_hp_gain":5,"max_hp_loss":0,"event_name":"Big Fish","floor":4,"gold_loss":0},{"damage_healed":0,"gold_gain":75,"player_choice":"Gather Gold","damage_taken":11,"max_hp_gain":0,"max_hp_loss":0,"event_name":"World of Goop","floor":5,"gold_loss":0},{"damage_healed":0,"gold_gain":275,"player_choice":"Desecrate","damage_taken":0,"max_hp_gain":0,"max_hp_loss":0,"event_name":"Golden Shrine","floor":27,"gold_loss":0,"cards_obtained":["Regret"]}],"is_beta":false,"boss_relics":[{"not_picked":["Velvet Choker","Runic Pyramid"],"picked":"Black Blood"}],"items_purged_floors":[28],"is_endless":false,"potions_floor_spawned":[1,8,16,20,21,22,25],"killed_by":"Automaton","ascension_level":13}}