{"host":"natui9yr7uuq78xo","time":1612065227,"event":{"mods":["BaseMod","Better Third Choice","BetterRewards","Downfall","Minty Spire (QoL Compilation)","StSLib"],"gold_per_floor":[99,99,99,99,99,99,99,9,9,109,109,209,209,225,238,238,238,238],"floor_reached":16,"language":"ENG","playtime":740,"items_purged":["champ:Strike"],"score":84,"play_id":"2eeb6e44-9968-4f9c-80f7-5dca760f5401","local_time":"20210130175347","is_ascension_mode":false,"campfire_choices":[{"data":"champ:Execute","floor":1.0,"key":"SMITH"},{"data":"champ:CalledShot","floor":11,"key":"SMITH"},{"data":"champ:FalseCounter","floor":13,"key":"SMITH"}],"circlet_count":0,"master_deck":["champ:Strike","champ:Defend","champ:Defend","champ:Defend","champ:Defend","champ:Execute+1","champ:Taunt","champ:BringItOn","champ:Shatter+1","champ:FaceSlap","champ:FalseCounter+1","champ:CalledShot+1","champ:SteelEdge","champ:SetATrap"],"relics":["champ:ChampionCrown","downfall:HeartsMalice","downfall:ShatteredFragment","Mummified Hand","champ:LiftRelic"],"acts_visited":["Exordium"],"potions_floor_usage":[],"damage_taken":[{"damage":0.0,"enemies":"Small Slimes","floor":2.0,"turns":1.0},{"damage":0.0,"enemies":"Jaw Worm","floor":3.0,"turns":1.0},{"damage":0.0,"enemies":"2 Louse","floor":4.0,"turns":1.0},{"damage":25.0,"enemies":"downfall:FleeingMerchant","floor":8.0,"turns":4.0},{"damage":50,"enemies":"downfall:Heads","floor":10,"turns":7},{"damage":15,"enemies":"Large Slime","floor":14,"turns":4},{"damage":5,"enemies":"3 Louse","floor":15,"turns":4},{"damage":42,"enemies":"SI_SHIV_ARCHETYPE","floor":16,"turns":8}],"seed_played":"-1361704390882052545","potions_obtained":[{"floor":10,"key":"champ:OpenerPotion"},{"floor":14,"key":"ColorlessPotion"}],"is_trial":false,"path_per_floor":["R","M","M","M","?","?","T","$","?","?","R","?","R","M","M","B"],"character_chosen":"THE_CHAMP","items_purchased":[],"campfire_rested":0,"item_purchase_floors":[],"current_hp_per_floor":[90,90,90,90,95,68,68,68,68,43,43,43,43,38,38,0,0,0],"gold":238,"neow_bonus":"THREE_ENEMY_KILL","is_daily":false,"chose_seed":false,"campfire_upgraded":3,"win_rate":0.0,"timestamp":1612065227,"path_taken":["R","M","M","M","?","?","T","$","?","?","R","?","R","M","M","BOSS"],"items_purchased_type":[],"build_version":"2020-12-22","purchased_purges":1,"victory":false,"max_hp_per_floor":[90,90,90,90,95,95,95,95,95,95,95,95,95,95,95,95,95,95],"card_choices":[{"not_picked":["champ:GladiatorStyle","champ:PreciseThrust"],"picked":"champ:BringItOn","floor":2.0},{"not_picked":["champ:BerserkersShout","champ:Shatter","champ:BladeFlurry"],"picked":"SKIP","floor":3.0},{"not_picked":["champ:BerserkersShout","champ:BladeFlurry"],"picked":"champ:Shatter","floor":3.0},{"not_picked":["champ:Shatter","champ:SetATrap"],"picked":"champ:FaceSlap","floor":4.0},{"not_picked":["champ:FlashCut","champ:GladiatorStyle","champ:Encircle"],"picked":"SKIP","floor":8},{"not_picked":["champ:Shatter","champ:FaceSlap"],"picked":"champ:CalledShot","floor":10},{"not_picked":["champ:RecklessLeap","champ:DefensiveShout"],"picked":"champ:SteelEdge","floor":14},{"not_picked":["champ:BladeFlurry","champ:PreciseThrust"],"picked":"champ:SetATrap","floor":15}],"player_experience":357291,"relics_obtained":[{"floor":7.0,"key":"Mummified Hand"}],"event_choices":[{"damage_healed":0.0,"max_hp_gain":5.0,"max_hp_loss":0.0,"gold_gain":0.0,"event_name":"Big Fish","player_choice":"Donut","floor":5.0,"gold_loss":0.0,"damage_taken":0.0}],"is_beta":false,"boss_relics":[],"items_purged_floors":[8],"is_endless":false,"potions_floor_spawned":[10,14],"killed_by":"SI_SHIV_ARCHETYPE","ascension_level":0}}