{"host":"lip44byzewa3adv8","time":1612107326,"event":{"mods":["BaseMod","Curses Come First","Minty Spire (QoL Compilation)","Relic Sorter","Relic Stats","StSLib","Synergy Search"],"gold_per_floor":[114,114,114,129,129,159,159,189,264,294,294,324,339,39,39,139,139,154,169,184,199,214,544,559,589,589,619,634,664,679,709,709,809,809,824,472,472,522,522,552,552,582,582,171,201,231,246,276,276,276],"floor_reached":51,"language":"ENG","playtime":4352,"items_purged":["Strike_R","Strike_R"],"score":1121,"play_id":"ca9345a3-7ffb-45ca-a1ba-c07e6c8a379a","local_time":"20210131103526","daily_mods":["Allstar","Diverse","Elite Swarm"],"is_ascension_mode":false,"campfire_choices":[{"floor":7,"key":"REST"},{"floor":11,"key":"REST"},{"data":"Die Die Die","floor":15,"key":"SMITH"},{"data":"Wraith Form v2","floor":32,"key":"SMITH"},{"data":"Buffer","floor":41,"key":"SMITH"},{"data":"Panacea","floor":49,"key":"SMITH"}],"circlet_count":0,"master_deck":["Strike_R+1","Strike_R+1","Strike_R","Defend_R+1","Defend_R+1","Defend_R","Defend_R+1","Bash+1","Discovery","Blind","Transmutation+1","Impatience+1","Panacea+1","Conserve Battery","Offering","Echo Form+1","Wraith Form v2+1","Die Die Die+1","Reprogram+1","Meteor Strike","BowlingBash+1","Battle Trance+1","Self Repair+1","Backflip+1","Die Die Die+1","LessonLearned","Echo Form","Doppelganger+1","DeusExMachina+1","Buffer+1","CurseOfTheBell","Blade Dance+1","Burning Pact+1","Go for the Eyes","Flash of Steel+1","Jack Of All Trades+1","Jack Of All Trades+1","Hologram+1","Reaper","Alpha+1","Offering+1","Dark Shackles+1","MasterReality+1"],"relics":["Burning Blood","Incense Burner","Self Forming Clay","Bronze Scales","Paper Frog","Blood Vial","Toxic Egg 2","Regal Pillow","Happy Flower","SlaversCollar","Old Coin","Ornamental Fan","Potion Belt","Bottled Tornado","Shuriken","Bottled Flame","Calling Bell","Lantern","Blue Candle","Gambling Chip","TheAbacus","WingedGreaves","Anchor","Gremlin Horn","Ginger","Akabeko","Frozen Egg 2","Du-Vu Doll","Omamori"],"acts_visited":["Exordium","TheCity","TheBeyond"],"potions_floor_usage":[29,50,50,50,50],"damage_taken":[{"damage":0,"enemies":"Small Slimes","floor":1,"turns":3},{"damage":6,"enemies":"Jaw Worm","floor":4,"turns":3},{"damage":28,"enemies":"Lagavulin","floor":6,"turns":9},{"damage":28,"enemies":"3 Sentries","floor":8,"turns":8},{"damage":24,"enemies":"Gremlin Nob","floor":10,"turns":4},{"damage":2,"enemies":"Lagavulin","floor":12,"turns":7},{"damage":1,"enemies":"Cultist","floor":13,"turns":3},{"damage":30,"enemies":"Slime Boss","floor":16,"turns":6},{"damage":21,"enemies":"2 Thieves","floor":18,"turns":3},{"damage":7,"enemies":"Shell Parasite","floor":19,"turns":7},{"damage":3,"enemies":"Shelled Parasite and Fungi","floor":20,"turns":4},{"damage":17,"enemies":"Snecko","floor":21,"turns":4},{"damage":15,"enemies":"Centurion and Healer","floor":22,"turns":5},{"damage":6,"enemies":"Gremlin Leader","floor":23,"turns":4},{"damage":14,"enemies":"Shelled Parasite and Fungi","floor":24,"turns":6},{"damage":11,"enemies":"Slavers","floor":25,"turns":4},{"damage":14,"enemies":"Book of Stabbing","floor":27,"turns":6},{"damage":16,"enemies":"Chosen and Byrds","floor":28,"turns":5},{"damage":33,"enemies":"Gremlin Leader","floor":29,"turns":5},{"damage":14,"enemies":"Sentry and Sphere","floor":30,"turns":6},{"damage":3,"enemies":"Book of Stabbing","floor":31,"turns":5},{"damage":4,"enemies":"Collector","floor":33,"turns":5},{"damage":1,"enemies":"3 Darklings","floor":35,"turns":6},{"damage":9,"enemies":"Mind Bloom Boss Battle","floor":38,"turns":6},{"damage":14,"enemies":"Giant Head","floor":40,"turns":7},{"damage":7,"enemies":"Nemesis","floor":42,"turns":7},{"damage":8,"enemies":"Reptomancer","floor":45,"turns":7},{"damage":1,"enemies":"Nemesis","floor":46,"turns":5},{"damage":6,"enemies":"3 Shapes","floor":47,"turns":3},{"damage":15,"enemies":"Reptomancer","floor":48,"turns":4},{"damage":17,"enemies":"Awakened One","floor":50,"turns":7}],"seed_played":"7510361231737359051","potions_obtained":[{"floor":4,"key":"BloodPotion"},{"floor":8,"key":"Dexterity Potion"},{"floor":16,"key":"Weak Potion"},{"floor":27,"key":"LiquidBronze"},{"floor":29,"key":"Strength Potion"},{"floor":30,"key":"LiquidBronze"}],"is_trial":false,"path_per_floor":["M","?","?","M","?","E","R","E","T","E","R","E","M","$","R","B",null,"M","M","M","M","M","E","M","E","T","E","M","E","M","E","R","B",null,"M","$","?","?","?","E","R","E","T","$","E","E","M","E","R","B",null],"character_chosen":"IRONCLAD","items_purchased":["Regal Pillow","Happy Flower","Burning Pact+1","TheAbacus","Go for the Eyes","Akabeko","Offering+1","Dark Shackles+1"],"campfire_rested":2,"item_purchase_floors":[14,14,36,36,36,44,44,44],"current_hp_per_floor":[80,62,46,46,46,24,48,26,26,8,32,38,45,45,45,23,80,65,66,71,72,75,80,80,80,80,80,70,45,49,64,64,78,80,80,80,70,80,80,80,80,80,80,80,80,80,80,80,80,80],"gold":276,"neow_bonus":"","is_daily":true,"chose_seed":false,"campfire_upgraded":4,"win_rate":0.0,"timestamp":1612107326,"path_taken":["M","?","?","M","?","E","R","E","T","E","R","E","M","$","R","BOSS","M","M","M","?","M","E","?","E","T","E","M","E","M","E","R","BOSS","M","$","?","?","?","E","R","E","T","$","E","E","M","E","R","BOSS"],"items_purchased_type":["Relic","Relic","Card","Relic","Card","Relic","Card","Card"],"build_version":"2020-12-22","purchased_purges":2,"victory":true,"max_hp_per_floor":[80,80,80,80,80,80,80,80,80,80,80,80,80,80,80,80,80,80,80,80,80,80,80,80,80,80,80,80,80,80,80,80,80,80,80,80,80,80,80,80,80,80,80,80,80,80,80,80,80,80],"relic_stats":{"Regal Pillow":0,"Happy Flower":[42],"Gremlin Horn":[14,14],"counters":[31,164],"Self Forming Clay":[204],"Blue Candle":[9],"Ginger":[1],"Burning Blood":153,"Blood Vial":26,"TheAbacus":[48],"Ornamental Fan":[176],"Shuriken":[37],"Bronze Scales":[434],"Gambling Chip":[20],"obtain_stats":[{"Regal Pillow":14,"Lantern":34,"Gremlin Horn":42,"Incense Burner":2,"Ginger":43,"Bottled Tornado":27,"Burning Blood":0,"Old Coin":23,"Blood Vial":10,"TheAbacus":36,"Gambling Chip":34,"WingedGreaves":38,"Toxic Egg 2":12,"Paper Frog":9,"Potion Belt":26,"Happy Flower":14,"Self Forming Clay":6,"Blue Candle":34,"Omamori":48,"Frozen Egg 2":45,"Akabeko":44,"Calling Bell":34,"Du-Vu Doll":46,"SlaversCollar":17,"Bottled Flame":31,"Anchor":40,"Ornamental Fan":25,"Shuriken":29,"Bronze Scales":8},{"Regal Pillow":7,"Lantern":22,"Gremlin Horn":26,"Incense Burner":1,"Ginger":26,"Bottled Tornado":17,"Burning Blood":0,"Old Coin":14,"Blood Vial":5,"TheAbacus":23,"Gambling Chip":22,"WingedGreaves":24,"Toxic Egg 2":6,"Paper Frog":4,"Potion Belt":16,"Happy Flower":7,"Self Forming Clay":3,"Blue Candle":22,"Omamori":30,"Frozen Egg 2":27,"Akabeko":26,"Calling Bell":22,"Du-Vu Doll":28,"SlaversCollar":8,"Bottled Flame":21,"Anchor":25,"Ornamental Fan":16,"Shuriken":19,"Bronze Scales":4},{"Regal Pillow":37,"Lantern":112,"Gremlin Horn":138,"Incense Burner":3,"Ginger":138,"Bottled Tornado":86,"Burning Blood":0,"Old Coin":70,"Blood Vial":27,"TheAbacus":118,"Gambling Chip":112,"WingedGreaves":124,"Toxic Egg 2":34,"Paper Frog":23,"Potion Belt":80,"Happy Flower":37,"Self Forming Clay":15,"Blue Candle":112,"Omamori":157,"Frozen Egg 2":145,"Akabeko":138,"Calling Bell":112,"Du-Vu Doll":150,"SlaversCollar":43,"Bottled Flame":107,"Anchor":131,"Ornamental Fan":80,"Shuriken":96,"Bronze Scales":23}]},"card_choices":[{"not_picked":["Prostrate","Prepared"],"picked":"Conserve Battery","floor":1},{"not_picked":["CutThroughFate","Pummel"],"picked":"Skewer","floor":4},{"not_picked":["Envenom","Wish"],"picked":"Offering","floor":6},{"not_picked":["Grand Finale","Immolate"],"picked":"Echo Form","floor":8},{"not_picked":["Bludgeon","Glass Knife"],"picked":"Wraith Form v2","floor":10},{"not_picked":["Burst+1","Vault+1"],"picked":"Die Die Die","floor":12},{"not_picked":["Thunderclap","Crippling Poison+1"],"picked":"Reprogram+1","floor":13},{"not_picked":["Biased Cognition","Barricade"],"picked":"Meteor Strike","floor":16},{"not_picked":["Outmaneuver+1","EmptyFist"],"picked":"BowlingBash","floor":18},{"not_picked":["Wild Strike+1","Deadly Poison+1"],"picked":"Battle Trance+1","floor":19},{"not_picked":["Concentrate+1","FollowUp"],"picked":"Self Repair+1","floor":20},{"not_picked":["Cloak And Dagger+1","Setup+1"],"picked":"Backflip+1","floor":21},{"not_picked":["Crippling Poison+1","Flying Knee"],"picked":"Die Die Die","floor":22},{"not_picked":["Rainbow+1","Storm of Steel+1"],"picked":"LessonLearned","floor":23},{"not_picked":["Endless Agony","Streamline","Compile Driver+1"],"picked":"SKIP","floor":24},{"not_picked":["Burst+1","Reboot+1"],"picked":"Echo Form","floor":25},{"not_picked":["Brilliance","Biased Cognition"],"picked":"Doppelganger+1","floor":27},{"not_picked":["FollowUp","Steam+1","Rebound+1"],"picked":"SKIP","floor":28},{"not_picked":["Juggernaut","Scrawl+1","Meteor Strike"],"picked":"SKIP","floor":29},{"not_picked":["Thunderclap","Blood for Blood","Reflex+1"],"picked":"SKIP","floor":30},{"not_picked":["Amplify+1","Doppelganger+1"],"picked":"DeusExMachina+1","floor":31},{"not_picked":["Reboot+1","Offering+1"],"picked":"Buffer","floor":33},{"not_picked":["Searing Blow+1","Calculated Gamble+1"],"picked":"Blade Dance+1","floor":35},{"not_picked":["Impatience+1","HandOfGreed"],"picked":"Flash of Steel","floor":37},{"not_picked":["PanicButton+1","Forethought+1"],"picked":"Jack Of All Trades+1","floor":37},{"not_picked":["Enlightenment+1","PanicButton+1"],"picked":"Jack Of All Trades+1","floor":37},{"not_picked":["Steam+1","Compile Driver"],"picked":"Hologram+1","floor":38},{"not_picked":["Tools of the Trade","Doppelganger+1"],"picked":"Reaper","floor":40},{"not_picked":["Hyperbeam","Fission+1"],"picked":"Alpha+1","floor":42},{"not_picked":["Creative AI+1","Machine Learning+1","Judgement+1"],"picked":"SKIP","floor":45},{"not_picked":["Corpse Explosion+1","Blasphemy+1"],"picked":"MasterReality+1","floor":46},{"not_picked":["Beam Cell","Flying Knee","Distraction+1"],"picked":"SKIP","floor":47},{"not_picked":["Establishment+1","Thunder Strike","Rainbow+1"],"picked":"SKIP","floor":48}],"player_experience":782218,"relics_obtained":[{"floor":6,"key":"Self Forming Clay"},{"floor":8,"key":"Bronze Scales"},{"floor":9,"key":"Paper Frog"},{"floor":10,"key":"Blood Vial"},{"floor":12,"key":"Toxic Egg 2"},{"floor":23,"key":"Old Coin"},{"floor":25,"key":"Ornamental Fan"},{"floor":26,"key":"Potion Belt"},{"floor":27,"key":"Bottled Tornado"},{"floor":29,"key":"Shuriken"},{"floor":31,"key":"Bottled Flame"},{"floor":34,"key":"Lantern"},{"floor":34,"key":"Blue Candle"},{"floor":34,"key":"Gambling Chip"},{"floor":38,"key":"WingedGreaves"},{"floor":40,"key":"Anchor"},{"floor":42,"key":"Gremlin Horn"},{"floor":43,"key":"Ginger"},{"floor":45,"key":"Frozen Egg 2"},{"floor":46,"key":"Du-Vu Doll"},{"floor":48,"key":"Omamori"}],"event_choices":[{"damage_healed":0,"gold_gain":0,"player_choice":"Success","damage_taken":18,"relics_obtained":["Incense Burner"],"max_hp_gain":0,"max_hp_loss":0,"event_name":"Scrap Ooze","floor":2,"gold_loss":0},{"damage_healed":0,"gold_gain":0,"player_choice":"Entered Light","damage_taken":16,"max_hp_gain":0,"max_hp_loss":0,"event_name":"Shining Light","floor":3,"gold_loss":0,"cards_upgraded":["Transmutation","Strike_R"]},{"damage_healed":0,"gold_gain":0,"player_choice":"Forge","damage_taken":0,"max_hp_gain":0,"max_hp_loss":0,"event_name":"Accursed Blacksmith","floor":5,"gold_loss":0,"cards_upgraded":["Bash"]},{"damage_healed":0,"gold_gain":0,"player_choice":"Memory 3","damage_taken":10,"max_hp_gain":0,"max_hp_loss":0,"event_name":"SensoryStone","floor":37,"gold_loss":0},{"damage_healed":0,"gold_gain":0,"player_choice":"Fight","damage_taken":0,"max_hp_gain":0,"max_hp_loss":0,"event_name":"MindBloom","floor":38,"gold_loss":0},{"cards_removed":["Skewer"],"damage_healed":0,"gold_gain":0,"player_choice":"Removed Attack","damage_taken":0,"max_hp_gain":0,"max_hp_loss":0,"event_name":"Falling","floor":39,"gold_loss":0}],"is_beta":false,"boss_relics":[{"not_picked":["Mark of Pain","Sozu"],"picked":"SlaversCollar"},{"not_picked":["SacredBark","Velvet Choker"],"picked":"Calling Bell"}],"items_purged_floors":[36,44],"is_endless":false,"potions_floor_spawned":[4,8,16,21,23,27,29,30,31,45,46,47],"ascension_level":0}}