{"host":"f0gpob8hq9vgebej","time":1612077605,"event":{"mods":["AchievementEnabler","BaseMod","Minty Spire (QoL Compilation)","Quick Restart","SuperFastMode"],"gold_per_floor":[112,124,143,160,174,174,205,205,205,205,216,235,25,25,25],"floor_reached":14,"language":"KOR","playtime":300,"items_purged":["Strike_R"],"score":165,"play_id":"58478fb7-7416-4466-802f-d95713d38fe6","local_time":"20210131162005","is_ascension_mode":true,"campfire_choices":[{"data":"Blood for Blood","floor":6.0,"key":"SMITH"},{"data":"Pommel Strike","floor":8.0,"key":"SMITH"},{"data":"Bloodletting","floor":10.0,"key":"SMITH"}],"circlet_count":0,"master_deck":["AscendersBane","Strike_R","Strike_R","Strike_R","Strike_R","Defend_R","Defend_R","Defend_R","Defend_R","Bash","Pommel Strike+1","Combust","Blood for Blood+1","Bloodletting+1","Hemokinesis","Rupture","Feed"],"relics":["Burning Blood","Juzu Bracelet","The Courier"],"acts_visited":["Exordium"],"potions_floor_usage":[14],"damage_taken":[{"damage":8.0,"enemies":"Jaw Worm","floor":1.0,"turns":6.0},{"damage":6.0,"enemies":"Cultist","floor":2.0,"turns":3.0},{"damage":3.0,"enemies":"Small Slimes","floor":3.0,"turns":3.0},{"damage":9.0,"enemies":"2 Fungi Beasts","floor":4.0,"turns":2.0},{"damage":14.0,"enemies":"Looter","floor":5.0,"turns":3.0},{"damage":33.0,"enemies":"Gremlin Nob","floor":7.0,"turns":4.0},{"damage":2.0,"enemies":"Large Slime","floor":11.0,"turns":5.0},{"damage":27.0,"enemies":"3 Louse","floor":12.0,"turns":3.0},{"damage":21,"enemies":"Lagavulin","floor":14,"turns":4}],"seed_played":"5332050771846418652","potions_obtained":[{"floor":1.0,"key":"SpeedPotion"},{"floor":7.0,"key":"Strength Potion"}],"is_trial":false,"path_per_floor":["M","M","M","M","M","R","E","R","T","R","M","M","$","E"],"character_chosen":"IRONCLAD","items_purchased":["Rupture","Feed"],"campfire_rested":0,"item_purchase_floors":[13,13],"current_hp_per_floor":[73,73,76,73,65,65,38,38,38,38,42,21,21,0,0],"gold":25,"neow_bonus":"TEN_PERCENT_HP_BONUS","is_daily":false,"chose_seed":false,"campfire_upgraded":3,"win_rate":0.0,"timestamp":1612077605,"path_taken":["M","M","M","M","M","R","E","R","T","R","M","M","$","E"],"items_purchased_type":["Card","Card"],"build_version":"2020-12-22","purchased_purges":1,"victory":false,"max_hp_per_floor":[82,82,82,82,82,82,82,82,82,82,82,82,82,82,82],"card_choices":[{"not_picked":["Headbutt","Entrench"],"picked":"Pommel Strike","floor":1.0},{"not_picked":["Warcry","Disarm"],"picked":"Combust","floor":2.0},{"not_picked":["Flex","Shockwave"],"picked":"Blood for Blood","floor":3.0},{"not_picked":["Perfected Strike","Flame Barrier","Anger"],"picked":"SKIP","floor":4.0},{"not_picked":["Combust","Thunderclap"],"picked":"Bloodletting","floor":5.0},{"not_picked":["Warcry","Flex","Bloodletting"],"picked":"SKIP","floor":7.0},{"not_picked":["Evolve","Perfected Strike","Flex"],"picked":"SKIP","floor":11.0},{"not_picked":["Clash","Shrug It Off"],"picked":"Hemokinesis","floor":12.0}],"player_experience":309685,"relics_obtained":[{"floor":7.0,"key":"Juzu Bracelet"},{"floor":9.0,"key":"The Courier"}],"event_choices":[],"is_beta":false,"boss_relics":[],"items_purged_floors":[13],"is_endless":false,"potions_floor_spawned":[1,7,11,12],"killed_by":"Lagavulin","ascension_level":15}}