{"host":"6kyqgln1ip325a4v","time":1612135467,"event":{"mods":["BaseMod","Minty Spire (QoL Compilation)"],"gold_per_floor":[117,117,137,147,147,147,176,192,192,157,170,129,129,147,147,147,147],"floor_reached":16,"language":"ENG","playtime":680,"items_purged":[],"score":107,"play_id":"eea13a75-78f2-4445-9646-52a30bf84994","local_time":"20210131182427","is_ascension_mode":true,"campfire_choices":[{"data":"Blade Dance","floor":6,"key":"SMITH"},{"floor":13,"key":"REST"},{"floor":15,"key":"REST"}],"circlet_count":0,"master_deck":["Strike_G","Strike_G","Strike_G","Strike_G","Defend_G","Defend_G","Defend_G","Defend_G","Defend_G","Survivor","Neutralize","Blade Dance+1","Acrobatics","Finisher","Endless Agony","Crippling Poison"],"relics":["Snecko Eye","Regal Pillow","Blood Vial"],"acts_visited":["Exordium"],"potions_floor_usage":[8,16],"damage_taken":[{"damage":0,"enemies":"Jaw Worm","floor":1,"turns":5},{"damage":0,"enemies":"Small Slimes","floor":3,"turns":4},{"damage":4,"enemies":"Cultist","floor":4,"turns":4},{"damage":54,"enemies":"Gremlin Nob","floor":7,"turns":5},{"damage":3,"enemies":"Gremlin Gang","floor":8,"turns":3},{"damage":6,"enemies":"3 Louse","floor":11,"turns":3},{"damage":19,"enemies":"Blue Slaver","floor":14,"turns":3},{"damage":70,"enemies":"Hexaghost","floor":16,"turns":13}],"seed_played":"3270916101894050780","potions_obtained":[{"floor":3,"key":"Dexterity Potion"},{"floor":7,"key":"DistilledChaos"}],"is_trial":false,"path_per_floor":["M","?","M","M","?","R","E","M","T","?","M","?","R","M","R","B"],"character_chosen":"THE_SILENT","items_purchased":[],"campfire_rested":2,"item_purchase_floors":[],"current_hp_per_floor":[70,70,70,66,59,59,5,2,2,19,15,15,51,34,70,0,0],"gold":147,"neow_bonus":"BOSS_RELIC","is_daily":false,"chose_seed":false,"campfire_upgraded":1,"win_rate":0.0,"timestamp":1612135467,"path_taken":["M","?","M","M","?","R","E","M","T","?","?","?","R","M","R","BOSS"],"items_purchased_type":[],"build_version":"2020-12-22","purchased_purges":0,"victory":false,"max_hp_per_floor":[70,70,70,70,70,70,70,70,70,70,70,70,70,70,70,70,70],"card_choices":[{"not_picked":["Deflect","Expertise"],"picked":"Blade Dance","floor":1},{"not_picked":["Dagger Spray","Concentrate"],"picked":"Acrobatics","floor":3},{"not_picked":["Dagger Spray","Quick Slash"],"picked":"Finisher","floor":4},{"not_picked":["Dodge and Roll","Deflect","Dagger Spray"],"picked":"SKIP","floor":7},{"not_picked":["Backflip","Slice","Sucker Punch"],"picked":"SKIP","floor":8},{"not_picked":["Adrenaline","Cloak And Dagger"],"picked":"Endless Agony","floor":11},{"not_picked":["Backflip","Predator"],"picked":"Crippling Poison","floor":14}],"player_experience":162601,"relics_obtained":[{"floor":7,"key":"Regal Pillow"},{"floor":9,"key":"Blood Vial"}],"event_choices":[{"damage_healed":0,"gold_gain":0,"player_choice":"Ignored","damage_taken":0,"max_hp_gain":0,"max_hp_loss":0,"event_name":"Shining Light","floor":2,"gold_loss":0},{"cards_removed":["Strike_G"],"damage_healed":0,"gold_gain":0,"player_choice":"Card Removal","damage_taken":7,"max_hp_gain":0,"max_hp_loss":0,"event_name":"Golden Wing","floor":5,"gold_loss":0},{"damage_healed":17,"gold_gain":0,"player_choice":"Healed","damage_taken":0,"max_hp_gain":0,"max_hp_loss":0,"event_name":"The Cleric","floor":10,"gold_loss":35},{"damage_healed":0,"gold_gain":0,"player_choice":"Left Gold","damage_taken":0,"max_hp_gain":0,"max_hp_loss":0,"event_name":"World of Goop","floor":12,"gold_loss":41}],"is_beta":false,"boss_relics":[],"items_purged_floors":[],"is_endless":false,"potions_floor_spawned":[3,7],"killed_by":"Hexaghost","ascension_level":1}}