{"host":"syozzdlzcqop4jia","time":1612125748,"event":{"mods":["BaseMod","Colored Map","Colored Powertips","Minty Spire (QoL Compilation)","Quick Restart"],"gold_per_floor":[115,115,43,61,136,165,191,191,191,20,31,41,41,60,60,161,161,161],"floor_reached":17,"language":"ENG","playtime":704,"items_purged":[],"score":186,"play_id":"2a1ad11d-e734-4214-bf5d-22775672159b","local_time":"20210131214228","is_ascension_mode":true,"campfire_choices":[{"floor":8,"key":"REST"},{"data":"Anger","floor":15,"key":"SMITH"}],"circlet_count":0,"master_deck":["Strike_R","Strike_R","Strike_R","Strike_R+1","Strike_R","Defend_R","Defend_R","Defend_R","Defend_R","Bash+1","Metallicize","Uppercut","Pommel Strike","Berserk","Anger+1","Pommel Strike","Cleave","Heavy Blade","Wild Strike","Immolate"],"relics":["Burning Blood","Dream Catcher","Question Card","Ancient Tea Set","Self Forming Clay","Whetstone","Runic Cube"],"acts_visited":["Exordium","TheCity"],"potions_floor_usage":[],"damage_taken":[{"damage":19,"enemies":"Jaw Worm","floor":1,"turns":4},{"damage":6,"enemies":"Cultist","floor":4,"turns":4},{"damage":38,"enemies":"Gremlin Nob","floor":6,"turns":5},{"damage":0,"enemies":"2 Louse","floor":11,"turns":2},{"damage":0,"enemies":"Exordium Thugs","floor":12,"turns":5},{"damage":8,"enemies":"Looter","floor":14,"turns":2},{"damage":19,"enemies":"Slime Boss","floor":16,"turns":7}],"seed_played":"6471221846827688239","potions_obtained":[{"floor":4,"key":"GamblersBrew"},{"floor":12,"key":"GamblersBrew"}],"is_trial":false,"path_per_floor":["M","?","$","M","?","E","T","R","T","$","M","M","$","M","R","B",null],"character_chosen":"IRONCLAD","items_purchased":["Uppercut","Whetstone","Pommel Strike"],"campfire_rested":1,"item_purchase_floors":[3,10,10],"current_hp_per_floor":[75,72,72,72,61,29,29,55,55,55,61,67,67,65,65,52,88,88],"gold":161,"neow_bonus":"TEN_PERCENT_HP_BONUS","is_daily":false,"chose_seed":false,"campfire_upgraded":1,"win_rate":0.0,"timestamp":1612125748,"path_taken":["M","?","$","M","?","E","?","R","T","$","M","M","?","?","R","BOSS"],"items_purchased_type":["Card","Relic","Card"],"build_version":"2020-12-22","purchased_purges":0,"victory":false,"max_hp_per_floor":[88,88,88,88,88,88,88,88,88,88,88,88,88,88,88,88,88,88],"card_choices":[{"not_picked":["Havoc","Burning Pact"],"picked":"Metallicize","floor":1},{"not_picked":["Clothesline","Infernal Blade"],"picked":"Pommel Strike","floor":4},{"not_picked":["Shockwave","Spot Weakness"],"picked":"Berserk","floor":6},{"not_picked":["Iron Wave","Shrug It Off","Headbutt"],"picked":"Anger","floor":8},{"not_picked":["Thunderclap","Power Through","Headbutt"],"picked":"Cleave","floor":11},{"not_picked":["Body Slam","Searing Blow","Thunderclap"],"picked":"Heavy Blade","floor":12},{"not_picked":["Combust","Berserk","Twin Strike"],"picked":"Wild Strike","floor":14},{"not_picked":["Fiend Fire","Juggernaut","Demon Form"],"picked":"Immolate","floor":16}],"player_experience":483150,"relics_obtained":[{"floor":6,"key":"Question Card"},{"floor":7,"key":"Ancient Tea Set"},{"floor":9,"key":"Self Forming Clay"}],"event_choices":[{"damage_healed":0,"gold_gain":0,"player_choice":"Success","damage_taken":3,"relics_obtained":["Dream Catcher"],"max_hp_gain":0,"max_hp_loss":0,"event_name":"Scrap Ooze","floor":2,"gold_loss":0},{"damage_healed":0,"gold_gain":75,"player_choice":"Gather Gold","damage_taken":11,"max_hp_gain":0,"max_hp_loss":0,"event_name":"World of Goop","floor":5,"gold_loss":0}],"is_beta":false,"boss_relics":[{"not_picked":["Runic Dome","SacredBark"],"picked":"Runic Cube"}],"items_purged_floors":[],"is_endless":false,"potions_floor_spawned":[4,12],"ascension_level":4}}