{"host":"dzc8cchcquikqbpv","time":1612118307,"event":{"mods":["BaseMod","Better Third Choice","BetterRewards","Block Reminder","Colored Map","Colored Powertips","Curses Come First","Dark Map","Downfall","Fox Events","Good Game Mod","Highlight Path","Infinite Spire","Minty Spire (QoL Compilation)","Permanent Neow","Quick Restart","Rare Cards Sparkle","Relic Filter Mod","Replay The Spire","Shop Mod","Spire Arcade","StSLib","Uncapped","Weighted Paths"],"gold_per_floor":[113,113,113,188,45,45,9,43,43,56,88,88,115,140,140,242,242,254,254,271,271,259,259,259,272,349,380,380,409,409,441,441,536,536,553,553,564,578,578,578,609,959,1011,1031,1081,1106,864,897,897,993,993,1006,1017,1017,1017,1031,1037,610,622,724,724,725,825,825,825,825,777,777],"floor_reached":67,"language":"ENG","playtime":3867,"items_purged":["Reinforced Body","downfall:Bewildered","downfall:Bewildered","downfall:Bewildered"],"score":1707,"play_id":"b3b7c973-0b82-477a-973c-5fc6f7499736","local_time":"20210131183827","is_ascension_mode":true,"campfire_choices":[{"floor":6.0,"key":"REST"},{"data":"Defragment","floor":12.0,"key":"SMITH"},{"data":"Dramatic Entrance","floor":15.0,"key":"SMITH"},{"data":"Fission","floor":23.0,"key":"SMITH"},{"floor":28.0,"key":"DIG"},{"data":"Defragment","floor":32.0,"key":"SMITH"},{"data":"Aggregate","floor":40.0,"key":"SMITH"},{"floor":49.0,"key":"REST"},{"floor":64,"key":"REST"}],"circlet_count":0,"master_deck":["Strike_B","Strike_B","Strike_B+1","Strike_B","Defend_B+1","Defend_B+1","Defend_B+1","Defend_B+1","Zap","Dualcast+1","Fission+1","Apotheosis+1","Glacier","Secret Technique","Dramatic Entrance+1","Turbo","Turbo","Glacier","Defragment+1","Amplify","BasicCrystalCard","Skim","Barrage","Double Energy","Buffer","Aggregate+1","infinitespire:Oblivion+1","Defragment+1","Hologram+1","Capacitor","Electrodynamics","Tempest+1","Turbo","Self Repair","Mayhem","infinitespire:FutureSight","Writhe","Cold Snap","Double Energy+1","BootSequence+1","Pain","Echo Form+1","Sweeping Beam","downfall:Haunted","downfall:Haunted","Parasite","Decay","Sickly","Shame","Crystallizer+1"],"relics":["Cracked Core","REME:ComplimentaryCards","Replay:Bottled Eggs","WingedGreaves","Thread and Needle","Happy Flower","MerchantsRug","Bronze Scales","StoneCalendar","Mango","Membership Card","Regal Pillow","FossilizedHelix","infinitespire:Freezer","Cables","Chemical X","Blue Candle","Replay:Multitool","Strawberry","infinitespire:Bottled Soul","War Paint","Simple Rune","ReplayTheSpireMod:Shallot","Iron Hammer","Replay:Kaleidoscope","Mirror","sneckomod:BabySnecko","infinitespire:Eraser","Dream Catcher","infinitespire:Beetle Shell","Replay:WaspNest","Pet Ghost","Fusion Hammer","Pantograph","Ring of Greed","Old Coin","Golden Egg","Ring of Hypnosis","ReplayTheSpireMod:TigerMarble","infinitespire:Lychee Nut","Replay:Bottled Flurry","Geode","TheAbacus","Toy Ornithopter","Replay:Drink Me","Ring of Chaos","PrismaticShard","ReplayFunnel","InkBottle","foxEvents:LuckyCharm","Divine Protection","ReplayTheSpireMod:Ninjato","Replay:Lucky Slots","Meat on the Bone","Anchor","Lantern"],"acts_visited":["Exordium","TheCity","TheBeyond","Exordium"],"potions_floor_usage":[67],"damage_taken":[{"damage":0.0,"enemies":"Small Slimes","floor":1.0,"turns":2.0},{"damage":0.0,"enemies":"Lagavulin","floor":8.0,"turns":7.0},{"damage":0.0,"enemies":"Jaw Worm","floor":10.0,"turns":2.0},{"damage":0.0,"enemies":"Replay:BlueRogue","floor":11.0,"turns":5.0},{"damage":0.0,"enemies":"Lagavulin","floor":13.0,"turns":5.0},{"damage":0.0,"enemies":"Gremlin Nob","floor":14.0,"turns":4.0},{"damage":0.0,"enemies":"The Guardian","floor":16.0,"turns":7.0},{"damage":0.0,"enemies":"Chosen","floor":18.0,"turns":5.0},{"damage":0.0,"enemies":"2 Thieves","floor":20.0,"turns":4.0},{"damage":0.0,"enemies":"Snecko","floor":25.0,"turns":5.0},{"damage":0.0,"enemies":"Slavers","floor":27.0,"turns":5.0},{"damage":0.0,"enemies":"Replay:Snechameleon","floor":29.0,"turns":5.0},{"damage":0.0,"enemies":"Slavers","floor":31.0,"turns":5.0},{"damage":0.0,"enemies":"Champ","floor":33.0,"turns":9.0},{"damage":0.0,"enemies":"Orb Walker","floor":35.0,"turns":2.0},{"damage":0.0,"enemies":"3 Darklings","floor":37.0,"turns":2.0},{"damage":0.0,"enemies":"4 Shapes","floor":38.0,"turns":2.0},{"damage":1.0,"enemies":"Nightmare","floor":41.0,"turns":6.0},{"damage":0.0,"enemies":"Sphere and 2 Shapes","floor":44.0,"turns":4.0},{"damage":0.0,"enemies":"Mind Bloom Boss Battle","floor":45.0,"turns":6.0},{"damage":2.0,"enemies":"Nemesis","floor":46.0,"turns":7.0},{"damage":28.0,"enemies":"Giant Head","floor":48.0,"turns":7.0},{"damage":12.0,"enemies":"Awakened One","floor":50.0,"turns":9.0},{"damage":0.0,"enemies":"Cultist","floor":52.0,"turns":1.0},{"damage":0.0,"enemies":"2 Louse","floor":53.0,"turns":1.0},{"damage":0,"enemies":"Colosseum Slavers","floor":56,"turns":1},{"damage":0,"enemies":"Gremlin Nob","floor":57,"turns":2},{"damage":0,"enemies":"Jaw Worm","floor":59,"turns":1},{"damage":0,"enemies":"Gremlin Gang","floor":62,"turns":2},{"damage":0,"enemies":"Looter","floor":65,"turns":2},{"damage":110,"enemies":"Fading Forest","floor":67,"turns":6}],"seed_played":"-9047423220488169096","potions_obtained":[{"floor":10.0,"key":"Strength Potion"},{"floor":11.0,"key":"Guardian:BlockOnCardUsePotion"},{"floor":16.0,"key":"Milkshake"},{"floor":20.0,"key":"ColorlessPotion"},{"floor":33.0,"key":"hexamod:SoulburnPotion"},{"floor":37.0,"key":"AttackPotion"},{"floor":41.0,"key":"AttackPotion"},{"floor":44.0,"key":"sneckomod:MuddlingPotion"},{"floor":53.0,"key":"Toxic Potion"},{"floor":56,"key":"SmokeBomb"}],"is_trial":false,"path_per_floor":["M","$","?","?","$","R","$","E","T","M","E","R","E","E","R","B",null,"M","AVR","M","?","$","R","?","M","T","E","R","E","?","E","R","B",null,"M","?","M","M","?","R","NM","?","T","M","?","E","$","E","R","B",null,"M","M","AVR","?","?","E","$","M","T","?","M","T","R","M","R","B"],"character_chosen":"DEFECT","items_purchased":["Apotheosis","Replay:Bottled Eggs","Glacier","Thread and Needle","Happy Flower","MerchantsRug","Bronze Scales","Turbo","Membership Card","Regal Pillow","Turbo","infinitespire:Freezer","Cables","Chemical X","Replay:Multitool","Defragment","Mirror","Geode","TheAbacus","BootSequence","ReplayTheSpireMod:Ninjato","Replay:Lucky Slots","Meat on the Bone","Crystallizer"],"campfire_rested":3,"item_purchase_floors":[0,0,0,0,0,0,0,0,0,0,0,0,0,0,5,7,22,47,47,47,58,58,58,58],"current_hp_per_floor":[41,41,36,25,25,66,66,73,73,73,73,73,73,73,73,73,96,96,96,96,96,96,96,96,96,96,96,96,96,96,96,96,96,96,96,96,96,96,96,96,96,96,96,96,72,72,72,55,72,61,54,54,54,54,18,18,23,23,35,35,35,38,38,54,54,54,0,0],"gold":777,"neow_bonus":"","is_daily":false,"chose_seed":false,"campfire_upgraded":5,"win_rate":0.0,"timestamp":1612118307,"path_taken":["M","$","?","?","$","R","?","E","T","?","E","R","E","E","R","BOSS","M","AVR","M","?","$","R","?","M","T","E","R","E","?","E","R","BOSS","M","?","M","M","?","R","NM","?","T","M","?","E","$","E","R","BOSS","M","M","AVR","?","?","E","$","M","T","?","M","?","R","M","R","BOSS"],"items_purchased_type":["Card","Relic","Card","Relic","Relic","Relic","Relic","Card","Relic","Relic","Card","Relic","Relic","Relic","Relic","Card","Relic","Relic","Relic","Card","Relic","Relic","Relic","Card"],"build_version":"2020-12-22","purchased_purges":4,"victory":false,"max_hp_per_floor":[89,89,89,89,89,89,89,96,96,96,96,96,96,96,96,96,96,96,96,96,96,96,96,96,96,96,96,96,96,96,96,96,96,96,96,96,96,96,96,96,96,96,96,96,72,72,72,72,72,72,54,54,54,54,54,54,54,54,54,54,54,54,54,54,54,54,54,54],"card_choices":[{"not_picked":["Redo","Gash"],"picked":"Glacier","floor":1.0},{"not_picked":["Reprogram","ReplayTheSpireMod:System Scan"],"picked":"Amplify","floor":8.0},{"not_picked":["Tempest","Gash"],"picked":"BasicCrystalCard","floor":10.0},{"not_picked":["Sweeping Beam","Mirror Shield"],"picked":"Skim","floor":11.0},{"not_picked":["Darkness","Streamline"],"picked":"Barrage","floor":13.0},{"not_picked":["Turbo","BasicCrystalCard"],"picked":"Double Energy","floor":14.0},{"not_picked":["Multi-Cast","All For One"],"picked":"Buffer","floor":16.0},{"not_picked":["Genetic Algorithm+1","Redo"],"picked":"Aggregate","floor":18.0},{"not_picked":["Coolheaded","Redo","Go for the Eyes"],"picked":"SKIP","floor":20.0},{"not_picked":["Go for the Eyes+1","Lockon","Blizzard"],"picked":"SKIP","floor":25.0},{"not_picked":["Turbo","BasicCrystalCard"],"picked":"Defragment","floor":27.0},{"not_picked":["Skim","Doom and Gloom"],"picked":"Hologram+1","floor":29.0},{"not_picked":["Coolheaded+1","Gash","Reboot"],"picked":"SKIP","floor":31.0},{"not_picked":["Hyperbeam","Multi-Cast"],"picked":"Electrodynamics","floor":33.0},{"not_picked":["Ball Lightning","White Noise+1"],"picked":"Tempest+1","floor":35.0},{"not_picked":["ReplayTheSpireMod:Calculation Training+1","Hologram+1"],"picked":"Turbo","floor":37.0},{"not_picked":["Hologram+1","Streamline+1"],"picked":"Self Repair","floor":38.0},{"not_picked":["Enlightenment","Trip"],"picked":"Mayhem","floor":39.0},{"not_picked":["ReplayTheSpireMod:Black Plague","infinitespire:Collect"],"picked":"infinitespire:FutureSight","floor":41.0},{"not_picked":["Conserve Battery+1","Stack","Steam"],"picked":"SKIP","floor":41.0},{"not_picked":["Leap","Static Discharge"],"picked":"Cold Snap","floor":44.0},{"not_picked":["Self Repair+1","Rebound+1"],"picked":"Double Energy+1","floor":45.0},{"not_picked":["Reboot","Leap+1","ReplayGash"],"picked":"SKIP","floor":46.0},{"not_picked":["Redo","Cold Snap","Self Repair+1"],"picked":"SKIP","floor":48.0},{"not_picked":["Mirror Shield","Reboot"],"picked":"Echo Form","floor":50.0},{"not_picked":["Doom and Gloom","Scrape","Time Bomb"],"picked":"SKIP","floor":52.0},{"not_picked":["Stack","Hologram"],"picked":"Sweeping Beam","floor":53.0},{"not_picked":["Headbutt","hexamod:HeatCrush","Bullet Time"],"picked":"SKIP","floor":57},{"not_picked":["Predator","bronze:Turbo","Acrobatics"],"picked":"SKIP","floor":59},{"not_picked":["Guardian:Suspension","Perseverance","Undo"],"picked":"SKIP","floor":62},{"not_picked":["bronze:Frontload","InnerPeace","hexamod:NightmareStrike"],"picked":"SKIP","floor":65}],"player_experience":74312,"relics_obtained":[{"floor":8.0,"key":"Strawberry"},{"floor":9.0,"key":"infinitespire:Bottled Soul"},{"floor":11.0,"key":"War Paint"},{"floor":13.0,"key":"Simple Rune"},{"floor":14.0,"key":"ReplayTheSpireMod:Shallot"},{"floor":26.0,"key":"infinitespire:Eraser"},{"floor":27.0,"key":"Dream Catcher"},{"floor":28.0,"key":"infinitespire:Beetle Shell"},{"floor":29.0,"key":"Replay:WaspNest"},{"floor":31.0,"key":"Pet Ghost"},{"floor":41.0,"key":"Pantograph"},{"floor":42.0,"key":"Ring of Greed"},{"floor":42.0,"key":"Old Coin"},{"floor":42.0,"key":"Golden Egg"},{"floor":42.0,"key":"Ring of Hypnosis"},{"floor":43.0,"key":"ReplayTheSpireMod:TigerMarble"},{"floor":45.0,"key":"infinitespire:Lychee Nut"},{"floor":46.0,"key":"Replay:Bottled Flurry"},{"floor":48.0,"key":"Toy Ornithopter"},{"floor":56,"key":"foxEvents:LuckyCharm"},{"floor":57,"key":"Divine Protection"},{"floor":60,"key":"Anchor"},{"floor":63,"key":"Lantern"}],"event_choices":[{"damage_healed":0.0,"max_hp_gain":0.0,"max_hp_loss":0.0,"gold_gain":75.0,"event_name":"World of Goop","player_choice":"Gather Gold","floor":4.0,"gold_loss":0.0,"damage_taken":11.0},{"damage_healed":0.0,"max_hp_gain":0.0,"max_hp_loss":0.0,"gold_gain":0.0,"event_name":"Addict","player_choice":"Stole Relic","floor":21.0,"gold_loss":0.0,"damage_taken":0.0,"relics_obtained":["Replay:Kaleidoscope"],"cards_obtained":["Shame"]},{"damage_healed":0.0,"max_hp_gain":0.0,"max_hp_loss":0.0,"gold_gain":0.0,"event_name":"The Library","player_choice":"Read","floor":30.0,"gold_loss":0.0,"damage_taken":0.0,"cards_obtained":["Capacitor"]},{"damage_healed":0.0,"max_hp_gain":0.0,"max_hp_loss":0.0,"gold_gain":0.0,"event_name":"Tomb of Lord Red Mask","player_choice":"Ignored","floor":36.0,"gold_loss":0.0,"damage_taken":0.0},{"damage_healed":0.0,"max_hp_gain":0.0,"max_hp_loss":0.0,"gold_gain":0.0,"event_name":"SensoryStone","player_choice":"Memory 1","floor":39.0,"gold_loss":0.0,"damage_taken":0.0},{"damage_healed":0.0,"max_hp_gain":0.0,"max_hp_loss":0.0,"gold_gain":0.0,"event_name":"MindBloom","player_choice":"Fight","floor":45.0,"gold_loss":0.0,"damage_taken":0.0},{"damage_healed":0,"gold_gain":1,"player_choice":"Relic Relic ","damage_taken":36,"max_hp_gain":0,"max_hp_loss":0,"event_name":"betterThird:BetterScrap","floor":55,"gold_loss":0,"cards_obtained":["Predator"]},{"damage_healed":0,"gold_gain":0,"player_choice":"Ignored","damage_taken":724,"max_hp_gain":0,"max_hp_loss":0,"event_name":"betterThird:BetterSerpent","floor":61,"gold_loss":0}],"is_beta":false,"boss_relics":[{"not_picked":["Kintsugi","Honey Jar"],"picked":"Philosopher\u0027s Stone"},{"not_picked":["Coffee Dripper","Runic Dome"],"picked":"Fusion Hammer"},{"not_picked":["Replay:Wanted Poster","Cursed Key"],"picked":"Replay:Drink Me"}],"items_purged_floors":[0,47,54,58],"is_endless":true,"potions_floor_spawned":[10,11,16,20,25,33,37,38,41,44,45,53,56,57],"killed_by":"Fading Forest","ascension_level":1}}