{"host":"6xsbn6ynqlzwllfm","time":1612098071,"event":{"mods":["2.2 Compatiblity","BaseMod","Bestiary","Colored Map","Colored Powertips","Curses Come First","Highlight Path","Keyboard Shortcuts","Minty Spire (QoL Compilation)","Relic Stats","Slay the Relics Exporter","StSLib","SuperFastMode"],"gold_per_floor":[116,116,126,126,139,139,160,160,160,173,208,277,330,374,374,465,465,490,287,321,147,172,210,210],"floor_reached":23,"language":"ENG","playtime":873,"items_purged":["Strike_P","Strike_P"],"score":488,"play_id":"0892a0cf-f452-4f72-8a92-e4596ad00dee","local_time":"20210131080111","is_ascension_mode":true,"campfire_choices":[{"data":"EmptyFist","floor":6,"key":"SMITH"},{"data":"EmptyFist","floor":8,"key":"SMITH"},{"data":"Adaptation","floor":15,"key":"SMITH"}],"circlet_count":0,"master_deck":["AscendersBane","Strike_P","Strike_P","Defend_P","Defend_P","Defend_P","Defend_P","Eruption","Vigilance","Protect","EmptyFist+1","BowlingBash","EmptyFist+1","Adaptation+1","WheelKick","Protect+1","Omniscience+1"],"relics":["PureWater","Golden Idol","CloakClasp","Gambling Chip","Toxic Egg 2","Blood Vial","Omamori","Fusion Hammer","Membership Card","Red Mask","Sling","Yang"],"acts_visited":["Exordium","TheCity"],"potions_floor_usage":[14,16,23],"damage_taken":[{"damage":12,"enemies":"Small Slimes","floor":1,"turns":2},{"damage":0,"enemies":"2 Louse","floor":3,"turns":4},{"damage":4,"enemies":"Jaw Worm","floor":5,"turns":6},{"damage":6,"enemies":"3 Louse","floor":7,"turns":4},{"damage":8,"enemies":"Looter","floor":10,"turns":2},{"damage":12,"enemies":"3 Sentries","floor":11,"turns":8},{"damage":12,"enemies":"3 Sentries","floor":12,"turns":8},{"damage":0,"enemies":"Lagavulin","floor":14,"turns":4},{"damage":16,"enemies":"The Guardian","floor":16,"turns":16},{"damage":0,"enemies":"Spheric Guardian","floor":18,"turns":3},{"damage":9,"enemies":"Masked Bandits","floor":20,"turns":4},{"damage":11,"enemies":"Shell Parasite","floor":22,"turns":4},{"damage":26,"enemies":"Slavers","floor":23,"turns":8}],"seed_played":"6582404297222023048","potions_obtained":[{"floor":5,"key":"GamblersBrew"},{"floor":7,"key":"FearPotion"},{"floor":12,"key":"PowerPotion"},{"floor":14,"key":"SteroidPotion"}],"is_trial":false,"path_per_floor":["M","?","M","?","M","R","M","R","T","M","E","?","T","E","R","B",null,"M","$","?","$","M","E"],"character_chosen":"WATCHER","items_purchased":["Membership Card","Sling","Regen Potion"],"campfire_rested":0,"item_purchase_floors":[19,21,21],"current_hp_per_floor":[55,55,55,55,51,51,45,45,45,37,25,13,13,15,15,1,51,53,53,46,46,37,13,13],"gold":210,"neow_bonus":"TEN_PERCENT_HP_BONUS","is_daily":false,"chose_seed":false,"campfire_upgraded":3,"win_rate":0.0,"timestamp":1612098071,"path_taken":["M","?","M","?","M","R","M","R","T","M","E","?","?","E","R","BOSS","M","$","?","$","M","E"],"items_purchased_type":["Relic","Relic","Potion"],"build_version":"2020-12-22","purchased_purges":2,"victory":false,"max_hp_per_floor":[74,74,74,67,67,67,67,67,67,67,67,67,67,67,67,67,67,67,67,67,67,67,67,67],"relic_stats":{"Blood Vial":12,"counters":[13,73],"Golden Idol":89,"Gambling Chip":[25],"Yang":[0],"CloakClasp":[199],"obtain_stats":[{"Blood Vial":13,"Golden Idol":4,"Gambling Chip":11,"Yang":23,"Fusion Hammer":17,"CloakClasp":9,"Omamori":14,"Red Mask":20,"Membership Card":19,"PureWater":0,"Toxic Egg 2":12,"Sling":21},{"Blood Vial":7,"Golden Idol":2,"Gambling Chip":6,"Yang":13,"Fusion Hammer":9,"CloakClasp":4,"Omamori":8,"Red Mask":11,"Membership Card":10,"PureWater":0,"Toxic Egg 2":6,"Sling":11},{"Blood Vial":34,"Golden Idol":6,"Gambling Chip":26,"Yang":73,"Fusion Hammer":54,"CloakClasp":16,"Omamori":38,"Red Mask":61,"Membership Card":57,"PureWater":0,"Toxic Egg 2":26,"Sling":61}]},"card_choices":[{"not_picked":["SashWhip","Crescendo"],"picked":"Protect","floor":1},{"not_picked":["Sanctity","FlyingSleeves"],"picked":"EmptyFist","floor":3},{"not_picked":["BattleHymn","Adaptation"],"picked":"BowlingBash","floor":5},{"not_picked":["FlyingSleeves","WindmillStrike"],"picked":"EmptyFist","floor":7},{"not_picked":["ThirdEye","WreathOfFlame"],"picked":"Adaptation","floor":10},{"not_picked":["CutThroughFate","Consecrate"],"picked":"WheelKick","floor":11},{"not_picked":["CarveReality","PathToVictory+1"],"picked":"Protect+1","floor":12},{"not_picked":["Evaluate+1","Protect+1","Worship+1"],"picked":"SKIP","floor":14},{"not_picked":["Vault+1","Establishment"],"picked":"Omniscience+1","floor":16},{"not_picked":["WindmillStrike","Prostrate+1","SashWhip"],"picked":"SKIP","floor":18}],"player_experience":1346646,"relics_obtained":[{"floor":9,"key":"CloakClasp"},{"floor":11,"key":"Gambling Chip"},{"floor":13,"key":"Blood Vial"},{"floor":14,"key":"Omamori"},{"floor":20,"key":"Red Mask"},{"floor":23,"key":"Yang"}],"event_choices":[{"damage_healed":0,"gold_gain":0,"player_choice":"Ignored","damage_taken":0,"max_hp_gain":0,"max_hp_loss":0,"event_name":"Liars Game","floor":2,"gold_loss":0},{"damage_healed":0,"gold_gain":0,"player_choice":"Lose Max HP","damage_taken":0,"relics_obtained":["Golden Idol"],"max_hp_gain":0,"max_hp_loss":7,"event_name":"Golden Idol","floor":4,"gold_loss":0},{"damage_healed":0,"gold_gain":0,"player_choice":"Searched \u00273\u0027 times","damage_taken":0,"relics_obtained":["Toxic Egg 2"],"max_hp_gain":0,"max_hp_loss":0,"event_name":"Dead Adventurer","floor":12,"gold_loss":0},{"damage_healed":0,"gold_gain":0,"player_choice":"Fought Bandits","damage_taken":0,"max_hp_gain":0,"max_hp_loss":0,"event_name":"Masked Bandits","floor":20,"gold_loss":0}],"is_beta":false,"boss_relics":[{"not_picked":["Calling Bell","Sozu"],"picked":"Fusion Hammer"}],"items_purged_floors":[19,21],"is_endless":false,"potions_floor_spawned":[5,7,12,14,22],"killed_by":"Slavers","ascension_level":20}}