{"host":"eketvm4dld8igxnv","time":1612061007,"event":{"mods":["BaseMod","Better Skull","Better Third Choice","Downfall","Googly Eyes","Minty Spire (QoL Compilation)","StSLib"],"gold_per_floor":[99,114,133,146,26,26,72,89,122,297,297,309,409,423,439,439,439,439],"floor_reached":16,"language":"ENG","playtime":1733,"items_purged":[],"score":104,"play_id":"e3092ef6-014b-450a-be37-7f9625a5591d","local_time":"20210130214327","is_ascension_mode":false,"campfire_choices":[{"floor":1,"key":"RECALL"},{"data":"bronze:CloningBeam","floor":6,"key":"SMITH"}],"circlet_count":0,"master_deck":["bronze:Strike","bronze:Strike","bronze:Strike","bronze:Strike","bronze:Defend","bronze:Defend","bronze:Defend","bronze:Defend","bronze:Replicate","bronze:Goto","bronze:DelayedGuard","bronze:CloningBeam+1","bronze:WhirlingStrike","bronze:WhirlingStrike","bronze:BitShift","bronze:Overheat","bronze:Deprecate","bronze:DelayedSlice","bronze:Fortify","bronze:Optimize"],"relics":["bronze:BronzeCore","Strawberry","Vajra"],"acts_visited":["Exordium"],"potions_floor_usage":[5,9,16,16],"damage_taken":[{"damage":4,"enemies":"Cultist","floor":2,"turns":4},{"damage":1,"enemies":"Jaw Worm","floor":3,"turns":4},{"damage":7,"enemies":"2 Louse","floor":4,"turns":2},{"damage":5,"enemies":"downfall:FleeingMerchant","floor":5,"turns":4},{"damage":10,"enemies":"Lots of Slimes","floor":8,"turns":2},{"damage":29,"enemies":"Gremlin Nob","floor":9,"turns":5},{"damage":11,"enemies":"Large Slime","floor":12,"turns":4},{"damage":1,"enemies":"Exordium Wildlife","floor":14,"turns":3},{"damage":5,"enemies":"2 Fungi Beasts","floor":15,"turns":3},{"damage":21,"enemies":"IC_STATUS_ARCHETYPE","floor":16,"turns":2}],"seed_played":"-5962332703244339857","potions_obtained":[{"floor":3,"key":"Weak Potion"},{"floor":4,"key":"hexamod:SoulburnPotion"},{"floor":8,"key":"Dexterity Potion"},{"floor":9,"key":"champ:CounterPotion"},{"floor":14,"key":"sneckomod:MuddlingPotion"}],"is_trial":false,"path_per_floor":["R","M","M","M","$","R","T","M","E","?","?","M","?","M","M","B"],"character_chosen":"THE_AUTOMATON","items_purchased":["bronze:BitShift","bronze:Overheat"],"campfire_rested":0,"item_purchase_floors":[5,5],"current_hp_per_floor":[77,73,72,65,60,60,67,57,28,28,28,17,17,16,11,0,0,0],"gold":439,"neow_bonus":"TEN_PERCENT_HP_BONUS","is_daily":false,"chose_seed":false,"campfire_upgraded":1,"win_rate":0.0,"timestamp":1612061007,"path_taken":["R","M","M","?","$","R","T","M","E","?","?","M","?","M","M","BOSS"],"items_purchased_type":["Card","Card"],"build_version":"2020-12-22","purchased_purges":0,"victory":false,"max_hp_per_floor":[77,77,77,77,77,77,84,84,84,84,84,84,84,84,84,84,84,84],"card_choices":[{"not_picked":["bronze:Invalidate","bronze:Philosophize"],"picked":"bronze:DelayedGuard","floor":2},{"not_picked":["bronze:BugBarrage","bronze:BuggyMess"],"picked":"bronze:CloningBeam","floor":3},{"not_picked":["bronze:DelayedSlice","bronze:BugBarrage"],"picked":"bronze:WhirlingStrike","floor":4},{"not_picked":["bronze:Allocate","bronze:ChildClass"],"picked":"bronze:WhirlingStrike","floor":5},{"not_picked":["bronze:BugBarrage","bronze:ForceShield","bronze:Turbo"],"picked":"SKIP","floor":8},{"not_picked":["bronze:FineTuning","bronze:Overheat"],"picked":"bronze:Deprecate","floor":9},{"not_picked":["bronze:OilSpill","bronze:Verify"],"picked":"bronze:DelayedSlice","floor":12},{"not_picked":["bronze:Frontload","bronze:OilSpill"],"picked":"bronze:Fortify","floor":14},{"not_picked":["bronze:Branch","bronze:Turbo"],"picked":"bronze:Optimize","floor":15}],"player_experience":290141,"relics_obtained":[{"floor":7,"key":"Strawberry"},{"floor":9,"key":"Vajra"}],"event_choices":[{"cards_removed":["Doubt"],"damage_healed":0,"gold_gain":0,"player_choice":"Card Removal","damage_taken":0,"max_hp_gain":0,"max_hp_loss":0,"event_name":"The Cleric","floor":11,"gold_loss":0}],"is_beta":false,"boss_relics":[],"items_purged_floors":[],"is_endless":false,"potions_floor_spawned":[3,4,8,9,14],"killed_by":"IC_STATUS_ARCHETYPE","ascension_level":0}}