{"host":"nnmmiiw4bez2c8ei","time":1612064958,"event":{"mods":["AchievementEnabler","BaseMod","Colored Map","Colored Powertips","Minty Spire (QoL Compilation)","Rare Cards Sparkle","StSLib"],"gold_per_floor":[109,109,109,34,84,113,113,125,125,136,136,36,62,72,72,167,167,179,192,209,219,219,219,13,13,36,63,103,115,127,170,182,289,301,325,1336,1348,1330,1354,1366,1366],"floor_reached":40,"language":"KOR","playtime":1351,"items_purged":["Strike_R","Defend_R","Strike_R"],"score":596,"play_id":"7206fba1-1b13-43d0-9bd8-5e2381b64f85","local_time":"20210131124918","is_ascension_mode":true,"campfire_choices":[{"data":"Evolve","floor":7.0,"key":"SMITH"},{"data":"Second Wind","floor":11.0,"key":"SMITH"},{"data":"Double Tap","floor":15.0,"key":"SMITH"},{"data":"Barricade","floor":23.0,"key":"SMITH"},{"data":"Dark Embrace","floor":25.0,"key":"SMITH"},{"floor":32.0,"key":"REST"}],"circlet_count":0,"master_deck":["Strike_R","Strike_R","Defend_R","Defend_R","Defend_R","Bash","Evolve+1","Second Wind+1","Spot Weakness","Thunderclap","Double Tap+1","Immolate","Dark Embrace+1","Barricade+1","Rampage","Writhe","Fire Breathing","Metallicize","Limit Break+1","Normality","Normality","Armaments+1"],"relics":["Black Blood","NeowsBlessing","Paper Frog","Pen Nib","Nunchaku","Mummified Hand","Pocketwatch","Cursed Key","MawBank","Toxic Egg 2","TungstenRod"],"acts_visited":["Exordium","TheCity","TheBeyond"],"potions_floor_usage":[],"damage_taken":[{"damage":0.0,"enemies":"Jaw Worm","floor":1.0,"turns":1.0},{"damage":0.0,"enemies":"3 Sentries","floor":6.0,"turns":2.0},{"damage":0.0,"enemies":"Small Slimes","floor":8.0,"turns":1.0},{"damage":9.0,"enemies":"2 Louse","floor":10.0,"turns":3.0},{"damage":15.0,"enemies":"Gremlin Nob","floor":13.0,"turns":4.0},{"damage":8.0,"enemies":"Large Slime","floor":14.0,"turns":3.0},{"damage":12.0,"enemies":"Slime Boss","floor":16.0,"turns":8.0},{"damage":0.0,"enemies":"Spheric Guardian","floor":18.0,"turns":3.0},{"damage":1.0,"enemies":"3 Byrds","floor":19.0,"turns":2.0},{"damage":22.0,"enemies":"Centurion and Healer","floor":20.0,"turns":4.0},{"damage":17.0,"enemies":"Snake Plant","floor":21.0,"turns":3.0},{"damage":0.0,"enemies":"Snecko","floor":27.0,"turns":3.0},{"damage":6.0,"enemies":"Gremlin Leader","floor":28.0,"turns":5.0},{"damage":44.0,"enemies":"Book of Stabbing","floor":31.0,"turns":4.0},{"damage":40.0,"enemies":"Champ","floor":33.0,"turns":8.0},{"damage":25.0,"enemies":"Orb Walker","floor":35.0,"turns":5.0},{"damage":22.0,"enemies":"3 Darklings","floor":39.0,"turns":5.0},{"damage":56,"enemies":"Reptomancer","floor":40,"turns":2}],"seed_played":"-7915913147608130648","potions_obtained":[{"floor":13.0,"key":"SpeedPotion"},{"floor":16.0,"key":"PowerPotion"},{"floor":18.0,"key":"BloodPotion"},{"floor":27.0,"key":"SteroidPotion"},{"floor":38.0,"key":"Strength Potion"}],"is_trial":false,"path_per_floor":["M","?","?","$","T","E","R","M","T","M","R","$","E","M","R","B",null,"M","M","M","M","?","R","$","R","T","M","E","?","?","E","R","B",null,"M","?","?","?","M","E"],"character_chosen":"IRONCLAD","items_purchased":["Rampage"],"campfire_rested":1,"item_purchase_floors":[24],"current_hp_per_floor":[80,77,70,70,70,76,76,80,80,77,77,77,68,66,66,60,75,80,80,64,53,53,53,53,53,53,59,59,59,80,42,66,32,68,55,55,55,55,45,0,0],"gold":1366,"neow_bonus":"THREE_ENEMY_KILL","is_daily":false,"chose_seed":false,"campfire_upgraded":5,"win_rate":0.0,"timestamp":1612064958,"path_taken":["M","?","?","?","?","E","R","M","T","M","R","$","E","M","R","BOSS","M","M","M","M","?","R","$","R","T","M","E","?","?","E","R","BOSS","M","?","?","?","M","E"],"items_purchased_type":["Card"],"build_version":"2020-12-22","purchased_purges":3,"victory":false,"max_hp_per_floor":[80,80,80,80,80,80,80,80,80,80,80,80,80,80,80,80,80,80,80,80,80,80,80,80,80,80,80,80,80,80,80,80,80,80,80,80,80,80,80,80,80],"card_choices":[{"not_picked":["Warcry","Flex"],"picked":"Evolve","floor":1.0},{"not_picked":["Pommel Strike","Combust"],"picked":"Second Wind","floor":6.0},{"not_picked":["Twin Strike","Wild Strike"],"picked":"Spot Weakness","floor":8.0},{"not_picked":["Perfected Strike","Spot Weakness"],"picked":"Thunderclap","floor":10.0},{"not_picked":["Headbutt","Armaments"],"picked":"Double Tap","floor":13.0},{"not_picked":["Shrug It Off","Pommel Strike","Sword Boomerang"],"picked":"SKIP","floor":14.0},{"not_picked":["Fiend Fire","Bludgeon"],"picked":"Immolate","floor":16.0},{"not_picked":["True Grit+1","Rage","Heavy Blade"],"picked":"SKIP","floor":18.0},{"not_picked":["Clothesline","Twin Strike","Perfected Strike+1"],"picked":"SKIP","floor":19.0},{"not_picked":["Searing Blow","Thunderclap","Iron Wave"],"picked":"SKIP","floor":20.0},{"not_picked":["Rupture","Carnage"],"picked":"Dark Embrace","floor":21.0},{"not_picked":["Perfected Strike+1","Clothesline","Pommel Strike"],"picked":"SKIP","floor":27.0},{"not_picked":["Warcry+1","Dark Embrace"],"picked":"Fire Breathing","floor":28.0},{"not_picked":["Iron Wave","True Grit+1"],"picked":"Metallicize","floor":31.0},{"not_picked":["Juggernaut","Double Tap+1"],"picked":"Limit Break+1","floor":33.0},{"not_picked":["True Grit+1","Whirlwind","Sword Boomerang+1"],"picked":"SKIP","floor":35.0},{"not_picked":["Shrug It Off+1","Battle Trance+1"],"picked":"Armaments+1","floor":39.0}],"player_experience":493912,"relics_obtained":[{"floor":5.0,"key":"Pen Nib"},{"floor":6.0,"key":"Nunchaku"},{"floor":9.0,"key":"Mummified Hand"},{"floor":13.0,"key":"Pocketwatch"},{"floor":26.0,"key":"MawBank"},{"floor":28.0,"key":"Toxic Egg 2"},{"floor":31.0,"key":"TungstenRod"}],"event_choices":[{"damage_healed":0.0,"max_hp_gain":0.0,"max_hp_loss":0.0,"gold_gain":0.0,"event_name":"Scrap Ooze","player_choice":"Success","floor":2.0,"gold_loss":0.0,"damage_taken":3.0,"relics_obtained":["Paper Frog"]},{"cards_removed":["Strike_R"],"damage_healed":0.0,"max_hp_gain":0.0,"max_hp_loss":0.0,"gold_gain":0.0,"event_name":"Golden Wing","player_choice":"Card Removal","floor":3.0,"gold_loss":0.0,"damage_taken":7.0},{"damage_healed":0.0,"max_hp_gain":0.0,"max_hp_loss":0.0,"gold_gain":0.0,"event_name":"The Library","player_choice":"Read","floor":22.0,"gold_loss":0.0,"damage_taken":0.0,"cards_obtained":["Barricade"]},{"damage_healed":0.0,"max_hp_gain":0.0,"max_hp_loss":0.0,"gold_gain":0.0,"event_name":"Vampires","player_choice":"Ignored","floor":29.0,"gold_loss":0.0,"damage_taken":0.0},{"damage_healed":21.0,"max_hp_gain":0.0,"max_hp_loss":0.0,"gold_gain":0.0,"event_name":"Wheel of Change","player_choice":"Full Heal","floor":30.0,"gold_loss":0.0,"damage_taken":0.0},{"damage_healed":0.0,"max_hp_gain":0.0,"max_hp_loss":0.0,"gold_gain":999.0,"event_name":"MindBloom","player_choice":"Gold","floor":36.0,"gold_loss":0.0,"damage_taken":0.0,"cards_obtained":["Normality","Normality"]},{"damage_healed":0.0,"max_hp_gain":0.0,"max_hp_loss":0.0,"gold_gain":0.0,"event_name":"Tomb of Lord Red Mask","player_choice":"Ignored","floor":37.0,"gold_loss":0.0,"damage_taken":0.0},{"damage_healed":0.0,"max_hp_gain":0.0,"max_hp_loss":0.0,"gold_gain":0.0,"event_name":"The Woman in Blue","player_choice":"Bought 2 Potions","floor":38.0,"gold_loss":0.0,"damage_taken":0.0}],"is_beta":false,"boss_relics":[{"not_picked":["Busted Crown","Ectoplasm"],"picked":"Cursed Key"},{"not_picked":["Fusion Hammer","Philosopher\u0027s Stone"],"picked":"Black Blood"}],"items_purged_floors":[4,12,24],"is_endless":false,"potions_floor_spawned":[13,16,18,27,39],"killed_by":"Reptomancer","ascension_level":5}}