{"host":"2tgyrzvaa7l04o2e","time":1612108351,"event":{"mods":["BaseMod","Highlight Path","Minty Spire (QoL Compilation)","Permanent Neow","Relic Stats"],"gold_per_floor":[364,10,21,38,3,34,34,64,64,64,96,96,123,123,123,198,198,218,218,218],"floor_reached":19,"language":"ENG","playtime":706,"items_purged":["Decay"],"score":382,"play_id":"7bc3db9b-bd02-43b2-9ba6-8858e7ca39d6","local_time":"20210131165231","is_ascension_mode":true,"campfire_choices":[{"data":"Sweeping Beam","floor":7,"key":"SMITH"},{"data":"Hyperbeam","floor":10,"key":"SMITH"},{"floor":12,"key":"REST"},{"data":"Reprogram","floor":15,"key":"SMITH"}],"circlet_count":0,"master_deck":["AscendersBane","Strike_B","Strike_B","Strike_B","Strike_B","Defend_B","Defend_B","Defend_B","Defend_B","Zap","Dualcast","White Noise","Rebound","Auto Shields","Sweeping Beam+1","Genetic Algorithm","Hyperbeam+1","Reprogram+1","Gash","Meteor Strike","Turbo"],"relics":["Cracked Core","Question Card","Ancient Tea Set","Frozen Egg 2","Bag of Preparation","Art of War","Philosopher\u0027s Stone"],"acts_visited":["Exordium","TheCity"],"potions_floor_usage":[8,16],"damage_taken":[{"damage":1,"enemies":"2 Louse","floor":1,"turns":3},{"damage":0,"enemies":"Small Slimes","floor":3,"turns":2},{"damage":1,"enemies":"Jaw Worm","floor":4,"turns":3},{"damage":28,"enemies":"Lagavulin","floor":6,"turns":9},{"damage":9,"enemies":"3 Sentries","floor":8,"turns":6},{"damage":16,"enemies":"Lagavulin","floor":11,"turns":5},{"damage":0,"enemies":"3 Sentries","floor":13,"turns":3},{"damage":34,"enemies":"Hexaghost","floor":16,"turns":9},{"damage":24,"enemies":"Shell Parasite","floor":18,"turns":7},{"damage":32,"enemies":"3 Byrds","floor":19,"turns":2}],"seed_played":"-2675432996959871679","potions_obtained":[{"floor":1,"key":"Fire Potion"},{"floor":11,"key":"SkillPotion"}],"is_trial":false,"path_per_floor":["M","$","M","M","?","E","R","E","T","R","E","R","E","?","R","B",null,"M","M"],"character_chosen":"DEFECT","items_purchased":["Rebound","Question Card"],"campfire_rested":1,"item_purchase_floors":[2,2],"current_hp_per_floor":[63,63,63,62,71,43,43,34,34,34,18,39,39,39,39,5,55,31,0,0],"gold":218,"neow_bonus":"TWO_FIFTY_GOLD","is_daily":false,"chose_seed":false,"campfire_upgraded":3,"win_rate":0.0,"timestamp":1612108351,"path_taken":["M","$","M","M","?","E","R","E","T","R","E","R","E","?","R","BOSS","M","M"],"items_purchased_type":["Card","Relic"],"build_version":"2020-12-22","purchased_purges":1,"victory":false,"max_hp_per_floor":[71,71,71,71,71,71,71,71,71,71,71,71,71,71,71,71,71,71,71,71],"relic_stats":{"counters":[10,49],"Bag of Preparation":[8],"Art of War":[0],"Question Card":8,"obtain_stats":[{"Philosopher\u0027s Stone":17,"Bag of Preparation":11,"Art of War":13,"Frozen Egg 2":8,"Cracked Core":0,"Question Card":2,"Ancient Tea Set":6},{"Philosopher\u0027s Stone":8,"Bag of Preparation":6,"Art of War":7,"Frozen Egg 2":5,"Cracked Core":0,"Question Card":1,"Ancient Tea Set":4},{"Philosopher\u0027s Stone":40,"Bag of Preparation":28,"Art of War":31,"Frozen Egg 2":23,"Cracked Core":0,"Question Card":3,"Ancient Tea Set":17}]},"card_choices":[{"not_picked":["Chaos","Blizzard"],"picked":"White Noise","floor":1},{"not_picked":["Gash","Force Field","Redo"],"picked":"Auto Shields","floor":3},{"not_picked":["Hello World","Rebound","Force Field"],"picked":"Sweeping Beam","floor":4},{"not_picked":["Coolheaded","Skim","Gash"],"picked":"Genetic Algorithm","floor":6},{"not_picked":["Streamline","Undo","Darkness"],"picked":"Hyperbeam","floor":8},{"not_picked":["Barrage","Streamline","Darkness"],"picked":"Reprogram","floor":11},{"not_picked":["Ball Lightning","Turbo","Recycle"],"picked":"Gash","floor":13},{"not_picked":["Electrodynamics+1","Hyperbeam","Amplify"],"picked":"Meteor Strike","floor":16},{"not_picked":["Go for the Eyes","Rebound","Chill"],"picked":"Turbo","floor":18}],"player_experience":679966,"relics_obtained":[{"floor":6,"key":"Ancient Tea Set"},{"floor":8,"key":"Frozen Egg 2"},{"floor":11,"key":"Bag of Preparation"},{"floor":13,"key":"Art of War"}],"event_choices":[{"damage_healed":17,"gold_gain":0,"player_choice":"Healed","damage_taken":0,"max_hp_gain":0,"max_hp_loss":0,"event_name":"The Cleric","floor":5,"gold_loss":35},{"damage_healed":0,"gold_gain":0,"player_choice":"Ignored","damage_taken":0,"max_hp_gain":0,"max_hp_loss":0,"event_name":"Liars Game","floor":14,"gold_loss":0}],"is_beta":false,"boss_relics":[{"not_picked":["Ectoplasm","SacredBark"],"picked":"Philosopher\u0027s Stone"}],"items_purged_floors":[2],"is_endless":false,"potions_floor_spawned":[1,11],"killed_by":"3 Byrds","ascension_level":15}}