{"host":"th1rgt4ohg3ajuw6","time":1612132300,"event":{"mods":["Act Like it!","BaseMod","Downfall","GifTheSpireLib","Minty Spire (QoL Compilation)","Pale of the Ancients","Shop Mod","StSLib","Stuff the Spire"],"gold_per_floor":[99,112,125,135,39,39,65,65,75,75,24,132,159,170,184,295,295,95,115,138,161,33,126,126,126,126,126],"floor_reached":25,"language":"ENG","playtime":1796,"items_purged":[],"score":220,"play_id":"4371950a-91bc-4d8c-bacf-3edc69a81dd9","local_time":"20210131143140","is_ascension_mode":false,"campfire_choices":[{"floor":1,"key":"REST"},{"floor":8,"key":"RECALL"},{"data":"hexamod:ExtraCrispy","floor":10,"key":"SMITH"},{"data":"hexamod:Float","floor":18,"key":"SMITH"}],"circlet_count":0,"master_deck":["hexamod:Strike","hexamod:Strike","hexamod:Strike","hexamod:Defend","hexamod:Defend","hexamod:Defend","hexamod:Sear","hexamod:Float+1","Apotheosis+1","hexamod:ThermalTransfer","hexamod:FastForward","hexamod:SwordOfDarkness","hexamod:Again","hexamod:ExtraCrispy+1","hexamod:SwordOfDarkness","hexamod:FastForward","hexamod:GhostOfSpirePast","hexamod:SecondSeal","hexamod:SuperheatedStrike","hexamod:BacktrackSmack","hexamod:FastForward","hexamod:GiftsFromTheDead","hexamod:ChargedBarrage+1","hexamod:NightmareStrike+1","hexamod:GiftsFromTheDead+1","hexamod:Incineration+1","hexamod:Firestarter+1","hexamod:BurningTouch+1","hexamod:NightmareGuise","hexamod:StepThrough","hexamod:HauntingEcho","hexamod:GhostShield"],"relics":["hexamod:SpiritBrand","downfall:CloakOfManyFaces","CultistMask","FaceOfCleric","NlothsMask","GremlinMask","SsserpentHead","Astrolabe","downfall:HeartBlessingRed","downfall:HeartBlessingBlue","Red Mask"],"acts_visited":["Exordium","TheCity"],"potions_floor_usage":[12,16,20,20,25],"damage_taken":[{"damage":0,"enemies":"Cultist","floor":2,"turns":3},{"damage":0,"enemies":"Small Slimes","floor":3,"turns":4},{"damage":2,"enemies":"Jaw Worm","floor":4,"turns":3},{"damage":0,"enemies":"downfall:FleeingMerchant","floor":5,"turns":4},{"damage":3,"enemies":"Red Slaver","floor":9,"turns":2},{"damage":2,"enemies":"downfall:FleeingMerchant","floor":11,"turns":4},{"damage":7,"enemies":"downfall:FaceTrader","floor":12,"turns":8},{"damage":7,"enemies":"Large Slime","floor":13,"turns":3},{"damage":2,"enemies":"Blue Slaver","floor":14,"turns":3},{"damage":3,"enemies":"Red Slaver","floor":15,"turns":3},{"damage":3,"enemies":"SI_SHIV_ARCHETYPE","floor":16,"turns":7},{"damage":7,"enemies":"Chosen","floor":19,"turns":4},{"damage":17,"enemies":"Snecko","floor":20,"turns":4},{"damage":17,"enemies":"Snake Plant","floor":21,"turns":4},{"damage":10,"enemies":"downfall:FleeingMerchant","floor":22,"turns":4},{"damage":35,"enemies":"Masked Bandits","floor":23,"turns":6},{"damage":9,"enemies":"Sentry and Sphere","floor":25,"turns":3}],"seed_played":"6624660148043221408","potions_obtained":[{"floor":2,"key":"GamblersBrew"},{"floor":3,"key":"LiquidMemories"},{"floor":13,"key":"BlessingOfTheForge"},{"floor":14,"key":"AttackPotion"},{"floor":19,"key":"GamblersBrew"},{"floor":23,"key":"hexamod:EctoCoolerPotion"}],"is_trial":false,"path_per_floor":["R","M","M","M","$","?","T","R","M","R","$","?","M","M","M","B",null,"R","M","M","M","$","?","T","M"],"character_chosen":"THE_SPIRIT","items_purchased":["hexamod:ExtraCrispy","hexamod:SwordOfDarkness","hexamod:SecondSeal","hexamod:StepThrough","hexamod:HauntingEcho"],"campfire_rested":1,"item_purchase_floors":[5,5,11,22,22],"current_hp_per_floor":[70,70,70,68,68,68,68,68,65,65,63,56,50,49,47,45,74,84,78,62,46,37,3,3,0,0,0],"gold":126,"neow_bonus":"RANDOM_COLORLESS_2","is_daily":false,"chose_seed":false,"campfire_upgraded":2,"win_rate":0.0,"timestamp":1612132300,"path_taken":["R","M","M","?","$","?","T","R","M","R","?","?","M","M","M","BOSS","R","M","M","M","$","?","T","M"],"items_purchased_type":["Card","Card","Card","Card","Card"],"build_version":"2020-12-22","purchased_purges":0,"victory":false,"max_hp_per_floor":[70,70,70,70,70,70,70,70,70,70,70,70,71,72,73,74,74,84,85,86,87,88,89,89,89,89,89],"card_choices":[{"not_picked":["Mayhem","StuffTheSpire:Recharge"],"picked":"Apotheosis","floor":0},{"not_picked":["hexamod:NightmareStrike","hexamod:SpectersWail"],"picked":"hexamod:ThermalTransfer","floor":2},{"not_picked":["hexamod:BurningTouch","hexamod:FlamesFromBeyond"],"picked":"hexamod:FastForward","floor":3},{"not_picked":["hexamod:HauntingEcho","hexamod:BacktrackSmack"],"picked":"hexamod:SwordOfDarkness","floor":4},{"not_picked":["hexamod:FlameSwitch","hexamod:FastForward"],"picked":"hexamod:Again","floor":5},{"not_picked":["hexamod:GhostflameBarrier","hexamod:EtherealExpedition"],"picked":"hexamod:FastForward","floor":9},{"not_picked":["hexamod:GhostShield","hexamod:ApocalypticArmor"],"picked":"hexamod:GhostOfSpirePast","floor":11},{"not_picked":["hexamod:RecurringNightmare","hexamod:NecessarySacrifice"],"picked":"hexamod:SoulSteal","floor":12},{"not_picked":["hexamod:FourthSeal","hexamod:PhantomFireball"],"picked":"hexamod:SuperheatedStrike","floor":13},{"not_picked":["hexamod:RecurringNightmare","hexamod:SuperheatedStrike"],"picked":"hexamod:BacktrackSmack","floor":14},{"not_picked":["hexamod:ExtraCrispy","hexamod:ThermalTransfer"],"picked":"hexamod:FastForward","floor":15},{"not_picked":["hexamod:GhostflameInferno","hexamod:UnlimitedPower"],"picked":"hexamod:GiftsFromTheDead","floor":16},{"not_picked":["hexamod:FlamesFromBeyond","hexamod:SwordOfDarkness+1"],"picked":"hexamod:Incineration+1","floor":19},{"not_picked":["hexamod:NightmareGuise","hexamod:RetreatToShadows"],"picked":"hexamod:Firestarter+1","floor":20},{"not_picked":["hexamod:SuperheatedStrike","hexamod:ExtraCrispy"],"picked":"hexamod:BurningTouch+1","floor":21},{"not_picked":["hexamod:FlameSwitch","hexamod:GhostOfSpirePast"],"picked":"hexamod:NightmareGuise","floor":22},{"not_picked":["hexamod:GhostLash","hexamod:FourthSeal"],"picked":"hexamod:GhostShield","floor":23}],"player_experience":256186,"relics_obtained":[{"floor":12,"key":"downfall:CloakOfManyFaces"},{"floor":23,"key":"Red Mask"}],"event_choices":[{"damage_healed":0,"gold_gain":0,"player_choice":"Forge","damage_taken":0,"max_hp_gain":0,"max_hp_loss":0,"event_name":"Accursed Blacksmith","floor":6,"gold_loss":0,"cards_upgraded":["Apotheosis"]},{"damage_healed":0,"gold_gain":0,"player_choice":"Fought Bandits","damage_taken":0,"max_hp_gain":0,"max_hp_loss":0,"event_name":"Masked Bandits","floor":23,"gold_loss":0}],"is_beta":false,"boss_relics":[{"not_picked":["StuffTheSpire:ModemDavis","StuffTheSpire:RunicHypercube"],"picked":"Astrolabe"}],"items_purged_floors":[],"is_endless":false,"potions_floor_spawned":[2,3,13,14,19,23],"killed_by":"Sentry and Sphere","ascension_level":0}}