{"host":"5kxsp73ljq8rs5p9","time":1612111410,"event":{"mods":["BaseMod","Challenge The Spire","Colored Powertips","Energized Spire","HololiveMod","Minty Spire (QoL Compilation)","Quick Restart","Relic Stats","Replay The Spire","StSLib"],"gold_per_floor":[82,92,111,130,140,214,214,224,224,234,234,409,409,426,426,527,527,540,540,560,574,499,499,531,544,544,176,116,135,176,186,186,285,285,316,333,333,382,322,376,376,397,423,460,478,498,498,46,46,56,56,56,56,90,99],"floor_reached":56,"language":"ZHS","playtime":4771,"items_purged":[],"score":1580,"play_id":"576f0051-6aed-4f81-aee6-32535314177a","local_time":"20210201004330","is_ascension_mode":false,"campfire_choices":[{"floor":7.0,"key":"REST"},{"floor":15,"key":"REST"},{"floor":23,"key":"RECALL"},{"floor":32,"key":"DIG"},{"data":"Hololive_Rebirth","floor":41,"key":"SMITH"},{"data":"Hololive_DDD","floor":47,"key":"SMITH"},{"floor":49,"key":"DIG"},{"data":"Hololive_CallOkamiMio","floor":52,"key":"SMITH"}],"circlet_count":0,"master_deck":["Hololive_Strike","Hololive_Defend","Hololive_Defend","Hololive_Psychosis+1","Hololive_CallYogiri","Hololive_CallUruhaRushia","Hololive_CallAiraniIofifteen","Hololive_CallOkamiMio+1","Hololive_CallTokoyamiTowa","Hololive_StrengthChampion","Hololive_CallAkaiHaato","Hololive_CallAmaneKanata","Hololive_Sequa","Hololive_ILoveYou","Hololive_CallNakiriAyame+1","Hololive_CallKiryuuCoco","Hololive_CallUsadaPekora","Hololive_IdolExercise","Hololive_CallRosalyn+1","Hololive_CallCivia","Hololive_Breathe+1","Hololive_DDD+1","Hololive_CocoNews","Hololive_CallMurasakiShion","Hololive_CallKiryuuCoco+1","Hololive_RevenueBasedLive","Hololive_CocoNews+1","Hololive_CallMomosuzuNene+9","Hololive_CallSpadeEcho+1","Hololive_Rebirth+1","Hololive_CallInugamiKorone+1","Hololive_StrengthChampion+2","Hololive_CallOzoraSubaru+1","Hololive_CallMinatoAqua+1","Hololive_CallMurasakiShion+1","Hololive_Trident+1","Hololive_CallManoAloe+1","Hololive_CallMomosuzuNene+5","Sadistic Nature+1","Hololive_CallRoboco+1","Hololive_CallNekomataOkayu+1","Hololive_CallShirakamiFubuki+1","Hololive_Rebound","Hololive_SummonFox+1","Hololive_CallTsunomakiWatame+1","Hololive_CallInugamiKorone+1","Hololive_CallDoris+1","Hololive_CallNatsuiroMatsuri+1","Hololive_SummonFox","Hololive_Nanodesu"],"relics":["Hololive_TheStar","Garlic","SlaversCollar","Eternal Feather","Blue Candle","Prayer Wheel","Matryoshka","Frozen Egg 2","energizedSpire:OgreHead","Incense Burner","Whetstone","Hololive_LightStick","Bird Faced Urn","Lantern","Sling","Toy Ornithopter","Replay:Mystery Machine"],"acts_visited":["Exordium","TheCity","TheBeyond","TheEnding"],"potions_floor_usage":[21,25,30,33,33,50,50,50],"damage_taken":[{"damage":0.0,"enemies":"Cultist","floor":1.0,"turns":4.0},{"damage":1.0,"enemies":"Small Slimes","floor":2.0,"turns":5.0},{"damage":0.0,"enemies":"2 Louse","floor":3.0,"turns":3.0},{"damage":0.0,"enemies":"Blue Slaver","floor":4.0,"turns":5.0},{"damage":0.0,"enemies":"Lots of Slimes","floor":5.0,"turns":5.0},{"damage":28.0,"enemies":"3 Sentries","floor":6.0,"turns":12.0},{"damage":0.0,"enemies":"Looter","floor":8.0,"turns":3.0},{"damage":0.0,"enemies":"Large Slime","floor":10.0,"turns":5.0},{"damage":0,"enemies":"2 Fungi Beasts","floor":14,"turns":4},{"damage":0,"enemies":"Slime Boss","floor":16,"turns":9},{"damage":0,"enemies":"Shell Parasite","floor":18,"turns":6},{"damage":0,"enemies":"Chosen","floor":20,"turns":5},{"damage":0,"enemies":"Centurion and Healer","floor":21,"turns":6},{"damage":0,"enemies":"Gremlin Leader","floor":24,"turns":7},{"damage":4,"enemies":"Sentry and Sphere","floor":25,"turns":9},{"damage":0,"enemies":"Chosen and Byrds","floor":29,"turns":5},{"damage":0,"enemies":"Slavers","floor":30,"turns":5},{"damage":0,"enemies":"Cultist and Chosen","floor":31,"turns":6},{"damage":0,"enemies":"Collector","floor":33,"turns":8},{"damage":0,"enemies":"3 Darklings","floor":35,"turns":6},{"damage":0,"enemies":"Orb Walker","floor":36,"turns":4},{"damage":1,"enemies":"Transient","floor":38,"turns":5},{"damage":0,"enemies":"Reptomancer","floor":40,"turns":7},{"damage":2,"enemies":"Writhing Mass","floor":42,"turns":7},{"damage":0,"enemies":"Giant Head","floor":44,"turns":7},{"damage":0,"enemies":"3 Darklings","floor":45,"turns":4},{"damage":0,"enemies":"Maw","floor":46,"turns":6},{"damage":11,"enemies":"Awakened One","floor":50,"turns":10},{"damage":0,"enemies":"Shield and Spear","floor":54,"turns":5},{"damage":0,"enemies":"The Heart","floor":55,"turns":8}],"seed_played":"4910412702874332967","potions_obtained":[{"floor":2.0,"key":"DistilledChaos"},{"floor":3.0,"key":"Fire Potion"},{"floor":14,"key":"Explosive Potion"},{"floor":20,"key":"Fire Potion"},{"floor":24,"key":"Toxic Potion"},{"floor":29,"key":"Dexterity Potion"},{"floor":35,"key":"BlessingOfTheForge"},{"floor":38,"key":"Death Potion"},{"floor":42,"key":"Adrenaline Potion"},{"floor":46,"key":"Block Potion"},{"floor":54,"key":"Flashbang"}],"is_trial":false,"path_per_floor":["M","M","M","M","M","E","R","M","T","M","?","?","?","M","R","B",null,"M","?","M","M","?","R","E","M","T","$","?","M","E","M","R","B",null,"M","M","?","M","?","E","R","M","T","E","M","M","R","$","R","B",null,"R","$","E","B",null],"character_chosen":"Hololive_HololiveCharacter","items_purchased":["Hololive_CallMurasakiShion","Prayer Wheel","Lantern","Sling","Hololive_CallNatsuiroMatsuri+1","Hololive_SummonFox"],"campfire_rested":2,"item_purchase_floors":[27,27,48,48,48,48],"current_hp_per_floor":[38,37,37,37,37,9,20,20,20,20,20,20,20,20,31,31,38,38,38,38,38,38,38,38,34,34,34,34,34,34,34,38,38,38,38,38,38,38,38,38,38,36,36,36,38,38,38,38,38,38,38,38,38,38,38],"gold":99,"neow_bonus":"TEN_PERCENT_HP_BONUS","is_daily":false,"chose_seed":false,"campfire_upgraded":3,"win_rate":0.0,"timestamp":1612111410,"path_taken":["M","M","M","M","?","E","R","M","T","M","?","?","?","M","R","BOSS","M","?","M","?","?","R","E","M","T","$","?","M","E","M","R","BOSS","M","M","?","?","?","E","R","M","T","E","M","?","R","$","R","BOSS","R","$","E","BOSS"],"items_purchased_type":["Card","Relic","Relic","Relic","Card","Card"],"build_version":"2020-12-22","purchased_purges":0,"victory":true,"max_hp_per_floor":[38,38,38,38,38,38,38,38,38,38,38,38,38,38,38,38,38,38,38,38,38,38,38,38,38,38,38,38,38,38,38,38,38,38,38,38,38,38,38,38,38,38,38,38,38,38,38,38,38,38,38,38,38,38,38],"relic_stats":{"counters":[30,181],"Blue Candle":[0],"Bird Faced Urn":[8],"Eternal Feather":4,"Prayer Wheel":8,"Whetstone":["Hololive_StrengthChampion","Hololive_Psychosis"],"obtain_stats":[{"Lantern":48,"Blue Candle":26,"Eternal Feather":24,"energizedSpire:OgreHead":34,"Incense Burner":40,"Whetstone":43,"Frozen Egg 2":32,"Replay:Mystery Machine":54,"Sling":48,"SlaversCollar":17,"Hololive_LightStick":43,"Matryoshka":30,"Bird Faced Urn":44,"Hololive_TheStar":0,"Prayer Wheel":27,"Garlic":6,"Toy Ornithopter":49},{"Lantern":27,"Blue Candle":15,"Eternal Feather":14,"energizedSpire:OgreHead":19,"Incense Burner":23,"Whetstone":24,"Frozen Egg 2":18,"Replay:Mystery Machine":29,"Sling":27,"SlaversCollar":10,"Hololive_LightStick":24,"Matryoshka":17,"Bird Faced Urn":25,"Hololive_TheStar":0,"Prayer Wheel":15,"Garlic":6,"Toy Ornithopter":27},{"Lantern":158,"Blue Candle":88,"Eternal Feather":79,"energizedSpire:OgreHead":112,"Incense Burner":134,"Whetstone":141,"Frozen Egg 2":104,"Replay:Mystery Machine":173,"Sling":158,"SlaversCollar":55,"Hololive_LightStick":141,"Matryoshka":98,"Bird Faced Urn":148,"Hololive_TheStar":0,"Prayer Wheel":88,"Garlic":34,"Toy Ornithopter":158}],"Toy Ornithopter":5},"card_choices":[{"not_picked":["Hololive_Rebound","Hololive_CallShishiroBotan","Hololive_Drill"],"picked":"Hololive_StrengthChampion","floor":1.0},{"not_picked":["Hololive_LuckPotion","Hololive_CallYukihanaLamy","Hololive_Psychosis"],"picked":"Hololive_CallAkaiHaato","floor":2.0},{"not_picked":["Hololive_OpenUp","Hololive_SoulCatcher","Hololive_RevenueBasedLive"],"picked":"Hololive_Sequa","floor":3.0},{"not_picked":["Hololive_LuckPotion","Hololive_FlyingPonyTail","Hololive_OvertimeWork"],"picked":"Hololive_CallAmaneKanata","floor":4.0},{"not_picked":["Hololive_Breathe","Hololive_Psychosis","Hololive_Rebound"],"picked":"Hololive_Sequa","floor":5.0},{"not_picked":["Hololive_SoulCatcher","Hololive_Rebound","Hololive_MaximGun"],"picked":"Hololive_ILoveYou","floor":6.0},{"not_picked":["Hololive_Psychosis","Hololive_Drill","Hololive_Trident"],"picked":"Hololive_CallNakiriAyame","floor":8.0},{"not_picked":["Hololive_Drill","Hololive_OvertimeWork","Hololive_CallMomosuzuNene"],"picked":"Hololive_CallKiryuuCoco","floor":10.0},{"not_picked":["Hololive_Trident","Hololive_Rebound","Hololive_CallTsunomakiWatame"],"picked":"Hololive_CallUsadaPekora","floor":14},{"not_picked":["Hololive_AWSL","Hololive_OpenUp","Hololive_HighAtkLowDef"],"picked":"Hololive_IdolExercise","floor":16},{"not_picked":["Hololive_Trident","Hololive_SoulCatcher+1","Hololive_CocoNews"],"picked":"Hololive_CallRosalyn+1","floor":18},{"not_picked":["Hololive_Breathe","Hololive_CallFriendA","Hololive_Psychosis+1"],"picked":"Hololive_CallCivia","floor":20},{"not_picked":["Hololive_CocoNews+1","Hololive_Trident","Hololive_Drill"],"picked":"Hololive_Breathe+1","floor":21},{"not_picked":["Hololive_LuckPotion+1","Hololive_Breathe+1","Hololive_Spy"],"picked":"Hololive_DDD","floor":24},{"not_picked":["Hololive_Sequa","Hololive_FlyingPonyTail","Hololive_Trident"],"picked":"Hololive_CocoNews","floor":25},{"not_picked":["Hololive_Yoholoon","Hololive_StrengthChampion","Hololive_OvertimeWork"],"picked":"Hololive_CallKiryuuCoco+1","floor":29},{"not_picked":["Hololive_CallShiranuiFlare","Hololive_StrengthChampion","Hololive_CallRosalyn"],"picked":"Hololive_RevenueBasedLive","floor":29},{"not_picked":["Hololive_StrengthChampion","Hololive_SoulCatcher","Hololive_CandyCastle"],"picked":"Hololive_CocoNews+1","floor":30},{"not_picked":["Hololive_FlareMind","Hololive_RevenueBasedLive+1","Hololive_Drill+1"],"picked":"Hololive_CallMomosuzuNene","floor":31},{"not_picked":["Hololive_Sequa","Hololive_Drill+1","Hololive_FlyingPonyTail"],"picked":"Hololive_CallSpadeEcho+1","floor":31},{"not_picked":["Hololive_WolfAndLamb","Hololive_ScarfAndHalo","Hololive_IdolExercise"],"picked":"Hololive_Rebirth","floor":33},{"not_picked":["Hololive_CallNakiriAyame+1","Hololive_Psychosis","Hololive_CocoNews+1"],"picked":"Hololive_CallInugamiKorone+1","floor":35},{"not_picked":["Hololive_HuntDinosaur+1","Hololive_Rebound+1","Hololive_Psychosis+1"],"picked":"Hololive_StrengthChampion+1","floor":35},{"not_picked":["Hololive_CallAiraniIofifteen+1","Hololive_StrengthChampion+1","Hololive_OvertimeWork"],"picked":"Hololive_CallOzoraSubaru+1","floor":36},{"not_picked":["Hololive_HuntDinosaur+1","Hololive_Trident","Hololive_Sequa"],"picked":"Hololive_CallMinatoAqua+1","floor":36},{"not_picked":["Hololive_Breathe+1","Hololive_FlyingPonyTail+1","Hololive_RevenueBasedLive"],"picked":"Hololive_Trident+1","floor":38},{"not_picked":["Hololive_HuntDinosaur","Hololive_Yoholoon","Hololive_Breathe"],"picked":"Hololive_CallManoAloe+1","floor":38},{"not_picked":["Hololive_DiamondStrike","Hololive_CallAmaneKanata+1","Hololive_CocoNews"],"picked":"Hololive_CallRoboco+1","floor":40},{"not_picked":["Hololive_Breathe","Hololive_CocoNews+1","Hololive_CallCivia+1"],"picked":"Hololive_CallNekomataOkayu+1","floor":42},{"not_picked":["Hololive_Breathe","Hololive_CallShiranuiFlare+1","Hololive_Rebound"],"picked":"Hololive_CallShirakamiFubuki+1","floor":42},{"not_picked":["Hololive_DiamondStrike","Hololive_ILoveYou+1","Hololive_CallMinatoAqua+1"],"picked":"Hololive_Rebound","floor":44},{"not_picked":["Hololive_CallShiranuiFlare+1","Hololive_Rebound+1","Hololive_CallAiraniIofifteen+1"],"picked":"Hololive_SummonFox+1","floor":45},{"not_picked":["Hololive_Trident","Hololive_FlyingPonyTail","Hololive_StrengthChampion"],"picked":"Hololive_CallTsunomakiWatame+1","floor":45},{"not_picked":["Hololive_FlyingPonyTail+1","Hololive_Sequa","Hololive_CallKiryuuCoco+1"],"picked":"Hololive_CallInugamiKorone+1","floor":46},{"not_picked":["Hololive_RevenueBasedLive","Hololive_FlyingPonyTail","Hololive_Trident"],"picked":"Hololive_CallDoris+1","floor":46},{"not_picked":["Hololive_Psychosis","Hololive_CallSakuraMiko+1","Hololive_DevilCharm+1"],"picked":"Hololive_Nanodesu","floor":54}],"player_experience":172797,"relics_obtained":[{"floor":6.0,"key":"Garlic"},{"floor":24,"key":"Eternal Feather"},{"floor":26,"key":"Blue Candle"},{"floor":30,"key":"Matryoshka"},{"floor":32,"key":"Frozen Egg 2"},{"floor":40,"key":"Incense Burner"},{"floor":43,"key":"Whetstone"},{"floor":43,"key":"Hololive_LightStick"},{"floor":44,"key":"Bird Faced Urn"},{"floor":49,"key":"Toy Ornithopter"},{"floor":54,"key":"Replay:Mystery Machine"}],"event_choices":[{"damage_healed":0.0,"max_hp_gain":0.0,"max_hp_loss":0.0,"gold_gain":0.0,"event_name":"Living Wall","player_choice":"Grow","floor":11.0,"gold_loss":0.0,"damage_taken":0.0,"cards_upgraded":["Hololive_CallNakiriAyame"]},{"damage_healed":0,"gold_gain":175,"player_choice":"AGREE","damage_taken":0,"max_hp_gain":0,"max_hp_loss":0,"event_name":"Liars Game","floor":12,"gold_loss":0,"cards_obtained":["Doubt"]},{"damage_healed":0,"gold_gain":0,"player_choice":"Ignored","damage_taken":0,"max_hp_gain":0,"max_hp_loss":0,"event_name":"Golden Wing","floor":13,"gold_loss":0},{"cards_removed":["Doubt"],"damage_healed":0,"gold_gain":0,"player_choice":"Card Removal","damage_taken":0,"max_hp_gain":0,"max_hp_loss":0,"event_name":"Wheel of Change","floor":19,"gold_loss":0},{"cards_removed":["Hololive_Strike"],"damage_healed":0,"gold_gain":0,"player_choice":"Gave Gold","damage_taken":0,"max_hp_gain":0,"max_hp_loss":0,"event_name":"Beggar","floor":22,"gold_loss":75},{"damage_healed":0,"gold_gain":0,"player_choice":"2 cards matched","damage_taken":0,"max_hp_gain":0,"max_hp_loss":0,"event_name":"Match and Keep!","floor":37,"gold_loss":0,"cards_obtained":["Hololive_CallMurasakiShion","Bandage Up"]},{"damage_healed":0,"gold_gain":0,"cards_transformed":["Hololive_Sequa","Bandage Up"],"player_choice":"Transformed Cards","damage_taken":0,"max_hp_gain":0,"max_hp_loss":0,"event_name":"Designer","floor":39,"gold_loss":60,"cards_obtained":["Hololive_CallMomosuzuNene","Sadistic Nature"]}],"is_beta":false,"boss_relics":[{"not_picked":["Ectoplasm","Tiny House"],"picked":"SlaversCollar"},{"not_picked":["energizedSpire:EnergizedDie","ChewingGum"],"picked":"energizedSpire:OgreHead"}],"items_purged_floors":[],"is_endless":false,"potions_floor_spawned":[2,3,14,20,24,29,35,38,42,46,54],"ascension_level":0}}