{"host":"07e1k1rk6c4zn0bu","time":1612128031,"event":{"mods":["AchievementEnabler","BaseMod","Bestiary","Colored Map","Colored Powertips","DeckTracker","Minty Spire (QoL Compilation)","StSLib","slay the spire mod where everything is the same but ironclad has a cowboy hat"],"gold_per_floor":[114,114,64,64,64,64,64],"floor_reached":6,"language":"ENG","playtime":193,"items_purged":[],"score":32,"play_id":"054611c1-d80c-4d83-aa3c-6b50d3feee1b","local_time":"20210131162031","daily_mods":["Allstar","Diverse","Elite Swarm"],"is_ascension_mode":false,"campfire_choices":[],"circlet_count":0,"master_deck":["Strike_R","Strike_R","Strike_R","Strike_R","Strike_R","Defend_R","Defend_R","Defend_R+1","Defend_R","Bash","Discovery","Blind+1","Transmutation+1","Impatience","Panacea","Conserve Battery"],"relics":["Burning Blood","Incense Burner"],"acts_visited":["Exordium"],"potions_floor_usage":[],"damage_taken":[{"damage":0,"enemies":"Small Slimes","floor":1,"turns":2},{"damage":19,"enemies":"Lagavulin","floor":6,"turns":7}],"seed_played":"7510361231737359051","potions_obtained":[],"is_trial":false,"path_per_floor":["M","?","$","?","?","E"],"character_chosen":"IRONCLAD","items_purchased":["BloodPotion"],"campfire_rested":0,"item_purchase_floors":[3],"current_hp_per_floor":[80,62,62,46,46,27,27],"gold":64,"neow_bonus":"","is_daily":true,"chose_seed":false,"campfire_upgraded":0,"win_rate":0.0,"timestamp":1612128031,"path_taken":["M","?","$","?","?","E"],"items_purchased_type":["Potion"],"build_version":"2020-12-22","purchased_purges":0,"victory":false,"max_hp_per_floor":[80,80,80,80,80,80,80],"card_choices":[{"not_picked":["Prostrate","Prepared"],"picked":"Conserve Battery","floor":1}],"player_experience":76337,"relics_obtained":[],"event_choices":[{"damage_healed":0,"gold_gain":0,"player_choice":"Success","damage_taken":18,"relics_obtained":["Incense Burner"],"max_hp_gain":0,"max_hp_loss":0,"event_name":"Scrap Ooze","floor":2,"gold_loss":0},{"damage_healed":0,"gold_gain":0,"player_choice":"Entered Light","damage_taken":16,"max_hp_gain":0,"max_hp_loss":0,"event_name":"Shining Light","floor":4,"gold_loss":0,"cards_upgraded":["Blind","Defend_R"]},{"damage_healed":0,"gold_gain":0,"player_choice":"Forge","damage_taken":0,"max_hp_gain":0,"max_hp_loss":0,"event_name":"Accursed Blacksmith","floor":5,"gold_loss":0,"cards_upgraded":["Transmutation"]}],"is_beta":false,"boss_relics":[],"items_purged_floors":[],"is_endless":false,"potions_floor_spawned":[],"killed_by":"Lagavulin","ascension_level":0}}