{"host":"17uzppmr1r5fe5jj","time":1612082904,"event":{"mods":["BaseMod","Colored Map","HololiveMod","Minty Spire (QoL Compilation)","Quick Restart","StSLib"],"gold_per_floor":[78,90,90,15,35,61,61,77,104,104,117,117,136,151,151,252,252,268,283,301,311,63,88,88,106,106,125,154,154,154,29,29,131,131,147,229,244,70,85,85,135,135,135,135,135,135,135,167,167,167],"floor_reached":51,"language":"ZHS","playtime":2064,"items_purged":["Pain","Hololive_Strike","Hololive_Defend"],"score":1017,"play_id":"1b71cf21-b065-4a30-bd07-bcc7e9815bf9","local_time":"20210131164824","is_ascension_mode":false,"campfire_choices":[{"data":"Hololive_StrengthChampion","floor":7.0,"key":"SMITH"},{"data":"Hololive_StrengthChampion+1","floor":10.0,"key":"SMITH"},{"data":"Hololive_StrengthChampion+2","floor":12.0,"key":"SMITH"},{"data":"Hololive_StrengthChampion+3","floor":15.0,"key":"SMITH"},{"data":"Hololive_StrengthChampion+4","floor":24.0,"key":"SMITH"},{"data":"Hololive_StrengthChampion+5","floor":30.0,"key":"SMITH"},{"data":"Hololive_StrengthChampion+6","floor":32.0,"key":"SMITH"},{"data":"Apotheosis","floor":40.0,"key":"SMITH"},{"data":"Hololive_StrengthChampion+7","floor":42.0,"key":"SMITH"},{"data":"Hololive_StrengthChampion+8","floor":46.0,"key":"SMITH"},{"data":"Hololive_StrengthChampion+9","floor":49.0,"key":"SMITH"}],"circlet_count":0,"master_deck":["Hololive_Strike","Hololive_Strike","Hololive_Defend","Hololive_Defend","Hololive_Sequa","Hololive_Rebound","Hololive_StrengthChampion+10","Hololive_Psychosis","Hololive_CocoNews","Hololive_MaximGun","Hololive_DDD","Hololive_CallMurasakiShion","Hololive_Thief","Hololive_Drill+1","Hololive_FlyingPonyTail+1","Hololive_AWSL","Apotheosis+1","Blind+1","Flash of Steel","Violence+1","Madness+1","Madness+1"],"relics":["Hololive_TheStar","Hololive_OneManArmy","WarpedTongs","PreservedInsect","Strawberry","Coffee Dripper","Orichalcum","Pen Nib","Gambling Chip","Blood Vial","Singing Bowl","Hololive_Finger","Gremlin Horn","FossilizedHelix","Toxic Egg 2","Lantern"],"acts_visited":["Exordium","TheCity","TheBeyond"],"potions_floor_usage":[50],"damage_taken":[{"damage":0.0,"enemies":"Cultist","floor":1.0,"turns":2.0},{"damage":0.0,"enemies":"Jaw Worm","floor":2.0,"turns":2.0},{"damage":0.0,"enemies":"Small Slimes","floor":5.0,"turns":3.0},{"damage":0.0,"enemies":"Lagavulin","floor":6.0,"turns":3.0},{"damage":0.0,"enemies":"3 Louse","floor":8.0,"turns":2.0},{"damage":0.0,"enemies":"2 Fungi Beasts","floor":11.0,"turns":3.0},{"damage":1.0,"enemies":"Exordium Wildlife","floor":13.0,"turns":5.0},{"damage":0.0,"enemies":"Lots of Slimes","floor":14.0,"turns":3.0},{"damage":0.0,"enemies":"The Guardian","floor":16.0,"turns":5.0},{"damage":0.0,"enemies":"3 Byrds","floor":18.0,"turns":3.0},{"damage":0.0,"enemies":"2 Thieves","floor":19.0,"turns":3.0},{"damage":0.0,"enemies":"Snecko","floor":20.0,"turns":2.0},{"damage":0.0,"enemies":"Sentry and Sphere","floor":21.0,"turns":2.0},{"damage":8.0,"enemies":"Book of Stabbing","floor":23.0,"turns":4.0},{"damage":0.0,"enemies":"Centurion and Healer","floor":25.0,"turns":2.0},{"damage":0.0,"enemies":"Cultist and Chosen","floor":27.0,"turns":3.0},{"damage":0.0,"enemies":"Slavers","floor":28.0,"turns":2.0},{"damage":0.0,"enemies":"Champ","floor":33.0,"turns":5.0},{"damage":0.0,"enemies":"Orb Walker","floor":35.0,"turns":2.0},{"damage":0.0,"enemies":"3 Darklings","floor":37.0,"turns":3.0},{"damage":0.0,"enemies":"Maw","floor":39.0,"turns":4.0},{"damage":0.0,"enemies":"Mind Bloom Boss Battle","floor":41.0,"turns":3.0},{"damage":0.0,"enemies":"Nemesis","floor":48.0,"turns":1.0},{"damage":0,"enemies":"Donu and Deca","floor":50,"turns":3}],"seed_played":"5245822292163694348","potions_obtained":[{"floor":2.0,"key":"GamblersBrew"},{"floor":6.0,"key":"Energy Potion"},{"floor":13.0,"key":"AttackPotion"},{"floor":14.0,"key":"Dexterity Potion"},{"floor":20.0,"key":"Explosive Potion"},{"floor":27.0,"key":"ColorlessPotion"},{"floor":28.0,"key":"Dexterity Potion"}],"is_trial":false,"path_per_floor":["M","M","?","$","M","E","R","M","T","R","M","R","M","M","R","B",null,"M","M","M","M","$","E","R","M","T","M","E","?","R","$","R","B",null,"M","T","M","$","M","R","?","R","T","?","?","R","?","E","R","B",null],"character_chosen":"Hololive_HololiveCharacter","items_purchased":["Orichalcum","Apotheosis"],"campfire_rested":0,"item_purchase_floors":[22,38],"current_hp_per_floor":[35,35,35,35,35,35,35,35,42,42,42,42,41,41,41,41,42,42,42,42,42,42,34,34,34,34,34,34,34,34,34,34,36,42,45,45,48,48,51,51,54,54,54,54,44,44,37,42,42,44],"gold":167,"neow_bonus":"THREE_CARDS","is_daily":false,"chose_seed":false,"campfire_upgraded":11,"win_rate":0.0,"timestamp":1612082904,"path_taken":["M","M","?","$","M","E","R","M","T","R","?","R","M","M","R","BOSS","M","M","M","M","$","E","R","M","T","M","E","?","R","$","R","BOSS","M","?","M","$","M","R","?","R","T","?","?","R","?","E","R","BOSS"],"items_purchased_type":["Relic","Card"],"build_version":"2020-12-22","purchased_purges":3,"victory":true,"max_hp_per_floor":[35,35,35,35,35,35,35,35,42,42,42,42,42,42,42,42,42,42,42,42,42,42,42,42,42,42,42,42,42,42,42,42,42,42,45,45,48,48,51,51,54,54,54,54,54,54,54,57,57,57],"card_choices":[{"not_picked":["Hololive_RevenueBasedLive","Hololive_Rebound"],"picked":"Hololive_StrengthChampion","floor":0.0},{"not_picked":["Hololive_Sequa","Hololive_Trident","Hololive_CallShirakamiFubuki"],"picked":"Hololive_Psychosis","floor":1.0},{"not_picked":["Hololive_CallTsunomakiWatame","Hololive_CallInugamiKorone","Hololive_RevenueBasedLive"],"picked":"Hololive_CocoNews","floor":2.0},{"not_picked":["Hololive_CocoNews","Hololive_FlyingPonyTail","Hololive_Sequa"],"picked":"Hololive_MaximGun","floor":5.0},{"not_picked":["Hololive_Nanodesu","Hololive_CallSpadeEcho","Hololive_CallSakuraMiko","Hololive_IdolExercise"],"picked":"SKIP","floor":6.0},{"not_picked":["Hololive_CallHimemoriLuna","Hololive_CocoNews","Hololive_CallDoris","Hololive_Trident"],"picked":"SKIP","floor":8.0},{"not_picked":["Hololive_OvertimeWork","Hololive_CallSakuraMiko","Hololive_Trident","Hololive_Rebound"],"picked":"SKIP","floor":11.0},{"not_picked":["Hololive_Sequa","Hololive_CallYuzukiChoco","Hololive_RevenueBasedLive","Hololive_StrengthChampion"],"picked":"SKIP","floor":13.0},{"not_picked":["Hololive_CallMomosuzuNene","Hololive_OvertimeWork","Hololive_CallOkamiMio","Hololive_Sequa"],"picked":"SKIP","floor":14.0},{"not_picked":["Hololive_DiamondStrike","Hololive_BeCareful","Hololive_AWSL"],"picked":"Hololive_DDD","floor":16.0},{"not_picked":["Hololive_Breathe","Hololive_OvertimeWork","Hololive_CallHimemoriLuna","Hololive_Sequa"],"picked":"SKIP","floor":18.0},{"not_picked":["Hololive_LuckPotion","Hololive_CallYogiri","Hololive_RevenueBasedLive"],"picked":"Hololive_CallMurasakiShion","floor":19.0},{"not_picked":["Hololive_CallDoris+1","Hololive_CallSakuraMiko+1","Hololive_CandyCastle+1","Hololive_Psychosis+1"],"picked":"SKIP","floor":20.0},{"not_picked":["Hololive_CallNakiriAyame","Hololive_Rebound","Hololive_Drill","Hololive_Sequa+1"],"picked":"SKIP","floor":21.0},{"not_picked":["Hololive_Recruit","Hololive_Psychosis","Hololive_CallNakiriAyame+1"],"picked":"Hololive_Thief","floor":23.0},{"not_picked":["Hololive_HuntDinosaur","Hololive_Trident","Hololive_CallShishiroBotan"],"picked":"Hololive_Drill+1","floor":25.0},{"not_picked":["Hololive_Trident","Hololive_CallAiraniIofifteen","Hololive_HuntDinosaur+1"],"picked":"Hololive_FlyingPonyTail+1","floor":27.0},{"not_picked":["Hololive_SummonFox","Hololive_CallRosalyn+1","Hololive_RevenueBasedLive+1","Hololive_CallOkamiMio"],"picked":"SKIP","floor":28.0},{"not_picked":["Hololive_Rebirth","Hololive_OpenUp","Hololive_WolfAndLamb"],"picked":"Hololive_AWSL","floor":33.0},{"not_picked":["Hololive_FlyingPonyTail","Hololive_CallYuzukiChoco+1","Hololive_CallOmaruPolka+1","Hololive_CocoNews"],"picked":"Singing Bowl","floor":35.0},{"not_picked":["Hololive_Trident+1","Hololive_CallAiraniIofifteen","Hololive_LuckPotion+1","Hololive_CallTsunomakiWatame+1"],"picked":"Singing Bowl","floor":37.0},{"not_picked":["Hololive_Sequa+1","Hololive_CocoNews","Hololive_Thief","Hololive_Rebound+1"],"picked":"Singing Bowl","floor":39.0},{"not_picked":["Hololive_CallNatsuiroMatsuri+1","Hololive_Rebound+1","Hololive_Teleport","Hololive_Trident"],"picked":"Singing Bowl","floor":41.0},{"not_picked":["Deep Breath+1","Impatience+1","Panacea+1"],"picked":"Blind+1","floor":45.0},{"not_picked":["Jack Of All Trades+1","Dark Shackles+1","Master of Strategy+1"],"picked":"Flash of Steel","floor":45.0},{"not_picked":["Impatience+1","Panacea+1","Forethought+1"],"picked":"Violence+1","floor":45.0},{"not_picked":["Hololive_CallCivia","Hololive_CallSakuraMiko+1","Hololive_CallManoAloe+1","Hololive_CallTokoyamiTowa+1"],"picked":"Singing Bowl","floor":48.0}],"player_experience":236468,"relics_obtained":[{"floor":6.0,"key":"PreservedInsect"},{"floor":9.0,"key":"Strawberry"},{"floor":23.0,"key":"Pen Nib"},{"floor":26.0,"key":"Gambling Chip"},{"floor":28.0,"key":"Blood Vial"},{"floor":36.0,"key":"Gremlin Horn"},{"floor":41.0,"key":"FossilizedHelix"},{"floor":43.0,"key":"Toxic Egg 2"},{"floor":48.0,"key":"Lantern"}],"event_choices":[{"damage_healed":0.0,"max_hp_gain":0.0,"max_hp_loss":0.0,"gold_gain":0.0,"event_name":"Accursed Blacksmith","player_choice":"Rummage","floor":3.0,"gold_loss":0.0,"damage_taken":0.0,"relics_obtained":["WarpedTongs"],"cards_obtained":["Pain"]},{"cards_removed":["Hololive_Strike"],"damage_healed":0.0,"max_hp_gain":0.0,"max_hp_loss":0.0,"gold_gain":0.0,"event_name":"WeMeetAgain","player_choice":"Gave Card","floor":29.0,"gold_loss":0.0,"damage_taken":0.0,"relics_obtained":["Singing Bowl"]},{"damage_healed":0.0,"max_hp_gain":0.0,"max_hp_loss":0.0,"gold_gain":0.0,"event_name":"MindBloom","player_choice":"Fight","floor":41.0,"gold_loss":0.0,"damage_taken":0.0},{"cards_removed":["Hololive_Defend"],"damage_healed":0.0,"max_hp_gain":0.0,"max_hp_loss":0.0,"gold_gain":0.0,"event_name":"Falling","player_choice":"Removed Skill","floor":44.0,"gold_loss":0.0,"damage_taken":0.0},{"damage_healed":0.0,"max_hp_gain":0.0,"max_hp_loss":0.0,"gold_gain":0.0,"event_name":"SensoryStone","player_choice":"Memory 3","floor":45.0,"gold_loss":0.0,"damage_taken":10.0},{"damage_healed":0.0,"max_hp_gain":0.0,"max_hp_loss":0.0,"gold_gain":0.0,"event_name":"Winding Halls","player_choice":"Embrace Madness","floor":47.0,"gold_loss":0.0,"damage_taken":7.0,"cards_obtained":["Madness","Madness"]}],"is_beta":false,"boss_relics":[{"not_picked":["Fusion Hammer","SacredBark"],"picked":"Coffee Dripper"},{"not_picked":["Busted Crown","Astrolabe"],"picked":"Hololive_Finger"}],"items_purged_floors":[4,22,31],"is_endless":false,"potions_floor_spawned":[2,6,13,14,20,27,28],"ascension_level":0}}