{"host":"zxkjcgzis4pm3za5","time":1612059602,"event":{"mods":["AchievementEnabler","Act Like it!","BaseMod","Colored Map","Colored Powertips","Friendly Minions","GifTheSpireLib","Minty Spire (QoL Compilation)","Quick Restart","RNG Fix","Random Character Button","Relic Filter Mod","Relic Sorter","Relic Stats","StSLib"],"gold_per_floor":[110,35,54,17,92,92,127,139,139,151,168,191,191,191,191,191,191],"floor_reached":16,"language":"ENG","playtime":278,"items_purged":["Defend_G"],"score":238,"play_id":"a8df1977-f6bd-4ede-b11d-bc771ce8b598","local_time":"20210131075002","is_ascension_mode":true,"campfire_choices":[{"data":"Terror","floor":6,"key":"SMITH"},{"data":"Caltrops","floor":15,"key":"SMITH"}],"circlet_count":0,"master_deck":["AscendersBane","Strike_G","Strike_G","Strike_G","Strike_G","Strike_G","Defend_G","Defend_G","Defend_G","Defend_G+1","Survivor+1","Neutralize","Terror+1","Deflect","All Out Attack","Infinite Blades","Endless Agony","Dodge and Roll","Outmaneuver","Caltrops+1"],"relics":["Ring of the Snake","NeowsBlessing","Toy Ornithopter","Matryoshka","Odd Mushroom"],"acts_visited":["Exordium"],"potions_floor_usage":[12],"damage_taken":[{"damage":0,"enemies":"Small Slimes","floor":1,"turns":1},{"damage":0,"enemies":"Cultist","floor":3,"turns":1},{"damage":0,"enemies":"Lagavulin","floor":7,"turns":1},{"damage":0,"enemies":"2 Louse","floor":8,"turns":2},{"damage":5,"enemies":"Looter","floor":10,"turns":3},{"damage":1,"enemies":"2 Fungi Beasts","floor":11,"turns":3},{"damage":0,"enemies":"The Mushroom Lair","floor":12,"turns":4},{"damage":32,"enemies":"The Guardian","floor":16,"turns":9}],"seed_played":"-1259369126672175606","potions_obtained":[{"floor":1,"key":"LiquidBronze"},{"floor":10,"key":"Explosive Potion"}],"is_trial":false,"path_per_floor":["M","$","M","$","?","R","E","M","T","M","M","?","?","?","R","B"],"character_chosen":"THE_SILENT","items_purchased":["All Out Attack"],"campfire_rested":0,"item_purchase_floors":[4],"current_hp_per_floor":[59,59,59,59,48,48,48,48,48,43,42,47,27,32,32,0,0],"gold":191,"neow_bonus":"THREE_ENEMY_KILL","is_daily":false,"chose_seed":false,"campfire_upgraded":2,"win_rate":0.0,"timestamp":1612059602,"path_taken":["M","?","M","$","?","R","E","M","T","M","?","?","?","?","R","BOSS"],"items_purchased_type":["Card"],"build_version":"2020-12-22","purchased_purges":1,"victory":false,"max_hp_per_floor":[66,66,66,66,66,66,66,66,66,66,66,66,66,71,71,71,71],"relic_stats":{"counters":[8,24],"obtain_stats":[{"Matryoshka":9,"NeowsBlessing":0,"Odd Mushroom":12,"Toy Ornithopter":7,"Ring of the Snake":0},{"Matryoshka":4,"NeowsBlessing":0,"Odd Mushroom":7,"Toy Ornithopter":3,"Ring of the Snake":0},{"Matryoshka":5,"NeowsBlessing":0,"Odd Mushroom":15,"Toy Ornithopter":3,"Ring of the Snake":0}],"Toy Ornithopter":5,"Ring of the Snake":[17]},"card_choices":[{"not_picked":["Choke","Sucker Punch"],"picked":"Terror","floor":1},{"not_picked":["Prepared","Deadly Poison"],"picked":"Deflect","floor":3},{"not_picked":["Terror","Deadly Poison"],"picked":"Infinite Blades","floor":7},{"not_picked":["Caltrops","Dagger Throw"],"picked":"Endless Agony","floor":8},{"not_picked":["Underhanded Strike","Deadly Poison"],"picked":"Dodge and Roll","floor":10},{"not_picked":["Acrobatics","Deadly Poison"],"picked":"Outmaneuver","floor":11},{"not_picked":["Eviscerate","Deflect"],"picked":"Caltrops","floor":12}],"player_experience":295404,"relics_obtained":[{"floor":7,"key":"Toy Ornithopter"},{"floor":9,"key":"Matryoshka"},{"floor":12,"key":"Odd Mushroom"}],"event_choices":[{"damage_healed":0,"gold_gain":75,"player_choice":"Gather Gold","damage_taken":11,"max_hp_gain":0,"max_hp_loss":0,"event_name":"World of Goop","floor":5,"gold_loss":0},{"damage_healed":0,"gold_gain":0,"player_choice":"Fought Mushrooms","damage_taken":0,"max_hp_gain":0,"max_hp_loss":0,"event_name":"Mushrooms","floor":12,"gold_loss":0},{"damage_healed":0,"gold_gain":0,"player_choice":"Entered Light","damage_taken":20,"max_hp_gain":0,"max_hp_loss":0,"event_name":"Shining Light","floor":13,"gold_loss":0,"cards_upgraded":["Survivor","Defend_G"]},{"damage_healed":0,"gold_gain":0,"player_choice":"Donut","damage_taken":0,"max_hp_gain":5,"max_hp_loss":0,"event_name":"Big Fish","floor":14,"gold_loss":0}],"is_beta":false,"boss_relics":[],"items_purged_floors":[2],"is_endless":false,"potions_floor_spawned":[1,10,11],"killed_by":"The Guardian","ascension_level":18}}