{"host":"zxkjcgzis4pm3za5","time":1612103333,"event":{"mods":["AchievementEnabler","Act Like it!","BaseMod","Colored Map","Colored Powertips","Friendly Minions","GifTheSpireLib","Minty Spire (QoL Compilation)","Quick Restart","Random Character Button","Relic Sorter","Relic Stats","StSLib"],"gold_per_floor":[114,131,131,148,167,199,35,46,95,95,123,123,134,144,144,221,221,195,195,195,195],"floor_reached":20,"language":"ENG","playtime":705,"items_purged":[],"score":543,"play_id":"bbc074d7-af5a-4939-bcbf-43d3c90b6681","local_time":"20210131195853","is_ascension_mode":true,"campfire_choices":[{"data":"Cloak And Dagger","floor":10,"key":"SMITH"},{"data":"Neutralize","floor":12,"key":"SMITH"},{"floor":15,"key":"RECALL"}],"circlet_count":0,"master_deck":["AscendersBane","Strike_G","Strike_G","Strike_G","Strike_G","Strike_G","Defend_G","Defend_G","Defend_G","Defend_G","Survivor","Neutralize+1","Flying Knee","Blur","PiercingWail","Leg Sweep","Cloak And Dagger+1","Dodge and Roll","Necronomicurse"],"relics":["Busted Crown","Akabeko","ClockworkSouvenir","Nunchaku","Ninja Scroll","SlaversCollar","Necronomicon"],"acts_visited":["Exordium","TheCity"],"potions_floor_usage":[6,16],"damage_taken":[{"damage":0,"enemies":"Jaw Worm","floor":1,"turns":5},{"damage":6,"enemies":"2 Louse","floor":2,"turns":3},{"damage":0,"enemies":"Small Slimes","floor":4,"turns":4},{"damage":0,"enemies":"Exordium Wildlife","floor":5,"turns":6},{"damage":5,"enemies":"Lagavulin","floor":6,"turns":7},{"damage":0,"enemies":"Blue Slaver","floor":8,"turns":3},{"damage":19,"enemies":"Gremlin Nob","floor":11,"turns":6},{"damage":0,"enemies":"3 Louse","floor":13,"turns":3},{"damage":0,"enemies":"Exordium Thugs","floor":14,"turns":5},{"damage":21,"enemies":"The Guardian","floor":16,"turns":14},{"damage":3,"enemies":"2 Thieves","floor":18,"turns":4},{"damage":0,"enemies":"Spheric Guardian","floor":20,"turns":1}],"seed_played":"-1577001978296483767","potions_obtained":[{"floor":2,"key":"CultistPotion"},{"floor":5,"key":"ColorlessPotion"},{"floor":6,"key":"EssenceOfSteel"},{"floor":16,"key":"Dexterity Potion"}],"is_trial":false,"path_per_floor":["M","M","?","M","M","E","$","M","T","R","E","R","M","M","R","B",null,"M","?","M"],"character_chosen":"THE_SILENT","items_purchased":["ClockworkSouvenir"],"campfire_rested":0,"item_purchase_floors":[7],"current_hp_per_floor":[59,53,53,53,53,48,48,48,48,48,29,29,29,29,29,8,52,49,28,28,28],"gold":195,"neow_bonus":"BOSS_RELIC","is_daily":false,"chose_seed":false,"campfire_upgraded":2,"win_rate":0.0,"timestamp":1612103333,"path_taken":["M","?","?","?","M","E","?","?","T","R","E","R","M","M","R","BOSS","M","?","M"],"items_purchased_type":["Relic"],"build_version":"2020-12-22","purchased_purges":0,"victory":false,"max_hp_per_floor":[66,66,66,66,66,66,66,66,66,66,66,66,66,66,66,66,66,66,66,66,66],"relic_stats":{"Nunchaku":[9],"Busted Crown":22,"counters":[12,61],"Necronomicon":[0],"obtain_stats":[{"SlaversCollar":17,"Nunchaku":9,"Busted Crown":0,"Ninja Scroll":11,"Necronomicon":19,"Akabeko":6,"Ring of the Snake":0,"ClockworkSouvenir":7},{"SlaversCollar":10,"Nunchaku":6,"Busted Crown":0,"Ninja Scroll":7,"Necronomicon":11,"Akabeko":5,"Ring of the Snake":0,"ClockworkSouvenir":5},{"SlaversCollar":56,"Nunchaku":28,"Busted Crown":0,"Ninja Scroll":34,"Necronomicon":60,"Akabeko":25,"Ring of the Snake":0,"ClockworkSouvenir":25}]},"card_choices":[{"not_picked":[],"picked":"Flying Knee","floor":1},{"not_picked":[],"picked":"Blur","floor":2},{"not_picked":[],"picked":"PiercingWail","floor":4},{"not_picked":[],"picked":"Leg Sweep","floor":5},{"not_picked":[],"picked":"Cloak And Dagger","floor":6},{"not_picked":[],"picked":"Dodge and Roll","floor":8},{"not_picked":["Dodge and Roll"],"picked":"SKIP","floor":11},{"not_picked":["Dodge and Roll"],"picked":"SKIP","floor":13},{"not_picked":["Dodge and Roll"],"picked":"SKIP","floor":14},{"not_picked":["Catalyst+1"],"picked":"SKIP","floor":18}],"player_experience":299523,"relics_obtained":[{"floor":6,"key":"Akabeko"},{"floor":9,"key":"Nunchaku"},{"floor":11,"key":"Ninja Scroll"},{"floor":19,"key":"Necronomicon"}],"event_choices":[{"cards_removed":["Defend_G"],"damage_healed":0,"gold_gain":0,"player_choice":"Purged","damage_taken":0,"max_hp_gain":0,"max_hp_loss":0,"event_name":"Purifier","floor":3,"gold_loss":0},{"damage_healed":0,"gold_gain":0,"player_choice":"Obtained Book","damage_taken":21,"max_hp_gain":0,"max_hp_loss":0,"event_name":"Cursed Tome","floor":19,"gold_loss":0}],"is_beta":false,"boss_relics":[{"not_picked":["Fusion Hammer","Velvet Choker"],"picked":"SlaversCollar"}],"items_purged_floors":[],"is_endless":false,"potions_floor_spawned":[2,5,6,16,18],"killed_by":"Spheric Guardian","ascension_level":18}}