{"host":"6xsbn6ynqlzwllfm","time":1612092604,"event":{"mods":["2.2 Compatiblity","BaseMod","Bestiary","Colored Map","Colored Powertips","Curses Come First","Highlight Path","Keyboard Shortcuts","Minty Spire (QoL Compilation)","Relic Stats","Slay the Relics Exporter","StSLib","SuperFastMode"],"gold_per_floor":[109,24,44,57,72,105,105,138,162,162,173,173,208,208,208,208,208],"floor_reached":16,"language":"ENG","playtime":383,"items_purged":[],"score":240,"play_id":"ba187015-9525-4d49-99f2-61ba0218c7b7","local_time":"20210131063004","is_ascension_mode":true,"campfire_choices":[{"data":"BattleHymn","floor":7.0,"key":"SMITH"},{"floor":10.0,"key":"REST"},{"data":"WaveOfTheHand","floor":12.0,"key":"SMITH"},{"floor":15,"key":"REST"}],"circlet_count":0,"master_deck":["AscendersBane","Strike_P","Strike_P","Defend_P","Defend_P","Defend_P","Defend_P","Eruption","Vigilance","BattleHymn+1","WaveOfTheHand+1","EmptyFist","FlyingSleeves","Blasphemy","FlurryOfBlows","FlurryOfBlows"],"relics":["Empty Cage","Damaru","Omamori","Smiling Mask","Juzu Bracelet","Golden Idol"],"acts_visited":["Exordium"],"potions_floor_usage":[13],"damage_taken":[{"damage":5.0,"enemies":"Small Slimes","floor":1.0,"turns":4.0},{"damage":7.0,"enemies":"Jaw Worm","floor":3.0,"turns":5.0},{"damage":4.0,"enemies":"2 Louse","floor":4.0,"turns":3.0},{"damage":3.0,"enemies":"2 Fungi Beasts","floor":5.0,"turns":4.0},{"damage":8.0,"enemies":"Gremlin Nob","floor":6.0,"turns":3.0},{"damage":25.0,"enemies":"3 Sentries","floor":8.0,"turns":6.0},{"damage":4.0,"enemies":"Blue Slaver","floor":11.0,"turns":4.0},{"damage":19,"enemies":"Gremlin Nob","floor":13,"turns":4},{"damage":100022,"enemies":"Hexaghost","floor":16,"turns":6}],"seed_played":"-1782449293722190575","potions_obtained":[{"floor":4.0,"key":"SkillPotion"},{"floor":5.0,"key":"LiquidMemories"},{"floor":8.0,"key":"Block Potion"},{"floor":11.0,"key":"SpeedPotion"}],"is_trial":false,"path_per_floor":["M","$","M","M","M","E","R","E","T","R","M","R","E","?","R","B"],"character_chosen":"WATCHER","items_purchased":["BattleHymn"],"campfire_rested":2,"item_purchase_floors":[2],"current_hp_per_floor":[56,56,49,45,42,34,34,9,9,29,25,25,6,6,24,0,0],"gold":208,"neow_bonus":"BOSS_RELIC","is_daily":false,"chose_seed":false,"campfire_upgraded":2,"win_rate":0.0,"timestamp":1612092604,"path_taken":["M","$","M","M","M","E","R","E","T","R","M","R","E","?","R","BOSS"],"items_purchased_type":["Card"],"build_version":"2020-12-22","purchased_purges":0,"victory":false,"max_hp_per_floor":[68,68,68,68,68,68,68,68,68,68,68,68,68,62,62,62,62],"relic_stats":{"counters":[9,38],"Golden Idol":0,"Juzu Bracelet":0,"Smiling Mask":0,"obtain_stats":[{"Golden Idol":14,"Damaru":6,"Omamori":8,"Juzu Bracelet":13,"PureWater":0,"Empty Cage":0,"Smiling Mask":9},{"Golden Idol":8,"Damaru":5,"Omamori":6,"Juzu Bracelet":8,"PureWater":0,"Empty Cage":0,"Smiling Mask":6},{"Golden Idol":33,"Damaru":19,"Omamori":25,"Juzu Bracelet":33,"PureWater":0,"Empty Cage":0,"Smiling Mask":25}]},"card_choices":[{"not_picked":["JustLucky","EmptyMind"],"picked":"WaveOfTheHand","floor":3.0},{"not_picked":["ThirdEye","Protect"],"picked":"EmptyFist","floor":4.0},{"not_picked":["Swivel","ReachHeaven"],"picked":"FlyingSleeves","floor":6.0},{"not_picked":["SashWhip","PathToVictory"],"picked":"Blasphemy","floor":8.0},{"not_picked":["JustLucky","Omniscience"],"picked":"FlurryOfBlows","floor":11.0},{"not_picked":["Swivel","FlyingSleeves"],"picked":"FlurryOfBlows","floor":13}],"player_experience":1342421,"relics_obtained":[{"floor":6.0,"key":"Damaru"},{"floor":8.0,"key":"Omamori"},{"floor":9.0,"key":"Smiling Mask"},{"floor":13,"key":"Juzu Bracelet"}],"event_choices":[{"damage_healed":0,"gold_gain":0,"player_choice":"Lose Max HP","damage_taken":0,"relics_obtained":["Golden Idol"],"max_hp_gain":0,"max_hp_loss":6,"event_name":"Golden Idol","floor":14,"gold_loss":0}],"is_beta":false,"boss_relics":[],"items_purged_floors":[],"is_endless":false,"potions_floor_spawned":[4,5,8,11],"killed_by":"Hexaghost","ascension_level":20}}