{"host":"ewns8ifhbubwkcum","time":1612070698,"event":{"mods":["BaseMod","Block Reminder","Colored Map","Colored Powertips","Downfall","Highlight Path","Minty Spire (QoL Compilation)","Permanent Neow","Quick Restart","Random Character Button","StSLib"],"gold_per_floor":[99,115,115,127,138,164,164,164,194,22,51,67,67,98,108,211,211,211,227,327,337,356,356,404,418,444,144,161,191,191,210,229,326,326,326,342,342,442,456,481,529,236,246,246,274,274,307,326,342,342,342,374,11,11,11,11],"floor_reached":57,"language":"ENG","playtime":9078,"items_purged":[],"score":1630,"play_id":"de926c66-91da-4806-a1c2-7ffbd0869c79","local_time":"20210130232458","is_ascension_mode":true,"campfire_choices":[{"data":"bronze:Overheat","floor":1.0,"key":"SMITH"},{"data":"bronze:CloningBeam","floor":13.0,"key":"SMITH"},{"floor":18.0,"key":"RECALL"},{"floor":27.0,"key":"REST"},{"floor":30.0,"key":"REST"},{"floor":35.0,"key":"REST"},{"floor":44,"key":"REST"},{"floor":54,"key":"REST"}],"circlet_count":0,"master_deck":["bronze:Strike+1","bronze:Defend","bronze:Defend","bronze:Defend+1","bronze:Defend","bronze:Goto","bronze:Return","bronze:Overheat+1","bronze:Constructor","bronze:CloningBeam+1","bronze:Repair","bronze:WildBeam","bronze:Shield","bronze:ForceShield","bronze:DelayedGuard","bronze:SpaghettiCode","bronze:Frontload+1","bronze:ChildClass+1","bronze:Optimize+1","bronze:BurnOut","bronze:Iterate","bronze:DigitalCarnage","bronze:FineTuning+1","bronze:Assembly","bronze:ForLoop+1","bronze:Philosophize","bronze:Boost+1","bronze:Verify","bronze:WildBeam","bronze:OilSpill","bronze:Shield+1","bronze:Flail","bronze:Overheat","bronze:ForLoop+1","bronze:Boost+1","bronze:OilSpill","bronze:Branch","bronze:Boost"],"relics":["bronze:BronzeCore","Pocketwatch","Singing Bowl","Mercury Hourglass","Dream Catcher","Whetstone","Thread and Needle","bronze:BronzeIdol","Fusion Hammer","Art of War","downfall:HeartBlessingBlue","downfall:HeartBlessingGreen","downfall:HeartBlessingRed","Happy Flower","Snecko Eye","Eternal Feather","bronze:ProtectiveGoggles","Bag of Marbles","Bottled Tornado","Gremlin Horn","War Paint","Lee\u0027s Waffle","Pen Nib"],"acts_visited":["Exordium","TheCity","TheBeyond","TheEnding"],"potions_floor_usage":[50,56,56],"damage_taken":[{"damage":7.0,"enemies":"Jaw Worm","floor":2.0,"turns":2.0},{"damage":1.0,"enemies":"2 Louse","floor":4.0,"turns":3.0},{"damage":0.0,"enemies":"Cultist","floor":5.0,"turns":3.0},{"damage":0.0,"enemies":"3 Sentries","floor":6.0,"turns":8.0},{"damage":3.0,"enemies":"Gremlin Nob","floor":9.0,"turns":4.0},{"damage":0.0,"enemies":"downfall:FleeingMerchant","floor":10.0,"turns":4.0},{"damage":0.0,"enemies":"Lagavulin","floor":11.0,"turns":4.0},{"damage":4.0,"enemies":"Blue Slaver","floor":12.0,"turns":2.0},{"damage":0.0,"enemies":"3 Sentries","floor":14.0,"turns":6.0},{"damage":0.0,"enemies":"Red Slaver","floor":15.0,"turns":2.0},{"damage":46.0,"enemies":"WA_ARCHETYPE_RETAIN","floor":16.0,"turns":14.0},{"damage":0.0,"enemies":"3 Byrds","floor":19.0,"turns":4.0},{"damage":0.0,"enemies":"Shell Parasite","floor":21.0,"turns":5.0},{"damage":0.0,"enemies":"Snecko","floor":22.0,"turns":4.0},{"damage":0.0,"enemies":"3 Cultists","floor":25.0,"turns":4.0},{"damage":1.0,"enemies":"Slavers","floor":26.0,"turns":3.0},{"damage":0.0,"enemies":"Shelled Parasite and Fungi","floor":28.0,"turns":4.0},{"damage":0.0,"enemies":"Gremlin Leader","floor":29.0,"turns":4.0},{"damage":0.0,"enemies":"Snecko","floor":31.0,"turns":2.0},{"damage":0.0,"enemies":"Cultist and Chosen","floor":32.0,"turns":5.0},{"damage":0.0,"enemies":"SI_MIRROR_ARCHETYPE","floor":33.0,"turns":7.0},{"damage":0.0,"enemies":"3 Shapes","floor":36.0,"turns":3.0},{"damage":0.0,"enemies":"Orb Walker","floor":39.0,"turns":3.0},{"damage":1.0,"enemies":"Giant Head","floor":40.0,"turns":6.0},{"damage":0.0,"enemies":"downfall:FleeingMerchant","floor":42.0,"turns":4.0},{"damage":5,"enemies":"3 Darklings","floor":43,"turns":4},{"damage":25,"enemies":"Reptomancer","floor":45,"turns":6},{"damage":0,"enemies":"Giant Head","floor":47,"turns":6},{"damage":0,"enemies":"Spire Growth","floor":48,"turns":3},{"damage":0,"enemies":"Maw","floor":49,"turns":6},{"damage":75,"enemies":"IC_BLOCK_ARCHETYPE","floor":50,"turns":9},{"damage":18,"enemies":"downfall:CharBossMerchant","floor":52,"turns":6},{"damage":13,"enemies":"downfall:NeowBoss","floor":55,"turns":10},{"damage":17,"enemies":"downfall:NeowBossFinal","floor":56,"turns":10}],"seed_played":"-8253774821396611841","potions_obtained":[{"floor":4.0,"key":"Ancient Potion"},{"floor":11.0,"key":"Weak Potion"},{"floor":12.0,"key":"Strength Potion"},{"floor":19.0,"key":"Dexterity Potion"},{"floor":26.0,"key":"bronze:BuildAFunctionPotion"},{"floor":29.0,"key":"Weak Potion"},{"floor":39.0,"key":"bronze:CleanCodePotion"},{"floor":40.0,"key":"FearPotion"},{"floor":45,"key":"Guardian:BlockOnCardUsePotion"},{"floor":48,"key":"Strength Potion"}],"is_trial":false,"path_per_floor":["R","M","?","M","M","E","T","?","E","$","E","M","R","E","M","B",null,"R","M","?","M","M","?","T","M","E","R","M","E","R","M","M","B",null,"R","M","?","?","M","E","T","?","M","R","E","?","E","M","M","B",null,"E","$","R","B","B",null],"character_chosen":"THE_AUTOMATON","items_purchased":["Whetstone","Bag of Marbles","bronze:WildBeam","bronze:OilSpill","bronze:Shield","Lee\u0027s Waffle","Pen Nib","bronze:OilSpill","bronze:Branch"],"campfire_rested":5,"item_purchase_floors":[10,42,42,42,42,53,53,53,53],"current_hp_per_floor":[49,42,35,34,34,41,41,41,54,68,72,70,70,76,76,32,76,76,76,76,76,76,76,76,78,80,92,92,92,92,94,96,96,96,96,98,98,98,98,97,97,98,95,100,95,95,95,102,102,27,102,88,111,111,98,88],"gold":11,"neow_bonus":"TRANSFORM_TWO_CARDS","is_daily":false,"chose_seed":false,"campfire_upgraded":2,"win_rate":0.0,"timestamp":1612070698,"path_taken":["R","M","?","M","M","E","T","?","E","$","E","M","R","E","M","BOSS","R","M","?","M","?","?","T","?","E","R","M","E","R","M","M","BOSS","R","M","?","?","?","E","T","?","M","R","E","?","E","M","M","BOSS","E","$","R","BOSS","BOSS"],"items_purchased_type":["Relic","Relic","Card","Card","Card","Relic","Relic","Card","Card"],"build_version":"2020-12-22","purchased_purges":0,"victory":true,"max_hp_per_floor":[70,70,70,70,70,70,70,70,72,72,72,74,74,76,76,76,76,76,76,76,76,76,76,76,78,80,92,92,92,92,94,96,96,96,96,98,98,98,98,98,98,98,100,100,100,100,100,102,102,102,102,104,111,111,111,111],"card_choices":[{"not_picked":["bronze:Overheat","bronze:Branch"],"picked":"bronze:Constructor","floor":2.0},{"not_picked":["bronze:Boost","bronze:WhirlingStrike"],"picked":"bronze:CloningBeam","floor":4.0},{"not_picked":["bronze:Virus","bronze:FineTuning"],"picked":"bronze:Repair","floor":5.0},{"not_picked":["bronze:Constructor","bronze:Refactor"],"picked":"bronze:WildBeam","floor":6.0},{"not_picked":["bronze:GetLatest","bronze:DelayedSlice","bronze:Overload"],"picked":"Singing Bowl","floor":9.0},{"not_picked":["bronze:Branch","bronze:WhirlingStrike"],"picked":"bronze:Shield","floor":10.0},{"not_picked":["bronze:CloningBeam","bronze:DelayedSlice"],"picked":"bronze:ForceShield","floor":11.0},{"not_picked":["bronze:Turbo","bronze:CutThrough","bronze:Mutator"],"picked":"Singing Bowl","floor":12.0},{"not_picked":["bronze:CutThrough","bronze:BuggyMess","bronze:MaxOutput"],"picked":"Singing Bowl","floor":14.0},{"not_picked":["bronze:Frontload","bronze:WildBeam"],"picked":"bronze:DelayedGuard","floor":15.0},{"not_picked":["bronze:ShipIt","bronze:Format"],"picked":"bronze:SpaghettiCode","floor":16.0},{"not_picked":["bronze:BitShift+1","bronze:Shield"],"picked":"bronze:Frontload+1","floor":19.0},{"not_picked":["bronze:FineTuning+1","bronze:Deprecate"],"picked":"bronze:ChildClass+1","floor":21.0},{"not_picked":["bronze:Branch+1","bronze:Turbo"],"picked":"bronze:Optimize+1","floor":22.0},{"not_picked":["bronze:Branch","bronze:DelayedGuard","bronze:BuggyMess"],"picked":"Singing Bowl","floor":25.0},{"not_picked":["bronze:Format","bronze:DigitalCarnage","bronze:Refactor+1"],"picked":"Singing Bowl","floor":26.0},{"not_picked":["bronze:BitShift","bronze:BugBarrage+1","bronze:OilSpill"],"picked":"Singing Bowl","floor":27.0},{"not_picked":["bronze:Turbo","bronze:CloningBeam"],"picked":"bronze:Iterate","floor":28.0},{"not_picked":["bronze:GetLatest","bronze:Separator"],"picked":"bronze:DigitalCarnage","floor":29.0},{"not_picked":["bronze:Iterate","bronze:Fortify"],"picked":"bronze:FineTuning+1","floor":30.0},{"not_picked":["bronze:Virus","bronze:DelayedGuard","bronze:Frontload"],"picked":"Singing Bowl","floor":31.0},{"not_picked":["bronze:Repair","bronze:Optimize","bronze:DarkDash"],"picked":"Singing Bowl","floor":32.0},{"not_picked":["bronze:Break","bronze:ShipIt"],"picked":"bronze:Assembly","floor":33.0},{"not_picked":["bronze:OilSpill","bronze:Shield+1"],"picked":"bronze:ForLoop+1","floor":35.0},{"not_picked":["bronze:Turbo","bronze:Optimize","bronze:FineTuning"],"picked":"Singing Bowl","floor":36.0},{"not_picked":["bronze:CloningBeam","bronze:Invalidate+1"],"picked":"bronze:Philosophize","floor":39.0},{"not_picked":["bronze:Shield+1","bronze:Iterate+1"],"picked":"bronze:Boost+1","floor":40.0},{"not_picked":["bronze:BronzeOrb","bronze:Safeguard+1"],"picked":"bronze:Verify","floor":42.0},{"not_picked":["bronze:WildBeam","bronze:Refactor+1","bronze:InfiniteBeams"],"picked":"Singing Bowl","floor":43},{"not_picked":["bronze:OilSpill","bronze:ChildClass+1"],"picked":"bronze:Flail","floor":44},{"not_picked":["bronze:ChosenStrike+1","bronze:ForceShield"],"picked":"bronze:Overheat","floor":45},{"not_picked":["bronze:DelayedGuard+1","bronze:ShipIt"],"picked":"bronze:ForLoop+1","floor":47},{"not_picked":["bronze:CutThrough","bronze:Invalidate+1","bronze:ForLoop"],"picked":"Singing Bowl","floor":48},{"not_picked":["bronze:Backtrace","bronze:Philosophize+1"],"picked":"bronze:Boost+1","floor":49},{"not_picked":["bronze:Invalidate+1","bronze:Allocate+1","bronze:ForLoop"],"picked":"Singing Bowl","floor":52},{"not_picked":["bronze:Separator","bronze:DelayedGuard+1"],"picked":"bronze:Boost","floor":54}],"player_experience":1071918,"relics_obtained":[{"floor":6.0,"key":"Singing Bowl"},{"floor":7.0,"key":"Mercury Hourglass"},{"floor":9.0,"key":"Dream Catcher"},{"floor":11.0,"key":"Thread and Needle"},{"floor":14.0,"key":"bronze:BronzeIdol"},{"floor":26.0,"key":"Art of War"},{"floor":29.0,"key":"Happy Flower"},{"floor":40.0,"key":"Eternal Feather"},{"floor":41.0,"key":"bronze:ProtectiveGoggles"},{"floor":45,"key":"Bottled Tornado"},{"floor":47,"key":"Gremlin Horn"},{"floor":52,"key":"War Paint"}],"event_choices":[{"damage_healed":0.0,"max_hp_gain":0.0,"max_hp_loss":0.0,"gold_gain":0.0,"event_name":"Scrap Ooze","player_choice":"Success","floor":3.0,"gold_loss":0.0,"damage_taken":7.0,"relics_obtained":["Pocketwatch"]},{"cards_removed":["bronze:Replicate"],"damage_healed":0.0,"max_hp_gain":0.0,"max_hp_loss":0.0,"gold_gain":0.0,"event_name":"Falling","player_choice":"Removed Attack","floor":37.0,"gold_loss":0.0,"damage_taken":0.0}],"is_beta":false,"boss_relics":[{"not_picked":["Empty Cage","Cursed Key"],"picked":"Fusion Hammer"},{"not_picked":["SlaversCollar","Runic Dome"],"picked":"Snecko Eye"}],"items_purged_floors":[],"is_endless":false,"potions_floor_spawned":[4,11,12,14,19,26,29,31,33,39,40,45,48,49],"ascension_level":2}}