{"host":"6jrd8fn9k88n08be","time":1612052360,"event":{"mods":["BaseMod","Minty Spire (QoL Compilation)","StSLib"],"gold_per_floor":[117,117,137,237,253,270,303,321,321,321,346,362,378,391,391,496,496,511,511,610,133,156,190,200,200,252,252,252,252,286,297,297,297,297],"floor_reached":33,"language":"ENG","playtime":2950,"items_purged":["Thunderclap"],"score":342,"play_id":"c0ca4dfa-7d51-4f6c-bdd0-f9fb04477edc","local_time":"20210130191920","is_ascension_mode":true,"campfire_choices":[{"floor":10.0,"key":"REST"},{"data":"Heavy Blade","floor":15.0,"key":"SMITH"},{"data":"Limit Break","floor":25.0,"key":"SMITH"},{"data":"Sword Boomerang","floor":27.0,"key":"SMITH"},{"data":"Whirlwind","floor":32,"key":"SMITH"}],"circlet_count":0,"master_deck":["Strike_R","Strike_R","Defend_R","Defend_R","Defend_R","Bash","Second Wind","Inflame","Whirlwind+1","Sword Boomerang","Dropkick","Rage","Shrug It Off","Sword Boomerang+1","Ghostly Armor","Pommel Strike","Heavy Blade+1","Limit Break+1","Flame Barrier+1","Anger+1","Power Through+1","Flame Barrier+1","Warcry","Sentinel"],"relics":["Burning Blood","Regal Pillow","Charon\u0027s Ashes","Pantograph","Mummified Hand","Astrolabe","MutagenicStrength","Juzu Bracelet","Blood Vial","FossilizedHelix","Bronze Scales","Shuriken","Orichalcum"],"acts_visited":["Exordium","TheCity"],"potions_floor_usage":[33],"damage_taken":[{"damage":6.0,"enemies":"Small Slimes","floor":1.0,"turns":4.0},{"damage":1.0,"enemies":"Cultist","floor":3.0,"turns":3.0},{"damage":2.0,"enemies":"Jaw Worm","floor":5.0,"turns":3.0},{"damage":8.0,"enemies":"Large Slime","floor":6.0,"turns":4.0},{"damage":28.0,"enemies":"Gremlin Nob","floor":7.0,"turns":4.0},{"damage":23.0,"enemies":"Exordium Wildlife","floor":8.0,"turns":5.0},{"damage":31.0,"enemies":"3 Sentries","floor":11.0,"turns":9.0},{"damage":2.0,"enemies":"Blue Slaver","floor":12.0,"turns":4.0},{"damage":1.0,"enemies":"2 Fungi Beasts","floor":13.0,"turns":4.0},{"damage":8.0,"enemies":"Large Slime","floor":14.0,"turns":5.0},{"damage":64.0,"enemies":"The Guardian","floor":16.0,"turns":11.0},{"damage":0.0,"enemies":"3 Byrds","floor":18.0,"turns":4.0},{"damage":92.0,"enemies":"Slavers","floor":23.0,"turns":8.0},{"damage":0.0,"enemies":"Chosen","floor":24.0,"turns":4.0},{"damage":32.0,"enemies":"Book of Stabbing","floor":30.0,"turns":5.0},{"damage":0.0,"enemies":"Snecko","floor":31.0,"turns":5.0},{"damage":69,"enemies":"Champ","floor":33,"turns":10}],"seed_played":"-8715267109947672057","potions_obtained":[{"floor":5.0,"key":"Strength Potion"},{"floor":6.0,"key":"EntropicBrew"},{"floor":11.0,"key":"SneckoOil"},{"floor":13.0,"key":"Energy Potion"},{"floor":14.0,"key":"Ancient Potion"},{"floor":16.0,"key":"Dexterity Potion"},{"floor":23.0,"key":"Swift Potion"},{"floor":30.0,"key":"EssenceOfSteel"}],"is_trial":false,"path_per_floor":["M","?","M","?","M","M","E","M","T","R","E","M","M","M","R","B",null,"M","?","?","$","T","E","M","R","T","R","?","T","E","M","R","B"],"character_chosen":"IRONCLAD","items_purchased":["Juzu Bracelet","Thunderclap","FairyPotion","FairyPotion"],"campfire_rested":1,"item_purchase_floors":[21,21,21,21],"current_hp_per_floor":[80,73,78,78,80,78,56,39,39,78,53,57,62,60,60,22,80,80,80,80,80,80,23,31,31,31,31,31,31,7,15,15,0,0],"gold":297,"neow_bonus":"TRANSFORM_CARD","is_daily":false,"chose_seed":false,"campfire_upgraded":4,"win_rate":0.0,"timestamp":1612052360,"path_taken":["M","?","M","?","M","M","E","M","T","R","E","?","M","M","R","BOSS","M","?","?","?","?","E","M","R","T","R","?","?","E","M","R","BOSS"],"items_purchased_type":["Relic","Card","Potion","Potion"],"build_version":"2020-12-22","purchased_purges":1,"victory":false,"max_hp_per_floor":[80,80,80,80,80,80,80,80,80,80,80,80,80,80,80,80,80,80,80,80,80,80,80,80,80,80,80,80,80,80,80,80,80,80],"card_choices":[{"not_picked":["Heavy Blade","Rupture"],"picked":"Inflame","floor":1.0},{"not_picked":["Metallicize","Cleave"],"picked":"Whirlwind","floor":3.0},{"not_picked":["Twin Strike","Headbutt"],"picked":"Sword Boomerang","floor":5.0},{"not_picked":["Dark Embrace","Reckless Charge"],"picked":"Dropkick","floor":6.0},{"not_picked":["Armaments","Immolate"],"picked":"Rage","floor":7.0},{"not_picked":["Dark Embrace","Clothesline"],"picked":"Shrug It Off","floor":8.0},{"not_picked":["Flex","Carnage"],"picked":"Sword Boomerang","floor":11.0},{"not_picked":["Clash","Flex"],"picked":"Ghostly Armor","floor":12.0},{"not_picked":["Perfected Strike","Rupture"],"picked":"Pommel Strike","floor":13.0},{"not_picked":["Dual Wield","Perfected Strike"],"picked":"Heavy Blade","floor":14.0},{"not_picked":["Berserk","Brutality"],"picked":"Limit Break","floor":16.0},{"not_picked":["Twin Strike","Dropkick"],"picked":"Flame Barrier+1","floor":18.0},{"not_picked":["Pummel","Shrug It Off"],"picked":"Warcry","floor":23.0},{"not_picked":["Intimidate","Armaments","Power Through"],"picked":"SKIP","floor":24.0},{"not_picked":["Wild Strike","Second Wind+1"],"picked":"Sentinel","floor":30.0},{"not_picked":["Brutality","Warcry","Shrug It Off"],"picked":"SKIP","floor":31.0}],"player_experience":134862,"relics_obtained":[{"floor":7.0,"key":"Charon\u0027s Ashes"},{"floor":9.0,"key":"Pantograph"},{"floor":11.0,"key":"Mummified Hand"},{"floor":22.0,"key":"Blood Vial"},{"floor":23.0,"key":"FossilizedHelix"},{"floor":26.0,"key":"Bronze Scales"},{"floor":29.0,"key":"Shuriken"},{"floor":30.0,"key":"Orichalcum"}],"event_choices":[{"damage_healed":0.0,"max_hp_gain":0.0,"max_hp_loss":0.0,"gold_gain":0.0,"event_name":"Scrap Ooze","player_choice":"Success","floor":2.0,"gold_loss":0.0,"damage_taken":7.0,"relics_obtained":["Regal Pillow"]},{"damage_healed":0.0,"max_hp_gain":0.0,"max_hp_loss":0.0,"gold_gain":100.0,"event_name":"Golden Shrine","player_choice":"Pray","floor":4.0,"gold_loss":0.0,"damage_taken":0.0},{"damage_healed":0.0,"max_hp_gain":0.0,"max_hp_loss":0.0,"gold_gain":0.0,"event_name":"Drug Dealer","player_choice":"Inject Mutagens","floor":19.0,"gold_loss":0.0,"damage_taken":0.0,"relics_obtained":["MutagenicStrength"]},{"damage_healed":0.0,"max_hp_gain":0.0,"max_hp_loss":0.0,"gold_gain":99.0,"event_name":"Nest","player_choice":"Stole From Cult","floor":20.0,"gold_loss":0.0,"damage_taken":0.0},{"damage_healed":0.0,"max_hp_gain":0.0,"max_hp_loss":0.0,"gold_gain":0.0,"event_name":"Ghosts","player_choice":"Ignored","floor":28.0,"gold_loss":0.0,"damage_taken":0.0}],"is_beta":false,"boss_relics":[{"not_picked":["Coffee Dripper","SlaversCollar"],"picked":"Astrolabe"}],"items_purged_floors":[21],"is_endless":false,"potions_floor_spawned":[5,6,11,13,14,16,23,24,30],"killed_by":"Champ","ascension_level":3}}