{"host":"gzk4gkgy3zij1c51","time":1612100717,"event":{"mods":["BaseMod","Colored Map","Downfall","Highlight Path","Marked Mod","Minty Spire (QoL Compilation)","Relic Stats","StSLib","everything is the same but u backflip on backflip"],"gold_per_floor":[110,110,123,198,5,30,30,205,205,218,236,236,268,280,280,383,383,398,76,93,20,39,39,59,59,82,92,109,9,9,9],"floor_reached":30,"language":"ENG","playtime":1496,"items_purged":["downfall:Haunted","downfall:Haunted"],"score":327,"play_id":"303a7f2c-7945-4bbb-b07b-bae0a5ed9a5d","local_time":"20210131134517","is_ascension_mode":true,"campfire_choices":[{"data":"Limit Break","floor":7.0,"key":"SMITH"},{"floor":15.0,"key":"REST"},{"data":"Armaments","floor":23.0,"key":"SMITH"},{"floor":25,"key":"REST"}],"circlet_count":0,"master_deck":["Strike_R","Strike_R","Strike_R","Strike_R","Strike_R","Defend_R","Defend_R","Defend_R","Defend_R","Bash+1","Inflame","Flex","Limit Break+1","Battle Trance","Spot Weakness","Doubt","Heavy Blade","Evolve","Parasite","Bludgeon","downfall:Haunted","Pommel Strike","Flame Barrier","Offering","True Grit","Armaments+1","Double Tap","Whirlwind","Rampage","Twin Strike+1","Sword Boomerang","Ghostly Armor+1"],"relics":["Burning Blood","Self Forming Clay","Lantern","Turnip","Du-Vu Doll","Ginger","sneckomod:SneckoTalon","Bag of Preparation"],"acts_visited":["Exordium","TheCity"],"potions_floor_usage":[24,27,27,30,30],"damage_taken":[{"damage":13.0,"enemies":"Small Slimes","floor":1.0,"turns":5.0},{"damage":7.0,"enemies":"Jaw Worm","floor":3.0,"turns":3.0},{"damage":16.0,"enemies":"Gremlin Nob","floor":6.0,"turns":3.0},{"damage":0.0,"enemies":"2 Louse","floor":10.0,"turns":1.0},{"damage":13.0,"enemies":"Blue Slaver","floor":11.0,"turns":2.0},{"damage":14.0,"enemies":"3 Sentries","floor":13.0,"turns":5.0},{"damage":9.0,"enemies":"Red Slaver","floor":14.0,"turns":2.0},{"damage":36.0,"enemies":"Hexaghost","floor":16.0,"turns":8.0},{"damage":6.0,"enemies":"Spheric Guardian","floor":18.0,"turns":3.0},{"damage":48.0,"enemies":"3 Byrds","floor":20.0,"turns":7.0},{"damage":28.0,"enemies":"Shelled Parasite and Fungi","floor":22.0,"turns":4.0},{"damage":12,"enemies":"Chosen and Byrds","floor":24,"turns":5},{"damage":8,"enemies":"Snecko","floor":27,"turns":3},{"damage":11,"enemies":"Cultist and Chosen","floor":28,"turns":3},{"damage":28,"enemies":"Book of Stabbing","floor":30,"turns":3}],"seed_played":"6957296753004075504","potions_obtained":[{"floor":1.0,"key":"SteroidPotion"},{"floor":6.0,"key":"sneckomod:MuddlingPotion"},{"floor":13.0,"key":"sneckomod:MuddlingPotion"},{"floor":16.0,"key":"Swift Potion"},{"floor":24,"key":"EntropicBrew"},{"floor":27,"key":"Slimebound:ThreeZeroPotion"},{"floor":28,"key":"Fire Potion"}],"is_trial":false,"path_per_floor":["M","?","M","?","$","E","R","?","T","M","M","?","E","M","R","B",null,"M","$","M","$","M","R","M","R","T","M","M","$","E"],"character_chosen":"IRONCLAD","items_purchased":["Limit Break","Battle Trance","Armaments","Double Tap","Regen Potion","Rampage"],"campfire_rested":2,"item_purchase_floors":[5,5,19,19,19,21],"current_hp_per_floor":[65,47,46,35,35,25,25,25,25,31,24,29,21,18,43,13,67,67,67,37,37,15,15,9,34,34,32,27,27,0,0],"gold":9,"neow_bonus":"UPGRADE_CARD","is_daily":false,"chose_seed":false,"campfire_upgraded":2,"win_rate":0.0,"timestamp":1612100717,"path_taken":["M","?","M","?","$","E","R","?","T","M","M","?","E","?","R","BOSS","M","$","M","?","M","R","?","R","T","M","M","$","E"],"items_purchased_type":["Card","Card","Card","Card","Potion","Card"],"build_version":"2020-12-22","purchased_purges":2,"victory":false,"max_hp_per_floor":[80,80,80,80,80,80,80,80,80,80,80,85,85,85,85,85,85,85,85,85,85,85,85,85,85,85,85,85,85,85,85],"relic_stats":{"counters":[15,57],"Self Forming Clay":[150],"Turnip":[5],"Bag of Preparation":[6],"Ginger":[5],"obtain_stats":[{"Du-Vu Doll":12,"Lantern":6,"Self Forming Clay":2,"Turnip":9,"Bag of Preparation":26,"Ginger":13,"sneckomod:SneckoTalon":17,"Burning Blood":0},{"Du-Vu Doll":5,"Lantern":3,"Self Forming Clay":1,"Turnip":3,"Bag of Preparation":12,"Ginger":6,"sneckomod:SneckoTalon":8,"Burning Blood":0},{"Du-Vu Doll":14,"Lantern":11,"Self Forming Clay":5,"Turnip":11,"Bag of Preparation":48,"Ginger":19,"sneckomod:SneckoTalon":29,"Burning Blood":0}],"Burning Blood":84},"card_choices":[{"not_picked":["Cleave","Shrug It Off"],"picked":"Inflame","floor":1.0},{"not_picked":["Headbutt","Feel No Pain"],"picked":"Flex","floor":3.0},{"not_picked":["Shockwave","Shrug It Off"],"picked":"Spot Weakness","floor":6.0},{"not_picked":["Clothesline","Juggernaut"],"picked":"Heavy Blade","floor":10.0},{"not_picked":["Shrug It Off","Heavy Blade"],"picked":"Evolve","floor":11.0},{"not_picked":["Body Slam","Intimidate"],"picked":"Pommel Strike","floor":13.0},{"not_picked":["Pommel Strike","Infernal Blade"],"picked":"Flame Barrier","floor":14.0},{"not_picked":["Limit Break","Brutality"],"picked":"Offering","floor":16.0},{"not_picked":["Wild Strike","Heavy Blade+1"],"picked":"True Grit","floor":18.0},{"not_picked":["Carnage","Hemokinesis"],"picked":"Whirlwind","floor":20.0},{"not_picked":["Sword Boomerang","Warcry","True Grit"],"picked":"SKIP","floor":22.0},{"not_picked":["Armaments","Corruption"],"picked":"Twin Strike+1","floor":24},{"not_picked":["Hemokinesis","Body Slam"],"picked":"Sword Boomerang","floor":27},{"not_picked":["Dual Wield","Bloodletting"],"picked":"Ghostly Armor+1","floor":28}],"player_experience":1099860,"relics_obtained":[{"floor":6.0,"key":"Lantern"},{"floor":9.0,"key":"Turnip"},{"floor":13.0,"key":"Ginger"},{"floor":26,"key":"Bag of Preparation"}],"event_choices":[{"damage_healed":0.0,"max_hp_gain":0.0,"max_hp_loss":0.0,"gold_gain":0.0,"event_name":"Scrap Ooze","player_choice":"Success","floor":2.0,"gold_loss":0.0,"damage_taken":18.0,"relics_obtained":["Self Forming Clay"]},{"damage_healed":0.0,"max_hp_gain":0.0,"max_hp_loss":0.0,"gold_gain":75.0,"event_name":"World of Goop","player_choice":"Gather Gold","floor":4.0,"gold_loss":0.0,"damage_taken":11.0},{"damage_healed":0.0,"max_hp_gain":0.0,"max_hp_loss":0.0,"gold_gain":175.0,"event_name":"Liars Game","player_choice":"AGREE","floor":8.0,"gold_loss":0.0,"damage_taken":0.0,"cards_obtained":["Doubt"]}],"is_beta":false,"boss_relics":[{"not_picked":["SlaversCollar","Runic Cube"],"picked":"sneckomod:SneckoTalon"}],"items_purged_floors":[19,29],"is_endless":false,"potions_floor_spawned":[1,6,13,16,24,27,28],"killed_by":"Book of Stabbing","ascension_level":7}}