{"host":"gtv41eena9h15rk5","time":1612103305,"event":{"mods":["BaseMod","Colored Powertips","Downfall","Marisa£®ÏF”Í°°ƒß¿Ì…≥£©","Minty Spire (QoL Compilation)","Replay The Spire","Shop Mod","StSLib","The Bug Knight","The Construct","The Cursed","The Runesmith","The Servant 0.9.4","[IsaacMod]“‘»ˆº‚À˛"],"gold_per_floor":[119,119,169,239,254,254,281,281,334,334,334],"floor_reached":10,"language":"ZHS","playtime":363,"items_purged":[],"score":86,"play_id":"4b612862-2fe2-4cbe-be71-12c43c72a6db","local_time":"20210131222825","is_ascension_mode":true,"campfire_choices":[{"floor":6,"key":"REST"},{"data":"Bloodletting","floor":8,"key":"SMITH"}],"circlet_count":0,"master_deck":["Strike_R","Strike_R","Strike_R","Strike_R+1","Strike_R","Defend_R","Defend_R+1","Defend_R","Defend_R","Bash+1","Metallicize","Bloodletting+1"],"relics":["Burning Blood","HushsDoor","BookofShadows","FossilizedHelix","Sundial","Simple Rune","Runesmith:Nanobots","MealTicket"],"acts_visited":["Exordium"],"potions_floor_usage":[10],"damage_taken":[{"damage":6,"enemies":"Jaw Worm","floor":1,"turns":4},{"damage":14,"enemies":"Hiden Room Battle","floor":3,"turns":2},{"damage":0,"enemies":"2 Louse","floor":5,"turns":3},{"damage":16,"enemies":"Gremlin Nob","floor":7,"turns":4},{"damage":10,"enemies":"3 Sentries","floor":10,"turns":5}],"seed_played":"-8478424839450069816","potions_obtained":[{"floor":4,"key":"Elixir"},{"floor":4,"key":"EntropicBrew"},{"floor":4,"key":"Doom Potion"},{"floor":7,"key":"Adrenaline Potion"}],"is_trial":false,"path_per_floor":["M","?","?","?","M","R","E","R","T","E"],"character_chosen":"IRONCLAD","items_purchased":[],"campfire_rested":1,"item_purchase_floors":[],"current_hp_per_floor":[72,65,57,25,31,55,45,45,45,35,35],"gold":334,"neow_bonus":"RANDOM_EVENT","is_daily":false,"chose_seed":false,"campfire_upgraded":1,"win_rate":0.0,"timestamp":1612103305,"path_taken":["M","?","?","?","M","R","E","R","T","E"],"items_purchased_type":[],"build_version":"2020-12-22","purchased_purges":0,"victory":false,"max_hp_per_floor":[80,80,80,80,80,80,80,80,80,80,80],"card_choices":[{"not_picked":[],"picked":"Bomb","floor":0},{"not_picked":["Perfected Strike","Rampage"],"picked":"Bomb","floor":1},{"not_picked":["Clash","Thunderclap"],"picked":"Metallicize","floor":4},{"not_picked":["Replay:Undeath\u0027s Touch","ReplayTheSpireMod:Strike From Hell","Anger"],"picked":"SKIP","floor":5},{"not_picked":["Combust","Replay:Many Hands"],"picked":"Bloodletting","floor":7}],"player_experience":226150,"relics_obtained":[{"floor":3,"key":"Sundial"},{"floor":3,"key":"Simple Rune"},{"floor":7,"key":"Runesmith:Nanobots"},{"floor":9,"key":"MealTicket"}],"event_choices":[{"damage_healed":0,"gold_gain":0,"player_choice":"Grow","damage_taken":0,"max_hp_gain":0,"max_hp_loss":0,"event_name":"Living Wall","floor":0,"gold_loss":0,"cards_upgraded":["Bash"]},{"damage_healed":0,"gold_gain":0,"player_choice":"Success","damage_taken":7,"relics_obtained":["FossilizedHelix"],"max_hp_gain":0,"max_hp_loss":0,"event_name":"Scrap Ooze","floor":2,"gold_loss":0},{"damage_healed":0,"gold_gain":0,"player_choice":"Fight","damage_taken":0,"max_hp_gain":0,"max_hp_loss":0,"event_name":"HidenRoomEvent","floor":3,"gold_loss":0}],"is_beta":false,"boss_relics":[],"items_purged_floors":[],"is_endless":false,"potions_floor_spawned":[7],"killed_by":"3 Sentries","ascension_level":7}}