{"host":"99l0i25nwwr6z99u","time":1612051857,"event":{"mods":["Act Like it!","BaseMod","Colored Map","Colored Powertips","Downfall","Googly Eyes","Minty Spire (QoL Compilation)","Quick Restart","StSLib"],"gold_per_floor":[99,119,131,131,131,131,154,154,171,190,208,243,243,42,60,155,155,155,171,188,208,208,208,235,260,160,260,260,271,32,16,35,140,140,140,160,175,175,32,59,82,82,232,243,43,43,53,79,97,97,97,126,4,4,4,4,4],"floor_reached":55,"language":"ENG","playtime":3823,"items_purged":["downfall:Malfunctioning","downfall:Bewildered"],"score":808,"play_id":"ebc71254-303a-4b12-ad71-a381d491e187","local_time":"20210130191057","is_ascension_mode":true,"campfire_choices":[{"data":"bronze:Goto","floor":1,"key":"SMITH"},{"data":"bronze:Explode","floor":6,"key":"SMITH"},{"data":"bronze:Virus","floor":13,"key":"SMITH"},{"data":"bronze:Mutator","floor":18,"key":"SMITH"},{"floor":26,"key":"REST"},{"floor":35,"key":"RECALL"},{"data":"bronze:Optimize","floor":42,"key":"SMITH"},{"floor":45,"key":"REST"},{"floor":54,"key":"REST"}],"circlet_count":0,"master_deck":["bronze:Strike","bronze:Defend","bronze:Defend","bronze:Defend","bronze:Defend","bronze:Replicate+1","bronze:Goto+1","bronze:Backtrace+1","bronze:BitShift","bronze:Spike+1","bronze:Explode+1","bronze:Frontload+1","bronze:Format+1","bronze:Return","bronze:BuggyMess","bronze:Virus+1","bronze:Mutator+1","bronze:Boost","bronze:ForLoop","bronze:RecursiveStrike","bronze:Overheat","bronze:GetLatest+1","bronze:Optimize+1","bronze:ChildClass","bronze:DonuBeam","bronze:DecaBeam","bronze:WhirlingStrike+1","bronze:OilSpill","bronze:FineTuning","bronze:Constructor+1","bronze:Assembly","bronze:ForceShield+1","bronze:CleanCode","Parasite","bronze:MaxOutput+1","bronze:SpaghettiCode"],"relics":["bronze:BronzeCore","sneckomod:BlankCard","TungstenRod","Chemical X","Cursed Key","sneckomod:BabySnecko","Lantern","Lizard Tail","downfall:HeartBlessingGreen","Oddly Smooth Stone","Ornamental Fan","SlaversCollar","bronze:BottledCode","ClockworkSouvenir","downfall:HeartBlessingRed","downfall:HeartBlessingBlue","HornCleat","War Paint"],"acts_visited":["Exordium","TheCity","TheBeyond","TheEnding"],"potions_floor_usage":[12,20,25,25,25,33,48,48,48],"damage_taken":[{"damage":1,"enemies":"Jaw Worm","floor":2,"turns":3},{"damage":0,"enemies":"Small Slimes","floor":3,"turns":2},{"damage":32,"enemies":"Small Slimes","floor":4,"turns":7},{"damage":4,"enemies":"2 Louse","floor":9,"turns":2},{"damage":0,"enemies":"Exordium Thugs","floor":10,"turns":2},{"damage":0,"enemies":"Large Slime","floor":11,"turns":3},{"damage":0,"enemies":"Lagavulin","floor":12,"turns":5},{"damage":0,"enemies":"downfall:FleeingMerchant","floor":14,"turns":4},{"damage":0,"enemies":"Blue Slaver","floor":15,"turns":2},{"damage":20,"enemies":"SI_SHIV_ARCHETYPE","floor":16,"turns":6},{"damage":9,"enemies":"Shell Parasite","floor":19,"turns":3},{"damage":0,"enemies":"3 Byrds","floor":20,"turns":4},{"damage":14,"enemies":"Snecko","floor":21,"turns":3},{"damage":33,"enemies":"Book of Stabbing","floor":25,"turns":5},{"damage":33,"enemies":"Book of Stabbing","floor":27,"turns":4},{"damage":10,"enemies":"Shelled Parasite and Fungi","floor":29,"turns":4},{"damage":4,"enemies":"downfall:FleeingMerchant","floor":30,"turns":4},{"damage":10,"enemies":"downfall:FleeingMerchant","floor":31,"turns":3},{"damage":11,"enemies":"Snake Plant","floor":32,"turns":2},{"damage":1,"enemies":"IC_MUSHROOM_ARCHETYPE","floor":33,"turns":5},{"damage":0,"enemies":"3 Shapes","floor":36,"turns":3},{"damage":0,"enemies":"Orb Walker","floor":37,"turns":2},{"damage":21,"enemies":"Reptomancer","floor":40,"turns":4},{"damage":20,"enemies":"4 Shapes","floor":44,"turns":5},{"damage":8,"enemies":"Jaw Worm Horde","floor":47,"turns":4},{"damage":1,"enemies":"Nemesis","floor":48,"turns":5},{"damage":0,"enemies":"Spire Growth","floor":49,"turns":3},{"damage":27,"enemies":"DF_ARCHETYPE_ORBS","floor":50,"turns":9},{"damage":31,"enemies":"downfall:CharBossMerchant","floor":52,"turns":8},{"damage":66,"enemies":"downfall:NeowBoss","floor":55,"turns":10}],"seed_played":"9011744597391337739","potions_obtained":[{"floor":2,"key":"Weak Potion"},{"floor":10,"key":"Block Potion"},{"floor":12,"key":"Fruit Juice"},{"floor":19,"key":"Fire Potion"},{"floor":20,"key":"SkillPotion"},{"floor":32,"key":"hexamod:SoulburnPotion"},{"floor":33,"key":"Explosive Potion"},{"floor":40,"key":"GamblersBrew"},{"floor":44,"key":"Weak Potion"},{"floor":47,"key":"LiquidMemories"}],"is_trial":false,"path_per_floor":["R","M","M","?","?","R","T","?","M","M","M","E","R","$","M","B",null,"R","M","M","M","?","?","T","E","R","?","?","M","$","$","M","B",null,"R","M","M","?","$","E","T","R","?","M","R","?","M","E","M","B",null,"E","$","R","B"],"character_chosen":"THE_AUTOMATON","items_purchased":["Chemical X","bronze:Boost","Oddly Smooth Stone","Ornamental Fan","ClockworkSouvenir","Dexterity Potion","Ancient Potion"],"campfire_rested":3,"item_purchase_floors":[14,14,30,31,39,53,53],"current_hp_per_floor":[70,69,69,37,37,37,37,37,33,33,33,33,33,33,33,13,70,70,61,61,47,47,47,47,19,41,8,8,37,33,23,12,11,75,75,75,75,65,65,44,44,44,44,24,56,56,48,47,47,20,75,44,44,66,0,0,0],"gold":4,"neow_bonus":"UPGRADE_CARD","is_daily":false,"chose_seed":false,"campfire_upgraded":5,"win_rate":0.0,"timestamp":1612051857,"path_taken":["R","M","M","?","?","R","T","?","M","M","?","E","R","?","M","BOSS","R","M","M","M","?","?","T","E","R","?","?","M","?","$","M","BOSS","R","M","M","?","$","E","T","R","?","?","R","?","M","E","M","BOSS","E","$","R","BOSS"],"items_purchased_type":["Relic","Card","Relic","Relic","Relic","Potion","Potion"],"build_version":"2020-12-22","purchased_purges":2,"victory":false,"max_hp_per_floor":[70,70,70,70,70,70,70,70,70,70,70,70,70,70,70,70,70,70,70,70,70,70,70,70,75,75,75,75,75,75,75,75,75,75,75,75,75,65,65,65,65,65,65,65,75,75,75,75,75,75,75,75,75,75,75,75,75],"card_choices":[{"not_picked":["bronze:FollowUp","bronze:Constructor"],"picked":"bronze:Backtrace","floor":2},{"not_picked":["bronze:MaxOutput","bronze:DigitalCarnage"],"picked":"bronze:BitShift","floor":3},{"not_picked":[],"picked":"bronze:Spike","floor":4},{"not_picked":[],"picked":"bronze:Explode","floor":4},{"not_picked":["bronze:BugBarrage","bronze:Iterate"],"picked":"bronze:Frontload","floor":4},{"not_picked":["bronze:Separator","bronze:ForceShield"],"picked":"bronze:Format","floor":9},{"not_picked":["bronze:DelayedSlice","bronze:Iterate"],"picked":"bronze:Return","floor":10},{"not_picked":["bronze:Overheat","bronze:Return"],"picked":"bronze:BuggyMess","floor":11},{"not_picked":["bronze:MaxOutput","bronze:NullPointer"],"picked":"bronze:Virus","floor":12},{"not_picked":["bronze:BugBarrage","bronze:Iterate"],"picked":"bronze:Mutator","floor":14},{"not_picked":["bronze:Constructor","bronze:Invalidate"],"picked":"bronze:ForLoop","floor":15},{"not_picked":["bronze:Format","bronze:ShipIt"],"picked":"bronze:RecursiveStrike","floor":16},{"not_picked":["bronze:Return+1","bronze:BugBarrage","bronze:Allocate"],"picked":"SKIP","floor":19},{"not_picked":["bronze:Shield","bronze:OilSpill+1"],"picked":"bronze:Overheat","floor":20},{"not_picked":["bronze:DelayedGuard","bronze:WhirlingStrike"],"picked":"bronze:GetLatest","floor":21},{"not_picked":["bronze:Invalidate+1","bronze:ForceShield"],"picked":"bronze:ChildClass","floor":25},{"not_picked":[],"picked":"bronze:DonuBeam","floor":27},{"not_picked":[],"picked":"bronze:DecaBeam","floor":27},{"not_picked":["bronze:Branch","bronze:Separator"],"picked":"bronze:WhirlingStrike+1","floor":27},{"not_picked":["bronze:Backtrace+1","bronze:Turbo+1"],"picked":"bronze:Constructor+1","floor":29},{"not_picked":["bronze:Terminator","bronze:DelayedGuard"],"picked":"bronze:Assembly","floor":30},{"not_picked":["bronze:BitShift+1","bronze:ThunderWave","bronze:BugBarrage"],"picked":"SKIP","floor":31},{"not_picked":["bronze:FineTuning","bronze:BuggyMess+1"],"picked":"bronze:ForceShield+1","floor":32},{"not_picked":["bronze:FindAndReplace","bronze:ThunderWave"],"picked":"bronze:CleanCode","floor":33},{"not_picked":["bronze:Overheat+1","bronze:Fortify","bronze:Invalidate"],"picked":"SKIP","floor":36},{"not_picked":["bronze:Deprecate+1","bronze:GetLatest","bronze:BugBarrage+1"],"picked":"SKIP","floor":37},{"not_picked":["bronze:Virus","bronze:DelayedGuard","bronze:BugBarrage+1"],"picked":"SKIP","floor":40},{"not_picked":["bronze:BitShift+1","bronze:BurnOut"],"picked":"bronze:MaxOutput+1","floor":44},{"not_picked":["bronze:Turbo","bronze:DigitalCarnage+1","bronze:FineTuning+1"],"picked":"SKIP","floor":47},{"not_picked":["bronze:Terminator+1","bronze:BronzeArmor+1","bronze:CloningBeam"],"picked":"SKIP","floor":48},{"not_picked":["bronze:Iterate","bronze:Terminator","bronze:WhirlingStrike"],"picked":"SKIP","floor":49},{"not_picked":["bronze:Virus","bronze:Return+1","bronze:DelayedSlice+1"],"picked":"SKIP","floor":52}],"player_experience":961558,"relics_obtained":[{"floor":7,"key":"sneckomod:BlankCard"},{"floor":12,"key":"TungstenRod"},{"floor":24,"key":"Lantern"},{"floor":25,"key":"Lizard Tail"},{"floor":40,"key":"Bag of Preparation"},{"floor":48,"key":"HornCleat"},{"floor":52,"key":"War Paint"}],"event_choices":[{"cards_removed":["bronze:Strike"],"damage_healed":0,"gold_gain":0,"player_choice":"Card Removal","damage_taken":0,"max_hp_gain":0,"max_hp_loss":0,"event_name":"The Cleric","floor":5,"gold_loss":0},{"damage_healed":0,"gold_gain":0,"player_choice":"Read","damage_taken":0,"max_hp_gain":0,"max_hp_loss":0,"event_name":"The Library","floor":22,"gold_loss":0,"cards_obtained":["bronze:Optimize"]},{"damage_healed":0,"gold_gain":0,"cards_transformed":["bronze:Strike","bronze:Strike"],"player_choice":"Became Test Subject","damage_taken":0,"max_hp_gain":0,"max_hp_loss":0,"event_name":"Drug Dealer","floor":28,"gold_loss":0,"cards_obtained":["bronze:OilSpill","bronze:FineTuning"]}],"is_beta":false,"boss_relics":[{"not_picked":["Coffee Dripper","Empty Cage"],"picked":"Cursed Key"},{"not_picked":["Runic Pyramid","Philosopher\u0027s Stone"],"picked":"SlaversCollar"}],"items_purged_floors":[30,31],"is_endless":false,"potions_floor_spawned":[2,10,12,19,20,32,33,40,44,47],"killed_by":"downfall:NeowBoss","ascension_level":1}}