{"host":"3ss1op6o3h01bku3","time":1612101867,"event":{"mods":["BaseMod","Bestiary","Better Altar","Better Match","Better Note","Better Sensory Stone","Better Skull","Better Third Choice","Block Reminder","Colored Map","Colored Powertips","Curses Come First","Custom Start","Dark Map","Displayed Cursed Tome","Gremlin Skip","Hubris","Minty Spire (QoL Compilation)","Quick Restart","Random Character Button","Relic Sorter","Relic Stats","Reliquary","Replay The Spire","Robot Space Explorer","Spire Arcade","StSLib","The IronCluck","Weighted Paths","slay the spire mod where everything is the same but ironclad has a cowboy hat","??????REMEMod"],"gold_per_floor":[119,138,55,55,72,72,97,97,179,29,90,126,144,69,69,183,183,198,198,216,216,241,241,276,276,276,276,47,75,101,101,101,189,189,189,189],"floor_reached":35,"language":"ENG","playtime":1633,"items_purged":["Strike_G","Strike_G"],"score":467,"play_id":"50fb147f-a397-4c51-8945-9abe818c3355","local_time":"20210131150427","is_ascension_mode":false,"campfire_choices":[{"data":"Panache","floor":6,"key":"SMITH"},{"data":"Cloak And Dagger","floor":8,"key":"SMITH"},{"floor":15,"key":"DIG"},{"data":"ReplayTheSpireMod:Scrap Shanks","floor":23,"key":"SMITH"},{"floor":25,"key":"REST"},{"data":"Tools of the Trade","floor":27,"key":"SMITH"},{"floor":32,"key":"REST"}],"circlet_count":0,"master_deck":["Strike_G","Strike_G","Defend_G","Defend_G","Defend_G","Defend_G","Defend_G","Survivor","Neutralize","Panache+1","ReplayTheSpireMod:Speed Training","Dagger Spray","Flash of Steel","Hidden Blade","Cloak And Dagger+1","Escape Plan","ReplayTheSpireMod:Scrap Shanks+1","Tools of the Trade+1","hubris:Sniper","Hidden Blade","Prepared","REME_GreenPollution","Accuracy"],"relics":["Ring of the Snake","REME_ComplimentaryCards","NeowsBlessing","Lantern","REME_ArchaeologicalTools","REME_OnlineShoppingPlatform","Bag of Marbles","hubris:TenFootPole","Busted Crown","hubris:SphereOfDissonance","hubris:TerracottaHorce"],"acts_visited":["Exordium","TheCity","TheBeyond"],"potions_floor_usage":[33],"damage_taken":[{"damage":0,"enemies":"Cultist","floor":1,"turns":1},{"damage":0,"enemies":"Small Slimes","floor":2,"turns":2},{"damage":0,"enemies":"Jaw Worm","floor":5,"turns":1},{"damage":22,"enemies":"Replay:BlueRogue","floor":7,"turns":6},{"damage":0,"enemies":"Blue Slaver","floor":11,"turns":2},{"damage":1,"enemies":"3 Sentries","floor":12,"turns":4},{"damage":0,"enemies":"Red Slaver","floor":13,"turns":2},{"damage":0,"enemies":"Slime Boss","floor":16,"turns":7},{"damage":2,"enemies":"Shell Parasite","floor":18,"turns":4},{"damage":18,"enemies":"2 Thieves","floor":20,"turns":3},{"damage":17,"enemies":"Snake Plant","floor":22,"turns":4},{"damage":17,"enemies":"Cultist and Chosen","floor":24,"turns":5},{"damage":15,"enemies":"Shelled Parasite and Fungi","floor":29,"turns":3},{"damage":8,"enemies":"Sentry and Sphere","floor":30,"turns":4},{"damage":19,"enemies":"hubris:MusketHawk","floor":33,"turns":5},{"damage":17,"enemies":"3 Shapes","floor":35,"turns":2}],"seed_played":"5836301481824376139","potions_obtained":[{"floor":1,"key":"Block Potion"},{"floor":2,"key":"EntropicBrew"},{"floor":4,"key":"LiquidMemories"},{"floor":4,"key":"AttackPotion"}],"is_trial":false,"path_per_floor":["M","M","$","?","M","R","E","R","T","$","M","E","M","$","R_BF","B",null,"M","?","M","?","M","R","M","R","T","R","$","M","M","?","R","B",null,"M"],"character_chosen":"THE_SILENT","items_purchased":["Flash of Steel","REME_OnlineShoppingPlatform","Prepared","REME_GreenPollution"],"campfire_rested":2,"item_purchase_floors":[3,10,28,28],"current_hp_per_floor":[70,70,70,70,70,70,48,48,48,48,48,47,47,47,47,47,70,68,68,50,50,33,33,16,37,37,37,37,22,14,14,35,16,57,40,40],"gold":189,"neow_bonus":"THREE_ENEMY_KILL","is_daily":false,"chose_seed":false,"campfire_upgraded":4,"win_rate":0.0,"timestamp":1612101867,"path_taken":["M","?","$","?","M","R","E","R","T","?","M","E","M","$","R_BF","BOSS","M","?","M","?","M","R","?","R","T","R","$","M","M","?","R","BOSS","M"],"items_purchased_type":["Card","Relic","Card","Card"],"build_version":"2020-12-22","purchased_purges":2,"victory":false,"max_hp_per_floor":[70,70,70,70,70,70,70,70,70,70,70,70,70,70,70,70,70,70,70,70,70,70,70,70,70,70,70,70,70,70,70,70,70,70,70,70],"relic_stats":{"Busted Crown":18,"counters":[16,54],"obtain_stats":[{"Lantern":7,"Busted Crown":17,"NeowsBlessing":0,"hubris:SphereOfDissonance":26,"REME_ArchaeologicalTools":9,"Bag of Marbles":12,"hubris:TenFootPole":15,"REME_OnlineShoppingPlatform":10,"Ring of the Snake":0,"REME_ComplimentaryCards":0,"hubris:TerracottaHorce":34},{"Lantern":4,"Busted Crown":8,"NeowsBlessing":0,"hubris:SphereOfDissonance":12,"REME_ArchaeologicalTools":4,"Bag of Marbles":6,"hubris:TenFootPole":7,"REME_OnlineShoppingPlatform":4,"Ring of the Snake":0,"REME_ComplimentaryCards":0,"hubris:TerracottaHorce":15},{"Lantern":10,"Busted Crown":25,"NeowsBlessing":0,"hubris:SphereOfDissonance":41,"REME_ArchaeologicalTools":10,"Bag of Marbles":16,"hubris:TenFootPole":18,"REME_OnlineShoppingPlatform":10,"Ring of the Snake":0,"REME_ComplimentaryCards":0,"hubris:TerracottaHorce":53}],"Ring of the Snake":[32]},"card_choices":[{"not_picked":["Underhanded Strike","ReplayTheSpireMod:Exploit Weakness"],"picked":"ReplayTheSpireMod:Speed Training","floor":1},{"not_picked":["ReplayTheSpireMod:Tripwire","Terror"],"picked":"Dagger Spray","floor":2},{"not_picked":["Outmaneuver","Dodge and Roll"],"picked":"Hidden Blade","floor":5},{"not_picked":["Setup","Bane"],"picked":"Cloak And Dagger","floor":7},{"not_picked":["Flying Knee","Deflect","Calculated Gamble"],"picked":"SKIP","floor":11},{"not_picked":["Noxious Fumes","Dodge and Roll"],"picked":"Escape Plan","floor":12},{"not_picked":["Dodge and Roll","hubris:TrickCloak"],"picked":"ReplayTheSpireMod:Scrap Shanks","floor":13},{"not_picked":["REME_SpectralBlade","Envenom"],"picked":"Tools of the Trade","floor":16},{"not_picked":[],"picked":"hubris:Sniper","floor":18},{"not_picked":["Poisoned Stab"],"picked":"SKIP","floor":20},{"not_picked":["Choke"],"picked":"SKIP","floor":22},{"not_picked":[],"picked":"Hidden Blade","floor":24},{"not_picked":[],"picked":"Accuracy","floor":29},{"not_picked":["Deadly Poison+1"],"picked":"SKIP","floor":30}],"player_experience":132669,"relics_obtained":[{"floor":7,"key":"Lantern"},{"floor":9,"key":"REME_ArchaeologicalTools"},{"floor":12,"key":"Bag of Marbles"},{"floor":15,"key":"hubris:TenFootPole"},{"floor":26,"key":"hubris:SphereOfDissonance"}],"event_choices":[{"damage_healed":0,"gold_gain":0,"player_choice":"Got Potions","damage_taken":0,"max_hp_gain":0,"max_hp_loss":0,"event_name":"Lab","floor":4,"gold_loss":0},{"cards_removed":["Panache"],"damage_healed":0,"gold_gain":0,"player_choice":"Give","damage_taken":0,"max_hp_gain":0,"max_hp_loss":0,"event_name":"betterNote:BetterNote","floor":19,"gold_loss":0,"cards_obtained":["Genetic Algorithm"]},{"cards_removed":["Strike_G"],"damage_healed":0,"gold_gain":0,"player_choice":"Purged","damage_taken":0,"max_hp_gain":0,"max_hp_loss":0,"event_name":"Purifier","floor":21,"gold_loss":0},{"damage_healed":0,"gold_gain":2,"player_choice":"1","damage_taken":0,"max_hp_gain":0,"max_hp_loss":0,"event_name":"betterStone:BetterStone","floor":31,"gold_loss":0}],"is_beta":false,"boss_relics":[{"not_picked":["hubris:GrandSneckoEye","Ectoplasm"],"picked":"Busted Crown"},{"not_picked":["REME_DemonsWealth","hubris:CrackedHourglass"],"picked":"hubris:TerracottaHorce"}],"items_purged_floors":[14,28],"is_endless":false,"potions_floor_spawned":[1,2,13,16,22,29,33],"killed_by":"3 Shapes","ascension_level":0}}