{"host":"j0rajrfs2q3wozdq","time":1612107314,"event":{"mods":["Arknights","BaseMod","Colored Powertips","HololiveMod","Koishi","Lobotomy","LobotomyExtend","Minty Spire (QoL Compilation)","Prisma Mod","Quick Restart","Relic Filter Mod","Remilia¡]Á¢¦Ì²ú?¡^","Replay The Spire","Shop Mod","StSLib","The Alterego","WarShipGirlsR/??¤Ö¤kR mod","Yakumo Yukari mod","Youmu¡]»î¾z§¯?¡^"],"gold_per_floor":[109,127,302,302,316,316,336,336,336,351,351,351,370,401,401,496,496,515,531,542,560,578,578,603,610,704,733,745,787,799,102,102,202,202,219,219,238,255,265,265,300,320,320,337,351,400,400,436,436,436,436],"floor_reached":50,"language":"ZHS","playtime":7886,"items_purged":["Strike_RM"],"score":779,"play_id":"aea606e1-cec1-4db1-b807-28c38816dd27","local_time":"20210131233514","is_ascension_mode":false,"campfire_choices":[{"data":"NightDance","floor":6,"key":"SMITH"},{"data":"BatForm","floor":8,"key":"SMITH"},{"data":"RedMoon","floor":11,"key":"SMITH"},{"data":"VampireKiss","floor":15,"key":"SMITH"},{"data":"ScarletCoffin","floor":23,"key":"SMITH"},{"data":"Doubt","floor":28,"key":"PURGE"},{"data":"Defend_RM","floor":30,"key":"PURGE"},{"data":"SnowQueen","floor":32,"key":"PURGE"},{"data":"Strike_RM+1","floor":40,"key":"PURGE"},{"data":"Parasite","floor":47,"key":"PURGE"},{"data":"EquivalentExchange","floor":49,"key":"SMITH"}],"circlet_count":0,"master_deck":["Defend_RM","Defend_RM","Defend_RM","RedMoon+1","ScarletShoot","Wellcheers","NightDance+1","Bloodbath","StarOfDavid","BlueStar","UnstableMagic","MHz","OldLady","BatForm+1","NightDance","VampireKiss+1","ScarletCoffin+1","EmergencyRegeneration","SuperhumanBloodyKnife+1","EternalNight","CharismaGuard+1","EquivalentExchange+1","MillenniumVampire","MiserableFate","VampirishNight+1","HunterOfTheNight+1","VampireSweep+1","FavorOfDestiny+1","ForbiddenFruit+1"],"relics":["ScarletHat","CogitoBucket","ReplayTheSpireMod:Lightbulb","HellTrain","Pantograph","Mango","MawBank","AtMidnight","Peace Pipe","Replay:Bottled Steam","Vajra","Replay:Multitool","Calipers","MerchantsRug","Philosopher\u0027s Stone","Counterbalance","Durian","Bottled Tornado","Shuriken"],"acts_visited":["Exordium","TheCity","TheBeyond"],"potions_floor_usage":[19,20,20,33,37,42,42,50,50,50],"damage_taken":[{"damage":0,"enemies":"2 Louse","floor":1,"turns":3},{"damage":0,"enemies":"Jaw Worm","floor":2,"turns":4},{"damage":0,"enemies":"Small Slimes","floor":4,"turns":5},{"damage":0,"enemies":"Gremlin Gang","floor":5,"turns":3},{"damage":1,"enemies":"Red Slaver","floor":7,"turns":3},{"damage":12,"enemies":"Blue Slaver","floor":10,"turns":3},{"damage":0,"enemies":"Exordium Thugs","floor":13,"turns":2},{"damage":5,"enemies":"3 Sentries","floor":14,"turns":3},{"damage":26,"enemies":"Slime Boss","floor":16,"turns":7},{"damage":0,"enemies":"3 Byrds","floor":18,"turns":4},{"damage":74,"enemies":"2 Thieves","floor":19,"turns":6},{"damage":6,"enemies":"Cultist and Chosen","floor":20,"turns":4},{"damage":82,"enemies":"Snake Plant","floor":21,"turns":5},{"damage":71,"enemies":"Snecko","floor":22,"turns":5},{"damage":0,"enemies":"Replay:Snechameleon","floor":24,"turns":9},{"damage":165,"enemies":"Chosen and Byrds","floor":25,"turns":42},{"damage":0,"enemies":"Snake Plant","floor":27,"turns":5},{"damage":4,"enemies":"Gremlin Leader","floor":29,"turns":7},{"damage":55,"enemies":"Pondfish","floor":33,"turns":14},{"damage":7,"enemies":"Orb Walker","floor":35,"turns":6},{"damage":27,"enemies":"3 Darklings","floor":37,"turns":6},{"damage":12,"enemies":"4 Shapes","floor":38,"turns":3},{"damage":24,"enemies":"Transient","floor":39,"turns":5},{"damage":57,"enemies":"Reptomancer","floor":41,"turns":7},{"damage":3,"enemies":"Sphere and 2 Shapes","floor":42,"turns":5},{"damage":0,"enemies":"Writhing Mass","floor":44,"turns":6},{"damage":25,"enemies":"3 Darklings","floor":45,"turns":5},{"damage":37,"enemies":"R_Hoarder","floor":46,"turns":10},{"damage":0,"enemies":"Maw","floor":48,"turns":6},{"damage":99,"enemies":"Donu and Deca","floor":50,"turns":6}],"seed_played":"5863173627682706673","potions_obtained":[{"floor":4,"key":"Block Potion"},{"floor":7,"key":"LiquidMemories"},{"floor":13,"key":"Explosive Potion"},{"floor":20,"key":"Fire Potion"},{"floor":22,"key":"AttackPotion"},{"floor":24,"key":"BlessingOfTheForge"},{"floor":25,"key":"Block Potion"},{"floor":25,"key":"LifebloodPotion"},{"floor":37,"key":"DistilledChaos"},{"floor":39,"key":"Strength Potion"},{"floor":42,"key":"SkillPotion"},{"floor":45,"key":"BlessingOfTheForge"}],"is_trial":false,"path_per_floor":["M","M","?","M","M","R","M","R","T","M","R","?","M","E","R","B",null,"M","M","M","M","M","R","E","M","T","M","R","E","R","$","R","B",null,"M","?","M","M","M","R","E","M","T","M","M","E","R","M","R","B"],"character_chosen":"REMILIA","items_purchased":["Replay:Multitool","Calipers","MerchantsRug"],"campfire_rested":0,"item_purchase_floors":[31,31,31],"current_hp_per_floor":[75,75,75,75,75,75,75,75,75,63,63,63,63,61,61,39,75,75,9,7,8,4,4,28,41,41,47,47,54,54,54,54,62,89,84,84,70,68,61,61,23,31,36,50,40,29,29,56,56,0,0],"gold":436,"neow_bonus":"","is_daily":false,"chose_seed":false,"campfire_upgraded":6,"win_rate":0.0,"timestamp":1612107314,"path_taken":["M","M","?","M","M","R","M","R","T","M","R","?","M","E","R","BOSS","M","M","M","M","M","R","E","M","T","M","R","E","R","$","R","BOSS","M","?","M","M","M","R","E","M","T","M","M","E","R","?","R","BOSS"],"items_purchased_type":["Relic","Relic","Relic"],"build_version":"2020-12-22","purchased_purges":1,"victory":false,"max_hp_per_floor":[75,75,75,75,75,75,75,75,75,75,75,75,75,75,75,75,75,75,75,75,75,75,75,89,89,89,89,89,89,89,89,89,89,89,89,89,89,89,89,89,89,89,94,94,94,94,91,91,91,91,91],"card_choices":[{"not_picked":["CherryBlossoms","MHz"],"picked":"Wellcheers","floor":1},{"not_picked":["CharismaGuard","VampireKiss"],"picked":"NightDance","floor":1},{"not_picked":["BlackArmy","QueenOfHatred","MeatLantern"],"picked":"Singing Bowl","floor":2},{"not_picked":["OldLady","GreedKing"],"picked":"Bloodbath","floor":2},{"not_picked":["NightDance","SuperhumanBloodyKnife"],"picked":"StarOfDavid","floor":2},{"not_picked":["MHz","FairyFestival"],"picked":"BlueStar","floor":4},{"not_picked":["UnderTheZenith","Stigmanizer"],"picked":"UnstableMagic","floor":4},{"not_picked":["OSAHOGD","BeautyBeast"],"picked":"MHz","floor":5},{"not_picked":["UnderTheZenith","NightDance","BloodHunter"],"picked":"SKIP","floor":5},{"not_picked":["GalaxyChild","FairyFestival","CrumblingArmor"],"picked":"Singing Bowl","floor":7},{"not_picked":["SpiderBud","BeautyBeast"],"picked":"OldLady","floor":7},{"not_picked":["MastersStateliness","ScarletDevil"],"picked":"BatForm","floor":7},{"not_picked":["CrumblingArmor","MeatLantern","RedShoes"],"picked":"Singing Bowl","floor":10},{"not_picked":["NightDance","ChainGang","StarOfDavid"],"picked":"SKIP","floor":10},{"not_picked":["NightDance","ChainGang","StarOfDavid"],"picked":"SKIP","floor":10},{"not_picked":["FairyFestival","Murderer","UniverseFragment"],"picked":"Singing Bowl","floor":13},{"not_picked":["Stigmanizer","ScarletDevil","BloodHunter"],"picked":"SKIP","floor":13},{"not_picked":["OSAHOGD","BlackSwan","Freischutz"],"picked":"Singing Bowl","floor":14},{"not_picked":["TransientEternity","ScarletSymphony"],"picked":"VampireKiss","floor":14},{"not_picked":["FairyFestival","BigBadWolf"],"picked":"SnowQueen","floor":16},{"not_picked":["KillingBlow","BloodRain"],"picked":"ScarletCoffin","floor":16},{"not_picked":["CherryBlossoms","Yin","WallGazer"],"picked":"Singing Bowl","floor":18},{"not_picked":["ChainGang","UnstableMagic"],"picked":"EmergencyRegeneration","floor":18},{"not_picked":["RedShoes","CherryBlossoms","FairyFestival"],"picked":"Singing Bowl","floor":19},{"not_picked":["BloodyCatastrophe","BloodHunter"],"picked":"SuperhumanBloodyKnife","floor":19},{"not_picked":["MastersStateliness","NightDance+1"],"picked":"EternalNight","floor":20},{"not_picked":["VampireFantasy","EndlessAdversity","BombardNight"],"picked":"SKIP","floor":21},{"not_picked":["Scarecrow","Alriune","HappyTeddy"],"picked":"Singing Bowl","floor":22},{"not_picked":["MastersStateliness+1","UnstableMagic"],"picked":"CharismaGuard+1","floor":22},{"not_picked":["Funeral","FairyFestival","Freischutz"],"picked":"Singing Bowl","floor":24},{"not_picked":["ScarletDevil","NightDance+1"],"picked":"EquivalentExchange","floor":24},{"not_picked":["ForbiddenFruit+1","Stigmanizer","ScarletDevil"],"picked":"SKIP","floor":25},{"not_picked":["StarOfDavid","ScarletGensokyo","UnderTheZenith+1"],"picked":"SKIP","floor":27},{"not_picked":["ReincarnationDial","MastersStateliness","ScarletNetherworld"],"picked":"SKIP","floor":29},{"not_picked":["Variant","MeatLantern","CherryBlossoms"],"picked":"Singing Bowl","floor":33},{"not_picked":["BombardNight","BadLadyScramble"],"picked":"MillenniumVampire","floor":35},{"not_picked":["LongBird","SilentOrchestra","DreamingCurrent"],"picked":"Singing Bowl","floor":37},{"not_picked":["ScarletDevil","BloodyTrap+1"],"picked":"VampirishNight+1","floor":37},{"not_picked":["HappyTeddy","LittleHelper","GalaxyChild"],"picked":"Singing Bowl","floor":38},{"not_picked":["Maim+1","ScarletDevilSign"],"picked":"HunterOfTheNight+1","floor":38},{"not_picked":["PunishingBird","Woodsman","DespairKnight"],"picked":"Singing Bowl","floor":39},{"not_picked":["ScarletDream","MillenniumVampire","BloodyMagicSquare"],"picked":"SKIP","floor":39},{"not_picked":["Mercenary","CrumblingArmor","SingingMachine"],"picked":"Singing Bowl","floor":41},{"not_picked":["BombardNight+1","DiffusionOfMisfortune"],"picked":"VampireSweep+1","floor":41},{"not_picked":["UltimateOffering","UnstableMagic+1","ScarletDevil"],"picked":"SKIP","floor":42},{"not_picked":["Porccubus","CENSORED","Laetitia"],"picked":"Singing Bowl","floor":44},{"not_picked":["DiffusionOfMisfortune+1","VampireKiss+1"],"picked":"FavorOfDestiny+1","floor":44},{"not_picked":["GalaxyChild","PunishingBird","Alriune"],"picked":"Singing Bowl","floor":45},{"not_picked":["NightLord","ScarletDevil+1","VampireKiss+1"],"picked":"SKIP","floor":45},{"not_picked":["NothingThere","LittleHelper","NakedNest"],"picked":"Singing Bowl","floor":46},{"not_picked":["BlasphemousPunishment+1","UltimateOffering","RedMagic"],"picked":"SKIP","floor":46},{"not_picked":["BlackSwan","RedShoes","Alriune"],"picked":"Singing Bowl","floor":48},{"not_picked":["FitfulNightmare","MastersStateliness+1"],"picked":"ForbiddenFruit+1","floor":48}],"player_experience":59016,"relics_obtained":[{"floor":9,"key":"ReplayTheSpireMod:Lightbulb"},{"floor":18,"key":"Pantograph"},{"floor":24,"key":"Mango"},{"floor":24,"key":"MawBank"},{"floor":25,"key":"AtMidnight"},{"floor":25,"key":"Peace Pipe"},{"floor":26,"key":"Replay:Bottled Steam"},{"floor":29,"key":"Vajra"},{"floor":41,"key":"Counterbalance"},{"floor":43,"key":"Durian"},{"floor":46,"key":"Bottled Tornado"},{"floor":48,"key":"Shuriken"}],"event_choices":[{"damage_healed":0,"gold_gain":175,"player_choice":"AGREE","damage_taken":0,"max_hp_gain":0,"max_hp_loss":0,"event_name":"Liars Game","floor":3,"gold_loss":0,"cards_obtained":["Doubt"]},{"damage_healed":0,"gold_gain":0,"cards_transformed":["Strike_RM"],"player_choice":"Transformed","damage_taken":0,"max_hp_gain":0,"max_hp_loss":0,"event_name":"Transmorgrifier","floor":12,"gold_loss":0,"cards_obtained":["NightDance"]},{"damage_healed":0,"gold_gain":0,"cards_transformed":["Strike_RM"],"player_choice":"Transformed","damage_taken":0,"max_hp_gain":0,"max_hp_loss":0,"event_name":"Transmorgrifier","floor":36,"gold_loss":0,"cards_obtained":["MiserableFate"]}],"is_beta":false,"boss_relics":[{"not_picked":["Ectoplasm","Runic Dome"],"picked":"Hololive_Finger"},{"not_picked":["Velvet Choker","Black Star"],"picked":"Philosopher\u0027s Stone"}],"items_purged_floors":[31],"is_endless":false,"potions_floor_spawned":[4,7,13,16,20,22,24,27,29,37,39,45],"killed_by":"Donu and Deca","ascension_level":0}}