{"host":"x7xd4wkamhrqrrvw","time":1612102792,"event":{"mods":["AchievementEnabler","BaseMod","Minty Spire (QoL Compilation)","StSLib"],"gold_per_floor":[114,131,131,146,160,190,190,218,218,237,269,269,269,285,285,362,362,362,375,375,375],"floor_reached":20,"language":"ENG","playtime":871,"items_purged":[],"score":409,"play_id":"f73b6639-e81a-4c9c-88a6-54486c297d17","local_time":"20210131121952","is_ascension_mode":true,"campfire_choices":[{"data":"Inflame","floor":7,"key":"SMITH"},{"data":"Flame Barrier","floor":13,"key":"SMITH"},{"data":"Offering","floor":15,"key":"SMITH"}],"circlet_count":0,"master_deck":["AscendersBane","Strike_R","Strike_R","Strike_R","Strike_R","Defend_R","Defend_R","Defend_R","Defend_R","Bash","Inflame+1","Flame Barrier+1","Twin Strike+1","Metallicize","Shrug It Off","Offering+1","Barricade","Sword Boomerang"],"relics":["Burning Blood","Ornamental Fan","Blue Candle","Shuriken","Bottled Tornado","Philosopher\u0027s Stone"],"acts_visited":["Exordium","TheCity"],"potions_floor_usage":[6,8,16,18],"damage_taken":[{"damage":9,"enemies":"Jaw Worm","floor":1,"turns":4},{"damage":4,"enemies":"Small Slimes","floor":2,"turns":4},{"damage":1,"enemies":"Cultist","floor":4,"turns":4},{"damage":12,"enemies":"Blue Slaver","floor":5,"turns":6},{"damage":18,"enemies":"Gremlin Nob","floor":6,"turns":4},{"damage":19,"enemies":"3 Sentries","floor":8,"turns":11},{"damage":13,"enemies":"Large Slime","floor":10,"turns":5},{"damage":6,"enemies":"Gremlin Nob","floor":11,"turns":3},{"damage":6,"enemies":"3 Louse","floor":14,"turns":4},{"damage":31,"enemies":"Slime Boss","floor":16,"turns":9},{"damage":0,"enemies":"2 Thieves","floor":18,"turns":1},{"damage":26,"enemies":"3 Byrds","floor":19,"turns":4},{"damage":55,"enemies":"Snake Plant","floor":20,"turns":4}],"seed_played":"2760824131885721162","potions_obtained":[{"floor":4,"key":"SmokeBomb"},{"floor":5,"key":"Strength Potion"},{"floor":6,"key":"Swift Potion"},{"floor":11,"key":"HeartOfIron"},{"floor":19,"key":"Dexterity Potion"}],"is_trial":false,"path_per_floor":["M","M","?","M","M","E","R","E","T","M","E","?","R","M","R","B",null,"M","M","M"],"character_chosen":"IRONCLAD","items_purchased":[],"campfire_rested":0,"item_purchase_floors":[],"current_hp_per_floor":[72,74,67,72,66,54,54,41,41,34,34,34,34,34,34,9,64,70,50,0,0],"gold":375,"neow_bonus":"TEN_PERCENT_HP_BONUS","is_daily":false,"chose_seed":false,"campfire_upgraded":3,"win_rate":0.0,"timestamp":1612102792,"path_taken":["M","M","?","M","M","E","R","E","T","M","E","?","R","M","R","BOSS","M","M","?"],"items_purchased_type":[],"build_version":"2020-12-22","purchased_purges":0,"victory":false,"max_hp_per_floor":[82,82,82,82,82,82,82,82,82,82,82,82,82,82,82,82,82,82,82,82,82],"card_choices":[{"not_picked":["Flex","Dark Embrace"],"picked":"Inflame","floor":1},{"not_picked":["Seeing Red","Anger"],"picked":"Flame Barrier","floor":2},{"not_picked":["Bloodletting","Iron Wave"],"picked":"Twin Strike","floor":4},{"not_picked":["Dropkick","Sword Boomerang"],"picked":"Metallicize","floor":5},{"not_picked":["Wild Strike","Heavy Blade"],"picked":"Shrug It Off","floor":6},{"not_picked":["Blood for Blood","Pummel"],"picked":"Offering","floor":8},{"not_picked":["Havoc","Armaments","Perfected Strike"],"picked":"SKIP","floor":10},{"not_picked":["Havoc","Twin Strike","Clash"],"picked":"SKIP","floor":11},{"not_picked":["Disarm","Clash","Power Through"],"picked":"SKIP","floor":14},{"not_picked":["Impervious","Exhume"],"picked":"Barricade","floor":16},{"not_picked":["Blood for Blood","Thunderclap"],"picked":"Sword Boomerang","floor":19}],"player_experience":411585,"relics_obtained":[{"floor":6,"key":"Ornamental Fan"},{"floor":8,"key":"Blue Candle"},{"floor":9,"key":"Shuriken"},{"floor":11,"key":"Bottled Tornado"}],"event_choices":[{"cards_removed":["Strike_R"],"damage_healed":0,"gold_gain":0,"player_choice":"Card Removal","damage_taken":7,"max_hp_gain":0,"max_hp_loss":0,"event_name":"Golden Wing","floor":3,"gold_loss":0},{"damage_healed":0,"gold_gain":0,"player_choice":"Forge","damage_taken":0,"max_hp_gain":0,"max_hp_loss":0,"event_name":"Accursed Blacksmith","floor":12,"gold_loss":0,"cards_upgraded":["Twin Strike"]}],"is_beta":false,"boss_relics":[{"not_picked":["Velvet Choker","Calling Bell"],"picked":"Philosopher\u0027s Stone"}],"items_purged_floors":[],"is_endless":false,"potions_floor_spawned":[4,5,6,11,19],"killed_by":"Snake Plant","ascension_level":17}}