{"host":"dscols65uipasqd2","time":1612055242,"event":{"mods":["2.2 Compatiblity","AchievementEnabler","Aspiration","BaseMod","Colored Powertips","Downfall","Energized Spire","GifTheSpireLib","Hermit","Hubris","Infinite Spire","JesterMod","Jorbs\u0027s Wanderer Trilogy","Magitek Elite","Marisa????????","Minty Spire (QoL Compilation)","Rare Cards Sparkle","Replay The Spire","StSLib","Stuff the Spire","The Cursed","The Disciple","The Hierophant","The Judge","The Jungle","TheFirefly"],"gold_per_floor":[99,117,137,137,137,155,155,165,193,193,208,224,224,242,260,260,260,260],"floor_reached":16,"language":"ENG","playtime":878,"items_purged":[],"score":106,"play_id":"48bccb46-8af0-47b2-962e-6a8f3fd55147","local_time":"20210130200722","is_ascension_mode":false,"campfire_choices":[{"floor":1,"key":"DIG"},{"floor":10,"key":"REST"}],"circlet_count":0,"master_deck":["sneckomod:Strike","sneckomod:Strike","sneckomod:Defend","sneckomod:Defend","sneckomod:Defend","sneckomod:TailWhip","sneckomod:SnekBite","sneckomod:Unknown","sneckomod:Unknown","sneckomod:Cheat","Pot Of Greed","sneckomod:SnakeSap","sneckomod:ImprovisedGuard","sneckomod:SoulRoll","sneckomod:UnknownDraw","sneckomod:IronFang","sneckomod:UnknownVulnerable","sneckomod:Restock","sneckomod:UnendingSupply","sneckomod:Unknown0Cost"],"relics":["sneckomod:SneckoSoul","Grinning Jar","infinitespire:Beetle Shell","Akabeko"],"acts_visited":["Exordium"],"potions_floor_usage":[9,9,16],"damage_taken":[{"damage":3,"enemies":"Jaw Worm","floor":2,"turns":3},{"damage":0,"enemies":"Small Slimes","floor":3,"turns":2},{"damage":0,"enemies":"Cultist","floor":6,"turns":3},{"damage":35,"enemies":"Gremlin Gang","floor":8,"turns":5},{"damage":9,"enemies":"Lagavulin","floor":9,"turns":4},{"damage":7,"enemies":"Blue Slaver","floor":11,"turns":2},{"damage":10,"enemies":"Exordium Thugs","floor":12,"turns":4},{"damage":17,"enemies":"Gremlin Gang","floor":14,"turns":5},{"damage":12,"enemies":"3 Louse","floor":15,"turns":3},{"damage":24,"enemies":"SI_SHIV_ARCHETYPE","floor":16,"turns":5}],"seed_played":"1350866234412853994","potions_obtained":[{"floor":6,"key":"BlessingOfTheForge"},{"floor":8,"key":"Adrenaline Potion"},{"floor":9,"key":"Venom Potion"},{"floor":15,"key":"Block Potion"}],"is_trial":false,"path_per_floor":["R","M","M","?","?","M","T","M","E","R","M","M","?","M","M","B"],"character_chosen":"THE_SNECKO","items_purchased":[],"campfire_rested":1,"item_purchase_floors":[],"current_hp_per_floor":[90,87,87,80,85,85,85,50,41,68,61,51,51,34,22,0,0,0],"gold":260,"neow_bonus":"ONE_RANDOM_RARE_CARD","is_daily":false,"chose_seed":false,"campfire_upgraded":0,"win_rate":0.0,"timestamp":1612055242,"path_taken":["R","M","M","?","?","M","T","?","E","R","?","M","?","M","M","BOSS"],"items_purchased_type":[],"build_version":"2020-12-22","purchased_purges":0,"victory":false,"max_hp_per_floor":[90,90,90,90,90,90,90,90,90,90,90,90,90,90,90,90,90,90],"card_choices":[{"not_picked":["sneckomod:WideSting","sneckomod:IronFang"],"picked":"sneckomod:SnakeSap","floor":2},{"not_picked":["sneckomod:WideSting","sneckomod:Nope"],"picked":"sneckomod:ImprovisedGuard","floor":3},{"not_picked":["sneckomod:SoulCleanse","sneckomod:QuickMove"],"picked":"sneckomod:SoulRoll","floor":6},{"not_picked":["sneckomod:UnknownCommonSkill","sneckomod:SoulDraw"],"picked":"sneckomod:UnknownDraw","floor":8},{"not_picked":["sneckomod:WideSting","sneckomod:SnakeSap"],"picked":"sneckomod:IronFang","floor":9},{"not_picked":["sneckomod:UnknownCommonSkill","sneckomod:SoulDraw"],"picked":"sneckomod:UnknownVulnerable","floor":11},{"not_picked":["sneckomod:UnknownUncommonPower","sneckomod:TrashToTreasure"],"picked":"sneckomod:Restock","floor":12},{"not_picked":["sneckomod:DiceBlock","sneckomod:Unknown1Cost"],"picked":"sneckomod:UnendingSupply","floor":14},{"not_picked":["sneckomod:SoulDraw","sneckomod:DefensiveFlair"],"picked":"sneckomod:Unknown0Cost","floor":15}],"player_experience":502656,"relics_obtained":[{"floor":1,"key":"Grinning Jar"},{"floor":9,"key":"Akabeko"}],"event_choices":[{"damage_healed":0,"gold_gain":0,"player_choice":"Success","damage_taken":7,"relics_obtained":["infinitespire:Beetle Shell"],"max_hp_gain":0,"max_hp_loss":0,"event_name":"Scrap Ooze","floor":4,"gold_loss":0},{"cards_removed":["Pot Of Greed"],"damage_healed":5,"gold_gain":0,"player_choice":"Offered Special","damage_taken":0,"max_hp_gain":0,"max_hp_loss":0,"event_name":"Bonfire Elementals","floor":5,"gold_loss":0}],"is_beta":false,"boss_relics":[],"items_purged_floors":[],"is_endless":false,"potions_floor_spawned":[6,8,9,15],"killed_by":"SI_SHIV_ARCHETYPE","ascension_level":0}}