{"host":"pyelotildgrd5mks","time":1612103160,"event":{"mods":["BaseMod","Downfall","Minty Spire (QoL Compilation)","Quick Restart","StSLib"],"gold_per_floor":[99,109,122,136,236,252,278,289,304,315,146,146,146,161,178,279,279,279,296,296,130,150,150,150,150,170,190,190,209,209,209],"floor_reached":29,"language":"ZHS","playtime":1859,"items_purged":["bronze:Strike"],"score":223,"play_id":"c68e708e-0dc1-44b6-a8d6-692dc2d96ffa","local_time":"20210131222600","is_ascension_mode":false,"campfire_choices":[{"data":"bronze:Goto","floor":1.0,"key":"SMITH"},{"floor":12.0,"key":"REST"},{"data":"bronze:Hardcode","floor":18.0,"key":"SMITH"},{"data":"bronze:Allocate","floor":23.0,"key":"SMITH"},{"floor":28.0,"key":"DIG"}],"circlet_count":0,"master_deck":["bronze:Strike","bronze:Strike","bronze:Strike","bronze:Defend","bronze:Defend","bronze:Defend","bronze:Defend","bronze:Goto+1","bronze:Allocate+1","bronze:Library+1","bronze:BronzeArmor","bronze:DelayedGuard","bronze:TinkerersToolbox","bronze:FunctionCard","bronze:Separator+1","bronze:DelayedGuard+1","bronze:InfiniteLoop","bronze:Deprecate+1","bronze:ShipIt"],"relics":["bronze:BronzeCore","Vajra","Happy Flower","Regal Pillow","expansioncontent:StudyCardRelic","Shovel","Strawberry"],"acts_visited":["Exordium","TheCity"],"potions_floor_usage":[],"damage_taken":[{"damage":0.0,"enemies":"Small Slimes","floor":2.0,"turns":3.0},{"damage":2.0,"enemies":"Cultist","floor":3.0,"turns":3.0},{"damage":5.0,"enemies":"2 Louse","floor":4.0,"turns":2.0},{"damage":8.0,"enemies":"Gremlin Gang","floor":6.0,"turns":5.0},{"damage":24.0,"enemies":"Exordium Thugs","floor":8.0,"turns":4.0},{"damage":2.0,"enemies":"Exordium Wildlife","floor":9.0,"turns":5.0},{"damage":8.0,"enemies":"Large Slime","floor":10.0,"turns":7.0},{"damage":1.0,"enemies":"downfall:FleeingMerchant","floor":11.0,"turns":4.0},{"damage":20.0,"enemies":"Gremlin Gang","floor":14.0,"turns":7.0},{"damage":12.0,"enemies":"2 Fungi Beasts","floor":15.0,"turns":5.0},{"damage":22.0,"enemies":"WA_ARCHETYPE_RETAIN","floor":16.0,"turns":7.0},{"damage":3.0,"enemies":"Chosen","floor":19.0,"turns":6.0},{"damage":10.0,"enemies":"downfall:FleeingMerchant","floor":21.0,"turns":4.0},{"damage":0.0,"enemies":"Spheric Guardian","floor":22.0,"turns":3.0},{"damage":10.0,"enemies":"Centurion and Healer","floor":26.0,"turns":5.0},{"damage":8.0,"enemies":"Shelled Parasite and Fungi","floor":27.0,"turns":3.0},{"damage":24.0,"enemies":"Snake Plant","floor":29.0,"turns":7.0}],"seed_played":"4178532512377804977","potions_obtained":[{"floor":3.0,"key":"SneckoOil"},{"floor":4.0,"key":"Dexterity Potion"},{"floor":14.0,"key":"bronze:BuildAFunctionPotion"},{"floor":15.0,"key":"Swift Potion"},{"floor":19.0,"key":"AttackPotion"},{"floor":22.0,"key":"ColorlessPotion"},{"floor":25.0,"key":"CultistPotion"},{"floor":27.0,"key":"bronze:BuildAFunctionPotion"}],"is_trial":false,"path_per_floor":["R","M","M","M","?","M","T","M","M","M","$","R","?","M","M","B",null,"R","M","?","$","M","R","T","?","M","M","R","M"],"character_chosen":"THE_AUTOMATON","items_purchased":["Regal Pillow","bronze:InfiniteLoop"],"campfire_rested":1,"item_purchase_floors":[11,21],"current_hp_per_floor":[70,70,68,63,63,62,62,38,43,42,48,70,75,62,50,35,75,75,73,73,63,63,63,63,63,53,45,52,28,28,28],"gold":209,"neow_bonus":"RANDOM_COMMON_RELIC","is_daily":false,"chose_seed":false,"campfire_upgraded":3,"win_rate":0.0,"timestamp":1612103160,"path_taken":["R","M","M","M","?","M","T","M","M","M","$","R","?","M","M","BOSS","R","M","?","$","?","R","T","?","M","M","R","M"],"items_purchased_type":["Relic","Card"],"build_version":"2020-12-22","purchased_purges":1,"victory":false,"max_hp_per_floor":[70,70,70,70,70,70,70,70,70,70,70,70,75,75,75,75,75,75,75,75,75,75,75,75,75,75,75,82,82,82,82],"card_choices":[{"not_picked":["bronze:Shield","bronze:OilSpill"],"picked":"bronze:Repair","floor":2.0},{"not_picked":["bronze:OilSpill","bronze:CutThrough","bronze:Separator"],"picked":"SKIP","floor":3.0},{"not_picked":["bronze:Repulsor","bronze:OilSpill"],"picked":"bronze:Allocate","floor":4.0},{"not_picked":["bronze:Philosophize","bronze:MaxOutput"],"picked":"bronze:BronzeArmor","floor":6.0},{"not_picked":["bronze:DelayedGuard","bronze:ChosenStrike"],"picked":"bronze:Library","floor":8.0},{"not_picked":["bronze:DelayedSlice","bronze:MaxOutput"],"picked":"bronze:BronzeArmor","floor":9.0},{"not_picked":["bronze:Refactor","bronze:Flail","bronze:Fortify"],"picked":"SKIP","floor":10.0},{"not_picked":["bronze:Shell","bronze:BuggyMess"],"picked":"bronze:DelayedGuard","floor":11.0},{"not_picked":["bronze:Overheat","bronze:Boost","bronze:Shield"],"picked":"SKIP","floor":14.0},{"not_picked":["bronze:Shield","bronze:Safeguard"],"picked":"bronze:TinkerersToolbox","floor":15.0},{"not_picked":["bronze:Library","bronze:CleanCode"],"picked":"bronze:Hardcode","floor":16.0},{"not_picked":["bronze:CutThrough","bronze:Iterate"],"picked":"bronze:Separator+1","floor":19.0},{"not_picked":["bronze:Allocate","bronze:Return"],"picked":"bronze:DelayedGuard+1","floor":21.0},{"not_picked":["bronze:Branch","bronze:BuggyMess"],"picked":"bronze:Deprecate+1","floor":22.0},{"not_picked":["bronze:Refactor","bronze:WhirlingStrike+1"],"picked":"bronze:ShipIt","floor":26.0},{"not_picked":["bronze:Flail+1","bronze:Shield","bronze:WildBeam"],"picked":"SKIP","floor":27.0}],"player_experience":675269,"relics_obtained":[{"floor":7.0,"key":"Happy Flower"},{"floor":24.0,"key":"Shovel"},{"floor":28.0,"key":"Strawberry"}],"event_choices":[{"damage_healed":0.0,"max_hp_gain":5.0,"max_hp_loss":0.0,"gold_gain":0.0,"event_name":"Big Fish","player_choice":"Donut","floor":13.0,"gold_loss":0.0,"damage_taken":0.0}],"is_beta":false,"boss_relics":[{"not_picked":["Coffee Dripper","bronze:PlatinumCore"],"picked":"expansioncontent:StudyCardRelic"}],"items_purged_floors":[21],"is_endless":false,"potions_floor_spawned":[3,4,14,15,19,22,27],"killed_by":"Snake Plant","ascension_level":0}}