{"host":"hka8b3f4pkvnp4ei","time":1612088743,"event":{"mods":["BaseMod","Minty Spire (QoL Compilation)","Quick Restart","Replay The Spire","StSLib"],"gold_per_floor":[112,123,174,174,99,99,133,155,206,224,224,224,45,45,45,67,67,192,192,216,21,120,143,164,164,39,86,86,101,101,101,125,154,154,285,285,306,306,331,664,360,399,399,426,453,384,406,406,438,462,462,466,466,466,58,106,114],"floor_reached":58,"language":"ZHS","playtime":2722,"items_purged":["Strike_B","Strike_B","Strike_B","Defend_B","Zap"],"score":1464,"play_id":"25cdb924-e487-42df-84b7-ef042274a592","local_time":"20210131182543","is_ascension_mode":true,"campfire_choices":[{"data":"Dualcast","floor":6.0,"key":"SMITH"},{"data":"Coolheaded","floor":17.0,"key":"SMITH"},{"data":"Apotheosis","floor":25.0,"key":"SMITH"},{"data":"Coolheaded","floor":31.0,"key":"SMITH"},{"floor":34.0,"key":"RECALL"},{"data":"Seek","floor":43.0,"key":"SMITH"},{"floor":48.0,"key":"REST"},{"data":"Recycle","floor":51.0,"key":"SMITH"},{"data":"Panic Button","floor":54.0,"key":"SMITH"}],"circlet_count":0,"master_deck":["Strike_B","Defend_B","Defend_B","Defend_B","Coolheaded+1","Coolheaded+1","Streamline","Panic Button+1","Self Repair","Defragment","Meteor Strike","Apotheosis+1","Turbo","Core Surge","Genetic Algorithm","Seek+1","White Noise","Recycle+1","Skim"],"relics":["Cracked Core","NeowsBlessing","Replay:Bandana","Ring of Fury","Omamori","Bag of Preparation","Abe\u0027s Treasure","Blue Candle","Calipers","Painkiller Herb","Replay:Wax Seal","Quantum Egg","Replay:Antivirus Software","Ice Cream"],"acts_visited":["Exordium","TheCity","TheBeyond","TheEnding"],"potions_floor_usage":[57,57,57],"damage_taken":[{"damage":0.0,"enemies":"Cultist","floor":1.0,"turns":1.0},{"damage":0.0,"enemies":"Small Slimes","floor":2.0,"turns":1.0},{"damage":0.0,"enemies":"Lagavulin","floor":7.0,"turns":1.0},{"damage":4.0,"enemies":"Jaw Worm","floor":8.0,"turns":3.0},{"damage":10.0,"enemies":"Exordium Thugs","floor":10.0,"turns":5.0},{"damage":13.0,"enemies":"Looter","floor":16.0,"turns":3.0},{"damage":34.0,"enemies":"Hexaghost","floor":18.0,"turns":12.0},{"damage":9.0,"enemies":"Spheric Guardian","floor":20.0,"turns":4.0},{"damage":6.0,"enemies":"Shell Parasite","floor":23.0,"turns":5.0},{"damage":18.0,"enemies":"Centurion and Healer","floor":24.0,"turns":5.0},{"damage":0.0,"enemies":"Replay:Snechameleon","floor":27.0,"turns":5.0},{"damage":19.0,"enemies":"Cultist and Chosen","floor":29.0,"turns":8.0},{"damage":0.0,"enemies":"Snake Plant","floor":32.0,"turns":2.0},{"damage":0.0,"enemies":"Shelled Parasite and Fungi","floor":33.0,"turns":4.0},{"damage":23.0,"enemies":"Champ","floor":35.0,"turns":14.0},{"damage":0.0,"enemies":"3 Shapes","floor":37.0,"turns":5.0},{"damage":19.0,"enemies":"3 Darklings","floor":39.0,"turns":8.0},{"damage":20.0,"enemies":"Giant Head","floor":42.0,"turns":7.0},{"damage":15.0,"enemies":"Maw","floor":44.0,"turns":7.0},{"damage":51.0,"enemies":"4 Shapes","floor":47.0,"turns":6.0},{"damage":0.0,"enemies":"Reptomancer","floor":49.0,"turns":4.0},{"damage":0.0,"enemies":"Spire Growth","floor":50.0,"turns":3.0},{"damage":11.0,"enemies":"Donu and Deca","floor":52.0,"turns":4.0},{"damage":8.0,"enemies":"Shield and Spear","floor":56.0,"turns":4.0},{"damage":20,"enemies":"The Heart","floor":57,"turns":6}],"seed_played":"4854902702308452604","potions_obtained":[{"floor":7.0,"key":"PotionOfCapacity"},{"floor":10.0,"key":"FearPotion"},{"floor":16.0,"key":"Fire Potion"},{"floor":27.0,"key":"Elixir"},{"floor":50.0,"key":"GamblersBrew"}],"is_trial":false,"path_per_floor":["M","M","T","?","$","R","E","M","T","M","?","?","$","PTL","PTL","M","R","B",null,"M","$","?","M","M","R","$","E","T","M","?","R","M","M","R","B",null,"?","?","?","?","T","E","T","?","T","T","?","T","E","?","T","B",null,"T","T","E","B",null],"character_chosen":"DEFECT","items_purchased":["Defragment","Apotheosis","Seek","Recycle","DuplicationPotion","Replay:Antivirus Software"],"campfire_rested":1,"item_purchase_floors":[13,21,41,46,55,55],"current_hp_per_floor":[75,75,75,75,75,75,75,71,71,61,43,48,48,48,48,42,42,15,80,78,78,78,80,72,72,72,80,80,71,56,56,66,76,76,63,85,85,85,76,76,76,66,66,61,61,61,20,45,55,65,65,61,85,85,85,85,75],"gold":114,"neow_bonus":"THREE_ENEMY_KILL","is_daily":false,"chose_seed":false,"campfire_upgraded":7,"win_rate":0.0,"timestamp":1612088743,"path_taken":["M","M","?","?","?","R","E","M","T","?","?","?","$","PTL","PTL","M","R","BOSS","M","$","?","M","M","R","$","E","T","M","?","R","M","M","R","BOSS","?","?","?","?","?","E","T","?","T","T","?","T","E","?","T","BOSS","T","T","E","BOSS"],"items_purchased_type":["Card","Card","Card","Card","Potion","Relic"],"build_version":"2020-12-22","purchased_purges":5,"victory":true,"max_hp_per_floor":[75,75,75,75,75,75,75,75,75,75,75,80,80,80,80,80,80,80,80,80,80,80,80,80,80,80,80,80,80,85,85,85,85,85,85,85,85,85,85,85,85,85,85,85,85,85,85,85,85,85,85,85,85,85,85,85,85],"card_choices":[{"not_picked":["Cold Snap","Conserve Battery"],"picked":"Coolheaded","floor":1.0},{"not_picked":["Turbo","Panic Button"],"picked":"Coolheaded","floor":2.0},{"not_picked":["Ball Lightning","Compile Driver"],"picked":"Streamline","floor":7.0},{"not_picked":["Stack","Leap"],"picked":"Panic Button","floor":8.0},{"not_picked":["BasicCrystalCard","Steam"],"picked":"Self Repair","floor":10.0},{"not_picked":["BasicCrystalCard","Self Repair","Streamline"],"picked":"SKIP","floor":16.0},{"not_picked":["Seek","Hyperbeam"],"picked":"Meteor Strike","floor":18.0},{"not_picked":["Fusion","Redo+1","Ball Lightning"],"picked":"SKIP","floor":20.0},{"not_picked":["Redo+1","Beam Cell"],"picked":"Turbo","floor":23.0},{"not_picked":["Hologram","BasicCrystalCard","Compile Driver"],"picked":"SKIP","floor":24.0},{"not_picked":["FTL+1","Beam Cell","Steam"],"picked":"SKIP","floor":27.0},{"not_picked":["Go for the Eyes","Melter","Hologram"],"picked":"SKIP","floor":29.0},{"not_picked":["Ball Lightning","Reprogram","Reinforced Body+1"],"picked":"SKIP","floor":32.0},{"not_picked":["Go for the Eyes","Creative AI","ReplaySort"],"picked":"SKIP","floor":33.0},{"not_picked":["Creative AI","Seek"],"picked":"Core Surge","floor":35.0},{"not_picked":["Turbo+1","Ball Lightning"],"picked":"Genetic Algorithm","floor":37.0},{"not_picked":["BootSequence+1","Undo","ReplayTheSpireMod:Reroute Power"],"picked":"SKIP","floor":39.0},{"not_picked":["BasicCrystalCard","Darkness+1","Cold Snap"],"picked":"SKIP","floor":42.0},{"not_picked":["Electrodynamics","Storm+1"],"picked":"White Noise","floor":44.0},{"not_picked":["Reinforced Body","Coolheaded+1"],"picked":"Skim","floor":47.0},{"not_picked":["Hologram+1","Cold Snap","Conserve Battery"],"picked":"SKIP","floor":49.0},{"not_picked":["Heatsinks+1","Barrage+1","Gash"],"picked":"SKIP","floor":50.0},{"not_picked":["Seek","Aggregate","Crystallizer"],"picked":"SKIP","floor":56.0}],"player_experience":1070818,"relics_obtained":[{"floor":3.0,"key":"Replay:Bandana"},{"floor":4.0,"key":"Ring of Fury"},{"floor":7.0,"key":"Omamori"},{"floor":9.0,"key":"Bag of Preparation"},{"floor":27.0,"key":"Blue Candle"},{"floor":28.0,"key":"Calipers"},{"floor":42.0,"key":"Replay:Wax Seal"},{"floor":49.0,"key":"Quantum Egg"},{"floor":56.0,"key":"Ice Cream"}],"event_choices":[{"damage_healed":0.0,"max_hp_gain":0.0,"max_hp_loss":0.0,"gold_gain":0.0,"event_name":"Golden Idol","player_choice":"Take Damage","floor":11.0,"gold_loss":0.0,"damage_taken":18.0,"relics_obtained":["Golden Idol"]},{"damage_healed":0.0,"max_hp_gain":5.0,"max_hp_loss":0.0,"gold_gain":0.0,"event_name":"Big Fish","player_choice":"Donut","floor":12.0,"gold_loss":0.0,"damage_taken":0.0},{"damage_healed":0.0,"max_hp_gain":0.0,"max_hp_loss":0.0,"gold_gain":99.0,"event_name":"Nest","player_choice":"Stole From Cult","floor":22.0,"gold_loss":0.0,"damage_taken":0.0},{"damage_healed":0.0,"max_hp_gain":5.0,"max_hp_loss":0.0,"gold_gain":0.0,"event_name":"Forgotten Altar","player_choice":"Shed Blood","floor":30.0,"gold_loss":0.0,"damage_taken":20.0},{"cards_removed":["Dualcast"],"damage_healed":0.0,"max_hp_gain":0.0,"max_hp_loss":0.0,"gold_gain":0.0,"event_name":"Falling","player_choice":"Removed Skill","floor":38.0,"gold_loss":0.0,"damage_taken":0.0},{"damage_healed":0.0,"max_hp_gain":0.0,"max_hp_loss":0.0,"gold_gain":333.0,"event_name":"The Moai Head","player_choice":"Gave Idol","floor":40.0,"relics_lost":["Golden Idol"],"gold_loss":0.0,"damage_taken":0.0}],"is_beta":false,"boss_relics":[{"not_picked":["Empty Cage","Replay:Bronze Core"],"picked":"Abe\u0027s Treasure"},{"not_picked":["ChewingGum","Busted Crown"],"picked":"Painkiller Herb"}],"items_purged_floors":[5,13,26,41,55],"is_endless":false,"potions_floor_spawned":[7,10,16,27,33,35,42,44,50,56],"ascension_level":3}}