{"host":"o7j6aatxjwpw1421","time":1612067815,"event":{"mods":["2.2 Compatiblity","AchievementEnabler","BaseMod","Colored Map","DeckTracker","Highlight Path","Keyboard Shortcuts","Minty Spire (QoL Compilation)","Permanent Neow","Quick Restart","StSLib","SuperFastMode","everything is the same but u backflip on backflip"],"gold_per_floor":[112,125,50,69,69,69,99,99,151,151,168,40,40,51,51,122,122,140,15,15,30,41,41,52,52,126,126,126,160,160,160],"floor_reached":30,"language":"KOR","playtime":1359,"items_purged":["Strike_R","Defend_R","Strike_R"],"score":496,"play_id":"7cd03bb7-bbd2-4946-91f8-ff3888f7dab4","local_time":"20210131133655","is_ascension_mode":true,"campfire_choices":[{"data":"Armaments","floor":6.0,"key":"SMITH"},{"floor":8.0,"key":"REST"},{"data":"Shockwave","floor":15.0,"key":"SMITH"},{"floor":23.0,"key":"REST"},{"floor":25.0,"key":"REST"},{"floor":27.0,"key":"REST"}],"circlet_count":0,"master_deck":["AscendersBane","Defend_R+1","Defend_R","Defend_R","Bash","Second Wind","Shockwave+1","Armaments+1","Uppercut","Evolve+1","Wild Strike","Shrug It Off","Immolate","Blood for Blood","Cleave","Limit Break","Pommel Strike","Dark Embrace","Reckless Charge","Barricade"],"relics":["Burning Blood","Blood Vial","MealTicket","Oddly Smooth Stone","SacredBark","Question Card","Girya"],"acts_visited":["Exordium","TheCity"],"potions_floor_usage":[29],"damage_taken":[{"damage":4.0,"enemies":"Small Slimes","floor":1.0,"turns":4.0},{"damage":2.0,"enemies":"Jaw Worm","floor":2.0,"turns":5.0},{"damage":2.0,"enemies":"2 Louse","floor":4.0,"turns":4.0},{"damage":61.0,"enemies":"Gremlin Nob","floor":7.0,"turns":6.0},{"damage":13.0,"enemies":"Large Slime","floor":11.0,"turns":5.0},{"damage":7.0,"enemies":"3 Louse","floor":14.0,"turns":4.0},{"damage":29.0,"enemies":"The Guardian","floor":16.0,"turns":14.0},{"damage":36.0,"enemies":"2 Thieves","floor":18.0,"turns":5.0},{"damage":31.0,"enemies":"Shell Parasite","floor":21.0,"turns":6.0},{"damage":16.0,"enemies":"Chosen and Byrds","floor":22.0,"turns":6.0},{"damage":40.0,"enemies":"Shelled Parasite and Fungi","floor":24.0,"turns":5.0},{"damage":25,"enemies":"Book of Stabbing","floor":29,"turns":7},{"damage":0,"enemies":"Masked Bandits","floor":30,"turns":1}],"seed_played":"8737921292634859931","potions_obtained":[{"floor":1.0,"key":"DistilledChaos"},{"floor":2.0,"key":"Regen Potion"},{"floor":14.0,"key":"Swift Potion"},{"floor":24.0,"key":"EssenceOfSteel"}],"is_trial":false,"path_per_floor":["M","M","$","M","?","R","E","R","T","?","M","$","$","M","R","B",null,"M","$","?","M","M","R","M","R","T","R","?","E","?"],"character_chosen":"IRONCLAD","items_purchased":["Shrug It Off"],"campfire_rested":4,"item_purchase_floors":[12],"current_hp_per_floor":[70,74,74,75,57,57,19,41,41,18,13,28,43,44,44,23,62,34,49,49,26,18,40,8,30,30,52,52,35,37,37],"gold":160,"neow_bonus":"TRANSFORM_CARD","is_daily":false,"chose_seed":false,"campfire_upgraded":2,"win_rate":0.0,"timestamp":1612067815,"path_taken":["M","M","$","M","?","R","E","R","T","?","M","?","$","M","R","BOSS","M","$","?","M","M","R","M","R","T","R","?","E","?"],"items_purchased_type":["Card"],"build_version":"2020-12-22","purchased_purges":3,"victory":false,"max_hp_per_floor":[75,75,75,75,75,75,75,75,75,75,75,75,75,75,75,75,75,75,75,75,75,75,75,75,75,75,75,75,75,75,75],"card_choices":[{"not_picked":["Sever Soul","Clash"],"picked":"Shockwave","floor":1.0},{"not_picked":["Headbutt","Havoc"],"picked":"Armaments","floor":2.0},{"not_picked":["Iron Wave","Pommel Strike"],"picked":"Uppercut","floor":4.0},{"not_picked":["Thunderclap","Shockwave"],"picked":"Evolve","floor":7.0},{"not_picked":["Sentinel","Second Wind"],"picked":"Wild Strike","floor":11.0},{"not_picked":["Evolve","Rupture","Pummel"],"picked":"SKIP","floor":14.0},{"not_picked":["Reaper","Juggernaut"],"picked":"Immolate","floor":16.0},{"not_picked":["Heavy Blade","Flex"],"picked":"Blood for Blood","floor":18.0},{"not_picked":["Warcry","Clothesline"],"picked":"Pommel Strike","floor":21.0},{"not_picked":["Infernal Blade","Dual Wield"],"picked":"Dark Embrace","floor":22.0},{"not_picked":["Shrug It Off","Flex"],"picked":"Reckless Charge","floor":24.0},{"not_picked":["Evolve","Wild Strike","Shrug It Off"],"picked":"Barricade","floor":29}],"player_experience":601447,"relics_obtained":[{"floor":7.0,"key":"MealTicket"},{"floor":9.0,"key":"Oddly Smooth Stone"},{"floor":26.0,"key":"Question Card"},{"floor":29,"key":"Girya"}],"event_choices":[{"damage_healed":0.0,"max_hp_gain":0.0,"max_hp_loss":0.0,"gold_gain":0.0,"event_name":"Scrap Ooze","player_choice":"Success","floor":5.0,"gold_loss":0.0,"damage_taken":18.0,"relics_obtained":["Blood Vial"]},{"damage_healed":0.0,"max_hp_gain":0.0,"max_hp_loss":0.0,"gold_gain":0.0,"event_name":"Shining Light","player_choice":"Entered Light","floor":10.0,"gold_loss":0.0,"damage_taken":23.0,"cards_upgraded":["Defend_R","Evolve"]},{"damage_healed":0.0,"max_hp_gain":0.0,"max_hp_loss":0.0,"gold_gain":0.0,"cards_transformed":["Strike_R","Strike_R"],"event_name":"Drug Dealer","player_choice":"Became Test Subject","floor":20.0,"gold_loss":0.0,"damage_taken":0.0,"cards_obtained":["Cleave","Limit Break"]},{"damage_healed":0.0,"max_hp_gain":0.0,"max_hp_loss":0.0,"gold_gain":0.0,"event_name":"Vampires","player_choice":"Ignored","floor":28.0,"gold_loss":0.0,"damage_taken":0.0},{"damage_healed":0,"gold_gain":0,"player_choice":"Fought Bandits","damage_taken":0,"max_hp_gain":0,"max_hp_loss":0,"event_name":"Masked Bandits","floor":30,"gold_loss":0}],"is_beta":false,"boss_relics":[{"not_picked":["Cursed Key","Velvet Choker"],"picked":"SacredBark"}],"items_purged_floors":[3,12,19],"is_endless":false,"potions_floor_spawned":[1,2,14,24],"killed_by":"Masked Bandits","ascension_level":20}}