{"host":"dcj2yvrgcvh5dl2s","time":1612127273,"event":{"mods":["BaseMod","Bestiary","Better Note","Block Reminder","Colored Powertips","Curses Come First","DeckTracker","Minty Spire (QoL Compilation)","Quick Restart","Rare Cards Sparkle","Relic Stats","StSLib"],"gold_per_floor":[18,35,35,48,4,37,37,69,69,69,69],"floor_reached":10,"language":"ENG","playtime":388,"items_purged":[],"score":152,"play_id":"540331b7-1d4f-450e-908d-3e1149850071","local_time":"20210201070753","is_ascension_mode":true,"campfire_choices":[{"floor":7,"key":"REST"}],"circlet_count":0,"master_deck":["AscendersBane","Strike_R","Strike_R","Strike_R","Strike_R","Defend_R","Defend_R","Defend_R","Defend_R","Bash","True Grit","Whirlwind","Metallicize","Sword Boomerang","Flex"],"relics":["Burning Blood","Omamori","Matryoshka","Self Forming Clay","Bronze Scales"],"acts_visited":["Exordium"],"potions_floor_usage":[8,10],"damage_taken":[{"damage":17,"enemies":"Cultist","floor":1,"turns":4},{"damage":16,"enemies":"Small Slimes","floor":2,"turns":5},{"damage":7,"enemies":"2 Louse","floor":4,"turns":4},{"damage":55,"enemies":"Gremlin Nob","floor":6,"turns":6},{"damage":26,"enemies":"3 Sentries","floor":8,"turns":4},{"damage":26,"enemies":"Gremlin Nob","floor":10,"turns":3}],"seed_played":"-4037046992342075239","potions_obtained":[{"floor":2,"key":"Strength Potion"},{"floor":8,"key":"Explosive Potion"}],"is_trial":false,"path_per_floor":["M","M","?","M","$","E","R","E","T","E"],"character_chosen":"IRONCLAD","items_purchased":["Metallicize"],"campfire_rested":1,"item_purchase_floors":[5],"current_hp_per_floor":[71,61,61,60,60,11,37,17,17,0,0],"gold":69,"neow_bonus":"TWENTY_PERCENT_HP_BONUS","is_daily":false,"chose_seed":false,"campfire_upgraded":0,"win_rate":0.0,"timestamp":1612127273,"path_taken":["M","M","?","?","?","E","R","E","T","E"],"items_purchased_type":["Card"],"build_version":"2020-12-22","purchased_purges":0,"victory":false,"max_hp_per_floor":[89,89,89,89,89,89,89,89,89,89,89],"relic_stats":{"counters":[6,26],"Self Forming Clay":[3],"Bronze Scales":[3],"obtain_stats":[{"Matryoshka":8,"Self Forming Clay":9,"Bronze Scales":9,"Omamori":6,"Burning Blood":0},{"Matryoshka":5,"Self Forming Clay":5,"Bronze Scales":5,"Omamori":4,"Burning Blood":0},{"Matryoshka":23,"Self Forming Clay":23,"Bronze Scales":23,"Omamori":19,"Burning Blood":0}],"Burning Blood":30},"card_choices":[{"not_picked":["Clothesline","Evolve"],"picked":"True Grit","floor":1},{"not_picked":["Warcry","Havoc","Ghostly Armor"],"picked":"SKIP","floor":2},{"not_picked":["Disarm","Shrug It Off"],"picked":"Whirlwind","floor":4},{"not_picked":["Exhume","Havoc"],"picked":"Sword Boomerang","floor":6},{"not_picked":["Heavy Blade","Body Slam"],"picked":"Flex","floor":8}],"player_experience":2317737,"relics_obtained":[{"floor":6,"key":"Omamori"},{"floor":8,"key":"Matryoshka"},{"floor":9,"key":"Self Forming Clay"},{"floor":9,"key":"Bronze Scales"}],"event_choices":[{"cards_removed":["Strike_R"],"damage_healed":0,"gold_gain":0,"player_choice":"Purged","damage_taken":0,"max_hp_gain":0,"max_hp_loss":0,"event_name":"Purifier","floor":3,"gold_loss":0}],"is_beta":false,"boss_relics":[],"items_purged_floors":[],"is_endless":false,"potions_floor_spawned":[2,8],"killed_by":"Gremlin Nob","ascension_level":20}}