{"host":"xkmvu47k9fdstweo","time":1612073799,"event":{"mods":["BaseMod","Colored Map","Conspire","HololiveMod","Hubris","Minty Spire (QoL Compilation)","Quick Restart","Shop Mod","StSLib"],"gold_per_floor":[87,37,37,65,65,65,106,106,156,198,215,260,271,296,296,399,399,417,417,130,130,151,219,249,249,249,289,289,143,198,252,252,415,415,465,482,482,508,216,274,274,630,630,630,718,718,763,763,763,808],"floor_reached":51,"language":"ENG","playtime":1742,"items_purged":["Hololive_Defend","Hololive_Defend"],"score":1618,"play_id":"37b558b6-35e0-4b99-b9c1-0de193cf380d","local_time":"20210131011639","is_ascension_mode":true,"campfire_choices":[{"data":"Hololive_CallShishiroBotan","floor":6.0,"key":"SMITH"},{"data":"Hololive_CallTokoyamiTowa","floor":8.0,"key":"SMITH"},{"data":"Hololive_CallSpadeEcho","floor":15,"key":"SMITH"},{"data":"Hololive_CallAmaneKanata","floor":28,"key":"SMITH"},{"data":"Hololive_DiamondStrike","floor":32,"key":"SMITH"},{"data":"Hololive_DDD","floor":41,"key":"SMITH"},{"data":"Hololive_IdolExercise","floor":46,"key":"SMITH"},{"data":"Hololive_DDD","floor":49,"key":"SMITH"}],"circlet_count":0,"master_deck":["Hololive_Trident","Hololive_CallKiryuuCoco","Hololive_CallYozoraMel","Hololive_CallTokoyamiTowa+1","Hololive_CallSakuraMiko","Hololive_CallMomosuzuNene+19","Hololive_CallShishiroBotan+1","Hololive_StrengthChampion","Hololive_CocoNews","Hololive_FlyingPonyTail","Hololive_CallYuzukiChoco","Hololive_CallSpadeEcho+1","Hololive_CallHoushouMarine","Hololive_DurableLive","Hololive_CallAmaneKanata+1","Hololive_CallTokinoSora","Hololive_Rebound","Hololive_CallYozoraMel","Hololive_HuntDinosaur","Hololive_LuckPotion","Hololive_Recruit","Hololive_CallShiroganeNoel","Hololive_DiamondStrike+1","Hololive_DDD+1","Hololive_CallNekomataOkayu","Hololive_CallMinatoAqua","Master of Strategy","Hololive_CallMurasakiShion+1","Hololive_IdolExercise+1","Hololive_CallOzoraSubaru","Hololive_CallNakiriAyame+1","Hololive_DDD+1"],"relics":["Hololive_TheStar","MealTicket","White Beast Statue","Dream Catcher","PreservedInsect","Happy Flower","Velvet Choker","hubris:Icosahedron","hubris:BottledRain","hubris:Towel","Art of War","Thread and Needle","Bag of Preparation","conspire:RoyalGoblet","Lantern","Old Coin","Strawberry","hubris:DeckOfHolding"],"acts_visited":["Exordium","TheCity","TheBeyond"],"potions_floor_usage":[13,33,45,45,45,50],"damage_taken":[{"damage":0.0,"enemies":"Small Slimes","floor":1.0,"turns":3.0},{"damage":0.0,"enemies":"Cultist","floor":4.0,"turns":4.0},{"damage":0.0,"enemies":"Lagavulin","floor":7.0,"turns":5.0},{"damage":0.0,"enemies":"Gremlin Nob","floor":10.0,"turns":4.0},{"damage":0,"enemies":"conspire:RoseBush","floor":11,"turns":2},{"damage":0,"enemies":"3 Sentries","floor":12,"turns":4},{"damage":0,"enemies":"Blue Slaver","floor":13,"turns":2},{"damage":0,"enemies":"Exordium Wildlife","floor":14,"turns":4},{"damage":0,"enemies":"The Guardian","floor":16,"turns":6},{"damage":0,"enemies":"Spheric Guardian","floor":18,"turns":3},{"damage":0,"enemies":"Chosen","floor":22,"turns":2},{"damage":0,"enemies":"Gremlin Leader","floor":23,"turns":7},{"damage":0,"enemies":"Shelled Parasite and Fungi","floor":24,"turns":4},{"damage":0,"enemies":"Centurion and Healer","floor":27,"turns":4},{"damage":0,"enemies":"conspire:SneckoGhost","floor":30,"turns":3},{"damage":0,"enemies":"conspire:HollyBat","floor":31,"turns":6},{"damage":0,"enemies":"Collector","floor":33,"turns":8},{"damage":0,"enemies":"3 Darklings","floor":35,"turns":5},{"damage":0,"enemies":"Orb Walker","floor":36,"turns":3},{"damage":0,"enemies":"Jaw Worm Horde","floor":38,"turns":4},{"damage":0,"enemies":"Giant Head","floor":40,"turns":5},{"damage":0,"enemies":"Reptomancer","floor":42,"turns":5},{"damage":0,"enemies":"Giant Head","floor":45,"turns":6},{"damage":0,"enemies":"Spire Growth","floor":47,"turns":3},{"damage":0,"enemies":"Donu and Deca","floor":50,"turns":9}],"seed_played":"-1371037685930238858","potions_obtained":[{"floor":1.0,"key":"Ancient Potion"},{"floor":7.0,"key":"EntropicBrew"},{"floor":10.0,"key":"SkillPotion"},{"floor":13,"key":"Fire Potion"},{"floor":23,"key":"Energy Potion"},{"floor":27,"key":"Energy Potion"},{"floor":33,"key":"DuplicationPotion"}],"is_trial":false,"path_per_floor":["M","?","$","M","?","R","E","R","T","E","M","E","M","M","R","B",null,"M","?","$","?","M","E","M","?","T","M","R","$","E","M","R","B",null,"M","M","?","M","$","E","R","E","T","?","E","R","M","?","R","B",null],"character_chosen":"Hololive_HololiveCharacter","items_purchased":["hubris:BottledRain","Hololive_CallTokinoSora","Hololive_Recruit","Master of Strategy"],"campfire_rested":0,"item_purchase_floors":[20,20,29,39],"current_hp_per_floor":[32,32,35,35,35,35,35,35,35,35,35,35,35,35,35,35,35,35,35,35,35,35,35,35,35,35,35,35,35,35,35,35,35,35,35,35,33,33,33,33,33,33,40,40,40,40,40,40,40,40],"gold":808,"neow_bonus":"RANDOM_COMMON_RELIC","is_daily":false,"chose_seed":false,"campfire_upgraded":8,"win_rate":0.0,"timestamp":1612073799,"path_taken":["M","?","$","M","?","R","E","R","T","E","M","E","?","M","R","BOSS","M","?","$","?","M","E","M","?","T","M","R","$","E","M","R","BOSS","M","M","?","M","$","E","R","E","T","?","E","R","?","?","R","BOSS"],"items_purchased_type":["Relic","Card","Card","Card"],"build_version":"2020-12-22","purchased_purges":2,"victory":true,"max_hp_per_floor":[35,35,35,35,35,35,35,35,35,35,35,35,35,35,35,35,35,35,35,35,35,35,35,35,35,35,35,35,35,35,35,35,35,35,35,35,33,33,33,33,33,33,40,40,40,40,40,40,40,40],"card_choices":[{"not_picked":["Hololive_Yoholoon","Hololive_HuntDinosaur","Hololive_DevilCharm"],"picked":"Hololive_CallMomosuzuNene","floor":1.0},{"not_picked":["Hololive_Psychosis","Hololive_RevenueBasedLive","Hololive_LuckPotion"],"picked":"Hololive_CallShishiroBotan","floor":4.0},{"not_picked":["Hololive_Psychosis","Hololive_CallUruhaRushia","Hololive_FlyingPonyTail"],"picked":"Hololive_StrengthChampion","floor":7.0},{"not_picked":["Hololive_Breathe","Hololive_Trident","Hololive_Sequa"],"picked":"Hololive_CocoNews","floor":10.0},{"not_picked":["Hololive_CocoNews","Hololive_StrengthChampion","Hololive_CallOzoraSubaru"],"picked":"Hololive_FlyingPonyTail","floor":11},{"not_picked":["Hololive_BeCareful","Hololive_CallAiraniIofifteen","Hololive_CallOzoraSubaru"],"picked":"Hololive_CallYuzukiChoco","floor":12},{"not_picked":["Hololive_CallTokinoSora","Hololive_CocoNews","Hololive_CallOzoraSubaru"],"picked":"Hololive_CallSpadeEcho","floor":13},{"not_picked":["Hololive_FlyingPonyTail","Hololive_CallAyundaRisu","Hololive_LuckPotion"],"picked":"Hololive_CallHoushouMarine","floor":14},{"not_picked":["Hololive_Rebirth","Hololive_ASMR","Hololive_HighAtkLowDef"],"picked":"Hololive_DurableLive","floor":16},{"not_picked":["Hololive_OvertimeWork","Hololive_StrengthChampion","Hololive_LuckPotion+1"],"picked":"Hololive_CallAmaneKanata","floor":18},{"not_picked":["Hololive_OvertimeWork+1","Hololive_CallMomosuzuNene+1","Hololive_CallArtia"],"picked":"Hololive_Rebound","floor":22},{"not_picked":["Hololive_ManjiGathering+1","Hololive_CallUruhaRushia+1","Hololive_StrengthChampion"],"picked":"Hololive_CallYozoraMel","floor":23},{"not_picked":["Hololive_RevenueBasedLive","Hololive_Rebound","Hololive_CandyCastle"],"picked":"Hololive_HuntDinosaur","floor":24},{"not_picked":["Hololive_Rebound","Hololive_CallHoushouMarine","Hololive_CocoNews"],"picked":"Hololive_LuckPotion","floor":27},{"not_picked":["Hololive_CallInugamiKorone","Hololive_CallAkaiHaato+1","Hololive_CallKiryuuCoco"],"picked":"Hololive_CallShiroganeNoel","floor":30},{"not_picked":["Hololive_Breathe","Hololive_LuckPotion","Hololive_Drill"],"picked":"Hololive_DiamondStrike","floor":31},{"not_picked":["Hololive_WolfAndLamb","Hololive_Nanodesu","Hololive_DurableLive"],"picked":"Hololive_DDD","floor":33},{"not_picked":["Hololive_CallInugamiKorone","Hololive_CallMoonaHoshinova+1","Hololive_LuckPotion+1"],"picked":"Hololive_CallNekomataOkayu","floor":35},{"not_picked":["Hololive_CocoNews+1","Hololive_DevilCharm","Hololive_Psychosis+1"],"picked":"Hololive_CallMinatoAqua","floor":36},{"not_picked":["Hololive_Trident","Hololive_CallYogiri+1","Hololive_StrengthChampion"],"picked":"Hololive_OvertimeWork","floor":38},{"not_picked":["Hololive_OvertimeWork","Hololive_CallDoris+1","Hololive_CocoNews+1"],"picked":"Hololive_CallMurasakiShion+1","floor":40},{"not_picked":["Hololive_Drill+1","Hololive_CallMinatoAqua+1","Hololive_CallOkamiMio"],"picked":"Hololive_IdolExercise","floor":42},{"not_picked":["Hololive_Rebound+1","Hololive_Breathe+1","Hololive_ILoveYou+1"],"picked":"Hololive_CallOzoraSubaru","floor":45},{"not_picked":["Hololive_Rebound+1","Hololive_LuckPotion+1","Hololive_Psychosis+1"],"picked":"Hololive_CallNakiriAyame+1","floor":47}],"player_experience":326905,"relics_obtained":[{"floor":7.0,"key":"White Beast Statue"},{"floor":9.0,"key":"Dream Catcher"},{"floor":10.0,"key":"PreservedInsect"},{"floor":12,"key":"Happy Flower"},{"floor":23,"key":"Art of War"},{"floor":26,"key":"Thread and Needle"},{"floor":30,"key":"Bag of Preparation"},{"floor":40,"key":"Lantern"},{"floor":42,"key":"Old Coin"},{"floor":43,"key":"Strawberry"},{"floor":45,"key":"hubris:DeckOfHolding"}],"event_choices":[{"cards_removed":["Hololive_Strike"],"damage_healed":0.0,"max_hp_gain":0.0,"max_hp_loss":0.0,"gold_gain":0.0,"event_name":"The Cleric","player_choice":"Card Removal","floor":2.0,"gold_loss":50.0,"damage_taken":0.0},{"damage_healed":0.0,"max_hp_gain":0.0,"max_hp_loss":0.0,"gold_gain":0.0,"event_name":"Wheel of Change","player_choice":"Full Heal","floor":5.0,"gold_loss":0.0,"damage_taken":0.0},{"cards_removed":["Hololive_Strike"],"damage_healed":0,"gold_gain":0,"player_choice":"Elegance","damage_taken":0,"max_hp_gain":0,"max_hp_loss":0,"event_name":"Back to Basics","floor":25,"gold_loss":0},{"damage_healed":0,"gold_gain":0,"player_choice":"Max HP","damage_taken":0,"max_hp_gain":0,"max_hp_loss":2,"event_name":"Winding Halls","floor":37,"gold_loss":0},{"cards_removed":["Hololive_OvertimeWork"],"damage_healed":5,"gold_gain":0,"player_choice":"Offered Common","damage_taken":0,"max_hp_gain":0,"max_hp_loss":0,"event_name":"Bonfire Elementals","floor":44,"gold_loss":0},{"cards_removed":["Hololive_OvertimeWork"],"damage_healed":5,"gold_gain":0,"player_choice":"Offered Special","damage_taken":0,"max_hp_gain":0,"max_hp_loss":0,"event_name":"Bonfire Elementals","floor":44,"gold_loss":0},{"damage_healed":0,"gold_gain":0,"cards_transformed":["Hololive_CallUruhaRushia"],"player_choice":"Transformed","damage_taken":0,"max_hp_gain":0,"max_hp_loss":0,"event_name":"Transmorgrifier","floor":48,"gold_loss":0,"cards_obtained":["Hololive_DDD"]}],"is_beta":false,"boss_relics":[{"not_picked":["Runic Dome","conspire:SpecialSausage"],"picked":"Velvet Choker"},{"not_picked":["conspire:RunicOctahedron","Runic Pyramid"],"picked":"conspire:RoyalGoblet"}],"items_purged_floors":[29,39],"is_endless":false,"potions_floor_spawned":[1,7,10,11,12,13,14,16,18,22,23,24,27,30,31,33,35,36,38,40,42,45,47],"ascension_level":7}}