{"host":"52ffv6k934cb8aj3","time":1612085877,"event":{"mods":["AchievementEnabler","BaseMod","Bestiary","Colored Map","Colored Powertips","DeckTracker","Highlight Path","Keyboard Shortcuts","Minty Spire (QoL Compilation)","Rare Cards Sparkle","Relic Sorter"],"gold_per_floor":[214,214,225,242,261,261,271,297,344,357,389,406,42,71,71,166,166,180,180,193,193,203,203,203,203],"floor_reached":24,"language":"ENG","playtime":1286,"items_purged":["Strike_R"],"score":352,"play_id":"956b4fc9-0e15-400a-bfa8-2e5dcffaad68","local_time":"20210131033757","is_ascension_mode":true,"campfire_choices":[{"data":"True Grit","floor":6.0,"key":"SMITH"},{"floor":15.0,"key":"REST"},{"floor":23,"key":"REST"}],"circlet_count":0,"master_deck":["AscendersBane","Strike_R","Strike_R","Defend_R","Defend_R","Defend_R","Defend_R","Bash","Iron Wave","Immolate","Shockwave","Dropkick","True Grit+1","Flame Barrier","Armaments","Pommel Strike","Uppercut","Barricade","Intimidate+1","Entrench+1","Magnetism+1","Metallicize"],"relics":["Burning Blood","Happy Flower","InkBottle","Juzu Bracelet","Anchor","Strawberry","Lantern","Astrolabe","Bronze Scales","CultistMask"],"acts_visited":["Exordium","TheCity"],"potions_floor_usage":[22],"damage_taken":[{"damage":7.0,"enemies":"Small Slimes","floor":1.0,"turns":4.0},{"damage":8.0,"enemies":"Cultist","floor":3.0,"turns":4.0},{"damage":5.0,"enemies":"2 Louse","floor":4.0,"turns":3.0},{"damage":0.0,"enemies":"Lots of Slimes","floor":5.0,"turns":1.0},{"damage":6.0,"enemies":"Looter","floor":7.0,"turns":4.0},{"damage":30.0,"enemies":"Lagavulin","floor":8.0,"turns":10.0},{"damage":0.0,"enemies":"Gremlin Gang","floor":10.0,"turns":3.0},{"damage":17.0,"enemies":"Gremlin Nob","floor":11.0,"turns":4.0},{"damage":7.0,"enemies":"Blue Slaver","floor":12.0,"turns":6.0},{"damage":12.0,"enemies":"Lagavulin","floor":14.0,"turns":8.0},{"damage":65.0,"enemies":"Hexaghost","floor":16.0,"turns":12.0},{"damage":20,"enemies":"3 Byrds","floor":18,"turns":6},{"damage":9,"enemies":"2 Thieves","floor":20,"turns":4},{"damage":24,"enemies":"Shelled Parasite and Fungi","floor":22,"turns":9},{"damage":63,"enemies":"Book of Stabbing","floor":24,"turns":8}],"seed_played":"-986900019817503988","potions_obtained":[{"floor":4.0,"key":"FearPotion"},{"floor":5.0,"key":"Block Potion"},{"floor":7.0,"key":"LiquidMemories"},{"floor":8.0,"key":"PowerPotion"},{"floor":16.0,"key":"DistilledChaos"}],"is_trial":false,"path_per_floor":["M","?","M","M","M","R","M","E","T","M","E","M","$","E","R","B",null,"M","T","M","?","M","R","E"],"character_chosen":"IRONCLAD","items_purchased":["Anchor","Strawberry"],"campfire_rested":2,"item_purchase_floors":[13,13],"current_hp_per_floor":[71,71,69,70,76,76,76,52,52,58,47,46,53,47,73,14,69,55,55,52,52,34,60,0,0],"gold":203,"neow_bonus":"HUNDRED_GOLD","is_daily":false,"chose_seed":false,"campfire_upgraded":1,"win_rate":0.0,"timestamp":1612085877,"path_taken":["M","?","M","M","M","R","?","E","T","M","E","M","$","E","R","BOSS","M","?","M","?","M","R","E"],"items_purchased_type":["Relic","Relic"],"build_version":"2020-12-22","purchased_purges":1,"victory":false,"max_hp_per_floor":[80,80,80,80,80,80,80,80,80,80,80,80,87,87,87,87,87,87,87,87,87,87,87,87,87],"card_choices":[{"not_picked":["Warcry","Wild Strike"],"picked":"Iron Wave","floor":1.0},{"not_picked":["Anger","Infernal Blade"],"picked":"Shockwave","floor":3.0},{"not_picked":["Sword Boomerang","Intimidate"],"picked":"Dropkick","floor":4.0},{"not_picked":["Perfected Strike","Dark Embrace"],"picked":"True Grit","floor":5.0},{"not_picked":["Headbutt","Barricade"],"picked":"Flame Barrier","floor":7.0},{"not_picked":["Entrench","Rupture","Wild Strike"],"picked":"SKIP","floor":8.0},{"not_picked":["Havoc","Sword Boomerang","Wild Strike"],"picked":"SKIP","floor":10.0},{"not_picked":["Anger","Twin Strike"],"picked":"Armaments","floor":11.0},{"not_picked":["Flex","Heavy Blade"],"picked":"Pommel Strike","floor":12.0},{"not_picked":["Havoc","Perfected Strike"],"picked":"Uppercut","floor":14.0},{"not_picked":["Bludgeon","Limit Break"],"picked":"Barricade","floor":16.0},{"not_picked":["Clash","Battle Trance","Iron Wave"],"picked":"SKIP","floor":18},{"not_picked":["Sentinel","Anger"],"picked":"Metallicize","floor":20},{"not_picked":["Infernal Blade","Searing Blow","Uppercut"],"picked":"SKIP","floor":22}],"player_experience":600352,"relics_obtained":[{"floor":8.0,"key":"Happy Flower"},{"floor":9.0,"key":"Juzu Bracelet"},{"floor":11.0,"key":"InkBottle"},{"floor":14.0,"key":"Lantern"},{"floor":19,"key":"Bronze Scales"}],"event_choices":[{"damage_healed":0.0,"max_hp_gain":0.0,"max_hp_loss":0.0,"gold_gain":0.0,"event_name":"Match and Keep!","player_choice":"2 cards matched","floor":2.0,"gold_loss":0.0,"damage_taken":0.0,"cards_obtained":["Immolate","Impatience"]},{"damage_healed":0,"gold_gain":0,"player_choice":"Trade","damage_taken":0,"relics_obtained":["CultistMask"],"max_hp_gain":0,"max_hp_loss":0,"event_name":"FaceTrader","floor":21,"gold_loss":0}],"is_beta":false,"boss_relics":[{"not_picked":["SacredBark","Philosopher\u0027s Stone"],"picked":"Astrolabe"}],"items_purged_floors":[13],"is_endless":false,"potions_floor_spawned":[4,5,7,8,16],"killed_by":"Book of Stabbing","ascension_level":12}}