{"host":"wvwkddos141hgtsy","time":1612121271,"event":{"mods":["AchievementEnabler","AlwaysNeverKeys","BaseMod","Better Altar","Better Match","Better Note","Better Sensory Stone","Better Skull","Better Third Choice","Better Vampires","BetterRewards","ChefMod","Colored Map","Colored Powertips","Custom Start","Downfall","Googly Eyes","Hermit","Highlight Path","Minty Spire (QoL Compilation)","Relic Stats","StSLib","SuperFastMode","The Alterego","The Cursed","The Hayseed","The Hierophant","The Runesmith"],"gold_per_floor":[99,119,133,147,165,217,243,253,287,287,19,31,31,58,72,72,72,72],"floor_reached":16,"language":"ENG","playtime":2517,"items_purged":[],"score":114,"play_id":"d38ea90f-e8f1-4e8f-a2d4-4c8f886066ed","local_time":"20210131142751","is_ascension_mode":false,"campfire_choices":[{"data":"Guardian:TwinSlam","floor":1,"key":"SMITH"},{"floor":13,"key":"REST"}],"circlet_count":0,"master_deck":["Guardian:Strike_Guardian","Guardian:Strike_Guardian","Guardian:Strike_Guardian","Guardian:Strike_Guardian","Guardian:Defend_Guardian","Guardian:Defend_Guardian","Guardian:Defend_Guardian","Guardian:Defend_Guardian","Guardian:CurlUp","Guardian:TwinSlam+1","Guardian:FloatingOrbs","Guardian:BronzeOrb","Guardian:Suspension","Guardian:ExploitGems","Guardian:DecasProtection","Guardian:Gem_Crimson","Guardian:BodySlam"],"relics":["Guardian:ModeShifter","Tiny Chest","Orichalcum","Bag of Preparation","MealTicket","Omamori","Bottled Lightning","The Courier"],"acts_visited":["Exordium"],"potions_floor_usage":[9,15],"damage_taken":[{"damage":0,"enemies":"Cultist","floor":2,"turns":4},{"damage":6,"enemies":"Jaw Worm","floor":3,"turns":4},{"damage":5,"enemies":"Small Slimes","floor":4,"turns":4},{"damage":2,"enemies":"3 Louse","floor":5,"turns":4},{"damage":0,"enemies":"Large Slime","floor":8,"turns":5},{"damage":20,"enemies":"3 Sentries","floor":9,"turns":14},{"damage":4,"enemies":"downfall:FleeingMerchant","floor":11,"turns":4},{"damage":12,"enemies":"Exordium Thugs","floor":12,"turns":4},{"damage":16,"enemies":"Gremlin Nob","floor":14,"turns":5},{"damage":7,"enemies":"2 Fungi Beasts","floor":15,"turns":4},{"damage":22,"enemies":"SI_SHIV_ARCHETYPE","floor":16,"turns":5}],"seed_played":"7674025618310278465","potions_obtained":[{"floor":3,"key":"sneckomod:MuddlingPotion"},{"floor":5,"key":"GamblersBrew"},{"floor":8,"key":"sneckomod:MuddlingPotion"},{"floor":12,"key":"Slimebound:ThreeZeroPotion"}],"is_trial":false,"path_per_floor":["R","M","M","M","M","T","T","M","E","?","$","M","R","E","M","B"],"character_chosen":"GUARDIAN","items_purchased":["Bottled Lightning"],"campfire_rested":1,"item_purchase_floors":[11],"current_hp_per_floor":[88,88,82,77,75,75,75,75,55,18,29,17,43,27,20,0,0,0],"gold":72,"neow_bonus":"TEN_PERCENT_HP_BONUS","is_daily":false,"chose_seed":false,"campfire_upgraded":1,"win_rate":0.0,"timestamp":1612121271,"path_taken":["R","M","M","M","?","?","T","M","E","?","$","M","R","E","M","BOSS"],"items_purchased_type":["Relic"],"build_version":"2020-12-22","purchased_purges":0,"victory":false,"max_hp_per_floor":[88,88,88,88,88,88,88,88,88,88,88,88,88,88,88,88,88,88],"relic_stats":{"counters":[11,57],"Tiny Chest":0,"MealTicket":15,"Bag of Preparation":[10],"Orichalcum":[18],"obtain_stats":[{"Guardian:ModeShifter":0,"Tiny Chest":6,"MealTicket":10,"The Courier":14,"Bag of Preparation":9,"Omamori":10,"Bottled Lightning":11,"Orichalcum":7},{"Guardian:ModeShifter":0,"Tiny Chest":4,"MealTicket":6,"The Courier":9,"Bag of Preparation":6,"Omamori":6,"Bottled Lightning":7,"Orichalcum":4},{"Guardian:ModeShifter":0,"Tiny Chest":16,"MealTicket":35,"The Courier":48,"Bag of Preparation":35,"Omamori":35,"Bottled Lightning":39,"Orichalcum":16}]},"card_choices":[{"not_picked":["Guardian:Reroute","Guardian:Gem_Cyan"],"picked":"Guardian:FloatingOrbs","floor":2},{"not_picked":["Guardian:ShieldCharger","Guardian:Clone"],"picked":"Guardian:BronzeOrb","floor":3},{"not_picked":["Guardian:RollAttack","Guardian:CrystalBeam"],"picked":"Guardian:Suspension","floor":4},{"not_picked":["Guardian:Gem_Red","Guardian:ChargeCore"],"picked":"Guardian:ExploitGems","floor":5},{"not_picked":["Guardian:RollAttack","Guardian:PiercingHide"],"picked":"Guardian:Gem_Lightblue","floor":8},{"not_picked":["Guardian:Suspension","Guardian:EvasiveProtocol"],"picked":"Guardian:DecasProtection","floor":9},{"not_picked":["Guardian:VentSteam","Guardian:Reroute"],"picked":"Guardian:Gem_Yellow","floor":11},{"not_picked":["Guardian:CrystalBeam","Guardian:Gem_Purple","Guardian:Gem_Green"],"picked":"SKIP","floor":12},{"not_picked":["Guardian:WalkerClaw","Guardian:Suspension"],"picked":"Guardian:Gem_Crimson","floor":14},{"not_picked":["Guardian:PiercingHide","Guardian:Preprogram"],"picked":"Guardian:BodySlam","floor":15}],"player_experience":389710,"relics_obtained":[{"floor":6,"key":"Tiny Chest"},{"floor":7,"key":"Orichalcum"},{"floor":9,"key":"Bag of Preparation"},{"floor":14,"key":"The Courier"}],"event_choices":[{"damage_healed":0,"gold_gain":0,"player_choice":"RE RE ","damage_taken":41,"relics_obtained":["MealTicket","Omamori"],"max_hp_gain":0,"max_hp_loss":0,"event_name":"betterSkull:BetterSkull","floor":10,"gold_loss":0,"cards_upgraded":[]}],"is_beta":false,"boss_relics":[],"items_purged_floors":[],"is_endless":false,"potions_floor_spawned":[3,5,8,12,14],"killed_by":"SI_SHIV_ARCHETYPE","ascension_level":0}}