{"host":"6rz02yiipefhcw4r","time":1612058144,"event":{"mods":["2.2 Compatiblity","BaseMod","Block Reminder","Colored Map","Curses Come First","DeckTracker","Googly Eyes","Minty Spire (QoL Compilation)","Quick Restart","Rare Cards Sparkle","StSLib"],"gold_per_floor":[117,117,127,127,154,154,154,154,178,194,214,246,83,114,114,188,188,206,224,224,57,80,80,112,112,183,215,228,248,248,348,348,348,348],"floor_reached":33,"language":"ENG","playtime":1063,"items_purged":[],"score":582,"play_id":"50712644-5b8e-4038-bc9b-a6ad14c095b2","local_time":"20210130235544","is_ascension_mode":true,"campfire_choices":[{"data":"Shockwave","floor":6,"key":"SMITH"},{"data":"Bash","floor":8,"key":"SMITH"},{"data":"Demon Form","floor":15,"key":"SMITH"},{"data":"Limit Break","floor":23,"key":"SMITH"},{"data":"Flame Barrier","floor":25,"key":"SMITH"},{"floor":32,"key":"REST"}],"circlet_count":0,"master_deck":["AscendersBane","Strike_R","Strike_R","Strike_R","Strike_R","Strike_R","Defend_R","Defend_R","Defend_R","Defend_R","Bash+1","Shockwave+1","Wild Strike","Flame Barrier+1","Demon Form+1","Headbutt","Evolve","Fiend Fire","Clothesline","Limit Break+1","True Grit","Impervious","Whirlwind"],"relics":["Burning Blood","NeowsBlessing","Art of War","Juzu Bracelet","Nunchaku","Lantern","Bronze Scales","Omamori","Snecko Eye","Toy Ornithopter","Tiny Chest","Bottled Tornado","Happy Flower","White Beast Statue","Bird Faced Urn","Matryoshka"],"acts_visited":["Exordium","TheCity"],"potions_floor_usage":[11,12,24,31,33,33],"damage_taken":[{"damage":0,"enemies":"Small Slimes","floor":1,"turns":1},{"damage":0,"enemies":"Cultist","floor":3,"turns":1},{"damage":0,"enemies":"2 Louse","floor":10,"turns":1},{"damage":5,"enemies":"Blue Slaver","floor":11,"turns":4},{"damage":18,"enemies":"Lagavulin","floor":12,"turns":6},{"damage":8,"enemies":"Gremlin Nob","floor":14,"turns":3},{"damage":23,"enemies":"Slime Boss","floor":16,"turns":7},{"damage":17,"enemies":"Shell Parasite","floor":18,"turns":3},{"damage":12,"enemies":"3 Byrds","floor":19,"turns":3},{"damage":16,"enemies":"Gremlin Leader","floor":24,"turns":5},{"damage":26,"enemies":"Book of Stabbing","floor":27,"turns":4},{"damage":7,"enemies":"3 Cultists","floor":28,"turns":4},{"damage":11,"enemies":"Snecko","floor":29,"turns":4},{"damage":17,"enemies":"Colosseum Slavers","floor":31,"turns":4},{"damage":0,"enemies":"Colosseum Nobs","floor":31,"turns":3},{"damage":89,"enemies":"Automaton","floor":33,"turns":6}],"seed_played":"-1820131893122646337","potions_obtained":[{"floor":1,"key":"SteroidPotion"},{"floor":2,"key":"Fruit Juice"},{"floor":11,"key":"Fire Potion"},{"floor":14,"key":"Strength Potion"},{"floor":18,"key":"PowerPotion"},{"floor":27,"key":"BlessingOfTheForge"},{"floor":31,"key":"Explosive Potion"}],"is_trial":false,"path_per_floor":["M","?","M","?","T","R","?","R","T","M","M","E","$","E","R","B",null,"M","M","?","$","T","R","E","R","T","E","M","M","?","?","R","B"],"character_chosen":"IRONCLAD","items_purchased":["Bronze Scales","Limit Break"],"campfire_rested":1,"item_purchase_floors":[13,21],"current_hp_per_floor":[74,74,75,75,75,75,64,64,64,70,76,64,64,62,62,45,71,60,54,54,54,54,54,49,49,49,29,28,23,23,23,47,0,0],"gold":348,"neow_bonus":"THREE_ENEMY_KILL","is_daily":false,"chose_seed":false,"campfire_upgraded":5,"win_rate":0.0,"timestamp":1612058144,"path_taken":["M","?","?","?","?","R","?","R","T","M","M","E","$","E","R","BOSS","M","M","?","?","?","R","E","R","T","E","M","M","?","?","R","BOSS"],"items_purchased_type":["Relic","Card"],"build_version":"2020-12-22","purchased_purges":0,"victory":false,"max_hp_per_floor":[75,75,75,75,75,75,75,75,75,75,80,80,80,80,80,80,80,80,80,80,80,80,80,80,80,80,80,80,80,80,80,80,80,80],"card_choices":[{"not_picked":["Entrench","Heavy Blade"],"picked":"Shockwave","floor":1},{"not_picked":["Seeing Red","Body Slam"],"picked":"Wild Strike","floor":3},{"not_picked":["Headbutt","Anger"],"picked":"Flame Barrier","floor":10},{"not_picked":["Inflame","Fire Breathing"],"picked":"Demon Form","floor":11},{"not_picked":["Carnage","Clash"],"picked":"Headbutt","floor":12},{"not_picked":["Flex","Sentinel"],"picked":"Evolve","floor":14},{"not_picked":["Demon Form","Berserk"],"picked":"Fiend Fire","floor":16},{"not_picked":["Clash","Shrug It Off"],"picked":"Clothesline","floor":18},{"not_picked":["Thunderclap","Searing Blow","Body Slam"],"picked":"SKIP","floor":19},{"not_picked":["Armaments","Clash+1"],"picked":"True Grit","floor":24},{"not_picked":["Battle Trance","Inflame","Pommel Strike"],"picked":"SKIP","floor":27},{"not_picked":["Havoc","Clash","Inflame"],"picked":"SKIP","floor":28},{"not_picked":["Clash","Clothesline"],"picked":"Impervious","floor":29},{"not_picked":["Body Slam","Dark Embrace+1"],"picked":"Whirlwind","floor":31}],"player_experience":765572,"relics_obtained":[{"floor":5,"key":"Art of War"},{"floor":9,"key":"Nunchaku"},{"floor":12,"key":"Lantern"},{"floor":14,"key":"Omamori"},{"floor":22,"key":"Toy Ornithopter"},{"floor":24,"key":"Tiny Chest"},{"floor":26,"key":"Bottled Tornado"},{"floor":27,"key":"Happy Flower"},{"floor":31,"key":"Bird Faced Urn"},{"floor":31,"key":"Matryoshka"}],"event_choices":[{"damage_healed":0,"gold_gain":0,"player_choice":"Got Potions","damage_taken":0,"max_hp_gain":0,"max_hp_loss":0,"event_name":"Lab","floor":2,"gold_loss":0},{"damage_healed":0,"gold_gain":0,"player_choice":"Leave","damage_taken":0,"max_hp_gain":0,"max_hp_loss":0,"event_name":"The Cleric","floor":4,"gold_loss":0},{"damage_healed":0,"gold_gain":0,"player_choice":"Success","damage_taken":11,"relics_obtained":["Juzu Bracelet"],"max_hp_gain":0,"max_hp_loss":0,"event_name":"Scrap Ooze","floor":7,"gold_loss":0},{"damage_healed":0,"gold_gain":0,"player_choice":"0 cards matched","damage_taken":0,"max_hp_gain":0,"max_hp_loss":0,"event_name":"Match and Keep!","floor":20,"gold_loss":0,"cards_obtained":[]},{"damage_healed":0,"gold_gain":0,"player_choice":"Opened","damage_taken":0,"relics_obtained":["White Beast Statue"],"max_hp_gain":0,"max_hp_loss":0,"event_name":"The Mausoleum","floor":30,"gold_loss":0,"cards_obtained":["Writhe"]},{"damage_healed":0,"gold_gain":0,"player_choice":"Fight","damage_taken":0,"max_hp_gain":0,"max_hp_loss":0,"event_name":"Colosseum","floor":31,"gold_loss":0},{"damage_healed":0,"gold_gain":0,"player_choice":"Fought Nobs","damage_taken":0,"max_hp_gain":0,"max_hp_loss":0,"event_name":"Colosseum","floor":31,"gold_loss":0}],"is_beta":false,"boss_relics":[{"not_picked":["Runic Cube","Astrolabe"],"picked":"Snecko Eye"}],"items_purged_floors":[],"is_endless":false,"potions_floor_spawned":[1,11,14,18,27,29,31,31],"killed_by":"Automaton","ascension_level":20}}