{"host":"coim2kcsdwzna1mk","time":1612076088,"event":{"mods":["100% Spire Juice","2.2 Compatiblity","AchievementEnabler","Act Like it!","AlwaysNeverKeys","Ascension Reborn","Aspiration","BaseMod","Beaked The Cultist","Bestiary","Better Match","Better Note","Better Skull","Better Third Choice","BetterRewards","Colored Map","Colored Powertips","Colorless Booster Pack","Conspire","Downfall","Ekko","Gensokyo","GifTheSpireLib","Gremlin Mod","GungeonMod","Halation","Hallownest","HexUI Lib","Highlight Path","Hubris","Hyrulean Relics","Infinite Spire","Ironclad Rager","Jorbs\u0027s Wanderer Trilogy","Menagerie","Minty Spire (QoL Compilation)","Pale of the Ancients","Quarter Circle Forward PUNCH!","RatMod","Reliquary","Replay The Spire","Retaliation","Robot Space Explorer","Shade Mod","Shop Mod","Spicy Shops","Spikes Relics","Spire Arcade","StSLib","Strawberry Spire","Stuff the Spire","SuperFastMode","The Animator","The Dragon Tamer","The Edgeheg","The Jungle","TheHero","TheVelvet","Wandering Minibosses","yUi"],"gold_per_floor":[18,36,47,47,66,66,101,136,162,195,195,49,76,93,93,196,196,210,225,7,22,22,22,22,22,101,101,101,114,132,146,146,246,246,258,258,258,276,201,201,56,56,56,56,75,75,75,110,110,110,110],"floor_reached":50,"language":"ENG","playtime":1211,"items_purged":["Clumsy"],"score":565,"play_id":"8220e0c6-5ae2-4834-bada-3fcb165aa5e0","local_time":"20210131015448","is_ascension_mode":true,"campfire_choices":[{"data":"Dodge and Roll","floor":6,"key":"SMITH"},{"floor":15,"key":"REST"},{"data":"Catalyst","floor":23,"key":"SMITH"},{"data":"conspire:PoisonWeapons","floor":25,"key":"SMITH"},{"data":"Poisoned Stab","floor":27,"key":"SMITH"},{"data":"Poisoned Stab","floor":32,"key":"SMITH"},{"data":"StuffTheSpire:BrimstoneBlast","floor":40,"key":"SMITH"},{"data":"Poisoned Stab","floor":42,"key":"SMITH"},{"data":"Poisoned Stab","floor":47,"key":"SMITH"},{"data":"Corpse Explosion","floor":49,"key":"SMITH"}],"circlet_count":0,"master_deck":["Survivor","Neutralize","Poisoned Stab+1","Poisoned Stab+1","Poisoned Stab+1","Poisoned Stab+1","Poisoned Stab+1","Dodge and Roll","Dodge and Roll","Dodge and Roll","Dodge and Roll+1","Dodge and Roll","strawberrySpire:Swampstar","conspire:PoisonWeapons+1","StuffTheSpire:BrimstoneBlast+1","Catalyst+1","Spreading Infection","Corpse Explosion+1"],"relics":["Ring of the Snake","Vajra","reliquary:RadioactivePellet","aspiration:EmptySkull","qcfpunch:Unceasing_Flame","reliquary:BrokenClock","hubris:TenFootPole","hubris:RunicObelisk","halation:Jellyphish","hubris:SphereOfDissonance","halation:KoshaPiece","SacredBark","ReplayTheSpireMod:Ring of Addiction","White Beast Statue","Potion Belt","rat:PhantomDancer","DemoMod:OrangeGuonStone","hubris:Icosahedron","reliquary:JackalopeAntler","DemoMod:MonsterBlood"],"acts_visited":["Exordium","Exordium","TheBeyond"],"potions_floor_usage":[7,13,45,48,50],"damage_taken":[{"damage":9,"enemies":"infinitespire:Voidling","floor":1,"turns":3},{"damage":4,"enemies":"Small Slimes","floor":2,"turns":2},{"damage":0,"enemies":"Jaw Worm","floor":3,"turns":3},{"damage":0,"enemies":"Exordium Wildlife","floor":5,"turns":3},{"damage":8,"enemies":"conspire:MimicChest","floor":7,"turns":6},{"damage":7,"enemies":"Replay:BlueRogue","floor":8,"turns":4},{"damage":11,"enemies":"strawberrySpire:EnergyPylons","floor":10,"turns":5},{"damage":9,"enemies":"Lagavulin","floor":13,"turns":3},{"damage":0,"enemies":"Looter","floor":14,"turns":2},{"damage":24,"enemies":"Fading Forest","floor":16,"turns":11},{"damage":4,"enemies":"theJungle:GiantWrat","floor":18,"turns":3},{"damage":0,"enemies":"theJungle:Flameango_and_Byrd","floor":19,"turns":3},{"damage":0,"enemies":"theJungle:Lyon","floor":21,"turns":3},{"damage":0,"enemies":"theJungle:2_Flameangoes","floor":29,"turns":3},{"damage":0,"enemies":"theJungle:Snecko_Cultist_And_Trap","floor":30,"turns":5},{"damage":6,"enemies":"theJungle:2_Snecko_Cultists","floor":31,"turns":3},{"damage":10,"enemies":"theJungle:FunGuy","floor":33,"turns":4},{"damage":0,"enemies":"3 Shapes","floor":35,"turns":3},{"damage":1,"enemies":"Orb Walker","floor":38,"turns":2},{"damage":0,"enemies":"Maw","floor":45,"turns":2},{"damage":4,"enemies":"Nemesis","floor":48,"turns":2},{"damage":82,"enemies":"conspire:OrnateMirror","floor":50,"turns":2}],"seed_played":"2423203178031372079","potions_obtained":[{"floor":5,"key":"Elixir"},{"floor":10,"key":"Weak Potion"},{"floor":11,"key":"Poison Potion"},{"floor":11,"key":"DDmod:CleansePotion"},{"floor":14,"key":"hexamod:SoulburnPotion"},{"floor":36,"key":"DuplicationPotion"},{"floor":36,"key":"Poison Potion"},{"floor":45,"key":"Languid Potion"},{"floor":48,"key":"sneckomod:MuddlingPotion"}],"is_trial":false,"path_per_floor":["M","M","M","?","M","R","?","E","T","E","?","$","E","M","R","B",null,"M","M","$","M","$","R","?","R","T","R","AVR","M","M","M","R","B",null,"M","?","?","M","?","R","$","R","T","AVR","M","?","R","E","R","B"],"character_chosen":"THE_SILENT","items_purchased":["reliquary:BrokenClock","halation:Jellyphish","rat:PhantomDancer"],"campfire_rested":1,"item_purchase_floors":[12,20,41],"current_hp_per_floor":[40,36,36,51,51,51,43,36,36,25,25,25,16,16,34,20,63,59,59,59,59,59,59,59,59,59,59,59,59,59,53,53,43,63,63,63,63,62,62,61,61,61,59,59,59,59,59,55,55,0,0],"gold":110,"neow_bonus":"SILENT_ASSASSIN","is_daily":false,"chose_seed":false,"campfire_upgraded":9,"win_rate":0.0,"timestamp":1612076088,"path_taken":["M","?","M","?","M","R","?","E","T","E","?","$","E","M","R","BOSS","M","?","$","M","$","R","?","R","T","R","AVR","M","M","M","R","BOSS","M","?","?","?","?","R","$","R","T","AVR","M","?","R","E","R","BOSS"],"items_purchased_type":["Relic","Relic","Relic"],"build_version":"2020-12-22","purchased_purges":1,"victory":false,"max_hp_per_floor":[63,63,63,63,63,63,63,63,63,63,63,63,63,63,63,63,63,63,63,63,63,63,63,63,63,63,63,63,63,63,63,63,63,63,63,63,63,63,63,61,61,61,59,59,59,59,59,59,59,66,66],"card_choices":[{"not_picked":["rat:RuptureArtery","rat:Garrote"],"picked":"strawberrySpire:Swampstar","floor":1},{"not_picked":["Hidden Blade","hubris:Sniper","Poisoned Stab"],"picked":"SKIP","floor":2},{"not_picked":["rat:Sprint","Acrobatics","hubris:SlightOfHand"],"picked":"SKIP","floor":3},{"not_picked":["Dagger Throw","strawberrySpire:Momentum","StuffTheSpire:Incursion"],"picked":"SKIP","floor":5},{"not_picked":["Pace","strawberrySpire:Marathoner"],"picked":"conspire:PoisonWeapons","floor":8},{"not_picked":["Bouncing Flask","strawberrySpire:DeltaFlow","Flying Knee"],"picked":"SKIP","floor":10},{"not_picked":["Die Die Die","rat:Garrote","Riddle With Holes"],"picked":"SKIP","floor":13},{"not_picked":["Blade Dance","rat:SilverDagger"],"picked":"StuffTheSpire:BrimstoneBlast","floor":14},{"not_picked":["Distraction","Outmaneuver+1","Hidden Blade"],"picked":"SKIP","floor":18},{"not_picked":["rat:Exsanguinate","rat:ArgentInfusion","Heel Hook"],"picked":"SKIP","floor":19},{"not_picked":["strawberrySpire:Rummage+1","StuffTheSpire:Python+1"],"picked":"Catalyst","floor":21},{"not_picked":["Outmaneuver","rat:SilveredBlade","Quick Slash"],"picked":"SKIP","floor":29},{"not_picked":["Cloak And Dagger","rat:Sprint","hubris:SlightOfHand"],"picked":"SKIP","floor":30},{"not_picked":["Expertise+1","rat:EchoingStrikes+1","Sucker Punch+1"],"picked":"SKIP","floor":31},{"not_picked":["Bane+1","StuffTheSpire:Python","ICR:Vanish+1"],"picked":"SKIP","floor":35},{"not_picked":["Accuracy+1","Dodge and Roll","Deadly Poison"],"picked":"SKIP","floor":38},{"not_picked":["Acrobatics","ReplayTheSpireMod:The Works+1"],"picked":"Corpse Explosion","floor":45},{"not_picked":["Unload","Slice","hubris:TrickCloak+1"],"picked":"SKIP","floor":48}],"player_experience":143571,"relics_obtained":[{"floor":7,"key":"Vajra"},{"floor":8,"key":"reliquary:RadioactivePellet"},{"floor":9,"key":"aspiration:EmptySkull"},{"floor":10,"key":"qcfpunch:Unceasing_Flame"},{"floor":13,"key":"hubris:TenFootPole"},{"floor":26,"key":"hubris:SphereOfDissonance"},{"floor":36,"key":"ReplayTheSpireMod:Ring of Addiction"},{"floor":36,"key":"White Beast Statue"},{"floor":36,"key":"Potion Belt"},{"floor":43,"key":"DemoMod:OrangeGuonStone"},{"floor":48,"key":"reliquary:JackalopeAntler"}],"event_choices":[{"damage_healed":0,"gold_gain":0,"player_choice":"Got Potions","damage_taken":0,"max_hp_gain":0,"max_hp_loss":0,"event_name":"Lab","floor":11,"gold_loss":0},{"damage_healed":0,"gold_gain":0,"player_choice":"Ignored","damage_taken":0,"max_hp_gain":0,"max_hp_loss":0,"event_name":"betterNote:BetterNote","floor":24,"gold_loss":0,"cards_obtained":["Shade:Strike_Shade"]},{"damage_healed":0,"gold_gain":0,"player_choice":"Forge","damage_taken":0,"max_hp_gain":0,"max_hp_loss":0,"event_name":"Accursed Blacksmith","floor":37,"gold_loss":0,"cards_upgraded":["Poisoned Stab"]},{"damage_healed":0,"gold_gain":0,"player_choice":"3","damage_taken":0,"max_hp_gain":0,"max_hp_loss":0,"event_name":"betterMatch:BetterMatch","floor":39,"gold_loss":0,"cards_obtained":[]}],"is_beta":false,"boss_relics":[{"not_picked":["hubris:Backtick","conspire:RunicOctahedron"],"picked":"hubris:RunicObelisk"},{"not_picked":["halation:CatFaceCupcake","SlaversCollar"],"picked":"SacredBark"}],"items_purged_floors":[20],"is_endless":false,"potions_floor_spawned":[5,10,14,18,19,29,38,45,48],"killed_by":"conspire:OrnateMirror","ascension_level":1}}