{"host":"sy0sbf0rsk5t5kf4","time":1612078764,"event":{"mods":["BaseMod","Downfall","Minty Spire (QoL Compilation)","StSLib"],"gold_per_floor":[99,109,109,19,39,68,94,94,123,138,3,32,43,58,71,173,173,173,189,200,211,211,229,229,259,72,91,2,2,2,2],"floor_reached":29,"language":"ZHS","playtime":1918,"items_purged":["Pain"],"score":305,"play_id":"e38d16b7-16c9-4ed9-8ed9-3e8e7eb7503f","local_time":"20210131153924","is_ascension_mode":true,"campfire_choices":[{"data":"Slimebound:Split","floor":1,"key":"SMITH"},{"data":"Slimebound:LevelUp","floor":8,"key":"SMITH"},{"data":"expansioncontent:AwakenDeath","floor":18,"key":"SMITH"}],"circlet_count":0,"master_deck":["Slimebound:Strike_Slimebound","Slimebound:Strike_Slimebound","Slimebound:Strike_Slimebound","Slimebound:Defend_Slimebound","Slimebound:Defend_Slimebound","Slimebound:Defend_Slimebound","Slimebound:Split+1","Slimebound:SplitAcid","Slimebound:MinionMaster","Slimebound:SplitLeeching","Slimebound:LevelUp+1","Slimebound:SplitSpecialist","Slimebound:SplitMire","Slimebound:SplitMire","expansioncontent:AwakenDeath+1","Slimebound:SplitMire","Slimebound:MassFeed","Slimebound:Repurpose","Slimebound:ProtectTheBoss","Slimebound:SplitLeeching","Slimebound:RallyTheTroops","CurseOfTheBell","Slimebound:LeadByExample","Slimebound:ForwardTackle","Slimebound:SplitMire","Slimebound:MassFeed","Slimebound:ForwardTackle+1","Slimebound:LevelUp","expansioncontent:DashGenerateEvil+1","Slimebound:Replication","Slimebound:ServeAndProtect+1","Slimebound:Repurpose"],"relics":["Velvet Choker","Kunai","Nunchaku","Matryoshka","Blood Vial","Calling Bell","Orichalcum","Gremlin Horn","Prayer Wheel","Molten Egg 2","Potion Belt","Art of War","Dream Catcher","MealTicket"],"acts_visited":["Exordium","TheCity"],"potions_floor_usage":[12,13,16,16,25,29],"damage_taken":[{"damage":3,"enemies":"2 Louse","floor":2,"turns":1},{"damage":8,"enemies":"downfall:FleeingMerchant","floor":4,"turns":4},{"damage":0,"enemies":"Cultist","floor":5,"turns":3},{"damage":4,"enemies":"Lagavulin","floor":6,"turns":8},{"damage":16,"enemies":"3 Sentries","floor":9,"turns":4},{"damage":2,"enemies":"Jaw Worm","floor":10,"turns":3},{"damage":8,"enemies":"downfall:FleeingMerchant","floor":11,"turns":4},{"damage":7,"enemies":"Gremlin Nob","floor":12,"turns":3},{"damage":7,"enemies":"Large Slime","floor":13,"turns":4},{"damage":25,"enemies":"Gremlin Gang","floor":14,"turns":3},{"damage":16,"enemies":"Exordium Wildlife","floor":15,"turns":4},{"damage":22,"enemies":"SI_SHIV_ARCHETYPE","floor":16,"turns":9},{"damage":0,"enemies":"Spheric Guardian","floor":19,"turns":3},{"damage":1,"enemies":"Shell Parasite","floor":20,"turns":4},{"damage":12,"enemies":"Chosen and Byrds","floor":21,"turns":5},{"damage":31,"enemies":"Snake Plant","floor":23,"turns":3},{"damage":41,"enemies":"Slavers","floor":25,"turns":4},{"damage":17,"enemies":"downfall:FleeingMerchant","floor":26,"turns":4},{"damage":16,"enemies":"Snecko","floor":27,"turns":5},{"damage":10,"enemies":"downfall:FleeingMerchant","floor":28,"turns":4},{"damage":18,"enemies":"Gremlin Leader","floor":29,"turns":2}],"seed_played":"7755098286725541419","potions_obtained":[{"floor":2,"key":"SkillPotion"},{"floor":9,"key":"DuplicationPotion"},{"floor":10,"key":"Dexterity Potion"},{"floor":12,"key":"Weak Potion"},{"floor":15,"key":"Dexterity Potion"},{"floor":23,"key":"DistilledChaos"},{"floor":27,"key":"LiquidBronze"}],"is_trial":false,"path_per_floor":["R","M","?","$","M","E","T","R","E","M","$","E","M","M","M","B",null,"R","M","M","M","T","M","T","E","$","M","$","E"],"character_chosen":"SLIMEBOUND","items_purchased":["expansioncontent:AwakenDeath","Slimebound:SplitMire","expansioncontent:DashGenerateEvil","Slimebound:Repurpose"],"campfire_rested":0,"item_purchase_floors":[11,11,26,28],"current_hp_per_floor":[65,62,62,54,54,50,50,50,34,32,24,17,12,16,2,10,68,68,68,67,56,56,27,27,20,20,6,13,0,0,0],"gold":2,"neow_bonus":"BOSS_RELIC","is_daily":false,"chose_seed":false,"campfire_upgraded":3,"win_rate":0.0,"timestamp":1612078764,"path_taken":["R","M","?","$","?","E","T","R","E","M","?","E","M","M","M","BOSS","R","M","M","M","?","M","T","E","$","M","?","E"],"items_purchased_type":["Card","Card","Card","Card"],"build_version":"2020-12-22","purchased_purges":1,"victory":false,"max_hp_per_floor":[65,65,65,65,65,65,65,65,65,65,65,65,65,65,65,68,68,68,68,68,68,68,68,68,68,68,68,68,68,68,68],"card_choices":[{"not_picked":["Slimebound:Chomp","Slimebound:HauntingLick"],"picked":"Slimebound:SplitAcid","floor":2},{"not_picked":["Slimebound:FinishingTackle","Slimebound:AcidTongue"],"picked":"Slimebound:MinionMaster","floor":4},{"not_picked":["Slimebound:Nibble","Slimebound:LeechEnergy"],"picked":"Slimebound:SplitLeeching","floor":5},{"not_picked":["Slimebound:ProtectTheBoss","Slimebound:Prepare"],"picked":"Slimebound:LevelUp","floor":6},{"not_picked":["Slimebound:FlameTackle","Slimebound:GoopSpray"],"picked":"Slimebound:SplitSpecialist","floor":9},{"not_picked":["Slimebound:LeechingTouch","Slimebound:GoopTackle"],"picked":"Slimebound:SplitMire","floor":10},{"not_picked":["Slimebound:ItLooksTasty","Slimebound:GrowthPunch"],"picked":"Slimebound:SplitMire","floor":11},{"not_picked":["Slimebound:GrowthPunch","Slimebound:WasteNot"],"picked":"Slimebound:MassFeed","floor":12},{"not_picked":["Slimebound:HauntingLick","Slimebound:Replication"],"picked":"Slimebound:Repurpose","floor":13},{"not_picked":["Slimebound:SlimeTap","Slimebound:GoopSpray"],"picked":"Slimebound:ProtectTheBoss","floor":14},{"not_picked":["Slimebound:Dissolve","Slimebound:GoopSpray"],"picked":"Slimebound:SplitLeeching","floor":15},{"not_picked":["Slimebound:MassFeed","Slimebound:Recycling"],"picked":"Slimebound:RallyTheTroops","floor":16},{"not_picked":["Slimebound:SamplingLick","Slimebound:ComboTackle"],"picked":"Slimebound:LeadByExample","floor":19},{"not_picked":["Slimebound:RollThrough+1","Slimebound:ItLooksTasty","Slimebound:LeechEnergy+1"],"picked":"SKIP","floor":19},{"not_picked":["Slimebound:SlimeBrawl","Slimebound:MegaLick+1"],"picked":"Slimebound:ForwardTackle","floor":20},{"not_picked":["Slimebound:GoopTackle","Slimebound:SlimeSpikes"],"picked":"Slimebound:SplitMire","floor":20},{"not_picked":["Slimebound:RollThrough","Slimebound:Dissolve"],"picked":"Slimebound:MassFeed","floor":21},{"not_picked":["Slimebound:RejuvenatingLick+1","Slimebound:ItLooksTasty","Slimebound:SlimeSpikes"],"picked":"SKIP","floor":21},{"not_picked":["Slimebound:ItLooksTasty+1","Slimebound:GoopTackle+1"],"picked":"Slimebound:ForwardTackle+1","floor":23},{"not_picked":["Slimebound:LivingWall","Slimebound:LeechingTouch+1","Slimebound:Dissolve"],"picked":"SKIP","floor":23},{"not_picked":["Slimebound:HauntingLick","Slimebound:MegaLick","Slimebound:Grow"],"picked":"SKIP","floor":25},{"not_picked":["Slimebound:DivideAndConquer+1","Slimebound:ProtectTheBoss"],"picked":"Slimebound:LevelUp","floor":26},{"not_picked":["Slimebound:ComboTackle+1","Slimebound:ItLooksTasty+1"],"picked":"Slimebound:Replication","floor":27},{"not_picked":["Slimebound:RollThrough+1","Slimebound:LivingWall","Slimebound:FinishingTackle+1"],"picked":"SKIP","floor":27},{"not_picked":["Slimebound:BestDefense+1","Slimebound:SplitMire"],"picked":"Slimebound:ServeAndProtect+1","floor":28}],"player_experience":185880,"relics_obtained":[{"floor":6,"key":"Kunai"},{"floor":7,"key":"Nunchaku"},{"floor":9,"key":"Matryoshka"},{"floor":12,"key":"Blood Vial"},{"floor":17,"key":"Orichalcum"},{"floor":17,"key":"Gremlin Horn"},{"floor":17,"key":"Prayer Wheel"},{"floor":22,"key":"Molten Egg 2"},{"floor":22,"key":"Potion Belt"},{"floor":24,"key":"Art of War"},{"floor":24,"key":"Dream Catcher"},{"floor":25,"key":"MealTicket"}],"event_choices":[],"is_beta":false,"boss_relics":[{"not_picked":["Tiny House","Slimebound:TarBlob"],"picked":"Calling Bell"}],"items_purged_floors":[4],"is_endless":false,"potions_floor_spawned":[2,9,10,12,15,23,27],"killed_by":"Gremlin Leader","ascension_level":1}}