{"host":"uv231blk40vjdojr","time":1612098495,"event":{"mods":["BaseMod","Bestiary","Minty Spire (QoL Compilation)","Relic Stats"],"gold_per_floor":[15,15,35,58,76,109,109,109,109],"floor_reached":8,"language":"ENG","playtime":334,"items_purged":[],"score":116,"play_id":"5d50d043-12f7-49ed-93fb-93b684772e49","local_time":"20210131140815","is_ascension_mode":true,"campfire_choices":[{"data":"Secret Weapon","floor":7,"key":"SMITH"}],"circlet_count":0,"master_deck":["AscendersBane","Strike_P","Strike_P","Strike_P","Strike_P","Defend_P","Defend_P","Defend_P","Defend_P","Eruption","Vigilance","Secret Weapon+1","FollowUp","Adaptation","Consecrate","BattleHymn","Meditate"],"relics":["PureWater","Golden Idol","Torii"],"acts_visited":["Exordium"],"potions_floor_usage":[6,6],"damage_taken":[{"damage":2.0,"enemies":"Jaw Worm","floor":1.0,"turns":4.0},{"damage":8.0,"enemies":"2 Louse","floor":3.0,"turns":3.0},{"damage":20.0,"enemies":"Small Slimes","floor":4.0,"turns":3.0},{"damage":1,"enemies":"Looter","floor":5,"turns":2},{"damage":3,"enemies":"Gremlin Nob","floor":6,"turns":3},{"damage":27,"enemies":"3 Sentries","floor":8,"turns":3}],"seed_played":"-8650627881174454814","potions_obtained":[{"floor":1.0,"key":"Strength Potion"},{"floor":4.0,"key":"Ambrosia"}],"is_trial":false,"path_per_floor":["M","?","M","M","M","E","R","E"],"character_chosen":"WATCHER","items_purchased":[],"campfire_rested":0,"item_purchase_floors":[],"current_hp_per_floor":[59,59,51,31,30,27,27,0,0],"gold":109,"neow_bonus":"RANDOM_COLORLESS_2","is_daily":false,"chose_seed":false,"campfire_upgraded":1,"win_rate":0.0,"timestamp":1612098495,"path_taken":["M","?","M","M","M","E","R","E"],"items_purchased_type":[],"build_version":"2020-12-22","purchased_purges":0,"victory":false,"max_hp_per_floor":[68,62,62,62,62,62,62,62,62],"relic_stats":{"Torii":3,"counters":[6,18],"Golden Idol":20,"obtain_stats":[{"Torii":6,"Golden Idol":2,"PureWater":0},{"Torii":5,"Golden Idol":1,"PureWater":0},{"Torii":15,"Golden Idol":4,"PureWater":0}]},"card_choices":[{"not_picked":["Metamorphosis","Mayhem"],"picked":"Secret Weapon","floor":0.0},{"not_picked":["FlurryOfBlows","EmptyBody"],"picked":"FollowUp","floor":1.0},{"not_picked":["PathToVictory","EmptyBody"],"picked":"Adaptation","floor":3.0},{"not_picked":["FlurryOfBlows","Evaluate"],"picked":"Consecrate","floor":4.0},{"not_picked":["Fasting2","WreathOfFlame"],"picked":"BattleHymn","floor":5},{"not_picked":["Crescendo","Study"],"picked":"Meditate","floor":6}],"player_experience":730140,"relics_obtained":[{"floor":6,"key":"Torii"}],"event_choices":[{"damage_healed":0.0,"max_hp_gain":0.0,"max_hp_loss":6.0,"gold_gain":0.0,"event_name":"Golden Idol","player_choice":"Lose Max HP","floor":2.0,"gold_loss":0.0,"damage_taken":0.0,"relics_obtained":["Golden Idol"]}],"is_beta":false,"boss_relics":[],"items_purged_floors":[],"is_endless":false,"potions_floor_spawned":[1,4],"killed_by":"3 Sentries","ascension_level":20}}