{"host":"0b7urydaxuefbgpn","time":1612098463,"event":{"mods":["Astrologer","Bard","BaseMod","Colored Powertips","Dio Mod","Downfall","Hermit","Jorbs\u0027s Wanderer Trilogy","Marisa????????","Minty Spire (QoL Compilation)","StSLib","The Bladedancer","The Cursed","The Disciple","The Necromancer","The Poker Player","The Runesmith","The Servant 0.9.4"],"gold_per_floor":[111,111,131,131,150,150,180,180,180,91,108,137,137,150,150,270,270,270,145,145,145,145,145,145,145,145,145,145,70,70,70,70,70,70,70,70,70,70,70,70,70,70,70,70,70,70,70,70,70,70],"floor_reached":51,"language":"RUS","playtime":2239,"items_purged":[],"score":729,"play_id":"73358eab-5cfd-46ca-9f7b-efb4863ee3ac","local_time":"20210131160743","is_ascension_mode":false,"campfire_choices":[{"data":"Summon_Lich","floor":6,"key":"SMITH"},{"data":"Bone_Bullets","floor":8,"key":"SMITH"},{"floor":15,"key":"REST"},{"data":"Bone_Armory","floor":23,"key":"SMITH"},{"floor":27,"key":"REST"},{"floor":32,"key":"REST"},{"floor":40,"key":"REST"},{"floor":49,"key":"REST"}],"circlet_count":0,"master_deck":["Strike_W+1","Strike_W+1","Defend_W+1","Defend_W+1","Defend_W+1","Defend_W+1","Negative_Energy_Arrows","Bone_Wall","Summon_Lich+1","Shackles_Of_Pain","Hellfire","Spectral_Armor","Bone_Bullets+1","Whirlwind_of_Bones","Negative_Energy_Shield","Corrupt","Plague_Bolt","Blood_Curse","Skeleton_Dragon","Thousand_Bone_Knives","Bone_Armory+1","Chill_Blood","Epidemic+1","Summon_Undead+1","Vampiric_Strike","Summon_Lich+1","Skeleton_Dragon+1","Bone_Armor","Summon_Undead_Army+1","Negative_Energy_Mist","Exploit","Bone_Armory+1","Exploit+1"],"relics":["Vampire_Amulet","NeowsBlessing","CaptainsWheel","Bottled Tornado","Mango","Blood Vial","Golden Idol","Ectoplasm","Ancient Tea Set","MutagenicStrength","Runesmith:AutoHammer","Frozen Egg 2","Fusion Hammer","Pear"],"acts_visited":["Exordium","TheCity","TheBeyond"],"potions_floor_usage":[24,33],"damage_taken":[{"damage":0,"enemies":"Jaw Worm","floor":1,"turns":1},{"damage":0,"enemies":"2 Louse","floor":3,"turns":1},{"damage":0,"enemies":"Small Slimes","floor":5,"turns":1},{"damage":18,"enemies":"3 Sentries","floor":7,"turns":7},{"damage":3,"enemies":"Blue Slaver","floor":11,"turns":4},{"damage":11,"enemies":"Gremlin Nob","floor":12,"turns":5},{"damage":5,"enemies":"3 Louse","floor":14,"turns":2},{"damage":17,"enemies":"Slime Boss","floor":16,"turns":10},{"damage":16,"enemies":"Chosen","floor":18,"turns":5},{"damage":7,"enemies":"3 Byrds","floor":20,"turns":4},{"damage":44,"enemies":"Slavers","floor":24,"turns":4},{"damage":9,"enemies":"Snake Plant","floor":25,"turns":4},{"damage":10,"enemies":"Cultist and Chosen","floor":30,"turns":5},{"damage":23,"enemies":"Collector","floor":33,"turns":10},{"damage":19,"enemies":"3 Shapes","floor":35,"turns":4},{"damage":25,"enemies":"Orb Walker","floor":37,"turns":2},{"damage":25,"enemies":"Sphere and 2 Shapes","floor":39,"turns":4},{"damage":11,"enemies":"Maw","floor":42,"turns":7},{"damage":18,"enemies":"Transient","floor":44,"turns":5},{"damage":3,"enemies":"Spire Growth","floor":45,"turns":5},{"damage":9,"enemies":"Sphere and 2 Shapes","floor":47,"turns":4},{"damage":13,"enemies":"Maw","floor":48,"turns":7},{"damage":46,"enemies":"Donu and Deca","floor":50,"turns":11}],"seed_played":"7779820215780424582","potions_obtained":[{"floor":1,"key":"champ:CounterPotion"},{"floor":14,"key":"DuplicationPotion"},{"floor":24,"key":"Weak Potion"},{"floor":33,"key":"EssenceOfSteel"},{"floor":35,"key":"champ:CounterPotion"},{"floor":36,"key":"DistilledChaos"}],"is_trial":false,"path_per_floor":["M","?","M","?","M","R","E","R","T","$","M","E","?","M","R","B",null,"M","$","M","?","?","R","E","M","T","R","?","$","M","?","R","B",null,"M","?","M","?","M","R","?","M","T","M","M","$","M","M","R","B",null],"character_chosen":"NECROMANCER","items_purchased":["Whirlwind_of_Bones","Negative_Energy_Shield","Bone_Armory","Chill_Blood","Summon_Lich+1"],"campfire_rested":5,"item_purchase_floors":[10,10,19,19,29],"current_hp_per_floor":[75,63,67,67,71,71,59,59,73,73,72,63,41,44,70,63,89,75,75,76,76,76,76,40,35,35,61,61,61,57,57,83,74,89,76,76,55,55,38,64,64,78,88,76,82,82,81,74,99,74],"gold":70,"neow_bonus":"THREE_ENEMY_KILL","is_daily":false,"chose_seed":false,"campfire_upgraded":3,"win_rate":0.0,"timestamp":1612098463,"path_taken":["M","?","M","?","M","R","E","R","T","?","M","E","?","?","R","BOSS","M","$","M","?","?","R","E","M","T","R","?","$","M","?","R","BOSS","M","?","?","?","?","R","?","M","T","M","M","$","M","?","R","BOSS"],"items_purchased_type":["Card","Card","Card","Card","Card"],"build_version":"2020-12-13","purchased_purges":0,"victory":true,"max_hp_per_floor":[75,75,75,75,75,75,75,75,89,89,89,89,89,89,89,89,89,89,89,89,89,89,89,89,89,89,89,89,89,89,89,89,89,89,89,89,89,89,89,89,89,89,99,99,99,99,99,99,99,99],"card_choices":[{"not_picked":["Plague_Bolt","Consume_Illness"],"picked":"Summon_Lich","floor":1},{"not_picked":["Slay_Living","Scare"],"picked":"Shackles_Of_Pain","floor":3},{"not_picked":["Blood_Curse","Blood_Whip"],"picked":"Spectral_Armor","floor":5},{"not_picked":["Bone_Armor","Stop_Heart"],"picked":"Bone_Bullets","floor":7},{"not_picked":["Negative_Energy_Mist","Life_Tap"],"picked":"Corrupt","floor":11},{"not_picked":["Bone_Armory","Spectral_Walk"],"picked":"Plague_Bolt","floor":12},{"not_picked":["Necrotic_Claws","Consume_Illness"],"picked":"Blood_Curse","floor":14},{"not_picked":["Blood_Wake","Blood_Magic"],"picked":"Skeleton_Dragon","floor":16},{"not_picked":["Negative_Energy_Sphere+1","Flesh_Made_Foul"],"picked":"Thousand_Bone_Knives","floor":18},{"not_picked":["Bone_Armor","Bone_Bullets"],"picked":"Epidemic","floor":20},{"not_picked":["Death_Knell+1","Negative_Energy_Burst"],"picked":"Summon_Undead+1","floor":24},{"not_picked":["Bone_Armor","Corrupt"],"picked":"Vampiric_Strike","floor":25},{"not_picked":["Pandemic","Shackles_Of_Pain","Summon_Undead"],"picked":"SKIP","floor":30},{"not_picked":["Reap_The_Weak","Cloudkill"],"picked":"Skeleton_Dragon+1","floor":33},{"not_picked":["Summon_Undead","Life_Drain+1","Death_March_Dance+1"],"picked":"SKIP","floor":35},{"not_picked":["Shackles_Of_Pain","Deaths_Shadow+1","Bone_Spikes"],"picked":"SKIP","floor":37},{"not_picked":["Blood_for_Blood+1","Bone_Bullets+1"],"picked":"Bone_Armor","floor":39},{"not_picked":["Flesh_Made_Foul","Acid_Javelin+1"],"picked":"Summon_Undead_Army+1","floor":42},{"not_picked":["Blood_for_Blood+1","Negative_Energy_Shield+1"],"picked":"Negative_Energy_Mist","floor":44},{"not_picked":["Vampiric_Strike","Bone_Spikes"],"picked":"Exploit","floor":45},{"not_picked":["Consume_Illness+1","Blood_Is_Power"],"picked":"Bone_Armory+1","floor":47},{"not_picked":["Scare","Shade_Step"],"picked":"Exploit+1","floor":48}],"player_experience":22454,"relics_obtained":[{"floor":7,"key":"Bottled Tornado"},{"floor":9,"key":"Mango"},{"floor":12,"key":"Blood Vial"},{"floor":24,"key":"Runesmith:AutoHammer"},{"floor":26,"key":"Frozen Egg 2"},{"floor":43,"key":"Pear"}],"event_choices":[{"damage_healed":0,"gold_gain":0,"player_choice":"Success","damage_taken":12,"relics_obtained":["CaptainsWheel"],"max_hp_gain":0,"max_hp_loss":0,"event_name":"Scrap Ooze","floor":2,"gold_loss":0},{"damage_healed":0,"gold_gain":0,"cards_transformed":["Strike_W"],"player_choice":"Change","damage_taken":0,"max_hp_gain":0,"max_hp_loss":0,"event_name":"Living Wall","floor":4,"gold_loss":0,"cards_obtained":["Hellfire"]},{"damage_healed":0,"gold_gain":0,"player_choice":"Take Damage","damage_taken":22,"relics_obtained":["Golden Idol"],"max_hp_gain":0,"max_hp_loss":0,"event_name":"Golden Idol","floor":13,"gold_loss":0},{"damage_healed":0,"gold_gain":0,"player_choice":"Opened","damage_taken":0,"relics_obtained":["Ancient Tea Set"],"max_hp_gain":0,"max_hp_loss":0,"event_name":"The Mausoleum","floor":21,"gold_loss":0,"cards_obtained":["Writhe"]},{"damage_healed":0,"gold_gain":0,"player_choice":"Inject Mutagens","damage_taken":0,"relics_obtained":["MutagenicStrength"],"max_hp_gain":0,"max_hp_loss":0,"event_name":"Drug Dealer","floor":22,"gold_loss":0},{"damage_healed":0,"gold_gain":0,"player_choice":"Simplicity","damage_taken":0,"max_hp_gain":0,"max_hp_loss":0,"event_name":"Back to Basics","floor":28,"gold_loss":0,"cards_upgraded":["Strike_W","Strike_W","Strike_W","Defend_W","Defend_W","Defend_W","Defend_W"]},{"cards_removed":["Writhe"],"damage_healed":0,"gold_gain":0,"player_choice":"Purged","damage_taken":0,"max_hp_gain":0,"max_hp_loss":0,"event_name":"Purifier","floor":31,"gold_loss":0},{"damage_healed":0,"gold_gain":0,"player_choice":"Got Potions","damage_taken":0,"max_hp_gain":0,"max_hp_loss":0,"event_name":"Lab","floor":36,"gold_loss":0},{"damage_healed":0,"gold_gain":0,"player_choice":"Upgraded","damage_taken":0,"max_hp_gain":0,"max_hp_loss":0,"event_name":"Upgrade Shrine","floor":38,"gold_loss":0,"cards_upgraded":["Epidemic"]},{"cards_removed":["Strike_W"],"damage_healed":0,"gold_gain":0,"player_choice":"Offered Basic","damage_taken":0,"max_hp_gain":0,"max_hp_loss":0,"event_name":"Bonfire Elementals","floor":41,"gold_loss":0}],"is_beta":false,"boss_relics":[{"not_picked":["Runesmith:UraniumAnvil","Runic Dome"],"picked":"Ectoplasm"},{"not_picked":["Snecko Eye","Black Star"],"picked":"Fusion Hammer"}],"items_purged_floors":[],"is_endless":false,"potions_floor_spawned":[1,14,24,33,35,44,47],"ascension_level":0}}