{"host":"w2kjv12xyhtt0cv2","time":1612105984,"event":{"mods":["100% Spire Juice","Act Like it!","BaseMod","Colored Map","Friendly Minions","Gensokyo","GifTheSpireLib","Highlight Path","Hubris","Marisa（F雨　魔理沙）","Minty Spire (QoL Compilation)","Prisma Mod","Quick Restart","Reimu（博丽灵梦）","Relic Stats","Reliquary","Replay The Spire","Robot Space Explorer","RumiaBox-露米娅的神秘盒子","Shop Mod","Spicy Shops","StSLib","The Bug Knight","The Cursed","The Dragon Tamer","The Servant 0.9.4","UnlockEverythingMod","Waifu the Spire","[功能]功能增强和修复MOD","【功能Mod】Neow奖励","【遗物卡牌】REMEMod","没有小屋子和绿帽子啦"],"gold_per_floor":[362,134,203,217,240,267,284,317,317,346,346,378,453,471,471,567,567,582,382,396,415,435,461,461,488,488,520,534,534,534,569,569,666,666,677,696,708,239,259,294,324,354,472,499,499,524,524,19,19,19,19,19,319,344,324],"floor_reached":56,"language":"ZHS","playtime":4720,"items_purged":["TheCursedMod:Strike_TheCursed","Writhe","TheCursedMod:Defend_TheCursed","TheCursedMod:Defend_TheCursed"],"score":2412,"play_id":"2209f8f3-7563-44a5-a225-b345d7de0614","local_time":"20210131231304","is_ascension_mode":true,"campfire_choices":[{"data":"TheCursedMod:CleanUpWorkshop","floor":11.0,"key":"SMITH"},{"data":"TheCursedMod:CursedStaff","floor":15.0,"key":"SMITH"},{"data":"TheCursedMod:CollectTribute","floor":24.0,"key":"SMITH"},{"data":"TheCursedMod:AntiAging","floor":30.0,"key":"SMITH"},{"floor":32.0,"key":"DIG"},{"floor":47.0,"key":"RECALL"},{"data":"TheCursedMod:VoidForm","floor":49,"key":"SMITH"},{"data":"TheCursedMod:CursedRelics","floor":52,"key":"SMITH"}],"circlet_count":0,"master_deck":["AscendersBane","TheCursedMod:Strike_TheCursed","TheCursedMod:Strike_TheCursed+1","TheCursedMod:Strike_TheCursed","TheCursedMod:Defend_TheCursed","TheCursedMod:Defend_TheCursed+1","TheCursedMod:CursedWand","TheCursedMod:CleanUpWorkshop+1","TheCursedMod:Dregs","PrismaMod:IllyaInstallArcher","TheCursedMod:CursedStaff+1","TheCursedMod:SpitefulPlan","Dramatic Entrance+1","TheCursedMod:CircleOfBlood","TheCursedMod:StingEye","TheCursedMod:SpitefulPlan","TheCursedMod:AntiAging+1","TheCursedMod:CollectTribute+1","TheCursedMod:CursedSpellbook","TheCursedMod:VoidForm+1","TheCursedMod:CursedAmulet+1","TheCursedMod:HellsGateOpen","TheCursedMod:CircleOfCorruption+1","TheCursedMod:RavingStaff+1","TheCursedMod:CursedRelics+1","TheCursedMod:RapidMovement+1","TheCursedMod:SpitefulStrike+1","TheCursedMod:Dregs","Languid","ReplayTheSpireMod:Doomed","Injury","TheCursedMod:DoubleShield+1","TheCursedMod:CursedSpellbook+1","TheCursedMod:CursedStaff+1","Gensokyo:AllTheWorldsEvil","Sickly"],"relics":["TheCursedMod:BlackMagic101","REME_ComplimentaryCards","Whetstone","Centennial Puzzle","Kunai","Mango","Bag of Marbles","Blood Vial","Chameleon Ring","Painkiller Herb","TungstenRod","ReplayTheSpireMod:TigerMarble","Gremlin Food","Shuriken","reliquary:PrincelyHelmet","ReplayTheSpireMod:Ring of Collecting","WingedGreaves","Calipers","Coffee Dripper","reliquary:TatteredRug","Pen Nib","Akabeko","Durian","TheCursedMod:DemonicMark","Ring of Greed","Golden Egg","Tiny Chest","reliquary:RoseTintedGlasses","Gensokyo:EmptyGrave","ReplayTheSpireMod:Lightbulb","reliquary:BrokenClock","reliquary:PartyBalloon","hubris:NiceRug","hubris:ToyBattleship","StrikeDummy","Lee\u0027s Waffle","Replay:Bottled Steam","Bottled Flame","ClockworkSouvenir","War Paint"],"acts_visited":["Exordium","TheCity","Gensokyo:Gensokyoest","TheEnding"],"potions_floor_usage":[55,55],"damage_taken":[{"damage":5.0,"enemies":"2 Louse","floor":1.0,"turns":5.0},{"damage":0.0,"enemies":"Jaw Worm","floor":4.0,"turns":1.0},{"damage":17.0,"enemies":"Gremlin Nob","floor":6.0,"turns":4.0},{"damage":0.0,"enemies":"Cultist","floor":7.0,"turns":3.0},{"damage":10.0,"enemies":"3 Sentries","floor":8.0,"turns":5.0},{"damage":26.0,"enemies":"Gremlin Nob","floor":10.0,"turns":4.0},{"damage":9.0,"enemies":"Lagavulin","floor":12.0,"turns":5.0},{"damage":0.0,"enemies":"Gremlin Gang","floor":14.0,"turns":1.0},{"damage":2.0,"enemies":"Hexaghost","floor":16.0,"turns":5.0},{"damage":4.0,"enemies":"Chosen","floor":18.0,"turns":3.0},{"damage":1.0,"enemies":"Shell Parasite","floor":20.0,"turns":3.0},{"damage":9.0,"enemies":"Snecko","floor":21.0,"turns":4.0},{"damage":5.0,"enemies":"3 Cultists","floor":22.0,"turns":4.0},{"damage":26.0,"enemies":"REME_1_Revenger","floor":23.0,"turns":4.0},{"damage":11.0,"enemies":"Replay:Snechameleon","floor":25.0,"turns":7.0},{"damage":16.0,"enemies":"HollowMod:Nosk","floor":27.0,"turns":5.0},{"damage":0.0,"enemies":"Shelled Parasite and Fungi","floor":28.0,"turns":3.0},{"damage":8.0,"enemies":"Book of Stabbing","floor":31.0,"turns":4.0},{"damage":0.0,"enemies":"Champ","floor":33.0,"turns":9.0},{"damage":0.0,"enemies":"Gensokyo:3_Boulders","floor":35.0,"turns":5.0},{"damage":0.0,"enemies":"Gensokyo:3_Bats","floor":36.0,"turns":3.0},{"damage":0.0,"enemies":"Gensokyo:SeedOfUnknown","floor":37.0,"turns":5.0},{"damage":0.0,"enemies":"Gensokyo:3_Boulders","floor":39.0,"turns":4.0},{"damage":55.0,"enemies":"Gensokyo:Kasen","floor":40.0,"turns":7.0},{"damage":41.0,"enemies":"Gensokyo:Marisa","floor":41.0,"turns":5.0},{"damage":38.0,"enemies":"Gensokyo:Kasen","floor":42.0,"turns":5.0},{"damage":0.0,"enemies":"Gensokyo:Doremy","floor":44.0,"turns":4.0},{"damage":15.0,"enemies":"Gensokyo:Kasen","floor":46.0,"turns":4.0},{"damage":0,"enemies":"Gensokyo:Yuyuko","floor":50,"turns":4},{"damage":0,"enemies":"hubris:Merchant","floor":53,"turns":5},{"damage":3,"enemies":"Shield and Spear","floor":54,"turns":4},{"damage":15,"enemies":"The Heart","floor":55,"turns":5}],"seed_played":"4408772265374933689","potions_obtained":[{"floor":1.0,"key":"TheCursedMod:DregsPotion"},{"floor":3.0,"key":"EntropicBrew"},{"floor":3.0,"key":"Energy Potion"},{"floor":6.0,"key":"Reflective Coating"},{"floor":8.0,"key":"Adrenaline Potion"},{"floor":12.0,"key":"Swift Potion"},{"floor":16.0,"key":"Cursed Concoction"},{"floor":18.0,"key":"Elixir"},{"floor":20.0,"key":"Regen Potion"},{"floor":27.0,"key":"Swift Potion"},{"floor":28.0,"key":"BlessingOfTheForge"},{"floor":33.0,"key":"SkillPotion"},{"floor":39.0,"key":"Strength Potion"},{"floor":40.0,"key":"Dexterity Potion"},{"floor":44.0,"key":"DistilledChaos"},{"floor":53,"key":"PowerPotion"},{"floor":53,"key":"LiquidMemories"}],"is_trial":false,"path_per_floor":["M","$","?","M","T","E","M","E","T","E","R","E","?","M","R","B",null,"?","T","?","?","?","E","T","E","T","E","?","?","T","E","T","B",null,"?","?","?","T","?","E","E","E","T","E","?","E","T","T","T","B",null,"T","T","E","B",null],"character_chosen":"THE_CURSED","items_purchased":["TheCursedMod:SpitefulPlan","Dramatic Entrance","TungstenRod","reliquary:TatteredRug","TheCursedMod:HellsGateOpen","Pen Nib","Adrenaline Potion","reliquary:BrokenClock","reliquary:PartyBalloon","TheCursedMod:CursedSpellbook","TheCursedMod:CursedStaff"],"campfire_rested":0,"item_purchase_floors":[2,2,19,38,38,38,38,48,48,48,48],"current_hp_per_floor":[45,45,45,45,45,28,34,44,44,22,22,19,11,13,13,17,71,75,75,82,81,82,68,68,86,86,80,84,84,84,93,93,104,106,110,113,116,116,119,69,46,12,12,17,17,10,10,72,72,72,114,114,138,140,129],"gold":324,"neow_bonus":"TWO_FIFTY_GOLD","is_daily":false,"chose_seed":false,"campfire_upgraded":6,"win_rate":0.0,"timestamp":1612105984,"path_taken":["M","$","?","M","?","E","M","E","T","E","R","E","?","M","R","BOSS","?","T","?","?","?","E","T","E","T","E","?","?","T","E","T","BOSS","?","?","?","T","?","E","E","E","T","E","?","E","T","T","T","BOSS","T","T","E","BOSS"],"items_purchased_type":["Card","Card","Relic","Relic","Card","Relic","Potion","Relic","Relic","Card","Card"],"build_version":"2020-12-22","purchased_purges":4,"victory":true,"max_hp_per_floor":[75,75,75,75,75,75,75,89,89,89,89,89,89,89,89,89,89,91,91,93,95,97,99,99,99,99,101,101,101,101,104,104,107,107,110,113,116,116,119,124,132,132,132,135,125,125,125,125,125,128,128,128,138,141,144],"relic_stats":{"Blood Vial":38,"Centennial Puzzle":[80],"Lee\u0027s Waffle":17,"counters":[32,139],"Shuriken":[40],"Tiny Chest":0,"Pen Nib":[10],"Whetstone":["Dramatic Entrance","TheCursedMod:Strike_TheCursed"],"Kunai":[58],"War Paint":["TheCursedMod:Defend_TheCursed","TheCursedMod:RapidMovement"],"obtain_stats":[{"Golden Egg":43,"Calipers":32,"reliquary:PrincelyHelmet":27,"reliquary:PartyBalloon":48,"Mango":8,"Painkiller Herb":17,"Whetstone":3,"TheCursedMod:DemonicMark":42,"ClockworkSouvenir":53,"Blood Vial":10,"Centennial Puzzle":5,"Chameleon Ring":12,"Tiny Chest":43,"WingedGreaves":31,"reliquary:RoseTintedGlasses":44,"Kunai":6,"Replay:Bottled Steam":53,"Gremlin Food":25,"TheCursedMod:BlackMagic101":0,"Lee\u0027s Waffle":53,"reliquary:TatteredRug":38,"Pen Nib":38,"Ring of Greed":43,"War Paint":54,"Akabeko":40,"Gensokyo:EmptyGrave":45,"Bottled Flame":53,"Shuriken":26,"ReplayTheSpireMod:Ring of Collecting":29,"Bag of Marbles":9,"ReplayTheSpireMod:TigerMarble":23,"Coffee Dripper":34,"Durian":41,"reliquary:BrokenClock":48,"hubris:ToyBattleship":53,"ReplayTheSpireMod:Lightbulb":46,"StrikeDummy":53,"TungstenRod":19,"REME_ComplimentaryCards":0,"hubris:NiceRug":53},{"Golden Egg":26,"Calipers":18,"reliquary:PrincelyHelmet":16,"reliquary:PartyBalloon":28,"Mango":5,"Painkiller Herb":9,"Whetstone":1,"TheCursedMod:DemonicMark":26,"ClockworkSouvenir":30,"Blood Vial":6,"Centennial Puzzle":2,"Chameleon Ring":7,"Tiny Chest":26,"WingedGreaves":18,"reliquary:RoseTintedGlasses":27,"Kunai":3,"Replay:Bottled Steam":30,"Gremlin Food":15,"TheCursedMod:BlackMagic101":0,"Lee\u0027s Waffle":30,"reliquary:TatteredRug":22,"Pen Nib":22,"Ring of Greed":26,"War Paint":31,"Akabeko":24,"Gensokyo:EmptyGrave":27,"Bottled Flame":30,"Shuriken":15,"ReplayTheSpireMod:Ring of Collecting":17,"Bag of Marbles":5,"ReplayTheSpireMod:TigerMarble":14,"Coffee Dripper":19,"Durian":25,"reliquary:BrokenClock":28,"hubris:ToyBattleship":30,"ReplayTheSpireMod:Lightbulb":28,"StrikeDummy":30,"TungstenRod":10,"REME_ComplimentaryCards":0,"hubris:NiceRug":30},{"Golden Egg":113,"Calipers":70,"reliquary:PrincelyHelmet":63,"reliquary:PartyBalloon":121,"Mango":18,"Painkiller Herb":33,"Whetstone":5,"TheCursedMod:DemonicMark":113,"ClockworkSouvenir":130,"Blood Vial":22,"Centennial Puzzle":6,"Chameleon Ring":27,"Tiny Chest":113,"WingedGreaves":70,"reliquary:RoseTintedGlasses":117,"Kunai":10,"Replay:Bottled Steam":130,"Gremlin Food":58,"TheCursedMod:BlackMagic101":0,"Lee\u0027s Waffle":130,"reliquary:TatteredRug":92,"Pen Nib":92,"Ring of Greed":113,"War Paint":134,"Akabeko":103,"Gensokyo:EmptyGrave":117,"Bottled Flame":130,"Shuriken":58,"ReplayTheSpireMod:Ring of Collecting":66,"Bag of Marbles":18,"ReplayTheSpireMod:TigerMarble":51,"Coffee Dripper":79,"Durian":108,"reliquary:BrokenClock":121,"hubris:ToyBattleship":130,"ReplayTheSpireMod:Lightbulb":121,"StrikeDummy":130,"TungstenRod":36,"REME_ComplimentaryCards":0,"hubris:NiceRug":130}],"TungstenRod":97},"card_choices":[{"not_picked":["TheCursedMod:Mangle","TheCursedMod:ManaBullet"],"picked":"TheCursedMod:CursedStaff","floor":1.0},{"not_picked":["TheCursedMod:ReleasedStrength","TheCursedMod:VitalStrike","TheCursedMod:FleshFromBone"],"picked":"SKIP","floor":4.0},{"not_picked":["TheCursedMod:CursedBoomerang","TheCursedMod:SurpriseAttack"],"picked":"TheCursedMod:CircleOfBlood","floor":6.0},{"not_picked":["TheCursedMod:CursedShiv","TheCursedMod:WearCloak","TheCursedMod:Stretching"],"picked":"SKIP","floor":7.0},{"not_picked":["TheCursedMod:CircleOfCorruption","TheCursedMod:CircleOfAbyss"],"picked":"TheCursedMod:StingEye","floor":8.0},{"not_picked":["TheCursedMod:Hemoplague","TheCursedMod:Torture"],"picked":"TheCursedMod:SpitefulPlan","floor":10.0},{"not_picked":["TheCursedMod:CircleOfWindfury","TheCursedMod:CircleOfFlame","TheCursedMod:TacticalStrike"],"picked":"SKIP","floor":12.0},{"not_picked":["TheCursedMod:AshesToAshes","TheCursedMod:Wield","TheCursedMod:CircleOfCorruption"],"picked":"SKIP","floor":14.0},{"not_picked":["TheCursedMod:DemonicPact","TheCursedMod:ShockAndAwe"],"picked":"TheCursedMod:AntiAging","floor":16.0},{"not_picked":["TheCursedMod:CursedAmulet","TheCursedMod:Stigma","TheCursedMod:WearCloak"],"picked":"SKIP","floor":18.0},{"not_picked":["TheCursedMod:CursedAmulet","TheCursedMod:CursedMace","TheCursedMod:CursedBlade"],"picked":"SKIP","floor":20.0},{"not_picked":["TheCursedMod:SpitefulStrike","TheCursedMod:SpreadPlague"],"picked":"TheCursedMod:CollectTribute","floor":21.0},{"not_picked":["TheCursedMod:CursedBlade","TheCursedMod:BloodBarrier","TheCursedMod:CursedArmor"],"picked":"SKIP","floor":22.0},{"not_picked":["TheCursedMod:WearCloak","TheCursedMod:Wield","TheCursedMod:TacticalStrike"],"picked":"SKIP","floor":23.0},{"not_picked":["TheCursedMod:Wield","TheCursedMod:VitalStrike","TheCursedMod:Torture"],"picked":"SKIP","floor":25.0},{"not_picked":["TheCursedMod:Mangle","TheCursedMod:Obscuration","TheCursedMod:Hemoplague"],"picked":"SKIP","floor":27.0},{"not_picked":["TheCursedMod:VitalStrike","TheCursedMod:Torture"],"picked":"TheCursedMod:CursedSpellbook","floor":28.0},{"not_picked":["TheCursedMod:Grudge","TheCursedMod:Wield","TheCursedMod:SmokeScreen"],"picked":"SKIP","floor":31.0},{"not_picked":["TheCursedMod:DemonSword","TheCursedMod:DarkBarrier"],"picked":"TheCursedMod:VoidForm","floor":33.0},{"not_picked":["TheCursedMod:RavingStaff","TheCursedMod:RapidMovement"],"picked":"TheCursedMod:CursedAmulet+1","floor":35.0},{"not_picked":["TheCursedMod:ManaBullet","TheCursedMod:SoulCrush","TheCursedMod:SmokeScreen"],"picked":"SKIP","floor":36.0},{"not_picked":["TheCursedMod:AshesToAshes","TheCursedMod:CircleOfBlood"],"picked":"TheCursedMod:SurpriseAttack+1","floor":37.0},{"not_picked":["TheCursedMod:RapidMovement","TheCursedMod:Stretching"],"picked":"TheCursedMod:CircleOfCorruption+1","floor":39.0},{"not_picked":["TheCursedMod:CursedBlade","TheCursedMod:VitalStrike+1"],"picked":"TheCursedMod:RavingStaff+1","floor":40.0},{"not_picked":["TheCursedMod:Hemoplague","TheCursedMod:CursedShiv"],"picked":"TheCursedMod:CursedRelics","floor":41.0},{"not_picked":["TheCursedMod:CursedAmulet","TheCursedMod:FleshFromBone"],"picked":"TheCursedMod:RapidMovement","floor":42.0},{"not_picked":["TheCursedMod:Mangle+1","TheCursedMod:SpreadPlague+1"],"picked":"TheCursedMod:SpitefulStrike+1","floor":44.0},{"not_picked":["TheCursedMod:Evocation","TheCursedMod:EmpowerCircles"],"picked":"TheCursedMod:DoubleShield+1","floor":46.0},{"not_picked":["TheCursedMod:StingEye"],"picked":"SKIP","floor":53},{"not_picked":["TheCursedMod:SurpriseAttack"],"picked":"SKIP","floor":53},{"not_picked":["TheCursedMod:CursedAmulet"],"picked":"SKIP","floor":53},{"not_picked":["TheCursedMod:DoubleShield"],"picked":"SKIP","floor":53},{"not_picked":["TheCursedMod:HellfireBreathing"],"picked":"SKIP","floor":53},{"not_picked":["Replay:Sssssssssshield"],"picked":"SKIP","floor":53},{"not_picked":["REME_HeartOfCthun"],"picked":"SKIP","floor":53},{"not_picked":["TheCursedMod:Mangle","TheCursedMod:DemonicPact","TheCursedMod:CursedAmulet"],"picked":"SKIP","floor":54}],"player_experience":175428,"relics_obtained":[{"floor":3.0,"key":"Whetstone"},{"floor":5.0,"key":"Centennial Puzzle"},{"floor":6.0,"key":"Kunai"},{"floor":8.0,"key":"Mango"},{"floor":9.0,"key":"Bag of Marbles"},{"floor":10.0,"key":"Blood Vial"},{"floor":12.0,"key":"Chameleon Ring"},{"floor":23.0,"key":"ReplayTheSpireMod:TigerMarble"},{"floor":25.0,"key":"Gremlin Food"},{"floor":26.0,"key":"Shuriken"},{"floor":27.0,"key":"reliquary:PrincelyHelmet"},{"floor":29.0,"key":"ReplayTheSpireMod:Ring of Collecting"},{"floor":31.0,"key":"WingedGreaves"},{"floor":32.0,"key":"Calipers"},{"floor":40.0,"key":"Akabeko"},{"floor":41.0,"key":"Durian"},{"floor":42.0,"key":"TheCursedMod:DemonicMark"},{"floor":43.0,"key":"Ring of Greed"},{"floor":43.0,"key":"Golden Egg"},{"floor":43.0,"key":"Tiny Chest"},{"floor":44.0,"key":"reliquary:RoseTintedGlasses"},{"floor":46.0,"key":"ReplayTheSpireMod:Lightbulb"},{"floor":53,"key":"hubris:ToyBattleship"},{"floor":53,"key":"StrikeDummy"},{"floor":53,"key":"Lee\u0027s Waffle"},{"floor":53,"key":"Replay:Bottled Steam"},{"floor":53,"key":"Bottled Flame"},{"floor":53,"key":"ClockworkSouvenir"},{"floor":54,"key":"War Paint"}],"event_choices":[{"damage_healed":0.0,"max_hp_gain":0.0,"max_hp_loss":0.0,"gold_gain":75.0,"event_name":"FaceTrader","player_choice":"Touch","floor":13.0,"gold_loss":0.0,"damage_taken":8.0}],"is_beta":false,"boss_relics":[{"not_picked":["Pandora\u0027s Box","Snecko Eye"],"picked":"Painkiller Herb"},{"not_picked":["SlaversCollar","Honey Jar"],"picked":"Coffee Dripper"}],"items_purged_floors":[2,19,38,48],"is_endless":false,"potions_floor_spawned":[1,6,8,12,16,18,20,27,28,33,36,39,40,44],"ascension_level":12}}