{"host":"Jedit","time":1612132829,"event":{"mods":["BaseMod","Minty Spire (QoL Compilation)","Relic Stats","StSLib"],"gold_per_floor":[160,184,6,18,18,18,57,57,57,101,20,48,48,75,75,157,157,180,180,199,223,235,235,263,263,290,323,345,370,385,112,112,198,198,219,219,219,238,238,238,282,282,282,301,326,326,345,345,345,345,345,345],"floor_reached":51,"language":"ENG","playtime":2311,"items_purged":["Strike_G","Strike_G"],"score":1475,"play_id":"56b3d756-5b2c-4edd-b56c-fe43171d8ceb","local_time":"20210131224029","is_ascension_mode":true,"campfire_choices":[{"data":"Blade Dance","floor":6.0,"key":"SMITH"},{"floor":8.0,"key":"REST"},{"data":"Blade Dance","floor":13.0,"key":"SMITH"},{"data":"Accuracy","floor":15.0,"key":"SMITH"},{"floor":23.0,"key":"REST"},{"data":"After Image","floor":25.0,"key":"SMITH"},{"floor":32.0,"key":"REST"},{"floor":40,"key":"RECALL"},{"data":"Accuracy","floor":42,"key":"SMITH"},{"data":"Blade Dance","floor":46,"key":"SMITH"},{"data":"Neutralize","floor":49,"key":"SMITH"}],"circlet_count":0,"master_deck":["AscendersBane","Strike_G+1","Strike_G","Defend_G","Defend_G","Defend_G","Defend_G","Defend_G","Survivor+1","Neutralize+1","Slice","Blade Dance+1","Acrobatics","Underhanded Strike+1","Finisher+1","Dodge and Roll","Underhanded Strike","Accuracy+1","Blade Dance+1","Dagger Spray","Blade Dance+1","After Image+1","Accuracy+1","Dodge and Roll+1","Blur","Blade Dance+1","Calculated Gamble+1","Good Instincts+1","Adrenaline+1","Cloak And Dagger+1","Escape Plan+1","PiercingWail+1","Calculated Gamble+1","Terror+1"],"relics":["Tiny House","Bag of Preparation","CeramicFish","Centennial Puzzle","Regal Pillow","Calling Bell","Strawberry","Ornamental Fan","Incense Burner","StrikeDummy","Toxic Egg 2","Juzu Bracelet","Coffee Dripper","Ancient Tea Set","Ginger"],"acts_visited":["Exordium","TheCity","TheBeyond"],"potions_floor_usage":[33,41,44,51],"damage_taken":[{"damage":3.0,"enemies":"Cultist","floor":1.0,"turns":4.0},{"damage":1.0,"enemies":"Jaw Worm","floor":4.0,"turns":2.0},{"damage":30.0,"enemies":"Lagavulin","floor":7.0,"turns":6.0},{"damage":0.0,"enemies":"Gremlin Nob","floor":10.0,"turns":2.0},{"damage":0.0,"enemies":"2 Louse","floor":12.0,"turns":2.0},{"damage":0.0,"enemies":"Gremlin Gang","floor":14.0,"turns":2.0},{"damage":9.0,"enemies":"Slime Boss","floor":16.0,"turns":6.0},{"damage":0.0,"enemies":"Spheric Guardian","floor":18.0,"turns":1.0},{"damage":8.0,"enemies":"2 Thieves","floor":20.0,"turns":3.0},{"damage":13.0,"enemies":"Snake Plant","floor":21.0,"turns":6.0},{"damage":13.0,"enemies":"Chosen and Byrds","floor":22.0,"turns":7.0},{"damage":6.0,"enemies":"Slavers","floor":24.0,"turns":5.0},{"damage":17.0,"enemies":"Gremlin Leader","floor":27.0,"turns":10.0},{"damage":20.0,"enemies":"Shelled Parasite and Fungi","floor":28.0,"turns":5.0},{"damage":5.0,"enemies":"Centurion and Healer","floor":30.0,"turns":6.0},{"damage":54,"enemies":"Automaton","floor":33,"turns":10},{"damage":0,"enemies":"3 Darklings","floor":35,"turns":3},{"damage":1,"enemies":"3 Shapes","floor":38,"turns":7},{"damage":14,"enemies":"Giant Head","floor":41,"turns":6},{"damage":0,"enemies":"Transient","floor":44,"turns":6},{"damage":7,"enemies":"Jaw Worm Horde","floor":45,"turns":4},{"damage":0,"enemies":"Sphere and 2 Shapes","floor":47,"turns":3},{"damage":40,"enemies":"Awakened One","floor":50,"turns":14},{"damage":6,"enemies":"Time Eater","floor":51,"turns":1}],"seed_played":"4184793059573889362","potions_obtained":[{"floor":0.0,"key":"FairyPotion"},{"floor":7.0,"key":"LiquidMemories"},{"floor":12.0,"key":"Energy Potion"},{"floor":14.0,"key":"Weak Potion"},{"floor":20.0,"key":"PowerPotion"},{"floor":24.0,"key":"Weak Potion"},{"floor":30.0,"key":"Strength Potion"},{"floor":33,"key":"GamblersBrew"},{"floor":38,"key":"Block Potion"},{"floor":47,"key":"Dexterity Potion"}],"is_trial":false,"path_per_floor":["M","T","$","M","?","R","E","R","T","E","$","M","R","M","R","B",null,"M","?","M","M","M","R","E","R","T","E","M","T","M","$","R","B",null,"M","?","?","M","?","R","E","R","T","M","M","R","M","?","R","B","B"],"character_chosen":"THE_SILENT","items_purchased":["Acrobatics","Underhanded Strike","Accuracy","Blade Dance","Calculated Gamble+1","Good Instincts+1"],"campfire_rested":3,"item_purchase_floors":[3,3,11,11,31,31],"current_hp_per_floor":[61,61,61,60,39,39,9,30,30,30,30,30,30,30,30,21,66,66,44,36,23,10,49,43,43,43,26,6,6,1,1,40,18,67,67,67,67,66,66,66,52,52,52,52,45,45,45,45,45,5,0,0],"gold":345,"neow_bonus":"BOSS_RELIC","is_daily":false,"chose_seed":false,"campfire_upgraded":7,"win_rate":0.0,"timestamp":1612132829,"path_taken":["M","?","?","M","?","R","E","R","T","E","$","M","R","M","R","BOSS","M","?","M","M","M","R","E","R","T","E","M","?","M","$","R","BOSS","M","?","?","M","?","R","E","R","T","M","M","R","M","?","R","BOSS","BOSS"],"items_purchased_type":["Card","Card","Card","Card","Card","Card"],"build_version":"2020-12-18","purchased_purges":2,"victory":false,"max_hp_per_floor":[71,71,71,71,71,71,71,71,71,71,71,71,71,71,71,71,78,78,83,83,83,83,83,83,83,83,83,83,83,83,83,83,83,83,83,83,83,83,79,79,79,79,79,79,79,79,79,79,79,79,79,79],"relic_stats":{"Centennial Puzzle":[39],"Regal Pillow":30,"counters":[24,121],"Ornamental Fan":[424],"CeramicFish":171,"Bag of Preparation":[46],"Juzu Bracelet":1,"Ginger":[0],"obtain_stats":[{"Regal Pillow":10,"Tiny House":0,"CeramicFish":7,"Bag of Preparation":2,"Incense Burner":17,"Juzu Bracelet":29,"Ginger":43,"Ancient Tea Set":41,"Calling Bell":17,"Centennial Puzzle":9,"Ornamental Fan":17,"Strawberry":17,"Coffee Dripper":34,"Toxic Egg 2":27,"StrikeDummy":24,"Ring of the Snake":0},{"Regal Pillow":4,"Tiny House":0,"CeramicFish":3,"Bag of Preparation":1,"Incense Burner":7,"Juzu Bracelet":14,"Ginger":19,"Ancient Tea Set":19,"Calling Bell":7,"Centennial Puzzle":3,"Ornamental Fan":7,"Strawberry":7,"Coffee Dripper":16,"Toxic Egg 2":13,"StrikeDummy":12,"Ring of the Snake":0},{"Regal Pillow":14,"Tiny House":0,"CeramicFish":12,"Bag of Preparation":4,"Incense Burner":24,"Juzu Bracelet":61,"Ginger":93,"Ancient Tea Set":93,"Calling Bell":24,"Centennial Puzzle":12,"Ornamental Fan":24,"Strawberry":24,"Coffee Dripper":77,"Toxic Egg 2":56,"StrikeDummy":46,"Ring of the Snake":0}]},"card_choices":[{"not_picked":["Heel Hook","Choke"],"picked":"Slice","floor":0.0},{"not_picked":["Infinite Blades","Slice"],"picked":"Blade Dance","floor":1.0},{"not_picked":["Caltrops","Outmaneuver"],"picked":"Finisher","floor":4.0},{"not_picked":["Underhanded Strike","Setup"],"picked":"Dodge and Roll","floor":7.0},{"not_picked":["Malaise","Skewer"],"picked":"Underhanded Strike","floor":10.0},{"not_picked":["Backflip","PiercingWail"],"picked":"Dagger Spray","floor":12.0},{"not_picked":["Expertise","Flying Knee"],"picked":"Blade Dance","floor":14.0},{"not_picked":["Malaise","Glass Knife"],"picked":"After Image","floor":16.0},{"not_picked":["Outmaneuver","Dagger Spray"],"picked":"Accuracy","floor":18.0},{"not_picked":["Dagger Throw","Die Die Die"],"picked":"Dodge and Roll+1","floor":20.0},{"not_picked":["Quick Slash","Slice"],"picked":"Blur","floor":21.0},{"not_picked":["Slice","Accuracy","Bouncing Flask"],"picked":"SKIP","floor":22.0},{"not_picked":["Bane","Infinite Blades","Riddle With Holes"],"picked":"SKIP","floor":24.0},{"not_picked":["Flying Knee","Heel Hook","All Out Attack"],"picked":"SKIP","floor":27.0},{"not_picked":["Distraction+1","Crippling Poison+1"],"picked":"Blade Dance+1","floor":28.0},{"not_picked":["Eviscerate","Quick Slash","Sucker Punch"],"picked":"SKIP","floor":30.0},{"not_picked":["Envenom","Night Terror+1"],"picked":"Adrenaline+1","floor":33},{"not_picked":["Dodge and Roll+1","Backflip+1"],"picked":"Cloak And Dagger+1","floor":35},{"not_picked":["Expertise+1","Blade Dance+1"],"picked":"Escape Plan+1","floor":38},{"not_picked":["Poisoned Stab","Dagger Spray+1"],"picked":"PiercingWail+1","floor":41},{"not_picked":["Deadly Poison+1","Underhanded Strike","Quick Slash"],"picked":"SKIP","floor":44},{"not_picked":["Dagger Throw","Blade Dance+1"],"picked":"Calculated Gamble+1","floor":45},{"not_picked":["Blade Dance+1","Outmaneuver+1"],"picked":"Terror+1","floor":47}],"player_experience":3466721,"relics_obtained":[{"floor":2.0,"key":"Bag of Preparation"},{"floor":7.0,"key":"CeramicFish"},{"floor":9.0,"key":"Centennial Puzzle"},{"floor":10.0,"key":"Regal Pillow"},{"floor":17.0,"key":"Strawberry"},{"floor":17.0,"key":"Ornamental Fan"},{"floor":17.0,"key":"Incense Burner"},{"floor":24.0,"key":"StrikeDummy"},{"floor":27.0,"key":"Toxic Egg 2"},{"floor":29.0,"key":"Juzu Bracelet"},{"floor":41,"key":"Ancient Tea Set"},{"floor":43,"key":"Ginger"}],"event_choices":[{"damage_healed":0.0,"max_hp_gain":0.0,"max_hp_loss":0.0,"gold_gain":0.0,"event_name":"Shining Light","player_choice":"Entered Light","floor":5.0,"gold_loss":0.0,"damage_taken":21.0,"cards_upgraded":["Underhanded Strike","Strike_G"]},{"damage_healed":0.0,"max_hp_gain":5.0,"max_hp_loss":0.0,"gold_gain":0.0,"event_name":"Forgotten Altar","player_choice":"Shed Blood","floor":19.0,"gold_loss":0.0,"damage_taken":27.0},{"damage_healed":0,"gold_gain":0,"player_choice":"Ignored","damage_taken":0,"max_hp_gain":0,"max_hp_loss":0,"event_name":"Tomb of Lord Red Mask","floor":36,"gold_loss":0},{"damage_healed":0,"gold_gain":0,"player_choice":"Upgraded","damage_taken":0,"max_hp_gain":0,"max_hp_loss":0,"event_name":"Upgrade Shrine","floor":37,"gold_loss":0,"cards_upgraded":["Finisher"]},{"damage_healed":0,"gold_gain":0,"player_choice":"Max HP","damage_taken":0,"max_hp_gain":0,"max_hp_loss":4,"event_name":"Winding Halls","floor":39,"gold_loss":0},{"cards_removed":["Strike_G"],"damage_healed":0,"gold_gain":0,"player_choice":"Removed Attack","damage_taken":0,"max_hp_gain":0,"max_hp_loss":0,"event_name":"Falling","floor":48,"gold_loss":0}],"is_beta":true,"boss_relics":[{"not_picked":["Empty Cage","Snecko Eye"],"picked":"Calling Bell"},{"not_picked":["SacredBark","Velvet Choker"],"picked":"Coffee Dripper"}],"items_purged_floors":[3,31],"is_endless":false,"potions_floor_spawned":[7,12,14,20,24,30,33,38,47],"killed_by":"Time Eater","ascension_level":20}}