{"host":"takgv9cv6xf64vhq","time":1612122995,"event":{"mods":["BaseMod","Colored Powertips","Conspire","Decade(王小明)","Downfall","Energized Spire","Hermit","Hubris","LagranYue(拉格朗・月)","Marisa（F雨　魔理沙）","Minty Spire (QoL Compilation)","Replay The Spire","StSLib","The Cursed","The Hierophant","The Jungle","The Servant 0.9.4","TheHeartMod"],"gold_per_floor":[109,126,126,180,180,210,210,242,313,313,313,331,387,402,402,502,502,562,562,642,742,742,912,912,1040,1065,1192,1314,337,543,709,709,941,941,1081,1081,1227,1376,295,456,528,528,578,578,578,728,155,233,463,463,463,463,2,161,161],"floor_reached":56,"language":"ZHS","playtime":6301,"items_purged":["Regret","Spreading Infection"],"score":2340,"play_id":"15e1640c-7158-47e4-9863-7ac286cb6bfa","local_time":"20210201035635","is_ascension_mode":true,"campfire_choices":[{"data":"Backflip","floor":10.0,"key":"SMITH"},{"data":"Calculated Gamble","floor":15.0,"key":"SMITH"},{"data":"hubris:TrickCloak","floor":24.0,"key":"SMITH"},{"floor":44.0,"key":"RECALL"},{"data":"Burst","floor":52.0,"key":"SMITH"}],"circlet_count":0,"master_deck":["Strike_G","Strike_G","Strike_G","Strike_G","Defend_G+1","Defend_G+1","Defend_G+1","Defend_G+1","Defend_G+1","Survivor","Neutralize+1","Backflip+1","Dagger Throw","Amnesia","Die Die Die","ReplayTheSpireMod:The Works","Acrobatics","Slice","Calculated Gamble+1","Burst+1","Tactician","Finisher","Adrenaline+1","Replay:Sluggish","Replay:Sluggish","hubris:Greed","PiercingWail","hubris:TrickCloak+1","hubris:Greed","hubris:Greed","hubris:Greed","ReplayTheSpireMod:Speed Training+1","Setup","hubris:Greed","hubris:Greed","hubris:Greed","Tools of the Trade+1","Backflip","hubris:Greed","hubris:Greed","hubris:Greed","hubris:Greed","hubris:Greed","hubris:Greed","hubris:Greed","hubris:Greed","hubris:Greed","hubris:Greed","hubris:Greed","Storm of Steel+1","hubris:Greed","hubris:Greed","hubris:Greed","hubris:Greed","conspire:PoisonWeapons","Acrobatics","conspire:PoisonWeapons+1","ReplayTheSpireMod:Shiv Toss+1","ReplayTheSpireMod:Tripwire+1","Acrobatics","Caltrops+1","A Thousand Cuts+1","Deadly Poison+1","hubris:Greed","hubris:Greed","hubris:Greed","hubris:Greed","Finisher","Malaise+1","ReplayTheSpireMod:From All Sides+1","Deflect+1","theJungle:PetSnecko","Poison Darts+1","Deflect","PiercingWail+1","Backflip+1","A Thousand Cuts+1","Footwork","Dagger Throw+1","Blur+1","Tools of the Trade+1","Tools of the Trade+1","ReplayUltimateDefense+1","hubris:Sniper+1","Corpse Explosion+1","Calculated Gamble+1","Deflect","Hidden Blade+1","Dodge and Roll+1","Deadly Poison+1","Poisoned Stab+1","Accuracy+1","Apotheosis+1","Well Laid Plans+1","Unload+1","Acrobatics+1"],"relics":["LagranYue:SoulBurningRelic","Anchor","ReplayTheSpireMod:Ring of Challenge","Ring of Misfortune","Prayer Wheel","Ice Cream","Torii","Ninja Scroll","Replay:Ancient Bell","ReplayTheSpireMod:TigerMarble","Golden Egg","Unceasing Top","ReplayTheSpireMod:Lightbulb","Tiny Chest","Replay:Mystery Machine","Sling","conspire:GiftBox","LagranYue:RareGoldArmorRelic","CaptainsWheel","Potion Belt","WristBlade","Guardian:PocketSentry","Mango","Strange Spoon","Replay:Multitool","hubris:BottledRain","ClockworkSouvenir","Replay:Bottled Eggs","Pear","Toolbox","Du-Vu Doll"],"acts_visited":["Exordium","Exordium","TheBeyond","TheEnding"],"potions_floor_usage":[54,55,55,55,55],"damage_taken":[{"damage":0.0,"enemies":"2 Louse","floor":1.0,"turns":4.0},{"damage":8.0,"enemies":"Jaw Worm","floor":2.0,"turns":5.0},{"damage":3.0,"enemies":"3 Sentries","floor":6.0,"turns":12.0},{"damage":8.0,"enemies":"Lagavulin","floor":8.0,"turns":8.0},{"damage":1.0,"enemies":"Small Slimes","floor":12.0,"turns":3.0},{"damage":0.0,"enemies":"2 Fungi Beasts","floor":13.0,"turns":4.0},{"damage":0.0,"enemies":"Blue Slaver","floor":14.0,"turns":3.0},{"damage":33.0,"enemies":"Slime Boss","floor":16.0,"turns":15.0},{"damage":1.0,"enemies":"theJungle:GiantWrat","floor":18.0,"turns":5.0},{"damage":11.0,"enemies":"theJungle:MUSHROOMGANG","floor":20.0,"turns":7.0},{"damage":10.0,"enemies":"theJungle:Lyon","floor":21.0,"turns":3.0},{"damage":0.0,"enemies":"theJungle:Cassacara","floor":23.0,"turns":9.0},{"damage":0.0,"enemies":"theJungle:SlimyTreeVines","floor":25.0,"turns":3.0},{"damage":0.0,"enemies":"theJungle:2_Flameangoes","floor":27.0,"turns":7.0},{"damage":0.0,"enemies":"Snake Plant","floor":28.0,"turns":7.0},{"damage":0.0,"enemies":"theJungle:MamaSnecko","floor":30.0,"turns":3.0},{"damage":0.0,"enemies":"conspire:MimicChest","floor":31.0,"turns":7.0},{"damage":0.0,"enemies":"theJungle:TotemBoss","floor":33.0,"turns":7.0},{"damage":0.0,"enemies":"3 Shapes","floor":35.0,"turns":2.0},{"damage":0.0,"enemies":"Orb Walker","floor":37.0,"turns":3.0},{"damage":0.0,"enemies":"Spire Growth","floor":38.0,"turns":2.0},{"damage":0.0,"enemies":"Reptomancer","floor":40.0,"turns":4.0},{"damage":0.0,"enemies":"Maw","floor":46.0,"turns":5.0},{"damage":0.0,"enemies":"conspire:OrnateMirror","floor":50.0,"turns":9.0},{"damage":0,"enemies":"Shield and Spear","floor":54,"turns":5},{"damage":0,"enemies":"NeowBoss","floor":55,"turns":8}],"seed_played":"-2502476314381857469","potions_obtained":[{"floor":6.0,"key":"Explosive Potion"},{"floor":12.0,"key":"Doom Potion"},{"floor":16.0,"key":"Guardian:BlockOnCardUsePotion"},{"floor":20.0,"key":"ColorlessPotion"},{"floor":22.0,"key":"LiquidMemories"},{"floor":25.0,"key":"Weak Potion"},{"floor":31.0,"key":"LiquidBronze"},{"floor":33.0,"key":"SpeedPotion"},{"floor":37.0,"key":"PowerPotion"}],"is_trial":false,"path_per_floor":["M","M","?","T","?","E","?","E","T","R","?","M","M","M","R","B",null,"M","?","M","M","?","E","R","M","T","M","M","$","E","?","R","B",null,"M","?","M","M","$","E","T","?","T","R","?","M","$","T","R","B",null,"R","$","E","B",null],"character_chosen":"THE_SILENT","items_purchased":["Caltrops","Sling","conspire:GiftBox","LagranYue:RareGoldArmorRelic","Deadly Poison","Guardian:PocketSentry","Mango","Tools of the Trade","ReplayUltimateDefense","hubris:Sniper","Strange Spoon","ClockworkSouvenir","Replay:Bottled Eggs","Deadly Poison","Poisoned Stab","Accuracy","Apotheosis","Well Laid Plans+1","Toolbox","GamblersBrew"],"campfire_rested":0,"item_purchase_floors":[29,29,29,29,29,39,39,39,39,39,39,47,47,47,47,47,53,53,53,53],"current_hp_per_floor":[63,55,55,55,55,52,52,44,44,44,37,36,36,36,36,3,52,51,51,40,30,30,30,30,32,32,32,32,32,32,32,32,32,60,60,60,60,60,73,73,73,73,73,73,73,73,73,82,82,82,90,90,90,90,90],"gold":161,"neow_bonus":"BOSS_RELIC","is_daily":false,"chose_seed":false,"campfire_upgraded":4,"win_rate":0.0,"timestamp":1612122995,"path_taken":["M","M","?","?","?","E","?","E","T","R","?","?","M","M","R","BOSS","M","?","M","?","?","E","R","M","T","M","M","?","E","?","R","BOSS","BOSS","M","?","M","M","$","E","?","?","T","R","?","?","$","?","R","BOSS","R","$","E","BOSS"],"items_purchased_type":["Card","Relic","Relic","Relic","Card","Relic","Relic","Card","Card","Card","Relic","Relic","Relic","Card","Card","Card","Card","Card","Relic","Potion"],"build_version":"2020-12-22","purchased_purges":2,"victory":true,"max_hp_per_floor":[70,70,70,70,70,70,70,70,70,70,70,70,70,70,70,70,70,70,70,70,70,70,70,70,70,70,70,70,70,70,70,70,70,70,70,70,70,70,84,84,84,84,84,84,84,84,84,94,94,94,94,94,94,94,94],"card_choices":[{"not_picked":["Bane","Sucker Punch"],"picked":"Backflip","floor":1.0},{"not_picked":["Dagger Spray","Prepared"],"picked":"Dagger Throw","floor":2.0},{"not_picked":["Sucker Punch","Escape Plan"],"picked":"Die Die Die","floor":6.0},{"not_picked":["Backstab","Poisoned Stab"],"picked":"ReplayTheSpireMod:The Works","floor":8.0},{"not_picked":["hubris:SlightOfHand","Quick Slash"],"picked":"Acrobatics","floor":12.0},{"not_picked":["Prepared","Blade Dance"],"picked":"Slice","floor":12.0},{"not_picked":["Dagger Throw","Hidden Blade"],"picked":"Calculated Gamble","floor":13.0},{"not_picked":["Eviscerate","conspire:PoisonWeapons"],"picked":"Burst","floor":13.0},{"not_picked":["Quick Slash","Outmaneuver"],"picked":"Tactician","floor":14.0},{"not_picked":["Bane","Dagger Spray"],"picked":"Finisher","floor":14.0},{"not_picked":["Storm of Steel","Night Terror"],"picked":"Adrenaline","floor":16.0},{"not_picked":["conspire:NecroticWound","downfall:Malfunctioning"],"picked":"Replay:Sluggish","floor":17.0},{"not_picked":["Voices","ReplayTheSpireMod:Splinters"],"picked":"Replay:Sluggish","floor":17.0},{"not_picked":["hubris:Envy","conspire:NecroticWound"],"picked":"Spreading Infection","floor":17.0},{"not_picked":["Finisher","Slice"],"picked":"PiercingWail","floor":18.0},{"not_picked":["Dash","Blade Dance"],"picked":"hubris:TrickCloak","floor":18.0},{"not_picked":["hubris:SlightOfHand+1","Deadly Poison"],"picked":"ReplayTheSpireMod:Speed Training+1","floor":20.0},{"not_picked":["hubris:SlightOfHand","Finisher"],"picked":"Setup","floor":20.0},{"not_picked":["Sneak Up","Outmaneuver"],"picked":"Tools of the Trade","floor":21.0},{"not_picked":["Bane","Slice"],"picked":"Backflip","floor":21.0},{"not_picked":["Acrobatics","Draining Mist+1"],"picked":"Storm of Steel","floor":23.0},{"not_picked":["Blade Dance+1","Flying Knee+1"],"picked":"conspire:PoisonWeapons","floor":25.0},{"not_picked":["Outmaneuver","Noxious Fumes"],"picked":"Acrobatics","floor":25.0},{"not_picked":["Bane","PiercingWail"],"picked":"conspire:PoisonWeapons+1","floor":27.0},{"not_picked":["Bane","Slice+1"],"picked":"ReplayTheSpireMod:Shiv Toss+1","floor":27.0},{"not_picked":["Quick Slash","Bouncing Flask"],"picked":"ReplayTheSpireMod:Tripwire+1","floor":28.0},{"not_picked":["Bane+1","Expertise"],"picked":"Acrobatics","floor":28.0},{"not_picked":["Replay:Bag of Tricks","Night Terror"],"picked":"A Thousand Cuts","floor":29.0},{"not_picked":["Cloak And Dagger","Expertise"],"picked":"Finisher","floor":30.0},{"not_picked":["Prepared+1","Endless Agony+1"],"picked":"Malaise","floor":30.0},{"not_picked":["Bullet Time","Prepared"],"picked":"ReplayTheSpireMod:From All Sides","floor":31.0},{"not_picked":["Toxin Wave","Expertise+1"],"picked":"Deflect+1","floor":31.0},{"not_picked":["Glass Knife","Atom Bomb"],"picked":"Poison Darts","floor":33.0},{"not_picked":["Poison Darts","Sucker Punch"],"picked":"Deflect","floor":35.0},{"not_picked":["Dodge and Roll+1","ReplayTheSpireMod:The Works"],"picked":"PiercingWail+1","floor":35.0},{"not_picked":["hubris:SlightOfHand","Poisoned Stab+1"],"picked":"Backflip+1","floor":35.0},{"not_picked":["Sucker Punch","Riddle With Holes","Flying Knee"],"picked":"SKIP","floor":37.0},{"not_picked":["hubris:TrickCloak","Flechettes","Toxin Wave+1"],"picked":"SKIP","floor":37.0},{"not_picked":["hubris:SlightOfHand","Poisoned Stab"],"picked":"Footwork","floor":38.0},{"not_picked":["Hidden Blade","conspire:PoisonWeapons"],"picked":"Dagger Throw+1","floor":38.0},{"not_picked":["Footwork+1","Dagger Throw"],"picked":"Blur+1","floor":38.0},{"not_picked":["All Out Attack","Heel Hook"],"picked":"Corpse Explosion","floor":40.0},{"not_picked":["Prepared+1","Venomology"],"picked":"Calculated Gamble+1","floor":40.0},{"not_picked":["hubris:SlightOfHand","Setup"],"picked":"Deflect","floor":46.0},{"not_picked":["Eviscerate","Deflect"],"picked":"Hidden Blade+1","floor":46.0},{"not_picked":["All Out Attack+1","PiercingWail+1"],"picked":"Dodge and Roll+1","floor":46.0},{"not_picked":["Dodge and Roll","Dodge and Roll"],"picked":"Unload","floor":54},{"not_picked":["Heel Hook","ReplayTheSpireMod:Shiv Toss"],"picked":"Acrobatics+1","floor":54}],"player_experience":280039,"relics_obtained":[{"floor":4.0,"key":"Anchor"},{"floor":5.0,"key":"ReplayTheSpireMod:Ring of Challenge"},{"floor":5.0,"key":"Ring of Misfortune"},{"floor":6.0,"key":"Prayer Wheel"},{"floor":8.0,"key":"Torii"},{"floor":9.0,"key":"Ninja Scroll"},{"floor":21.0,"key":"ReplayTheSpireMod:Lightbulb"},{"floor":23.0,"key":"Tiny Chest"},{"floor":26.0,"key":"Replay:Mystery Machine"},{"floor":30.0,"key":"CaptainsWheel"},{"floor":31.0,"key":"Potion Belt"},{"floor":40.0,"key":"Replay:Multitool"},{"floor":41.0,"key":"hubris:BottledRain"},{"floor":48.0,"key":"Pear"},{"floor":54,"key":"Du-Vu Doll"}],"event_choices":[{"damage_healed":0.0,"max_hp_gain":0.0,"max_hp_loss":0.0,"gold_gain":0.0,"event_name":"Big Fish","player_choice":"Box","floor":7.0,"gold_loss":0.0,"damage_taken":0.0,"relics_obtained":["Ice Cream"],"cards_obtained":["Regret"]},{"cards_removed":["Strike_G"],"damage_healed":0.0,"max_hp_gain":0.0,"max_hp_loss":0.0,"gold_gain":0.0,"event_name":"Golden Wing","player_choice":"Card Removal","floor":11.0,"gold_loss":0.0,"damage_taken":7.0},{"damage_healed":0.0,"max_hp_gain":0.0,"max_hp_loss":0.0,"gold_gain":0.0,"event_name":"Upgrade Shrine","player_choice":"Upgraded","floor":19.0,"gold_loss":0.0,"damage_taken":0.0,"cards_upgraded":["Adrenaline"]},{"damage_healed":0.0,"max_hp_gain":0.0,"max_hp_loss":0.0,"gold_gain":0.0,"event_name":"Lab","player_choice":"Got Potions","floor":22.0,"gold_loss":0.0,"damage_taken":0.0},{"damage_healed":0.0,"max_hp_gain":0.0,"max_hp_loss":0.0,"gold_gain":0.0,"event_name":"Duplicator","player_choice":"Copied","floor":36.0,"gold_loss":0.0,"damage_taken":0.0,"cards_obtained":["A Thousand Cuts"]},{"damage_healed":0.0,"max_hp_gain":0.0,"max_hp_loss":0.0,"gold_gain":0.0,"event_name":"Tomb of Lord Red Mask","player_choice":"Ignored","floor":45.0,"gold_loss":0.0,"damage_taken":0.0}],"is_beta":false,"boss_relics":[{"not_picked":["bronze:MakeshiftBattery","energizedSpire:RedRose"],"picked":"Replay:Ancient Bell"},{"not_picked":["hubris:AncientText","Regal Pillow"],"picked":"ReplayTheSpireMod:TigerMarble"},{"not_picked":["Quantum Egg","Gremlin Horn"],"picked":"Golden Egg"},{"not_picked":["Vampiric Spirits","Bird Faced Urn"],"picked":"Unceasing Top"},{"not_picked":["Replay:Fungal Core","Painkiller Herb"],"picked":"WristBlade"}],"items_purged_floors":[29,39],"is_endless":false,"potions_floor_spawned":[6,12,16,20,25,27,31,33,37,38],"ascension_level":8}}