{"host":"xjs3b8lu14idcd3l","time":1612070448,"event":{"mods":["Act Like it!","BaseMod","CapriCore","Friendly Minions","Gensokyo","Kiyohime£®«Âºß£©","Koishi","Marisa£®ÏF”Í°°ƒß¿Ì…≥£©","Minty Spire (QoL Compilation)","Prisma Mod","Reimu£®≤©¿ˆ¡È√Œ£©","Remilia£®¿Ÿ√◊¿Ú—«£©","Replay The Spire","StSLib","The Administrix","The Immortal","The Servant 0.9.4","Youmu£®ªÍ∆«—˝√Œ£©","Yuyuko"],"gold_per_floor":[110,123,139,139,139,170,170,202,202,219,235,268,268,279,279,383,433,444,444,454,369,141,166,166,183,183,183,212,227,243,257,257,353,353,363,363,363,407,426,426,458,120,120,120,131,160,170,187,187,187,187,187,106,133,133,133],"floor_reached":55,"language":"ZHS","playtime":2807,"items_purged":["Wrath_TH","Looming Evil"],"score":739,"play_id":"a5d7a7a2-3e28-481d-a4d6-b128a35b0171","local_time":"20210131132048","is_ascension_mode":false,"campfire_choices":[{"data":"Koishi:HauntingSlash","floor":7,"key":"SMITH"},{"data":"Koishi:Provoke","floor":7,"key":"SMITH"},{"data":"Koishi:UnconsciousUrges","floor":13,"key":"SMITH"},{"data":"Koishi:PhilosophyOfTheDespised","floor":13,"key":"SMITH"},{"data":"Koishi:BasicDefend","floor":15,"key":"SMITH"},{"data":"Koishi:DreadfulBlow","floor":15,"key":"SMITH"},{"floor":24,"key":"REST"},{"data":"Pot Of Greed","floor":32,"key":"SMITH"},{"data":"EndlessPower","floor":32,"key":"SMITH"},{"data":"Koishi:PerfectMindControl","floor":40,"key":"SMITH"},{"data":"Koishi:BasicDefend","floor":40,"key":"SMITH"},{"floor":49,"key":"RECALL"},{"data":"Pot Of Greed","floor":52,"key":"SMITH"},{"data":"Koishi:BasicDefend","floor":52,"key":"SMITH"}],"circlet_count":0,"master_deck":["Koishi:BasicStrike","Koishi:BasicStrike","Koishi:BasicStrike","Koishi:BasicStrike+1","Koishi:BasicDefend+1","Koishi:BasicDefend+1","Koishi:BasicDefend+1","Koishi:Provoke+1","Koishi:HauntingSlash+1","Koishi:MindNumbingTerror+1","Koishi:DreadfulBlow+1","Koishi:PhantomStrike","Koishi:UnconsciousUrges+1","Koishi:DanmakuParanoia","Koishi:BloodcurdlingScream","Koishi:Jaunt","Koishi:HeartStoppingHorror+1","Koishi:ParalyzingFear+1","Koishi:StingingMind+1","EndlessPower+1","Koishi:JumpScare","Koishi:RacingHeart+1","Pot Of Greed+1","Pot Of Greed+1","Koishi:RacingHeart","Pot Of Greed","Koishi:PerfectMindControl+1","Koishi:IdleWhim+1","Koishi:GeneticsOfTheUnconscious+1","Magnetism+1","Koishi:VengefulSpirit+1","Koishi:Untouchable+1","Koishi:Catatonia"],"relics":["Koishi:ImaginaryFriend","Gremlin Horn","Replay:Arrowhead","Orichalcum","Lizard Tail","Koishi:TeethAndClaws","Tiny House","Replay:Baseball","Guide Book","Gremlin Food","Koishi:LettersToReimu","Grinning Jar","ReplayTheSpireMod:Lightbulb","ChewingGum","ReplayTheSpireMod:Ring of Exchange","ReplayTheSpireMod:Ring of Addiction","White Beast Statue","Potion Belt","Bottled Lightning","Frozen Egg 2","Replay:Kaleidoscope","Divine Protection"],"acts_visited":["Exordium","TheCity","TheBeyond","TheEnding"],"potions_floor_usage":[6,6,8,10,16,23,30,33,33,39,41,41,41,46,46,47,48,48,50,50,50,55],"damage_taken":[{"damage":0,"enemies":"Small Slimes","floor":1,"turns":3},{"damage":8,"enemies":"Jaw Worm","floor":2,"turns":4},{"damage":1,"enemies":"Cultist","floor":3,"turns":6},{"damage":16,"enemies":"3 Sentries","floor":6,"turns":12},{"damage":22,"enemies":"Gremlin Nob","floor":8,"turns":5},{"damage":0,"enemies":"Exordium Thugs","floor":10,"turns":6},{"damage":9,"enemies":"Blue Slaver","floor":11,"turns":4},{"damage":25,"enemies":"Lagavulin","floor":12,"turns":9},{"damage":1,"enemies":"Exordium Wildlife","floor":14,"turns":7},{"damage":29,"enemies":"Slime Boss","floor":16,"turns":7},{"damage":31,"enemies":"2 Thieves","floor":18,"turns":5},{"damage":8,"enemies":"3 Byrds","floor":20,"turns":7},{"damage":31,"enemies":"Replay:Snechameleon","floor":23,"turns":6},{"damage":6,"enemies":"Centurion and Healer","floor":25,"turns":5},{"damage":14,"enemies":"Book of Stabbing","floor":28,"turns":5},{"damage":11,"enemies":"Chosen and Byrds","floor":29,"turns":5},{"damage":10,"enemies":"3 Cultists","floor":30,"turns":5},{"damage":11,"enemies":"Centurion and Healer","floor":31,"turns":5},{"damage":50,"enemies":"Automaton","floor":33,"turns":7},{"damage":8,"enemies":"3 Darklings","floor":35,"turns":4},{"damage":4,"enemies":"3 Shapes","floor":39,"turns":4},{"damage":25,"enemies":"Giant Head","floor":41,"turns":7},{"damage":6,"enemies":"Writhing Mass","floor":45,"turns":6},{"damage":23,"enemies":"Reptomancer","floor":46,"turns":5},{"damage":0,"enemies":"4 Shapes","floor":47,"turns":4},{"damage":15,"enemies":"Sphere and 2 Shapes","floor":48,"turns":6},{"damage":42,"enemies":"Donu and Deca","floor":50,"turns":8},{"damage":17,"enemies":"Shield and Spear","floor":54,"turns":5},{"damage":52,"enemies":"The Heart","floor":55,"turns":3}],"seed_played":"5135547448098869548","potions_obtained":[{"floor":1,"key":"Reflective Coating"},{"floor":3,"key":"Ancient Potion"},{"floor":5,"key":"ColorlessPotion"},{"floor":5,"key":"Block Potion"},{"floor":8,"key":"BlessingOfTheForge"},{"floor":14,"key":"PowerPotion"},{"floor":17,"key":"Doom Potion"},{"floor":18,"key":"SteroidPotion"},{"floor":29,"key":"Milkshake"},{"floor":30,"key":"Fire Potion"},{"floor":33,"key":"Strength Potion"},{"floor":36,"key":"Weak Potion"},{"floor":36,"key":"Elixir"},{"floor":36,"key":"AttackPotion"},{"floor":38,"key":"DistilledChaos"},{"floor":39,"key":"AttackPotion"},{"floor":41,"key":"AttackPotion"},{"floor":45,"key":"Explosive Potion"},{"floor":46,"key":"PowerPotion"},{"floor":47,"key":"Flashbang"},{"floor":48,"key":"Ancient Potion"},{"floor":54,"key":"FearPotion"}],"is_trial":false,"path_per_floor":["M","M","M","?","?","E","R","E","T","M","M","E","R","M","R","B",null,"M","?","M","?","$","E","R","M","T","?","E","M","M","M","R","B",null,"M","?","?","?","M","R","E","$","T","?","M","E","M","M","R","B",null,"R","$","E","B"],"character_chosen":"KOISHI","items_purchased":["Guide Book","Magnetism+1","PowerPotion","Koishi:Untouchable+1"],"campfire_rested":1,"item_purchase_floors":[22,42,42,53],"current_hp_per_floor":[66,59,61,43,43,30,30,14,14,20,16,39,39,44,44,15,71,43,43,40,40,40,22,43,49,49,49,45,48,47,52,52,15,71,71,71,67,51,55,55,50,50,50,50,59,47,52,48,48,19,65,65,65,52,0,0],"gold":133,"neow_bonus":"TEN_PERCENT_HP_BONUS","is_daily":false,"chose_seed":false,"campfire_upgraded":12,"win_rate":0.0,"timestamp":1612070448,"path_taken":["M","M","M","?","?","E","R","E","T","M","M","E","R","?","R","BOSS","M","?","M","?","?","E","R","M","T","?","E","?","?","M","R","BOSS","M","?","?","?","M","R","E","$","T","?","?","E","M","M","R","BOSS","R","$","E","BOSS"],"items_purchased_type":["Relic","Card","Potion","Card"],"build_version":"2020-12-22","purchased_purges":2,"victory":false,"max_hp_per_floor":[66,66,66,66,66,66,66,66,66,66,66,66,66,66,66,66,71,71,71,71,71,71,71,71,71,71,71,71,71,71,71,71,71,71,71,71,67,67,67,67,67,67,67,67,65,65,65,65,65,65,65,65,65,63,63,63],"card_choices":[{"not_picked":["Koishi:MassHysteria","Koishi:PhantomBarrier"],"picked":"Koishi:MindNumbingTerror","floor":1},{"not_picked":["Koishi:ReleaseOfTheId","Koishi:LastRemote"],"picked":"Koishi:PhilosophyOfTheDespised","floor":2},{"not_picked":["Koishi:FourthEye","Koishi:FleetingPhantom"],"picked":"Koishi:DreadfulBlow","floor":3},{"not_picked":["Koishi:HeartfeltFancy","Koishi:ApparitionsStalkTheNight"],"picked":"Koishi:PhantomStrike","floor":6},{"not_picked":["Koishi:FreudianInstinct","Koishi:PhantomStrike"],"picked":"Koishi:UnconsciousUrges","floor":8},{"not_picked":["Koishi:PhantomBarrier","Koishi:ReflexRadar"],"picked":"Koishi:DanmakuParanoia","floor":10},{"not_picked":["Koishi:FidgetySnatcher","Koishi:UnconsciousUprising"],"picked":"Koishi:BloodcurdlingScream","floor":11},{"not_picked":["Koishi:HeartAttack","Koishi:Vanish"],"picked":"Koishi:Jaunt","floor":12},{"not_picked":["Koishi:ApparitionsStalkTheNight","Koishi:UnconsciousUprising","Koishi:SpiritedAway"],"picked":"SKIP","floor":14},{"not_picked":["Koishi:RuptureMind","Koishi:SuperEgo"],"picked":"Koishi:HeartStoppingHorror","floor":16},{"not_picked":["Koishi:ReflexRadar","Koishi:SprinkleStarAndHeart"],"picked":"Koishi:ParalyzingFear","floor":17},{"not_picked":["Koishi:PredatoryInstincts","Koishi:ReflexRadar"],"picked":"Koishi:StingingMind+1","floor":18},{"not_picked":["Koishi:SubconsciousSweep","Koishi:DanmakuParanoia+1"],"picked":"Koishi:JumpScare","floor":20},{"not_picked":["Koishi:Bloodlust","Koishi:FormlessExistence"],"picked":"Koishi:RacingHeart+1","floor":23},{"not_picked":["Koishi:GhostParty","Koishi:EmbryosDream","Koishi:DreadfulBlow"],"picked":"SKIP","floor":25},{"not_picked":["Koishi:RorschachInDanmaku","Koishi:GeneticsOfTheUnconscious","Koishi:ParalyzingFear+1"],"picked":"SKIP","floor":28},{"not_picked":["Koishi:Possession","Koishi:DanmakuParanoia","Koishi:CatchAndRose"],"picked":"SKIP","floor":29},{"not_picked":["Koishi:TraumaticStroke","Koishi:UnansweredLove","Koishi:SubterraneanRose"],"picked":"SKIP","floor":30},{"not_picked":["Koishi:SubterraneanRose+1","Koishi:Bloodlust"],"picked":"Koishi:RacingHeart","floor":31},{"not_picked":["Koishi:MindStellarRelief","Koishi:GrowingPain"],"picked":"Koishi:PerfectMindControl","floor":33},{"not_picked":["Koishi:PhantomStrike","Koishi:SubconsciousSweep","Koishi:RacingHeart"],"picked":"SKIP","floor":35},{"not_picked":["Koishi:SubconsciousSweep","Koishi:MindNumbingTerror+1"],"picked":"Koishi:IdleWhim+1","floor":39},{"not_picked":["Koishi:Bloodlust+1","Koishi:LastRemote"],"picked":"Koishi:GeneticsOfTheUnconscious+1","floor":41},{"not_picked":["Koishi:Jaunt","Koishi:EmbersOfLove","Koishi:SuperEgo"],"picked":"SKIP","floor":45},{"not_picked":["Koishi:EmbersOfLove+1","Koishi:PhilosophyOfTheDespised","Koishi:Prune+1"],"picked":"SKIP","floor":46},{"not_picked":["Koishi:ReflexRadar+1","Koishi:RacingHeart+1"],"picked":"Koishi:VengefulSpirit+1","floor":47},{"not_picked":["Koishi:MassHysteria","Koishi:Possession","Koishi:Vanish+1"],"picked":"SKIP","floor":48},{"not_picked":["Koishi:ParalyzingFear","Koishi:DreadfulBlow+1"],"picked":"Koishi:Catatonia","floor":54}],"player_experience":198949,"relics_obtained":[{"floor":6,"key":"Replay:Arrowhead"},{"floor":8,"key":"Orichalcum"},{"floor":9,"key":"Lizard Tail"},{"floor":12,"key":"Koishi:TeethAndClaws"},{"floor":23,"key":"Gremlin Food"},{"floor":26,"key":"Koishi:LettersToReimu"},{"floor":28,"key":"ReplayTheSpireMod:Lightbulb"},{"floor":36,"key":"ReplayTheSpireMod:Ring of Exchange"},{"floor":36,"key":"ReplayTheSpireMod:Ring of Addiction"},{"floor":36,"key":"White Beast Statue"},{"floor":36,"key":"Potion Belt"},{"floor":38,"key":"Bottled Lightning"},{"floor":41,"key":"Frozen Egg 2"},{"floor":46,"key":"Replay:Kaleidoscope"},{"floor":54,"key":"Divine Protection"}],"event_choices":[{"damage_healed":0,"gold_gain":0,"player_choice":"Success","damage_taken":18,"relics_obtained":["Gremlin Horn"],"max_hp_gain":0,"max_hp_loss":0,"event_name":"Scrap Ooze","floor":4,"gold_loss":0},{"damage_healed":0,"gold_gain":0,"player_choice":"Got Potions","damage_taken":0,"max_hp_gain":0,"max_hp_loss":0,"event_name":"Lab","floor":5,"gold_loss":0},{"damage_healed":0,"gold_gain":0,"player_choice":"Obtained Relic","damage_taken":0,"relics_obtained":["Replay:Baseball"],"max_hp_gain":0,"max_hp_loss":0,"event_name":"Addict","floor":21,"gold_loss":85},{"cards_removed":["Koishi:PhilosophyOfTheDespised"],"damage_healed":0,"gold_gain":0,"player_choice":"Gave Card","damage_taken":0,"relics_obtained":["Grinning Jar"],"max_hp_gain":0,"max_hp_loss":0,"event_name":"WeMeetAgain","floor":27,"gold_loss":0},{"damage_healed":0,"gold_gain":0,"player_choice":"Max HP","damage_taken":0,"max_hp_gain":0,"max_hp_loss":4,"event_name":"Winding Halls","floor":37,"gold_loss":0},{"cards_removed":["Koishi:BasicDefend"],"damage_healed":0,"gold_gain":0,"player_choice":"Removed Skill","damage_taken":0,"max_hp_gain":0,"max_hp_loss":0,"event_name":"Falling","floor":44,"gold_loss":0}],"is_beta":false,"boss_relics":[{"not_picked":["Honey Jar","Snecko Eye"],"picked":"Tiny House"},{"not_picked":["Painkiller Herb","Fusion Hammer"],"picked":"ChewingGum"}],"items_purged_floors":[22,42],"is_endless":false,"potions_floor_spawned":[1,3,8,14,18,29,30,33,39,41,45,46,47,48,54],"killed_by":"The Heart","ascension_level":0}}