{"host":"sav7uxregyirlf69","time":1612102081,"event":{"mods":["AchievementEnabler","BaseMod","Colored Map","DeckTracker","Keyboard Shortcuts","Minty Spire (QoL Compilation)","READ ME - Guardian Mod","StSLib","SuperFastMode"],"gold_per_floor":[114,77,77,94,45,45,45,95,119,152,6,34,50,66,66,140,140,159,179,104,104,104,104,132,143,143,143,64,90,90,110,110,184,184,198,198,216,232,232,259,276,45,45,45,80,103,136,152,152,152,152,152,1,1,1],"floor_reached":54,"language":"KOR","playtime":1451,"items_purged":["Defend_B","Amplify"],"score":1339,"play_id":"27cb380d-59d1-4b72-8287-37608c094c4d","local_time":"20210131230801","is_ascension_mode":true,"campfire_choices":[{"data":"Zap","floor":7,"key":"SMITH"},{"data":"Loop","floor":15,"key":"SMITH"},{"data":"Coolheaded","floor":23,"key":"SMITH"},{"data":"Fusion","floor":27,"key":"SMITH"},{"data":"Capacitor","floor":32,"key":"SMITH"},{"data":"Blizzard","floor":44,"key":"SMITH"},{"floor":49,"key":"RECALL"},{"data":"Hologram","floor":52,"key":"SMITH"}],"circlet_count":0,"master_deck":["AscendersBane","Zap+1","Dualcast","Biased Cognition","Loop+1","Rip and Tear","Cold Snap","Coolheaded+1","Go for the Eyes","Glacier","Cold Snap","Self Repair","Compile Driver+1","Amplify","Fusion+1","Capacitor+1","Reinforced Body","Chaos+1","Ball Lightning","Fission","Beam Cell","Lockon","Storm","Chill","Hologram+1","Turbo","Blizzard+1","Coolheaded"],"relics":["Cracked Core","Meat on the Bone","PreservedInsect","Tiny Chest","Happy Flower","Runic Pyramid","Omamori","Smiling Mask","Vajra","Red Mask","Pandora\u0027s Box","Incense Burner","Bronze Scales","ClockworkSouvenir","Cables","Orichalcum","Pear"],"acts_visited":["Exordium","TheCity","TheBeyond","TheEnding"],"potions_floor_usage":[14,16,29,31,33,35,38,50],"damage_taken":[{"damage":1,"enemies":"Cultist","floor":1,"turns":4},{"damage":9,"enemies":"Jaw Worm","floor":4,"turns":3},{"damage":0,"enemies":"Gremlin Nob","floor":10,"turns":4},{"damage":9,"enemies":"Lagavulin","floor":12,"turns":6},{"damage":0,"enemies":"2 Louse","floor":13,"turns":2},{"damage":2,"enemies":"Gremlin Gang","floor":14,"turns":2},{"damage":21,"enemies":"The Guardian","floor":16,"turns":17},{"damage":22,"enemies":"2 Thieves","floor":18,"turns":4},{"damage":4,"enemies":"Spheric Guardian","floor":19,"turns":4},{"damage":12,"enemies":"Book of Stabbing","floor":24,"turns":6},{"damage":9,"enemies":"3 Cultists","floor":25,"turns":7},{"damage":31,"enemies":"Masked Bandits","floor":29,"turns":4},{"damage":2,"enemies":"Cultist and Chosen","floor":31,"turns":7},{"damage":35,"enemies":"Automaton","floor":33,"turns":12},{"damage":25,"enemies":"3 Shapes","floor":35,"turns":4},{"damage":17,"enemies":"Orb Walker","floor":37,"turns":4},{"damage":21,"enemies":"Writhing Mass","floor":38,"turns":6},{"damage":5,"enemies":"Giant Head","floor":40,"turns":7},{"damage":0,"enemies":"4 Shapes","floor":41,"turns":6},{"damage":2,"enemies":"Reptomancer","floor":45,"turns":5},{"damage":4,"enemies":"Nemesis","floor":47,"turns":7},{"damage":0,"enemies":"Sphere and 2 Shapes","floor":48,"turns":7},{"damage":53,"enemies":"Time Eater","floor":50,"turns":11},{"damage":77,"enemies":"Shield and Spear","floor":54,"turns":3}],"seed_played":"1092413531470236077","potions_obtained":[{"floor":13,"key":"ColorlessPotion"},{"floor":14,"key":"Block Potion"},{"floor":24,"key":"EssenceOfDarkness"},{"floor":29,"key":"EssenceOfSteel"},{"floor":31,"key":"CultistPotion"},{"floor":33,"key":"SkillPotion"},{"floor":35,"key":"EntropicBrew"},{"floor":45,"key":"Dexterity Potion"},{"floor":47,"key":"DistilledChaos"}],"is_trial":false,"path_per_floor":["M","$","?","M","$","T","R","?","T","E","$","E","M","M","R","B",null,"M","M","?","?","T","R","E","M","T","R","$","?","$","M","R","B",null,"M","T","M","M","?","E","M","$","T","R","E","T","E","M","R","B",null,"R","$","E"],"character_chosen":"DEFECT","items_purchased":["Rip and Tear","Coolheaded","Glacier","Reinforced Body","ClockworkSouvenir","Blizzard","SneckoOil"],"campfire_rested":0,"item_purchase_floors":[2,5,11,28,42,42,53],"current_hp_per_floor":[63,63,68,59,59,59,59,59,59,59,59,50,50,48,48,46,63,48,51,51,51,51,51,53,51,51,51,51,39,39,44,44,35,61,43,43,45,43,43,52,59,59,59,59,64,64,79,79,79,52,72,72,72,0,0],"gold":1,"neow_bonus":"THREE_RARE_CARDS","is_daily":false,"chose_seed":false,"campfire_upgraded":7,"win_rate":0.0,"timestamp":1612102081,"path_taken":["M","?","?","M","$","?","R","?","T","E","$","E","M","M","R","BOSS","M","?","?","?","?","R","E","M","T","R","$","?","?","?","R","BOSS","M","?","?","?","?","E","M","$","T","R","E","?","E","M","R","BOSS","R","$","E"],"items_purchased_type":["Card","Card","Card","Card","Relic","Card","Potion"],"build_version":"2020-12-22","purchased_purges":2,"victory":false,"max_hp_per_floor":[64,64,69,69,69,69,69,69,69,69,69,69,69,69,69,69,69,69,69,69,69,69,69,69,69,69,69,69,69,69,69,69,69,69,69,69,69,69,69,69,69,69,69,69,69,69,79,79,79,79,79,79,79,79,79],"card_choices":[{"not_picked":["Echo Form","Amplify"],"picked":"Biased Cognition","floor":0},{"not_picked":["Gash","Reprogram"],"picked":"Loop","floor":1},{"not_picked":["Stack","Steam"],"picked":"Cold Snap","floor":4},{"not_picked":["Compile Driver","Reboot"],"picked":"Go for the Eyes","floor":10},{"not_picked":["Streamline","Hologram","Amplify"],"picked":"SKIP","floor":12},{"not_picked":["Streamline","Redo"],"picked":"Cold Snap","floor":13},{"not_picked":["Reprogram","Cold Snap"],"picked":"Self Repair","floor":14},{"not_picked":["Consume","Streamline"],"picked":"Compile Driver+1","floor":18},{"not_picked":["Leap","Stack","Heatsinks"],"picked":"SKIP","floor":19},{"not_picked":["Coolheaded","Conserve Battery"],"picked":"Fusion","floor":24},{"not_picked":["Go for the Eyes","Hologram"],"picked":"Capacitor","floor":25},{"not_picked":["Coolheaded+1","Steam"],"picked":"Chaos+1","floor":29},{"not_picked":["Double Energy+1","Barrage"],"picked":"Ball Lightning","floor":31},{"not_picked":["Multi-Cast","All For One"],"picked":"Fission","floor":33},{"not_picked":["Stack","Leap"],"picked":"Chill","floor":35},{"not_picked":["Cold Snap","Ball Lightning+1"],"picked":"Hologram","floor":37},{"not_picked":["Beam Cell","FTL+1"],"picked":"Turbo","floor":38},{"not_picked":["Doom and Gloom","Rebound+1","Steam Power"],"picked":"SKIP","floor":40},{"not_picked":["Barrage","Skim+1","FTL"],"picked":"SKIP","floor":41},{"not_picked":["Reprogram","Biased Cognition","Go for the Eyes"],"picked":"SKIP","floor":45},{"not_picked":["Conserve Battery","Undo+1","Beam Cell"],"picked":"SKIP","floor":47},{"not_picked":["Tempest","Redo"],"picked":"Coolheaded","floor":48}],"player_experience":1447813,"relics_obtained":[{"floor":6,"key":"Meat on the Bone"},{"floor":9,"key":"PreservedInsect"},{"floor":10,"key":"Tiny Chest"},{"floor":12,"key":"Happy Flower"},{"floor":22,"key":"Omamori"},{"floor":24,"key":"Smiling Mask"},{"floor":26,"key":"Vajra"},{"floor":29,"key":"Red Mask"},{"floor":36,"key":"Incense Burner"},{"floor":40,"key":"Bronze Scales"},{"floor":45,"key":"Cables"},{"floor":46,"key":"Orichalcum"},{"floor":47,"key":"Pear"}],"event_choices":[{"damage_healed":0,"gold_gain":0,"player_choice":"Donut","damage_taken":0,"max_hp_gain":5,"max_hp_loss":0,"event_name":"Big Fish","floor":3,"gold_loss":0},{"damage_healed":0,"gold_gain":50,"player_choice":"Pray","damage_taken":0,"max_hp_gain":0,"max_hp_loss":0,"event_name":"Golden Shrine","floor":8,"gold_loss":0},{"cards_removed":["Strike_B"],"damage_healed":0,"gold_gain":0,"player_choice":"Gave Gold","damage_taken":0,"max_hp_gain":0,"max_hp_loss":0,"event_name":"Beggar","floor":20,"gold_loss":75},{"damage_healed":0,"gold_gain":0,"cards_transformed":["Strike_B","Strike_B"],"player_choice":"Became Test Subject","damage_taken":0,"max_hp_gain":0,"max_hp_loss":0,"event_name":"Drug Dealer","floor":21,"gold_loss":0,"cards_obtained":["Amplify","Heatsinks"]},{"damage_healed":0,"gold_gain":0,"player_choice":"Fought Bandits","damage_taken":0,"max_hp_gain":0,"max_hp_loss":0,"event_name":"Masked Bandits","floor":29,"gold_loss":0},{"cards_removed":["Heatsinks"],"damage_healed":0,"gold_gain":0,"player_choice":"Removed Power","damage_taken":0,"max_hp_gain":0,"max_hp_loss":0,"event_name":"Falling","floor":39,"gold_loss":0}],"is_beta":false,"boss_relics":[{"not_picked":["Cursed Key","Sozu"],"picked":"Runic Pyramid"},{"not_picked":["Snecko Eye","Velvet Choker"],"picked":"Pandora\u0027s Box"}],"items_purged_floors":[11,53],"is_endless":false,"potions_floor_spawned":[13,14,24,29,31,33,35,45,47],"killed_by":"Shield and Spear","ascension_level":15}}