{"host":"skr63qsdfgeey3it","time":1612087314,"event":{"mods":["BaseMod","Colored Map","Hubris","Minty Spire (QoL Compilation)","Replay The Spire","Spicy Shops","StSLib"],"gold_per_floor":[119,119,169,181,193,205,230,242,242],"floor_reached":8,"language":"ENG","playtime":278,"items_purged":[],"score":68,"play_id":"fbf97a2a-7966-46b2-afb8-3cd63bce9919","local_time":"20210131040154","is_ascension_mode":true,"campfire_choices":[{"floor":6,"key":"DIG"}],"circlet_count":0,"master_deck":["AscendersBane","Strike_B","Strike_B","Strike_B","Strike_B","Defend_B","Defend_B","Defend_B","Defend_B","Zap+1","Dualcast+1","Biased Cognition","Regret","BootSequence"],"relics":["Cracked Core","Ring of Greed","ReplayTheSpireMod:Ring of Exchange","MawBank","Membership Card","Shovel","Onion Ring"],"acts_visited":["Exordium"],"potions_floor_usage":[],"damage_taken":[{"damage":10,"enemies":"Small Slimes","floor":1,"turns":3},{"damage":2,"enemies":"Jaw Worm","floor":7,"turns":2},{"damage":55,"enemies":"Gremlin Nob","floor":8,"turns":4}],"seed_played":"-3641103258243611198","potions_obtained":[],"is_trial":false,"path_per_floor":["M","?","?","?","?","R","M","E"],"character_chosen":"DEFECT","items_purchased":[],"campfire_rested":0,"item_purchase_floors":[],"current_hp_per_floor":[58,44,44,37,37,37,35,0,0],"gold":242,"neow_bonus":"THREE_RARE_CARDS","is_daily":false,"chose_seed":false,"campfire_upgraded":0,"win_rate":0.0,"timestamp":1612087314,"path_taken":["M","?","?","?","?","R","M","E"],"items_purchased_type":[],"build_version":"2020-12-22","purchased_purges":0,"victory":false,"max_hp_per_floor":[68,68,68,68,68,68,68,68,68],"card_choices":[{"not_picked":["Multi-Cast","Amplify"],"picked":"Biased Cognition","floor":0},{"not_picked":["Beam Cell","Hologram","ReplayTheSpireMod:GoodbyeWorld"],"picked":"SKIP","floor":1},{"not_picked":["Leap","BasicCrystalCard"],"picked":"BootSequence","floor":7}],"player_experience":843862,"relics_obtained":[{"floor":3,"key":"Ring of Greed"},{"floor":3,"key":"ReplayTheSpireMod:Ring of Exchange"},{"floor":3,"key":"MawBank"},{"floor":3,"key":"Membership Card"},{"floor":6,"key":"Onion Ring"}],"event_choices":[{"damage_healed":0,"gold_gain":0,"player_choice":"Entered Light","damage_taken":14,"max_hp_gain":0,"max_hp_loss":0,"event_name":"Shining Light","floor":2,"gold_loss":0,"cards_upgraded":["Zap","Dualcast"]},{"cards_removed":["Looming Evil"],"damage_healed":0,"gold_gain":0,"player_choice":"Card Removal","damage_taken":7,"max_hp_gain":0,"max_hp_loss":0,"event_name":"Golden Wing","floor":4,"gold_loss":0},{"damage_healed":0,"gold_gain":0,"player_choice":"Box","damage_taken":0,"relics_obtained":["Shovel"],"max_hp_gain":0,"max_hp_loss":0,"event_name":"Big Fish","floor":5,"gold_loss":0,"cards_obtained":["Regret"]}],"is_beta":false,"boss_relics":[],"items_purged_floors":[],"is_endless":false,"potions_floor_spawned":[],"killed_by":"Gremlin Nob","ascension_level":11}}