{"host":"9n6i2vl93jt4o42q","time":1612112624,"event":{"mods":["BaseMod","Minty Spire (QoL Compilation)","Relic Stats"],"gold_per_floor":[113,113,186,206,206,206,225,225,225,225,251,261,286,52,52,125,425,440,440,355,365,30,30,61,71,71,81,81,109,109,120,120,120,120],"floor_reached":33,"language":"ENG","playtime":1686,"items_purged":["Strike_G"],"score":586,"play_id":"997df25f-a48b-4bcb-a5eb-17c27f37cd8b","local_time":"20210131180344","is_ascension_mode":true,"campfire_choices":[{"data":"All Out Attack","floor":6,"key":"SMITH"},{"data":"Dagger Spray","floor":8,"key":"SMITH"},{"data":"Neutralize","floor":10,"key":"SMITH"},{"data":"Choke","floor":15,"key":"SMITH"},{"floor":23,"key":"REST"},{"floor":28,"key":"REST"},{"floor":32,"key":"REST"}],"circlet_count":0,"master_deck":["AscendersBane","Strike_G+1","Strike_G+1","Strike_G+1","Defend_G+1","Defend_G+1","Defend_G+1","Defend_G+1","Survivor","Neutralize+1","Sucker Punch","All Out Attack+1","Heel Hook","Dagger Spray+1","Blade Dance","Crippling Poison","Acrobatics","Choke+1","Slice","Prepared","Corpse Explosion","CurseOfTheBell","Finisher","PiercingWail","Noxious Fumes","Reflex","Outmaneuver","Terror","Tactician","Leg Sweep","Tactician+1"],"relics":["Ring of the Snake","NeowsBlessing","Ninja Scroll","Ancient Tea Set","Calling Bell","Happy Flower","Mercury Hourglass","Old Coin","Mummified Hand","TwistedFunnel","Darkstone Periapt","Sundial","Smiling Mask"],"acts_visited":["Exordium","TheCity"],"potions_floor_usage":[18,24,29,33],"damage_taken":[{"damage":0,"enemies":"Jaw Worm","floor":1,"turns":1},{"damage":0,"enemies":"2 Louse","floor":4,"turns":1},{"damage":0,"enemies":"Cultist","floor":7,"turns":1},{"damage":17,"enemies":"3 Sentries","floor":11,"turns":6},{"damage":0,"enemies":"3 Louse","floor":12,"turns":1},{"damage":8,"enemies":"Gremlin Nob","floor":13,"turns":3},{"damage":9,"enemies":"Slime Boss","floor":16,"turns":8},{"damage":12,"enemies":"2 Thieves","floor":18,"turns":3},{"damage":19,"enemies":"Shell Parasite","floor":21,"turns":3},{"damage":27,"enemies":"Book of Stabbing","floor":24,"turns":4},{"damage":8,"enemies":"Sentry and Sphere","floor":25,"turns":3},{"damage":0,"enemies":"Shelled Parasite and Fungi","floor":27,"turns":2},{"damage":6,"enemies":"Gremlin Leader","floor":29,"turns":5},{"damage":0,"enemies":"Centurion and Healer","floor":31,"turns":4},{"damage":42,"enemies":"Automaton","floor":33,"turns":8}],"seed_played":"7913018212975461943","potions_obtained":[{"floor":4,"key":"Block Potion"},{"floor":11,"key":"Energy Potion"},{"floor":21,"key":"Strength Potion"},{"floor":24,"key":"GhostInAJar"},{"floor":25,"key":"Block Potion"},{"floor":29,"key":"Ancient Potion"}],"is_trial":false,"path_per_floor":["M","?","?","M","?","R","M","R","T","R","E","M","E","$","R","B",null,"M","?","?","M","$","R","E","M","T","M","R","E","?","M","R","B"],"character_chosen":"THE_SILENT","items_purchased":["Choke","Slice","Prepared","TwistedFunnel","Noxious Fumes","Reflex","Outmaneuver"],"campfire_rested":3,"item_purchase_floors":[14,14,14,22,22,22,22],"current_hp_per_floor":[59,59,59,59,59,59,59,59,59,59,42,42,34,34,34,25,56,44,44,44,25,25,44,17,9,9,9,28,22,22,22,41,0,0],"gold":120,"neow_bonus":"THREE_ENEMY_KILL","is_daily":false,"chose_seed":false,"campfire_upgraded":4,"win_rate":0.0,"timestamp":1612112624,"path_taken":["M","?","?","M","?","R","M","R","T","R","E","?","E","$","R","BOSS","M","?","?","M","$","R","E","M","T","M","R","E","?","M","R","BOSS"],"items_purchased_type":["Card","Card","Card","Relic","Card","Card","Card"],"build_version":"2020-12-22","purchased_purges":1,"victory":false,"max_hp_per_floor":[66,66,66,66,66,66,66,66,66,66,66,66,66,66,66,66,66,66,66,66,66,66,66,66,66,66,66,66,66,66,66,66,66,66],"relic_stats":{"Darkstone Periapt":0,"Happy Flower":[10],"counters":[15,53],"Mummified Hand":[3],"Sundial":[0],"Smiling Mask":0,"obtain_stats":[{"TwistedFunnel":22,"Darkstone Periapt":24,"NeowsBlessing":0,"Happy Flower":17,"Ancient Tea Set":13,"Smiling Mask":29,"Mercury Hourglass":17,"Old Coin":17,"Calling Bell":17,"Ninja Scroll":11,"Mummified Hand":20,"Sundial":26,"Ring of the Snake":0},{"TwistedFunnel":9,"Darkstone Periapt":10,"NeowsBlessing":0,"Happy Flower":7,"Ancient Tea Set":6,"Smiling Mask":13,"Mercury Hourglass":7,"Old Coin":7,"Calling Bell":7,"Ninja Scroll":4,"Mummified Hand":8,"Sundial":11,"Ring of the Snake":0},{"TwistedFunnel":27,"Darkstone Periapt":31,"NeowsBlessing":0,"Happy Flower":21,"Ancient Tea Set":13,"Smiling Mask":41,"Mercury Hourglass":21,"Old Coin":21,"Calling Bell":21,"Ninja Scroll":9,"Mummified Hand":24,"Sundial":34,"Ring of the Snake":0}],"Ring of the Snake":[30],"Mercury Hourglass":[125]},"card_choices":[{"not_picked":["Bane","PiercingWail"],"picked":"Sucker Punch","floor":1},{"not_picked":["Noxious Fumes","Deadly Poison"],"picked":"Heel Hook","floor":4},{"not_picked":["Outmaneuver","Sucker Punch"],"picked":"Dagger Spray","floor":7},{"not_picked":["Bouncing Flask","Reflex"],"picked":"Blade Dance","floor":11},{"not_picked":["Dash","Dodge and Roll"],"picked":"Crippling Poison","floor":12},{"not_picked":["Backstab","All Out Attack"],"picked":"Acrobatics","floor":13},{"not_picked":["Glass Knife","Phantasmal Killer"],"picked":"Corpse Explosion","floor":16},{"not_picked":["Expertise","Slice"],"picked":"Finisher","floor":18},{"not_picked":["Masterful Stab","Quick Slash"],"picked":"PiercingWail","floor":21},{"not_picked":["Prepared","Distraction","PiercingWail"],"picked":"SKIP","floor":24},{"not_picked":["Dash","Finisher"],"picked":"Terror","floor":25},{"not_picked":["Bouncing Flask","Prepared"],"picked":"Tactician","floor":27},{"not_picked":["Quick Slash","Flechettes+1"],"picked":"Leg Sweep","floor":29},{"not_picked":["Finisher","Choke"],"picked":"Tactician+1","floor":31}],"player_experience":2360058,"relics_obtained":[{"floor":11,"key":"Ninja Scroll"},{"floor":13,"key":"Ancient Tea Set"},{"floor":17,"key":"Happy Flower"},{"floor":17,"key":"Mercury Hourglass"},{"floor":17,"key":"Old Coin"},{"floor":24,"key":"Darkstone Periapt"},{"floor":26,"key":"Sundial"},{"floor":29,"key":"Smiling Mask"}],"event_choices":[{"damage_healed":0,"gold_gain":0,"cards_transformed":["Defend_G"],"player_choice":"Change","damage_taken":0,"max_hp_gain":0,"max_hp_loss":0,"event_name":"Living Wall","floor":2,"gold_loss":0,"cards_obtained":["All Out Attack"]},{"damage_healed":0,"gold_gain":73,"player_choice":"Gained Gold","damage_taken":0,"max_hp_gain":0,"max_hp_loss":0,"event_name":"Golden Wing","floor":3,"gold_loss":0},{"cards_removed":["Strike_G"],"damage_healed":0,"gold_gain":0,"player_choice":"Purged","damage_taken":0,"max_hp_gain":0,"max_hp_loss":0,"event_name":"Purifier","floor":5,"gold_loss":0},{"damage_healed":0,"gold_gain":0,"player_choice":"Simplicity","damage_taken":0,"max_hp_gain":0,"max_hp_loss":0,"event_name":"Back to Basics","floor":19,"gold_loss":0,"cards_upgraded":["Strike_G","Strike_G","Strike_G","Defend_G","Defend_G","Defend_G","Defend_G"]},{"damage_healed":0,"gold_gain":0,"player_choice":"Obtained Relic","damage_taken":0,"relics_obtained":["Mummified Hand"],"max_hp_gain":0,"max_hp_loss":0,"event_name":"Addict","floor":20,"gold_loss":85},{"damage_healed":0,"gold_gain":0,"player_choice":"Ignored","damage_taken":0,"max_hp_gain":0,"max_hp_loss":0,"event_name":"Ghosts","floor":30,"gold_loss":0}],"is_beta":false,"boss_relics":[{"not_picked":["Sozu","Ring of the Serpent"],"picked":"Calling Bell"}],"items_purged_floors":[14],"is_endless":false,"potions_floor_spawned":[4,11,12,21,24,25,29],"killed_by":"Automaton","ascension_level":20}}