{"host":"Nico","time":1612107149,"event":{"mods":["2.2 Compatiblity","AchievementEnabler","Aspiration","BaseMod","Beaked The Cultist","Better Altar","Better Note","Better Skull","Conspire","Custom Start","DeckTracker","Displayed Cursed Tome","Energized Spire","Halation","Highlight Path","Hubris","Infinite Spire","Minty Spire (QoL Compilation)","Permanent Neow","Poor People Problems","Relic Filter Mod","Relic Sorter","Replay The Spire","Shop Mod","StSLib","Synergy Search","The Cursed","TheVacant","Trackpad","Transform Curses","Unknown Chances"],"gold_per_floor":[119,139,149,149,167,167,192,206,206,55,72,82,82,98,98,193,193,207,207,230,190,190,217,236,236,236,236,236],"floor_reached":27,"language":"ENG","playtime":2356,"items_purged":[],"score":235,"play_id":"9835291c-d688-470c-bfe6-18d437abed32","local_time":"20210131153229","is_ascension_mode":false,"campfire_choices":[{"data":"beaked:Ceremony","floor":6,"key":"SMITH"},{"data":"beaked:Ceremony","floor":13,"key":"SMITH"},{"data":"beaked:Ceremony","floor":15,"key":"SMITH"},{"data":"beaked:Hexing","floor":25,"key":"SMITH"}],"circlet_count":0,"master_deck":["beaked:Strike_Y","beaked:Strike_Y","beaked:Strike_Y","beaked:Strike_Y","beaked:Strike_Y","beaked:Strike_Y","beaked:Defend_Y","beaked:Defend_Y","beaked:Defend_Y","beaked:Defend_Y","beaked:Ceremony+1","beaked:Ceremony+1","beaked:Ceremony+1","beaked:Insight","beaked:Poke","beaked:Brace","beaked:Foresight","beaked:Struggle","beaked:VigorBurst","beaked:WindBringer","beaked:AwakenedForm+1","beaked:RitualOfBody+1","beaked:Hexing+1","Cleave"],"relics":["beaked:MendingPlumage","aspiration:Nostalgia","TheCursedMod:BlackMagic101","ReplayFunnel","halation:Thesaurus","conspire:TopHat","energizedSpire:RedRose","hubris:DisguiseKit","Onion Ring"],"acts_visited":["Exordium","TheCity"],"potions_floor_usage":[11,14,16],"damage_taken":[{"damage":10,"enemies":"Cultist","floor":1,"turns":4},{"damage":12,"enemies":"Small Slimes","floor":2,"turns":7},{"damage":11,"enemies":"Jaw Worm","floor":3,"turns":4},{"damage":33,"enemies":"3 Louse","floor":5,"turns":13},{"damage":23,"enemies":"Lagavulin","floor":7,"turns":7},{"damage":44,"enemies":"Exordium Wildlife","floor":8,"turns":13},{"damage":10,"enemies":"Looter","floor":11,"turns":3},{"damage":6,"enemies":"3 Louse","floor":12,"turns":4},{"damage":11,"enemies":"Red Slaver","floor":14,"turns":5},{"damage":23,"enemies":"Hexaghost","floor":16,"turns":10},{"damage":28,"enemies":"Spheric Guardian","floor":18,"turns":5},{"damage":26,"enemies":"conspire:Head Lice","floor":23,"turns":9},{"damage":30,"enemies":"Shell Parasite","floor":24,"turns":8},{"damage":67,"enemies":"Gremlin Leader","floor":27,"turns":4}],"seed_played":"-741593355394409355","potions_obtained":[{"floor":5,"key":"Adrenaline Potion"},{"floor":14,"key":"Adrenaline Potion"},{"floor":18,"key":"Elixir"}],"is_trial":false,"path_per_floor":["M","M","M","?","M","R","E","M","T","$","M","M","R","M","R","B",null,"M","?","T","?","?","E","M","R","T","E"],"character_chosen":"BEAKED_THE_CULTIST","items_purchased":["halation:Thesaurus"],"campfire_rested":0,"item_purchase_floors":[10],"current_hp_per_floor":[44,50,47,47,50,50,35,24,24,24,22,33,33,42,42,55,55,44,55,55,55,55,55,54,54,54,0,0],"gold":236,"neow_bonus":"NOSTALGIA","is_daily":false,"chose_seed":false,"campfire_upgraded":4,"win_rate":0.0,"timestamp":1612107149,"path_taken":["M","M","?","?","?","R","E","M","T","$","M","M","R","M","R","BOSS","M","?","?","?","?","E","M","R","T","E"],"items_purchased_type":["Relic"],"build_version":"2020-12-18","purchased_purges":0,"victory":false,"max_hp_per_floor":[50,50,50,50,50,50,50,50,50,50,50,55,55,55,55,55,55,55,55,55,55,55,55,55,55,55,55,55],"card_choices":[{"not_picked":["beaked:HuntressEssence","beaked:Tradeoff","beaked:WarriorEssence"],"picked":"SKIP","floor":1},{"not_picked":["beaked:DesperateSwing","beaked:Redirect"],"picked":"beaked:Daydream","floor":2},{"not_picked":["beaked:MimicHuntress","beaked:Flinch"],"picked":"beaked:Insight","floor":3},{"not_picked":["beaked:MachineSpirit","beaked:CrazyRituals"],"picked":"beaked:Brace","floor":5},{"not_picked":["beaked:Windmill","beaked:CursingBlood"],"picked":"beaked:Foresight","floor":7},{"not_picked":["beaked:Evade","beaked:Overpower"],"picked":"beaked:Struggle","floor":8},{"not_picked":["beaked:MimicMachine","ReplayTheSpireMod:Wings of Steel","beaked:WarriorSpirit"],"picked":"SKIP","floor":11},{"not_picked":["beaked:SacrificialDive","beaked:HuntressEssence"],"picked":"beaked:VigorBurst","floor":12},{"not_picked":["beaked:CursingBlood","beaked:CheekyTricks"],"picked":"beaked:WindBringer","floor":14},{"not_picked":["beaked:FullHouse","beaked:WildInstinct"],"picked":"beaked:AwakenedForm","floor":16},{"not_picked":["beaked:Tradeoff","beaked:Daydream"],"picked":"beaked:RitualOfBody+1","floor":18},{"not_picked":["beaked:Struggle","beaked:Cower","ReplayTheSpireMod:Strike From Hell"],"picked":"beaked:Hexing","floor":23},{"not_picked":["beaked:Daydream","beaked:Tradeoff","beaked:HuntressEssence"],"picked":"Cleave","floor":24}],"player_experience":686860,"relics_obtained":[{"floor":7,"key":"aspiration:ChemicalBlood"},{"floor":9,"key":"ReplayFunnel"},{"floor":26,"key":"Onion Ring"}],"event_choices":[{"damage_healed":0,"gold_gain":0,"player_choice":"2 cards matched","damage_taken":0,"max_hp_gain":0,"max_hp_loss":0,"event_name":"Match and Keep!","floor":4,"gold_loss":0,"cards_obtained":["beaked:Poke","Replay:Parry"]},{"damage_healed":0,"gold_gain":0,"player_choice":"2 cards matched","damage_taken":0,"max_hp_gain":0,"max_hp_loss":0,"event_name":"Match and Keep!","floor":4,"gold_loss":0,"cards_obtained":["beaked:Poke","Replay:Parry"]},{"cards_removed":["Replay:Parry"],"damage_healed":11,"gold_gain":0,"player_choice":"Offered Uncommon","damage_taken":0,"max_hp_gain":0,"max_hp_loss":0,"event_name":"Bonfire Elementals","floor":19,"gold_loss":0},{"damage_healed":0,"gold_gain":0,"player_choice":"Upgrade","damage_taken":0,"max_hp_gain":0,"max_hp_loss":0,"event_name":"Designer","floor":21,"gold_loss":40,"cards_upgraded":["beaked:AwakenedForm"]},{"cards_removed":["beaked:Daydream"],"damage_healed":0,"gold_gain":0,"player_choice":"Gave Card","damage_taken":0,"relics_obtained":["hubris:DisguiseKit"],"max_hp_gain":0,"max_hp_loss":0,"event_name":"WeMeetAgain","floor":22,"gold_loss":0}],"is_beta":true,"boss_relics":[{"not_picked":["aspiration:DefectSkillbook","halation:LoveArrow"],"picked":"energizedSpire:RedRose"}],"items_purged_floors":[],"is_endless":false,"potions_floor_spawned":[5,8,14,18],"killed_by":"Gremlin Leader","ascension_level":0}}