{"host":"qga1dk0dpejsljfb","time":1612130099,"event":{"mods":["A Magickal Journey","Aspiration","BaseMod","Beaked The Cultist","Colored Map","Conspire","Curses Come First","DeckTracker","Downfall","Energized Spire","Glutton Mod","Halation","Hermit","Highlight Path","Hubris","Infinite Spire","Mad Scientist","Marisa????????","Mimic Mod","Minty Spire (QoL Compilation)","Relic Sorter","Replay The Spire","Shop Mod","StSLib","The Administrix","The Bug Knight","The Construct","The Cursed","The Disciple","The Mystic","The Necromancer","The Runesmith","The Servant 0.9.4"],"gold_per_floor":[99,117,136,160,160,160,160,177,191,191,191,223,82,95,109,212,212,212,229,246,263,199,199,199,199],"floor_reached":23,"language":"ENG","playtime":1780,"items_purged":["bronze:Strike"],"score":218,"play_id":"33cae211-5b39-402c-bedc-6e7ff008f05c","local_time":"20210131135459","is_ascension_mode":false,"campfire_choices":[{"floor":1,"key":"DIG"},{"data":"infinitespire:Punishment","floor":6,"key":"SMITH"},{"data":"bronze:Overload","floor":11,"key":"SMITH"},{"floor":18,"key":"DIG"}],"circlet_count":0,"master_deck":["bronze:Strike","bronze:Defend","bronze:Defend","bronze:Defend","bronze:Defend","bronze:Replicate","bronze:Goto","bronze:Return","bronze:Flail","infinitespire:Punishment+1","bronze:CutThrough","bronze:Overload+1","bronze:ClassDefault","bronze:Branch","bronze:FineTuning","bronze:CutThrough","bronze:Repair","bronze:WhirlingStrike","bronze:Assembly","bronze:CloningBeam","bronze:CloningBeam","bronze:DelayedSlice","bronze:FineTuning+1","bronze:ThunderWave","bronze:Iterate"],"relics":["bronze:BronzeCore","Pet Ghost","aspiration:TomeofQuesting","infinitespire:Lucky Rock","ReplayTheSpireMod:TigerMarble","Prayer Wheel","Empty Cage","halation:BottledLove"],"acts_visited":["Exordium","TheCity"],"potions_floor_usage":[23],"damage_taken":[{"damage":0,"enemies":"Cultist","floor":2,"turns":4},{"damage":0,"enemies":"Small Slimes","floor":3,"turns":4},{"damage":6,"enemies":"Jaw Worm","floor":8,"turns":2},{"damage":12,"enemies":"Exordium Thugs","floor":9,"turns":3},{"damage":0,"enemies":"Replay:BlueRogue","floor":12,"turns":3},{"damage":5,"enemies":"downfall:FleeingMerchant","floor":13,"turns":4},{"damage":13,"enemies":"Exordium Wildlife","floor":14,"turns":2},{"damage":15,"enemies":"3 Louse","floor":15,"turns":2},{"damage":14,"enemies":"SI_SHIV_ARCHETYPE","floor":16,"turns":6},{"damage":2,"enemies":"Spheric Guardian","floor":19,"turns":3},{"damage":1,"enemies":"Chosen and Byrds","floor":20,"turns":4},{"damage":18,"enemies":"Centurion and Healer","floor":21,"turns":6},{"damage":0,"enemies":"downfall:FleeingMerchant","floor":22,"turns":4},{"damage":85,"enemies":"downfall:Augmenter","floor":23,"turns":6}],"seed_played":"4721396903079100305","potions_obtained":[{"floor":3,"key":"Elixir"},{"floor":8,"key":"DuplicationPotion"},{"floor":15,"key":"hexamod:SoulburnPotion"}],"is_trial":false,"path_per_floor":["R_BF","M","M","T","?","R","T","M","M","T","R","E","$","M","M","B",null,"R_BF","M","M","M","$","?"],"character_chosen":"THE_AUTOMATON","items_purchased":["bronze:Branch","bronze:Iterate"],"campfire_rested":0,"item_purchase_floors":[13,22],"current_hp_per_floor":[77,77,77,77,57,57,57,51,39,39,39,39,34,21,6,16,77,77,75,77,66,73,0,0,0],"gold":199,"neow_bonus":"TEN_PERCENT_HP_BONUS","is_daily":false,"chose_seed":false,"campfire_upgraded":2,"win_rate":0.0,"timestamp":1612130099,"path_taken":["R_BF","M","?","?","?","R","T","?","M","?","R","E","?","M","M","BOSS","R_BF","M","M","M","$","?"],"items_purchased_type":["Card","Card"],"build_version":"2020-12-22","purchased_purges":1,"victory":false,"max_hp_per_floor":[77,77,77,77,77,77,77,77,77,77,77,77,77,77,77,77,77,77,77,77,77,77,77,77,77],"card_choices":[{"not_picked":["bronze:Overheat","bronze:Safeguard"],"picked":"bronze:Return","floor":2},{"not_picked":["bronze:Frontload","bronze:Shield"],"picked":"bronze:Flail","floor":3},{"not_picked":["infinitespire:Oblivion","ReplayTheSpireMod:Black Plague"],"picked":"infinitespire:Punishment","floor":5},{"not_picked":["bronze:BuggyMess","bronze:WhirlingStrike"],"picked":"bronze:CutThrough","floor":8},{"not_picked":["bronze:DelayedSlice","bronze:FollowUp"],"picked":"bronze:Overload","floor":9},{"not_picked":["bronze:DelayedGuard","bronze:HyperBeam"],"picked":"bronze:ClassDefault","floor":12},{"not_picked":["bronze:OilSpill","bronze:Backtrace","bronze:Safeguard"],"picked":"SKIP","floor":13},{"not_picked":["bronze:Frontload","bronze:DelayedGuard"],"picked":"bronze:FineTuning","floor":14},{"not_picked":["bronze:OilSpill","bronze:BitShift"],"picked":"bronze:CutThrough","floor":14},{"not_picked":["bronze:WildBeam","bronze:CutThrough"],"picked":"bronze:Repair","floor":15},{"not_picked":["bronze:BuggyMess","bronze:Branch"],"picked":"bronze:WhirlingStrike","floor":15},{"not_picked":["bronze:AlphaBuild","bronze:HyperBeam"],"picked":"bronze:Assembly","floor":16},{"not_picked":["bronze:Overheat","bronze:Shell"],"picked":"bronze:CloningBeam","floor":19},{"not_picked":["bronze:WildBeam","bronze:Return"],"picked":"bronze:CloningBeam","floor":19},{"not_picked":["bronze:Flail","bronze:BugBarrage"],"picked":"bronze:DelayedSlice","floor":20},{"not_picked":["bronze:CutThrough","bronze:Repulsor","bronze:BitShift"],"picked":"SKIP","floor":20},{"not_picked":["bronze:Overheat","bronze:Shield"],"picked":"bronze:FineTuning+1","floor":21},{"not_picked":["bronze:Turbo+1","bronze:Overload+1","bronze:Branch"],"picked":"SKIP","floor":21},{"not_picked":["bronze:BronzeOrb","bronze:Frontload"],"picked":"bronze:ThunderWave","floor":22}],"player_experience":137868,"relics_obtained":[{"floor":1,"key":"Pet Ghost"},{"floor":4,"key":"aspiration:TomeofQuesting"},{"floor":7,"key":"infinitespire:Lucky Rock"},{"floor":10,"key":"ReplayTheSpireMod:TigerMarble"},{"floor":12,"key":"Prayer Wheel"},{"floor":18,"key":"halation:BottledLove"}],"event_choices":[],"is_beta":false,"boss_relics":[{"not_picked":["Philosopher\u0027s Stone","ChewingGum"],"picked":"Empty Cage"}],"items_purged_floors":[13],"is_endless":false,"potions_floor_spawned":[3,8,15,16],"killed_by":"downfall:Augmenter","ascension_level":0}}