{"host":"zwezhz46a5cjkxff","time":1612078523,"event":{"mods":["AchievementEnabler","BaseMod","Colored Map","Colored Powertips","DeckTracker","Hermit","Minty Spire (QoL Compilation)","Permanent Neow","Quick Restart","Rare Cards Sparkle","Relic Stats","Robot Space Explorer","StSLib","SuperFastMode","The Hierophant","The Servant 0.9.4","Weighted Paths","slay the spire mod where everything is the same but ironclad has a cowboy hat"],"gold_per_floor":[113,113,132,151,151,190,190,190,214,214,254,275,275,319,319,442,442,466,482,482,500,11,11,42,42,42,54,54],"floor_reached":27,"language":"ENG","playtime":667,"items_purged":[],"score":261,"play_id":"5e5f4686-c6eb-4788-8f06-5ad73aa13cd2","local_time":"20210131013523","is_ascension_mode":true,"campfire_choices":[{"floor":7,"key":"RECALL"},{"data":"Armaments","floor":10,"key":"SMITH"},{"data":"Pommel Strike","floor":13,"key":"SMITH"},{"floor":15,"key":"REST"},{"data":"Barricade","floor":23,"key":"SMITH"},{"data":"Inflame","floor":25,"key":"SMITH"}],"circlet_count":0,"master_deck":["Strike_R","Strike_R","Strike_R","Strike_R","Strike_R","Defend_R","Defend_R","Defend_R","Bash+1","Iron Wave","Pommel Strike+1","Armaments+1","Inflame","Barricade+1","Impervious","Inflame+1","Iron Wave"],"relics":["Black Blood","Torii","Golden Idol","Blood Vial","PreservedInsect","Meat on the Bone","Omamori","Matryoshka","Dream Catcher","MawBank","Sundial"],"acts_visited":["Exordium","TheCity"],"potions_floor_usage":[14,16,16],"damage_taken":[{"damage":3,"enemies":"2 Louse","floor":1,"turns":3},{"damage":2,"enemies":"Cultist","floor":3,"turns":4},{"damage":1,"enemies":"Small Slimes","floor":4,"turns":3},{"damage":26,"enemies":"Lagavulin","floor":6,"turns":6},{"damage":12,"enemies":"3 Sentries","floor":11,"turns":6},{"damage":8,"enemies":"2 Fungi Beasts","floor":12,"turns":3},{"damage":39,"enemies":"Lagavulin","floor":14,"turns":7},{"damage":20,"enemies":"The Guardian","floor":16,"turns":11},{"damage":2,"enemies":"Chosen","floor":18,"turns":4},{"damage":26,"enemies":"Shell Parasite","floor":19,"turns":10},{"damage":40,"enemies":"Cultist and Chosen","floor":21,"turns":8},{"damage":32,"enemies":"Gremlin Leader","floor":24,"turns":8},{"damage":40,"enemies":"Book of Stabbing","floor":27,"turns":3}],"seed_played":"2387622418000924864","potions_obtained":[{"floor":11,"key":"Energy Potion"},{"floor":12,"key":"Weak Potion"},{"floor":14,"key":"Fire Potion"},{"floor":24,"key":"Dexterity Potion"}],"is_trial":false,"path_per_floor":["M","?","M","M","?","E","R","?","T","R","E","M","R","E","R","B",null,"M","M","T","M","$","R","E","R","T","E"],"character_chosen":"IRONCLAD","items_purchased":["Impervious","Inflame","Matryoshka","Iron Wave"],"campfire_rested":1,"item_purchase_floors":[22,22,22,22],"current_hp_per_floor":[72,72,72,72,54,34,34,34,34,34,30,42,42,23,44,44,72,72,58,58,44,44,44,38,38,38,0,0],"gold":54,"neow_bonus":"ONE_RARE_RELIC","is_daily":false,"chose_seed":false,"campfire_upgraded":4,"win_rate":0.0,"timestamp":1612078523,"path_taken":["M","?","?","M","?","E","R","?","T","R","E","M","R","E","R","BOSS","M","M","?","M","?","R","E","R","T","E"],"items_purchased_type":["Card","Card","Relic","Card"],"build_version":"2020-12-22","purchased_purges":0,"victory":false,"max_hp_per_floor":[72,72,72,72,72,72,72,72,72,72,72,72,72,72,72,72,72,72,72,72,72,72,72,72,72,72,72,72],"relic_stats":{"Blood Vial":14,"Dream Catcher":0,"Torii":70,"counters":[13,76],"Golden Idol":72,"Sundial":[0],"Black Blood":74,"PreservedInsect":154,"MawBank":12,"obtain_stats":[{"Blood Vial":6,"Dream Catcher":24,"Matryoshka":22,"Torii":0,"Golden Idol":5,"Sundial":26,"Black Blood":17,"PreservedInsect":9,"Omamori":14,"MawBank":26,"Burning Blood":0,"Meat on the Bone":11},{"Blood Vial":4,"Dream Catcher":12,"Matryoshka":11,"Torii":0,"Golden Idol":3,"Sundial":12,"Black Blood":8,"PreservedInsect":4,"Omamori":7,"MawBank":12,"Burning Blood":0,"Meat on the Bone":5},{"Blood Vial":16,"Dream Catcher":73,"Matryoshka":65,"Torii":0,"Golden Idol":10,"Sundial":73,"Black Blood":43,"PreservedInsect":16,"Omamori":32,"MawBank":73,"Burning Blood":0,"Meat on the Bone":22}],"Meat on the Bone":60},"card_choices":[{"not_picked":["Perfected Strike","Clothesline","Sever Soul"],"picked":"SKIP","floor":1},{"not_picked":["Twin Strike","Sentinel"],"picked":"Iron Wave","floor":3},{"not_picked":["Burning Pact","Wild Strike"],"picked":"Pommel Strike","floor":4},{"not_picked":["Thunderclap","Body Slam"],"picked":"Armaments","floor":6},{"not_picked":["Limit Break","Clash","Warcry"],"picked":"SKIP","floor":11},{"not_picked":["Seeing Red","Anger","Sentinel"],"picked":"SKIP","floor":12},{"not_picked":["Perfected Strike","Pummel"],"picked":"Inflame","floor":14},{"not_picked":["Bludgeon","Double Tap"],"picked":"Barricade","floor":16},{"not_picked":["Havoc","Clash","Perfected Strike"],"picked":"SKIP","floor":18},{"not_picked":["Anger","Twin Strike","Dropkick"],"picked":"SKIP","floor":19},{"not_picked":["Wild Strike","Cleave","Perfected Strike"],"picked":"SKIP","floor":21},{"not_picked":["Dropkick","Reckless Charge","Perfected Strike"],"picked":"SKIP","floor":24}],"player_experience":52963,"relics_obtained":[{"floor":6,"key":"Blood Vial"},{"floor":9,"key":"PreservedInsect"},{"floor":11,"key":"Meat on the Bone"},{"floor":14,"key":"Omamori"},{"floor":24,"key":"Dream Catcher"},{"floor":26,"key":"MawBank"},{"floor":26,"key":"Sundial"}],"event_choices":[{"damage_healed":0,"gold_gain":0,"player_choice":"Upgraded","damage_taken":0,"max_hp_gain":0,"max_hp_loss":0,"event_name":"Upgrade Shrine","floor":2,"gold_loss":0,"cards_upgraded":["Bash"]},{"damage_healed":0,"gold_gain":0,"player_choice":"Take Damage","damage_taken":18,"relics_obtained":["Golden Idol"],"max_hp_gain":0,"max_hp_loss":0,"event_name":"Golden Idol","floor":5,"gold_loss":0},{"cards_removed":["Defend_R"],"damage_healed":0,"gold_gain":0,"player_choice":"Purged","damage_taken":0,"max_hp_gain":0,"max_hp_loss":0,"event_name":"Purifier","floor":8,"gold_loss":0}],"is_beta":false,"boss_relics":[{"not_picked":["Velvet Choker","Tiny House"],"picked":"Black Blood"}],"items_purged_floors":[],"is_endless":false,"potions_floor_spawned":[11,12,14,24],"killed_by":"Book of Stabbing","ascension_level":1}}