{"host":"8is2j71l4wmybkoi","time":1612070506,"event":{"mods":["AchievementEnabler","BaseMod","Colored Map","Minty Spire (QoL Compilation)","Rare Cards Sparkle","StSLib","SuperFastMode"],"gold_per_floor":[118,138,138,138,213,261,261,294,319,367,377,402,402,245,245,319,319,337,252,107,157,173,173,184,216,239,254,279,279,204,26,26,103,103,117,1116,1129,717,731,762,778,813,813,838,838,857,857,886,886,886,886,886,108,140,140],"floor_reached":56,"language":"KOR","playtime":2873,"items_purged":["Strike_R","Strike_R","Defend_R","Decay"],"score":2171,"play_id":"4e77975a-63e7-4c0f-891c-b0305aaff110","local_time":"20210131142146","is_ascension_mode":true,"campfire_choices":[{"floor":7.0,"key":"REST"},{"data":"Body Slam","floor":13.0,"key":"SMITH"},{"data":"Rupture","floor":15.0,"key":"SMITH"},{"floor":23.0,"key":"REST"},{"floor":29.0,"key":"REST"},{"data":"Bloodletting","floor":32.0,"key":"SMITH"},{"floor":45.0,"key":"REST"},{"floor":49,"key":"RECALL"},{"floor":52,"key":"DIG"}],"circlet_count":0,"master_deck":["AscendersBane","Defend_R","Defend_R","Defend_R","Bash+1","Twin Strike","Shrug It Off","Dropkick","Hemokinesis","Rage","Body Slam+1","Anger","Rupture+1","Bloodletting+1","Fire Breathing","Shockwave","Offering","Swift Strike","Evolve+1","Armaments+1","Bandage Up","Hemokinesis","Limit Break","Dropkick","Sword Boomerang+1","Clash","Flame Barrier+1","Ghostly Armor+1","Swift Strike","Dark Shackles","Offering","Shrug It Off"],"relics":["Burning Blood","PreservedInsect","Unceasing Top","Pantograph","Lantern","Toy Ornithopter","Bag of Preparation","Orrery","Empty Cage","Smiling Mask","Mummified Hand","Omamori","Paper Frog","Cursed Key","White Beast Statue","Shuriken","Bird Faced Urn","Shovel","Darkstone Periapt","Bottled Flame","Kunai","Pen Nib","ClockworkSouvenir","Red Skull"],"acts_visited":["Exordium","TheCity","TheBeyond","TheEnding"],"potions_floor_usage":[46,50,50,55,55],"damage_taken":[{"damage":8.0,"enemies":"Jaw Worm","floor":1.0,"turns":4.0},{"damage":14.0,"enemies":"Small Slimes","floor":2.0,"turns":4.0},{"damage":22.0,"enemies":"3 Sentries","floor":6.0,"turns":8.0},{"damage":27.0,"enemies":"Lagavulin","floor":8.0,"turns":5.0},{"damage":2.0,"enemies":"2 Louse","floor":11.0,"turns":2.0},{"damage":15.0,"enemies":"3 Sentries","floor":12.0,"turns":7.0},{"damage":30.0,"enemies":"The Guardian","floor":16.0,"turns":8.0},{"damage":22.0,"enemies":"2 Thieves","floor":18.0,"turns":3.0},{"damage":25.0,"enemies":"3 Byrds","floor":22.0,"turns":4.0},{"damage":32.0,"enemies":"Shelled Parasite and Fungi","floor":24.0,"turns":4.0},{"damage":19.0,"enemies":"Book of Stabbing","floor":25.0,"turns":3.0},{"damage":23.0,"enemies":"Snake Plant","floor":27.0,"turns":4.0},{"damage":13.0,"enemies":"Gremlin Leader","floor":28.0,"turns":3.0},{"damage":34.0,"enemies":"Collector","floor":33.0,"turns":6.0},{"damage":9.0,"enemies":"3 Shapes","floor":35.0,"turns":3.0},{"damage":18.0,"enemies":"Orb Walker","floor":37.0,"turns":2.0},{"damage":13.0,"enemies":"Spire Growth","floor":39.0,"turns":3.0},{"damage":14.0,"enemies":"Reptomancer","floor":40.0,"turns":2.0},{"damage":36.0,"enemies":"Writhing Mass","floor":41.0,"turns":4.0},{"damage":13.0,"enemies":"Giant Head","floor":42.0,"turns":2.0},{"damage":38.0,"enemies":"Nemesis","floor":44.0,"turns":3.0},{"damage":28,"enemies":"Transient","floor":46,"turns":5},{"damage":24,"enemies":"Giant Head","floor":48,"turns":4},{"damage":35,"enemies":"Donu and Deca","floor":50,"turns":5},{"damage":30,"enemies":"Shield and Spear","floor":54,"turns":3},{"damage":95,"enemies":"The Heart","floor":55,"turns":7}],"seed_played":"-6511427912770878151","potions_obtained":[{"floor":1.0,"key":"Block Potion"},{"floor":2.0,"key":"ColorlessPotion"},{"floor":11.0,"key":"BloodPotion"},{"floor":24.0,"key":"Block Potion"},{"floor":25.0,"key":"Energy Potion"},{"floor":28.0,"key":"Weak Potion"},{"floor":35.0,"key":"GamblersBrew"},{"floor":39.0,"key":"LiquidBronze"},{"floor":40.0,"key":"Weak Potion"},{"floor":41.0,"key":"FearPotion"},{"floor":42.0,"key":"FearPotion"},{"floor":44.0,"key":"Dexterity Potion"},{"floor":46,"key":"Ancient Potion"},{"floor":48,"key":"LiquidMemories"},{"floor":54,"key":"Dexterity Potion"}],"is_trial":false,"path_per_floor":["M","M","?","?","?","E","R","E","T","T","M","E","R","$","R","B",null,"M","?","$","?","M","R","M","E","T","M","E","R","?","$","R","B",null,"M","?","M","$","M","E","M","E","T","E","R","M","?","E","R","B",null,"R","$","E","B",null],"character_chosen":"IRONCLAD","items_purchased":["Orrery","Swift Strike","Bandage Up","Hemokinesis","White Beast Statue","SkillPotion","Dropkick","Kunai","Pen Nib","ClockworkSouvenir","Shrug It Off","DistilledChaos","Block Potion"],"campfire_rested":4,"item_purchase_floors":[14,20,31,31,38,38,38,53,53,53,53,53,53],"current_hp_per_floor":[66,58,63,58,47,31,55,34,34,34,38,29,29,29,29,30,68,52,52,52,52,33,57,31,39,39,22,15,39,39,39,39,45,71,72,72,71,71,64,62,46,39,39,20,44,37,32,24,24,40,70,70,70,58,9],"gold":140,"neow_bonus":"UPGRADE_CARD","is_daily":false,"chose_seed":false,"campfire_upgraded":3,"win_rate":0.0,"timestamp":1612070506,"path_taken":["M","M","?","?","?","E","R","E","T","?","M","E","R","$","R","BOSS","M","?","$","?","M","R","M","E","T","M","E","R","?","?","R","BOSS","M","?","M","$","M","E","M","E","T","E","R","M","?","E","R","BOSS","R","$","E","BOSS"],"items_purchased_type":["Relic","Card","Card","Card","Relic","Potion","Card","Relic","Relic","Relic","Card","Potion","Potion"],"build_version":"2020-12-22","purchased_purges":4,"victory":true,"max_hp_per_floor":[75,75,80,80,80,80,80,80,80,80,80,80,80,80,80,80,80,80,80,80,80,80,80,80,80,80,80,80,80,80,80,80,80,80,80,80,80,80,80,80,80,80,80,80,80,80,80,80,80,80,80,80,80,80,80],"card_choices":[{"not_picked":["Warcry","True Grit"],"picked":"Twin Strike","floor":1.0},{"not_picked":["Thunderclap","Clash"],"picked":"Shrug It Off","floor":2.0},{"not_picked":["Clothesline","Demon Form"],"picked":"Dropkick","floor":6.0},{"not_picked":["Twin Strike","Clash"],"picked":"Hemokinesis","floor":8.0},{"not_picked":["Warcry","Infernal Blade"],"picked":"Rage","floor":11.0},{"not_picked":["Carnage","Sentinel"],"picked":"Body Slam","floor":12.0},{"not_picked":["Cleave","Wild Strike"],"picked":"Anger","floor":14.0},{"not_picked":["Body Slam","Warcry"],"picked":"Rupture","floor":14.0},{"not_picked":["Armaments","Shockwave"],"picked":"Bloodletting","floor":14.0},{"not_picked":["Warcry","True Grit"],"picked":"Fire Breathing","floor":14.0},{"not_picked":["Sword Boomerang","Perfected Strike"],"picked":"Shockwave","floor":14.0},{"not_picked":["Berserk","Impervious"],"picked":"Offering","floor":16.0},{"not_picked":["Cleave","Pommel Strike+1","Heavy Blade"],"picked":"SKIP","floor":18.0},{"not_picked":["Twin Strike","Dark Embrace"],"picked":"Evolve+1","floor":22.0},{"not_picked":["Warcry","Havoc","Twin Strike"],"picked":"SKIP","floor":24.0},{"not_picked":["Anger","Flame Barrier"],"picked":"Armaments+1","floor":25.0},{"not_picked":["Infernal Blade","Shockwave","Searing Blow"],"picked":"SKIP","floor":27.0},{"not_picked":["Thunderclap","Perfected Strike","Disarm"],"picked":"SKIP","floor":28.0},{"not_picked":["Barricade","Exhume"],"picked":"Limit Break","floor":33.0},{"not_picked":["Twin Strike","Uppercut","Shrug It Off"],"picked":"SKIP","floor":35.0},{"not_picked":["Thunderclap+1","Pummel","Cleave"],"picked":"SKIP","floor":37.0},{"not_picked":["Thunderclap","Havoc"],"picked":"Sword Boomerang+1","floor":39.0},{"not_picked":["Feed","Power Through"],"picked":"Clash","floor":40.0},{"not_picked":["Iron Wave","Spot Weakness","Entrench"],"picked":"SKIP","floor":41.0},{"not_picked":["Bloodletting","Sword Boomerang"],"picked":"Flame Barrier+1","floor":42.0},{"not_picked":["Perfected Strike","Flex","Blood for Blood"],"picked":"SKIP","floor":44.0},{"not_picked":["Carnage","Wild Strike"],"picked":"Ghostly Armor+1","floor":46},{"not_picked":["Mind Blast","Violence"],"picked":"Swift Strike","floor":47},{"not_picked":["Dramatic Entrance","Enlightenment"],"picked":"Dark Shackles","floor":47},{"not_picked":["Wild Strike","Berserk"],"picked":"Offering","floor":48},{"not_picked":["Anger","Iron Wave","Wild Strike"],"picked":"SKIP","floor":54}],"player_experience":865133,"relics_obtained":[{"floor":6.0,"key":"Unceasing Top"},{"floor":8.0,"key":"Pantograph"},{"floor":9.0,"key":"Lantern"},{"floor":10.0,"key":"Toy Ornithopter"},{"floor":12.0,"key":"Bag of Preparation"},{"floor":25.0,"key":"Mummified Hand"},{"floor":26.0,"key":"Omamori"},{"floor":28.0,"key":"Paper Frog"},{"floor":40.0,"key":"Shuriken"},{"floor":42.0,"key":"Bird Faced Urn"},{"floor":44.0,"key":"Shovel"},{"floor":48,"key":"Darkstone Periapt"},{"floor":52,"key":"Bottled Flame"},{"floor":54,"key":"Red Skull"}],"event_choices":[{"damage_healed":0.0,"max_hp_gain":5.0,"max_hp_loss":0.0,"gold_gain":0.0,"event_name":"Big Fish","player_choice":"Donut","floor":3.0,"gold_loss":0.0,"damage_taken":0.0},{"damage_healed":0.0,"max_hp_gain":0.0,"max_hp_loss":0.0,"gold_gain":0.0,"event_name":"Scrap Ooze","player_choice":"Success","floor":4.0,"gold_loss":0.0,"damage_taken":5.0,"relics_obtained":["PreservedInsect"]},{"damage_healed":0.0,"max_hp_gain":0.0,"max_hp_loss":0.0,"gold_gain":75.0,"event_name":"World of Goop","player_choice":"Gather Gold","floor":5.0,"gold_loss":0.0,"damage_taken":11.0},{"damage_healed":0.0,"max_hp_gain":0.0,"max_hp_loss":0.0,"gold_gain":0.0,"event_name":"Addict","player_choice":"Obtained Relic","floor":19.0,"gold_loss":85.0,"damage_taken":0.0,"relics_obtained":["Smiling Mask"]},{"damage_healed":0.0,"max_hp_gain":0.0,"max_hp_loss":0.0,"gold_gain":50.0,"event_name":"Nest","player_choice":"Stole From Cult","floor":21.0,"gold_loss":0.0,"damage_taken":0.0},{"cards_removed":["Strike_R"],"damage_healed":0.0,"max_hp_gain":0.0,"max_hp_loss":0.0,"gold_gain":0.0,"event_name":"Beggar","player_choice":"Gave Gold","floor":30.0,"gold_loss":75.0,"damage_taken":0.0},{"damage_healed":0.0,"max_hp_gain":0.0,"max_hp_loss":0.0,"gold_gain":999.0,"event_name":"MindBloom","player_choice":"Gold","floor":36.0,"gold_loss":0.0,"damage_taken":0.0,"cards_obtained":["Normality","Normality"]},{"damage_healed":0,"gold_gain":0,"player_choice":"Memory 2","damage_taken":5,"max_hp_gain":0,"max_hp_loss":0,"event_name":"SensoryStone","floor":47,"gold_loss":0}],"is_beta":false,"boss_relics":[{"not_picked":["Tiny House","Velvet Choker"],"picked":"Empty Cage"},{"not_picked":["Philosopher\u0027s Stone","Pandora\u0027s Box"],"picked":"Cursed Key"}],"items_purged_floors":[20,31,38,53],"is_endless":false,"potions_floor_spawned":[1,2,11,24,25,28,35,39,40,41,42,44,46,48,54],"ascension_level":15}}