{"host":"ss2ocoam53r2lno0","time":1612086021,"event":{"mods":["Act Like it!","BaseMod","ChefMod","Clockwork Mod","Colored Powertips","Curses Come First","Displayed Cursed Tome","Downfall","Evolution","Googly Eyes","Hallownest","Highlight Path","Minty Spire (QoL Compilation)","Poor People Problems","Rare Cards Sparkle","Reliquary","Robot Space Explorer","Shade Mod","Shop Mod","Spicy Shops","StSLib","TheSurvivalist"],"gold_per_floor":[116,130,130,144,69,69,85,85,85,96,96,96,106,126,126,200,200,176,176,186,186,94,94,94,94],"floor_reached":24,"language":"ENG","playtime":1371,"items_purged":["Clockwork:Strike"],"score":376,"play_id":"0994e9a0-dc4b-47e5-9010-c7ba47b288a1","local_time":"20210131104021","is_ascension_mode":true,"campfire_choices":[{"data":"Clockwork:SnapKeep","floor":6.0,"key":"SMITH"},{"data":"Clockwork:SnapKeep","floor":8.0,"key":"SMITH"},{"data":"Clockwork:Shield","floor":15.0,"key":"SMITH"},{"data":"Clockwork:WarmUp","floor":23.0,"key":"SMITH"}],"circlet_count":0,"master_deck":["AscendersBane","Clockwork:SnapKeep+1","Clockwork:SnapKeep+1","Clockwork:Shield","Clockwork:Shield+1","Clockwork:Tinker","Clockwork:WarmUp+1","Clockwork:PerfectForm","Clockwork:Clone","Clockwork:CraftMomentumEngine","Clockwork:Downsize"],"relics":["Clockwork:MomentumEngine","EVO:Axolotl","reliquary:Firecrackers","Black Star","reliquary:HotPoker"],"acts_visited":["Exordium","TheCity"],"potions_floor_usage":[],"damage_taken":[{"damage":3.0,"enemies":"2 Louse","floor":1.0,"turns":3.0},{"damage":0.0,"enemies":"Cultist","floor":2.0,"turns":4.0},{"damage":2.0,"enemies":"Jaw Worm","floor":4.0,"turns":8.0},{"damage":0.0,"enemies":"Red Slaver","floor":7.0,"turns":3.0},{"damage":0.0,"enemies":"2 Fungi Beasts","floor":10.0,"turns":3.0},{"damage":4.0,"enemies":"Lots of Slimes","floor":13.0,"turns":5.0},{"damage":18.0,"enemies":"Large Slime","floor":14.0,"turns":6.0},{"damage":35.0,"enemies":"Hexaghost","floor":16.0,"turns":11.0},{"damage":10.0,"enemies":"2 Thieves","floor":18.0,"turns":4.0},{"damage":12.0,"enemies":"Shell Parasite","floor":20.0,"turns":4.0},{"damage":59,"enemies":"Slavers","floor":24,"turns":2}],"seed_played":"-835182898686762419","potions_obtained":[{"floor":2.0,"key":"Energy Potion"},{"floor":4.0,"key":"LiquidBronze"},{"floor":13.0,"key":"SpeedPotion"}],"is_trial":false,"path_per_floor":["M","M","?","M","$","R","M","R","T","M","$","?","M","M","R","B",null,"M","?","M","$","?","R","E"],"character_chosen":"CLOCKWORK","items_purchased":[],"campfire_rested":0,"item_purchase_floors":[],"current_hp_per_floor":[68,68,68,66,66,66,66,66,66,66,66,66,62,44,44,9,62,52,68,56,56,56,56,0,0],"gold":94,"neow_bonus":"ONE_RANDOM_RARE_CARD","is_daily":false,"chose_seed":false,"campfire_upgraded":4,"win_rate":0.0,"timestamp":1612086021,"path_taken":["M","M","?","?","$","R","M","R","T","M","?","?","?","M","R","BOSS","M","?","M","$","?","R","E"],"items_purchased_type":[],"build_version":"2020-12-22","purchased_purges":1,"victory":false,"max_hp_per_floor":[79,79,79,79,79,79,79,79,79,79,79,79,79,79,79,79,79,79,79,79,79,79,79,79,79],"card_choices":[{"not_picked":["Clockwork:Minimalism","Clockwork:Friction","Clockwork:StasisBreak"],"picked":"SKIP","floor":1.0},{"not_picked":["Clockwork:SmithsMallet","Clockwork:CogShield","Clockwork:Pluck"],"picked":"SKIP","floor":2.0},{"not_picked":["Clockwork:LiteraryArmor","Clockwork:CraftSomewhatSmoothStone","Clockwork:SnapKeep"],"picked":"SKIP","floor":4.0},{"not_picked":["Clockwork:Minimalism","Clockwork:LogisticRegression","Clockwork:Redundancy"],"picked":"SKIP","floor":7.0},{"not_picked":["Clockwork:AdaptiveCannon","Clockwork:SystemHardening","Clockwork:PerfectedShield"],"picked":"SKIP","floor":10.0},{"not_picked":["Clockwork:Enhance","Clockwork:TiltAWhirl"],"picked":"Clockwork:Clone","floor":13.0},{"not_picked":["Clockwork:SpringShield","Clockwork:TimeOut","Clockwork:CraftCopperScales"],"picked":"SKIP","floor":14.0},{"not_picked":["Clockwork:ReactiveNanites","Clockwork:ZeroPointEnergy"],"picked":"Clockwork:CraftMomentumEngine","floor":16.0},{"not_picked":["Clockwork:Redundancy","Clockwork:Clone+1","Clockwork:AdaptiveCannon"],"picked":"SKIP","floor":18.0},{"not_picked":["Clockwork:SystemHardening","Clockwork:LiteraryArmor"],"picked":"Clockwork:Downsize","floor":20.0}],"player_experience":850477,"relics_obtained":[{"floor":9.0,"key":"reliquary:Firecrackers"}],"event_choices":[{"cards_removed":["Clockwork:Strike"],"damage_healed":0.0,"max_hp_gain":0.0,"max_hp_loss":0.0,"gold_gain":0.0,"event_name":"Purifier","player_choice":"Purged","floor":3.0,"gold_loss":0.0,"damage_taken":0.0},{"cards_removed":["Clockwork:Shield"],"damage_healed":0.0,"max_hp_gain":0.0,"max_hp_loss":0.0,"gold_gain":0.0,"event_name":"Bonfire Elementals","player_choice":"Offered Basic","floor":12.0,"gold_loss":0.0,"damage_taken":0.0},{"damage_healed":16.0,"max_hp_gain":0.0,"max_hp_loss":0.0,"gold_gain":0.0,"event_name":"The Library","player_choice":"Heal","floor":19.0,"gold_loss":0.0,"damage_taken":0.0},{"damage_healed":0.0,"max_hp_gain":0.0,"max_hp_loss":0.0,"gold_gain":0.0,"event_name":"WeMeetAgain","player_choice":"Paid Gold","floor":22.0,"gold_loss":92.0,"damage_taken":0.0,"relics_obtained":["reliquary:HotPoker"]}],"is_beta":false,"boss_relics":[{"not_picked":["reliquary:KinkedSpring","Pandora\u0027s Box"],"picked":"Black Star"}],"items_purged_floors":[5],"is_endless":false,"potions_floor_spawned":[2,4,13,14],"killed_by":"Slavers","ascension_level":20}}