{"host":"1a1fa2nogmb21qcw","time":1612053543,"event":{"mods":["AchievementEnabler","BaseMod","Better Match","Better Note","Better Sensory Stone","Better Vampires","Block Reminder","Colored Map","Colored Powertips","Downfall","Infinite Spire","Key Reminder","Minty Spire (QoL Compilation)","RRrroohrrRGHHhhh!!","Rare Cards Sparkle","Relic Stats","Remove Card Discount Mod","Replay The Spire","Shop Mod","StSLib","Swap Starting Deck Mod","The Disciple","The Necromancer","The Servant 0.9.4"],"gold_per_floor":[99,115,115,130,140,140,140,166,166,201,201,201,219,234,244,244,244,244],"floor_reached":16,"language":"ENG","playtime":1713,"items_purged":[],"score":112,"play_id":"2a67aecc-89a9-4219-b413-822f7b1fc5e3","local_time":"20210130193903","is_ascension_mode":false,"campfire_choices":[{"data":"champ:Devastate","floor":1,"key":"SMITH"},{"data":"champ:Taunt","floor":9,"key":"SMITH"},{"data":"Life Link","floor":12,"key":"SMITH"}],"circlet_count":0,"master_deck":["champ:Strike","champ:Strike","champ:Strike","champ:Defend","champ:Defend","champ:Defend","champ:Execute","champ:Taunt+1","champ:Devastate+1","champ:FalseCounter","Life Link+1","champ:Shatter","champ:ShieldSlam","champ:DefensiveShout"],"relics":["m_IronCrown","Pocketwatch","infinitespire:Lychee Nut","Ornamental Fan","Eternal Feather"],"acts_visited":["Exordium"],"potions_floor_usage":[16],"damage_taken":[{"damage":30,"enemies":"Jaw Worm","floor":2,"turns":6},{"damage":15,"enemies":"2 Louse","floor":4,"turns":3},{"damage":10,"enemies":"Cultist","floor":5,"turns":4},{"damage":67,"enemies":"3 Sentries","floor":8,"turns":9},{"damage":36,"enemies":"Replay:BlueRogue","floor":10,"turns":6},{"damage":39,"enemies":"Exordium Thugs","floor":13,"turns":3},{"damage":26,"enemies":"Exordium Wildlife","floor":14,"turns":4},{"damage":25,"enemies":"Large Slime","floor":15,"turns":9},{"damage":69,"enemies":"DF_ARCHETYPE_STREAMLINE","floor":16,"turns":9}],"seed_played":"-514431836407595444","potions_obtained":[{"floor":5,"key":"bronze:BurnAndBuffPotion"},{"floor":10,"key":"Languid Potion"},{"floor":15,"key":"SpeedPotion"}],"is_trial":false,"path_per_floor":["R_BF","M","?","M","M","?","T","E","R","E","?","R","M","M","M","B"],"character_chosen":"THE_CHAMP","items_purchased":[],"campfire_rested":0,"item_purchase_floors":[],"current_hp_per_floor":[90,80,80,81,77,77,77,46,46,42,42,48,30,36,43,0,0,0],"gold":244,"neow_bonus":"TRANSFORM_CARD","is_daily":false,"chose_seed":false,"campfire_upgraded":3,"win_rate":0.0,"timestamp":1612053543,"path_taken":["R_BF","M","?","M","M","?","T","E","R","E","?","R","M","?","M","BOSS"],"items_purchased_type":[],"build_version":"2020-12-22","purchased_purges":0,"victory":false,"max_hp_per_floor":[90,90,90,90,90,90,90,67,67,67,67,67,67,67,67,67,67,67],"relic_stats":{"counters":[9,53],"Ornamental Fan":[4],"Eternal Feather":6,"obtain_stats":[{"m_IronCrown":3,"infinitespire:Lychee Nut":8,"Ornamental Fan":10,"champ:ChampionCrown":0,"Eternal Feather":11,"Pocketwatch":7},{"m_IronCrown":1,"infinitespire:Lychee Nut":4,"Ornamental Fan":5,"champ:ChampionCrown":0,"Eternal Feather":5,"Pocketwatch":3},{"m_IronCrown":6,"infinitespire:Lychee Nut":22,"Ornamental Fan":28,"champ:ChampionCrown":0,"Eternal Feather":28,"Pocketwatch":13}],"Pocketwatch":[93]},"card_choices":[{"not_picked":["champ:Backstep","champ:RageSigil"],"picked":"champ:FalseCounter","floor":2},{"not_picked":["champ:BerserkersShout","champ:Backstep"],"picked":"Life Link","floor":4},{"not_picked":["champ:Circumvent","ReplayTheSpireMod:LeadingStrike"],"picked":"champ:Shatter","floor":5},{"not_picked":["champ:ViciousMockery","champ:PreemptiveStrike","Blood for Blood"],"picked":"SKIP","floor":8},{"not_picked":["champ:GladiatorStyle","champ:TornadoPunch"],"picked":"champ:ShieldSlam","floor":10},{"not_picked":["champ:Haymaker","champ:CrownThrow"],"picked":"champ:DefensiveShout","floor":13},{"not_picked":["ReplayTheSpireMod:Muscle Training","champ:ArenaPreparation","Hemokinesis"],"picked":"SKIP","floor":14},{"not_picked":["ReplayTheSpireMod:LeadingStrike","champ:BerserkersShout","champ:Haymaker"],"picked":"SKIP","floor":15}],"player_experience":827420,"relics_obtained":[{"floor":7,"key":"Pocketwatch"},{"floor":8,"key":"infinitespire:Lychee Nut"},{"floor":10,"key":"Ornamental Fan"}],"event_choices":[{"cards_removed":["champ:Defend"],"damage_healed":0,"gold_gain":0,"player_choice":"Card Removal","damage_taken":0,"max_hp_gain":0,"max_hp_loss":0,"event_name":"The Cleric","floor":6,"gold_loss":0}],"is_beta":false,"boss_relics":[],"items_purged_floors":[],"is_endless":false,"potions_floor_spawned":[5,10,15],"killed_by":"DF_ARCHETYPE_STREAMLINE","ascension_level":0}}