{"host":"6xsbn6ynqlzwllfm","time":1612082720,"event":{"mods":["2.2 Compatiblity","BaseMod","Bestiary","Colored Map","Colored Powertips","Curses Come First","Highlight Path","Keyboard Shortcuts","Minty Spire (QoL Compilation)","Relic Stats","Slay the Relics Exporter","StSLib","SuperFastMode"],"gold_per_floor":[117,134,134,134,151,186,111,123,123,138,152,183,108,138,138,214,214,225,57,0,0],"floor_reached":20,"language":"ENG","playtime":539,"items_purged":["Strike_P"],"score":488,"play_id":"29f1ea7d-4ed1-4538-a38b-b1f7b269d9e9","local_time":"20210131034520","is_ascension_mode":true,"campfire_choices":[{"data":"TalkToTheHand","floor":15,"key":"SMITH"}],"circlet_count":0,"master_deck":["AscendersBane","Strike_P","Strike_P","Defend_P","Defend_P","Defend_P","Defend_P","Eruption","Vigilance","Adaptation","Vengeance","CrushJoints","Pray","TalkToTheHand+1","FlyingSleeves","Consecrate","Evaluate","Devotion","CurseOfTheBell","FlyingSleeves"],"relics":["Philosopher\u0027s Stone","PreservedInsect","Pear","Vajra","Bag of Preparation","InkBottle","Calling Bell","MealTicket","White Beast Statue","Pocketwatch","Bag of Marbles"],"acts_visited":["Exordium","TheCity"],"potions_floor_usage":[12,16],"damage_taken":[{"damage":5.0,"enemies":"Small Slimes","floor":1.0,"turns":3.0},{"damage":0.0,"enemies":"Jaw Worm","floor":2.0,"turns":3.0},{"damage":4.0,"enemies":"Cultist","floor":5.0,"turns":3.0},{"damage":0.0,"enemies":"Lagavulin","floor":6.0,"turns":4.0},{"damage":10.0,"enemies":"Blue Slaver","floor":8.0,"turns":4.0},{"damage":24,"enemies":"Exordium Wildlife","floor":10,"turns":3},{"damage":2,"enemies":"Looter","floor":11,"turns":2},{"damage":0,"enemies":"Gremlin Nob","floor":12,"turns":2},{"damage":7,"enemies":"3 Sentries","floor":14,"turns":4},{"damage":15,"enemies":"The Guardian","floor":16,"turns":9},{"damage":49,"enemies":"Chosen","floor":18,"turns":6},{"damage":38,"enemies":"2 Thieves","floor":20,"turns":2}],"seed_played":"-2396061910649000897","potions_obtained":[{"floor":1.0,"key":"SkillPotion"},{"floor":6.0,"key":"SteroidPotion"},{"floor":8.0,"key":"FairyPotion"},{"floor":12,"key":"SmokeBomb"},{"floor":14,"key":"Block Potion"},{"floor":18,"key":"SteroidPotion"}],"is_trial":false,"path_per_floor":["M","M","?","?","M","E","?","M","T","M","M","E","$","E","R","B",null,"M","$","M"],"character_chosen":"WATCHER","items_purchased":["Bag of Marbles"],"campfire_rested":0,"item_purchase_floors":[19],"current_hp_per_floor":[56,56,56,51,47,57,57,47,47,23,21,21,21,14,14,23,64,15,30,0,0],"gold":0,"neow_bonus":"BOSS_RELIC","is_daily":false,"chose_seed":false,"campfire_upgraded":1,"win_rate":0.0,"timestamp":1612082720,"path_taken":["M","M","?","?","M","E","?","M","T","M","M","E","?","E","R","BOSS","M","$","M"],"items_purchased_type":["Relic"],"build_version":"2020-12-22","purchased_purges":1,"victory":false,"max_hp_per_floor":[68,68,68,68,68,78,78,78,78,78,78,78,78,78,78,78,78,78,78,78,78],"relic_stats":{"counters":[12,45],"MealTicket":15,"PreservedInsect":83,"Bag of Preparation":[8],"obtain_stats":[{"Calling Bell":17,"Pear":6,"Vajra":9,"Philosopher\u0027s Stone":0,"MealTicket":17,"PreservedInsect":4,"Bag of Preparation":12,"Bag of Marbles":19,"PureWater":0,"InkBottle":14,"White Beast Statue":17,"Pocketwatch":17},{"Calling Bell":10,"Pear":4,"Vajra":5,"Philosopher\u0027s Stone":0,"MealTicket":10,"PreservedInsect":2,"Bag of Preparation":8,"Bag of Marbles":11,"PureWater":0,"InkBottle":9,"White Beast Statue":10,"Pocketwatch":10},{"Calling Bell":37,"Pear":13,"Vajra":17,"Philosopher\u0027s Stone":0,"MealTicket":37,"PreservedInsect":6,"Bag of Preparation":24,"Bag of Marbles":43,"PureWater":0,"InkBottle":28,"White Beast Statue":37,"Pocketwatch":37}],"InkBottle":[7],"Pocketwatch":[9]},"card_choices":[{"not_picked":["Pray","ThirdEye"],"picked":"Adaptation","floor":1.0},{"not_picked":["EmptyMind","EmptyFist"],"picked":"Vengeance","floor":2.0},{"not_picked":["EmptyMind","EmptyFist"],"picked":"CrushJoints","floor":5.0},{"not_picked":["EmptyBody","ClearTheMind"],"picked":"Pray","floor":6.0},{"not_picked":["Sanctity","Collect"],"picked":"TalkToTheHand","floor":8.0},{"not_picked":["Evaluate","CutThroughFate"],"picked":"FlyingSleeves","floor":10},{"not_picked":["ClearTheMind","Worship"],"picked":"Consecrate","floor":11},{"not_picked":["Vengeance","Collect"],"picked":"Evaluate","floor":12},{"not_picked":["Judgement","Alpha"],"picked":"Devotion","floor":16},{"not_picked":["Nirvana","BowlingBash"],"picked":"FlyingSleeves","floor":18}],"player_experience":1334458,"relics_obtained":[{"floor":6.0,"key":"Pear"},{"floor":9.0,"key":"Vajra"},{"floor":12,"key":"Bag of Preparation"},{"floor":14,"key":"InkBottle"},{"floor":17,"key":"MealTicket"},{"floor":17,"key":"White Beast Statue"},{"floor":17,"key":"Pocketwatch"}],"event_choices":[{"damage_healed":0.0,"max_hp_gain":0.0,"max_hp_loss":0.0,"gold_gain":0.0,"event_name":"Liars Game","player_choice":"Ignored","floor":3.0,"gold_loss":0.0,"damage_taken":0.0},{"damage_healed":0.0,"max_hp_gain":0.0,"max_hp_loss":0.0,"gold_gain":0.0,"event_name":"Scrap Ooze","player_choice":"Success","floor":4.0,"gold_loss":0.0,"damage_taken":5.0,"relics_obtained":["PreservedInsect"]},{"cards_removed":["Strike_P"],"damage_healed":0.0,"max_hp_gain":0.0,"max_hp_loss":0.0,"gold_gain":0.0,"event_name":"The Cleric","player_choice":"Card Removal","floor":7.0,"gold_loss":75.0,"damage_taken":0.0}],"is_beta":false,"boss_relics":[{"not_picked":["Tiny House","Coffee Dripper"],"picked":"Calling Bell"}],"items_purged_floors":[13],"is_endless":false,"potions_floor_spawned":[1,6,8,12,14,18],"killed_by":"2 Thieves","ascension_level":20}}