{"host":"w9njud19qyl0lpz1","time":1612102341,"event":{"mods":["BaseMod","Infinite Spire","Minty Spire (QoL Compilation)","StSLib"],"gold_per_floor":[111,111,111,33,43,43,43,56,81,98,113,38,38,58,58,162,162,175,193,193,213,113,113,63,80,130,130,158,158,168,178,178,273,273,284,284,284],"floor_reached":36,"language":"ENG","playtime":3377,"items_purged":["Strike_R","Entrench"],"score":376,"play_id":"b6ca8a20-b465-4d0a-9659-dd46eb1ef195","local_time":"20210131091221","is_ascension_mode":false,"campfire_choices":[{"data":"Berserk","floor":6,"key":"SMITH"},{"data":"Power Through","floor":15,"key":"SMITH"},{"floor":23,"key":"REST"},{"floor":27,"key":"REST"},{"floor":29,"key":"REST"},{"floor":32,"key":"REST"}],"circlet_count":0,"master_deck":["Bash","Berserk+1","Spot Weakness","Power Through+1","Bludgeon","Cleave+1","Pommel Strike","infinitespire:OneForAll","Dual Wield","Heavy Blade","Pummel","Twin Strike","Feed","Inflame+1","Shrug It Off","Demon Form"],"relics":["Burning Blood","Red Skull","Pandora\u0027s Box","Nunchaku","Toy Ornithopter","Empty Cage"],"acts_visited":["Exordium","TheCity","TheBeyond"],"potions_floor_usage":[10,19,21,28,31,33,35,36],"damage_taken":[{"damage":6,"enemies":"Jaw Worm","floor":1,"turns":4},{"damage":5,"enemies":"2 Louse","floor":5,"turns":3},{"damage":9,"enemies":"Cultist","floor":8,"turns":4},{"damage":11,"enemies":"Large Slime","floor":10,"turns":5},{"damage":12,"enemies":"2 Fungi Beasts","floor":11,"turns":3},{"damage":2,"enemies":"Blue Slaver","floor":14,"turns":5},{"damage":21,"enemies":"The Guardian","floor":16,"turns":10},{"damage":14,"enemies":"Chosen","floor":18,"turns":6},{"damage":8,"enemies":"3 Byrds","floor":19,"turns":3},{"damage":39,"enemies":"Centurion and Healer","floor":21,"turns":6},{"damage":24,"enemies":"Cultist and Chosen","floor":25,"turns":6},{"damage":63,"enemies":"Nightmare","floor":28,"turns":7},{"damage":4,"enemies":"Snecko","floor":30,"turns":4},{"damage":20,"enemies":"Centurion and Healer","floor":31,"turns":3},{"damage":49,"enemies":"Champ","floor":33,"turns":7},{"damage":2,"enemies":"Orb Walker","floor":35,"turns":2},{"damage":37,"enemies":"infinitespire:Three Voidlings","floor":36,"turns":5},{"damage":75,"enemies":"Nightmare_Alpha","floor":36,"turns":5}],"seed_played":"-9216118893262828871","potions_obtained":[{"floor":1,"key":"BlessingOfTheForge"},{"floor":11,"key":"Swift Potion"},{"floor":14,"key":"SteroidPotion"},{"floor":21,"key":"DuplicationPotion"},{"floor":25,"key":"Ancient Potion"},{"floor":28,"key":"ColorlessPotion"},{"floor":30,"key":"SneckoOil"},{"floor":33,"key":"BlessingOfTheForge"},{"floor":35,"key":"SteroidPotion"}],"is_trial":false,"path_per_floor":["M","$","?","$","M","R","?","M","T","M","M","$","?","M","R","B",null,"M","M","?","M","$","R","?","M","T","R","NM","R","M","M","R","B",null,"M","?"],"character_chosen":"IRONCLAD","items_purchased":["Bludgeon"],"campfire_rested":4,"item_purchase_floors":[4],"current_hp_per_floor":[80,80,80,80,80,80,72,69,69,64,58,58,42,46,46,31,80,72,70,70,37,37,61,61,49,49,74,17,42,44,35,60,22,86,86,0,0],"gold":284,"neow_bonus":"ONE_RANDOM_RARE_CARD","is_daily":false,"chose_seed":false,"campfire_upgraded":2,"win_rate":0.0,"timestamp":1612102341,"path_taken":["M","$","?","$","M","R","?","?","T","M","M","$","?","M","R","BOSS","M","M","?","M","$","R","?","M","T","R","NM","R","?","M","R","BOSS","M","?"],"items_purchased_type":["Card"],"build_version":"2020-12-22","purchased_purges":2,"victory":false,"max_hp_per_floor":[80,80,80,80,80,80,80,80,80,80,80,80,80,80,80,80,80,80,80,80,80,80,80,80,86,86,86,86,86,86,86,86,86,86,86,89,89],"card_choices":[{"not_picked":["Pommel Strike","Anger"],"picked":"Spot Weakness","floor":1},{"not_picked":["Wild Strike","Pummel","Metallicize"],"picked":"SKIP","floor":5},{"not_picked":["Perfected Strike","Disarm"],"picked":"Cleave","floor":8},{"not_picked":["Sword Boomerang","Hemokinesis"],"picked":"Rupture","floor":10},{"not_picked":["Feel No Pain","Flex","Pommel Strike"],"picked":"SKIP","floor":11},{"not_picked":["Iron Wave","Anger","Perfected Strike"],"picked":"SKIP","floor":14},{"not_picked":["Corruption","Barricade"],"picked":"Brutality","floor":16},{"not_picked":["Clothesline","Thunderclap","Heavy Blade"],"picked":"SKIP","floor":18},{"not_picked":["Headbutt","Hemokinesis","Thunderclap"],"picked":"SKIP","floor":19},{"not_picked":["Disarm","Rupture"],"picked":"Inflame+1","floor":21},{"not_picked":["infinitespire:OneForAll","Body Slam"],"picked":"Shrug It Off","floor":25},{"not_picked":["Juggernaut","Warcry","Sword Boomerang+1"],"picked":"SKIP","floor":28},{"not_picked":["Clothesline","Wild Strike","Bloodletting"],"picked":"SKIP","floor":30},{"not_picked":["Body Slam","Pommel Strike","Feel No Pain+1"],"picked":"SKIP","floor":31},{"not_picked":["Reaper","Brutality"],"picked":"Demon Form","floor":33},{"not_picked":["Dual Wield+1","Burning Pact+1","Perfected Strike"],"picked":"SKIP","floor":35}],"player_experience":2328610,"relics_obtained":[{"floor":9,"key":"Red Skull"},{"floor":26,"key":"Nunchaku"},{"floor":28,"key":"Toy Ornithopter"}],"event_choices":[{"damage_healed":0,"gold_gain":0,"cards_transformed":["Defend_R"],"player_choice":"Change","damage_taken":0,"max_hp_gain":0,"max_hp_loss":0,"event_name":"Living Wall","floor":3,"gold_loss":0,"cards_obtained":["Power Through"]},{"damage_healed":0,"gold_gain":0,"player_choice":"Damaged","damage_taken":8,"max_hp_gain":0,"max_hp_loss":0,"event_name":"Wheel of Change","floor":7,"gold_loss":0},{"damage_healed":0,"gold_gain":0,"player_choice":"Entered Light","damage_taken":16,"max_hp_gain":0,"max_hp_loss":0,"event_name":"Shining Light","floor":13,"gold_loss":0,"cards_upgraded":["Cleave","Defend_R"]},{"damage_healed":0,"gold_gain":0,"player_choice":"Read","damage_taken":0,"max_hp_gain":0,"max_hp_loss":0,"event_name":"The Library","floor":20,"gold_loss":0,"cards_obtained":["Feed"]},{"damage_healed":0,"gold_gain":0,"player_choice":"Bet on Murderer","damage_taken":0,"max_hp_gain":0,"max_hp_loss":0,"event_name":"The Joust","floor":24,"gold_loss":50}],"is_beta":false,"boss_relics":[{"not_picked":["SlaversCollar","Sozu"],"picked":"Pandora\u0027s Box"},{"not_picked":["Runic Dome","Velvet Choker"],"picked":"Empty Cage"}],"items_purged_floors":[12,22],"is_endless":false,"potions_floor_spawned":[1,11,14,21,25,28,30,33,35],"killed_by":"Nightmare_Alpha","ascension_level":0}}