{"host":"njcl8kinlkfw245p","time":1612063624,"event":{"mods":["BaseMod","Block Reminder","Colored Map","Googly Eyes","KinomotoSakuraMod(????)","Minty Spire (QoL Compilation)","StSLib","The Senshi","Unceasing Turn Reminder","everything is the same but u backflip on backflip"],"gold_per_floor":[118,118,128,128,175,208,218,244,244,86,101,116,116,128,128,206,206,226,236,271,271,287,287,172,186,211,211,223,252,264,289,289,364,364,377,599,599,70,122,157,157,157,157,176,176,186,186,202,202,202],"floor_reached":51,"language":"ENG","playtime":3083,"items_purged":["theSenshi:SailorKick","Clumsy"],"score":1341,"play_id":"62270036-c628-454c-b1fa-b000a91e2a1e","local_time":"20210130192704","is_ascension_mode":true,"campfire_choices":[{"data":"theSenshi:MoonPrincessHalation","floor":13.0,"key":"SMITH"},{"floor":15.0,"key":"REST"},{"data":"theSenshi:SailorJupiterAssists","floor":23,"key":"SMITH"},{"data":"theSenshi:MoonPrismPowerMakeUp","floor":27,"key":"SMITH"},{"floor":32,"key":"REST"},{"data":"theSenshi:SilverMoonCrystalPowerKiss","floor":41,"key":"SMITH"},{"data":"theSenshi:MoonEternalMakeUp","floor":45,"key":"SMITH"},{"data":"1","floor":47,"key":"LIFT"},{"data":"2","floor":49,"key":"LIFT"}],"circlet_count":0,"master_deck":["AscendersBane","theSenshi:SailorKick+1","theSenshi:SailorKick+1","theSenshi:SailorKick+1","theSenshi:SailorBlock+1","theSenshi:SailorBlock+1","theSenshi:SailorBlock+1","theSenshi:SailorBlock+1","theSenshi:RoseThrow","theSenshi:MoonPrismPowerMakeUp+1","theSenshi:MoonCrisisMakeUp+1","theSenshi:MoonKick+1","theSenshi:SailorChibiMoonAssists","theSenshi:SailorMarsAssists","theSenshi:MoonPrincessHalation+1","theSenshi:SailorStarHealerAssists","theSenshi:SailorJupiterAssists+1","theSenshi:MarsPride","theSenshi:TallSilhouette","theSenshi:MoonEternalMakeUp+1","theSenshi:SailorVenusAssists+1","theSenshi:MoonKick","theSenshi:TallSilhouette","theSenshi:SailorVenusAssists","theSenshi:JupitersPower","theSenshi:SailorJupiterAssists","theSenshi:SaturnsMystery","theSenshi:SilverMoonCrystalPowerKiss+1","theSenshi:UranusStrength","Trip","theSenshi:SailorJupiterAssists+1"],"relics":["Runic Dome","Pen Nib","Regal Pillow","The Courier","Cursed Key","Red Mask","theSenshi:CosmicHeartCompactRelic","Toy Ornithopter","CaptainsWheel","Ornamental Fan","SlaversCollar","Medical Kit","Vajra","Eternal Feather","Girya","Molten Egg 2"],"acts_visited":["Exordium","TheCity","TheBeyond"],"potions_floor_usage":[31,48],"damage_taken":[{"damage":1.0,"enemies":"2 Louse","floor":1.0,"turns":2.0},{"damage":0.0,"enemies":"Jaw Worm","floor":3.0,"turns":4.0},{"damage":18.0,"enemies":"Gremlin Nob","floor":6.0,"turns":4.0},{"damage":0.0,"enemies":"Cultist","floor":7.0,"turns":4.0},{"damage":10.0,"enemies":"Lagavulin","floor":8.0,"turns":7.0},{"damage":6.0,"enemies":"Exordium Thugs","floor":11.0,"turns":3.0},{"damage":12.0,"enemies":"Large Slime","floor":12.0,"turns":4.0},{"damage":2.0,"enemies":"Looter","floor":14.0,"turns":3.0},{"damage":0.0,"enemies":"Hexaghost","floor":16.0,"turns":6.0},{"damage":0.0,"enemies":"Chosen","floor":18.0,"turns":3.0},{"damage":14.0,"enemies":"3 Byrds","floor":19.0,"turns":4.0},{"damage":15.0,"enemies":"Masked Bandits","floor":20.0,"turns":5.0},{"damage":14,"enemies":"Shelled Parasite and Fungi","floor":22,"turns":5},{"damage":11,"enemies":"Snake Plant","floor":25,"turns":3},{"damage":2,"enemies":"Snecko","floor":28,"turns":5},{"damage":18,"enemies":"Gremlin Leader","floor":29,"turns":4},{"damage":0,"enemies":"Sentry and Sphere","floor":30,"turns":3},{"damage":5,"enemies":"Slavers","floor":31,"turns":4},{"damage":35,"enemies":"Automaton","floor":33,"turns":8},{"damage":13,"enemies":"3 Darklings","floor":35,"turns":7},{"damage":28,"enemies":"2 Orb Walkers","floor":39,"turns":4},{"damage":11,"enemies":"Giant Head","floor":40,"turns":7},{"damage":15,"enemies":"3 Shapes","floor":44,"turns":4},{"damage":29,"enemies":"Maw","floor":46,"turns":7},{"damage":22,"enemies":"Transient","floor":48,"turns":5},{"damage":20,"enemies":"Time Eater","floor":50,"turns":8}],"seed_played":"-3804855207648303524","potions_obtained":[{"floor":1.0,"key":"DuplicationPotion"},{"floor":3.0,"key":"Energy Potion"},{"floor":6.0,"key":"Fruit Juice"},{"floor":8.0,"key":"FearPotion"},{"floor":11.0,"key":"PowerPotion"},{"floor":25,"key":"Ancient Potion"},{"floor":29,"key":"ColorlessPotion"},{"floor":31,"key":"GamblersBrew"},{"floor":39,"key":"DistilledChaos"}],"is_trial":false,"path_per_floor":["M","?","M","?","T","E","M","E","T","$","M","M","R","M","R","B",null,"M","M","?","?","M","R","$","M","T","R","M","E","M","E","R","B",null,"M","?","?","$","?","E","R","T","T","M","R","M","R","M","R","B",null],"character_chosen":"THE_SENSHI","items_purchased":["theSenshi:MoonPrincessHalation","theSenshi:SailorStarHealerAssists","theSenshi:CosmicHeartCompactRelic","Medical Kit","Vajra","Eternal Feather"],"campfire_rested":2,"item_purchase_floors":[10,10,24,38,38,38],"current_hp_per_floor":[67,67,67,44,44,26,26,21,21,21,20,13,13,16,55,60,75,75,66,56,56,47,47,47,41,41,41,44,31,31,36,75,60,75,67,67,67,67,39,52,70,70,70,60,78,56,74,62,80,63],"gold":202,"neow_bonus":"BOSS_RELIC","is_daily":false,"chose_seed":false,"campfire_upgraded":5,"win_rate":0.0,"timestamp":1612063624,"path_taken":["M","?","M","?","?","E","?","E","T","$","M","M","R","M","R","BOSS","M","M","?","?","M","R","$","M","T","R","M","E","M","E","R","BOSS","M","?","?","$","?","E","R","?","T","M","R","M","R","M","R","BOSS"],"items_purchased_type":["Card","Card","Relic","Relic","Relic","Relic"],"build_version":"2020-12-22","purchased_purges":2,"victory":true,"max_hp_per_floor":[75,75,75,75,75,75,75,80,80,80,80,80,80,80,80,80,80,80,80,80,80,80,80,80,80,80,80,80,80,80,80,80,80,80,80,80,80,80,80,80,80,80,80,80,80,80,80,80,80,80],"card_choices":[{"not_picked":["theSenshi:PlutosSolemnity","theSenshi:LateForSchool"],"picked":"theSenshi:MoonCrisisMakeUp","floor":1.0},{"not_picked":["theSenshi:SupersonicWaves","theSenshi:SailorMercuryAssists"],"picked":"theSenshi:MoonKick","floor":3.0},{"not_picked":["theSenshi:NeptunesGrace","theSenshi:Sidestep"],"picked":"theSenshi:SailorChibiMoonAssists","floor":6.0},{"not_picked":["theSenshi:LateForSchool","theSenshi:SailorMercuryAssists","theSenshi:SailorChibiMoonAssists"],"picked":"SKIP","floor":7.0},{"not_picked":["theSenshi:MoonPower","theSenshi:DramaticEntrance"],"picked":"theSenshi:SailorMarsAssists","floor":8.0},{"not_picked":["theSenshi:MoonTwilightFlash","theSenshi:OdangoHead"],"picked":"theSenshi:SailorJupiterAssists","floor":11.0},{"not_picked":["theSenshi:OdangoHead","theSenshi:SailorMarsAssists"],"picked":"theSenshi:MarsPride","floor":12.0},{"not_picked":["theSenshi:SailorPlutoAssists","theSenshi:SchoolBag"],"picked":"theSenshi:TallSilhouette","floor":14.0},{"not_picked":["theSenshi:SilverCrystal","theSenshi:StudyParty"],"picked":"theSenshi:MoonEternalMakeUp","floor":16.0},{"not_picked":["theSenshi:EncouragingSpeech","theSenshi:LunasBite"],"picked":"theSenshi:SailorVenusAssists+1","floor":18.0},{"not_picked":["theSenshi:YouCanTalk","theSenshi:SailorStarFighterAssists"],"picked":"theSenshi:MoonKick","floor":19.0},{"not_picked":["theSenshi:KlutzyLuck","theSenshi:DramaticEntrance"],"picked":"theSenshi:TallSilhouette","floor":20},{"not_picked":["theSenshi:MoonCrystalPowerMakeUp","theSenshi:LateForSchool","theSenshi:Sidestep"],"picked":"SKIP","floor":22},{"not_picked":["theSenshi:SailorChibiMoonAssists","theSenshi:CrisisMakeUp"],"picked":"theSenshi:SailorVenusAssists","floor":25},{"not_picked":["theSenshi:LunaWiseMentor","theSenshi:SailorVenusAssists","theSenshi:MercurysCunning"],"picked":"SKIP","floor":28},{"not_picked":["theSenshi:Sidestep","theSenshi:EncouragingSpeech"],"picked":"theSenshi:JupitersPower","floor":29},{"not_picked":["theSenshi:MoonKick","theSenshi:MoonPunch"],"picked":"theSenshi:SailorJupiterAssists","floor":30},{"not_picked":["theSenshi:NeptunesGrace","theSenshi:UranusStrength"],"picked":"theSenshi:SaturnsMystery","floor":31},{"not_picked":["theSenshi:JupitersPower","theSenshi:FatedKiss"],"picked":"theSenshi:SilverMoonCrystalPowerKiss","floor":33},{"not_picked":["theSenshi:Sidestep","theSenshi:SailorMercuryAssists"],"picked":"theSenshi:UranusStrength","floor":35},{"not_picked":["Madness","Jack Of All Trades"],"picked":"Trip","floor":37},{"not_picked":["theSenshi:MoonPunch+1","theSenshi:SailorPlanetPower+1","theSenshi:SailorStarFighterAssists+1"],"picked":"SKIP","floor":40},{"not_picked":["theSenshi:EncouragingSpeech+1","theSenshi:TuxedoSmokingBomber+1","theSenshi:LunasBite+1"],"picked":"SKIP","floor":44},{"not_picked":["theSenshi:MoonSpiralHeartAttack+1","theSenshi:CrisisMakeUp"],"picked":"theSenshi:SailorJupiterAssists+1","floor":46},{"not_picked":["theSenshi:KlutzyLuck","theSenshi:RainbowMoonHeartAche+1","theSenshi:SailorUranusAssists+1"],"picked":"SKIP","floor":48}],"player_experience":931079,"relics_obtained":[{"floor":6.0,"key":"Pen Nib"},{"floor":8.0,"key":"Regal Pillow"},{"floor":9.0,"key":"The Courier"},{"floor":20,"key":"Red Mask"},{"floor":26,"key":"Toy Ornithopter"},{"floor":29,"key":"CaptainsWheel"},{"floor":31,"key":"Ornamental Fan"},{"floor":39,"key":"Girya"},{"floor":40,"key":"Molten Egg 2"}],"event_choices":[{"damage_healed":0.0,"max_hp_gain":0.0,"max_hp_loss":0.0,"gold_gain":0.0,"event_name":"Living Wall","player_choice":"Grow","floor":2.0,"gold_loss":0.0,"damage_taken":0.0,"cards_upgraded":["theSenshi:MoonCrisisMakeUp"]},{"damage_healed":0.0,"max_hp_gain":0.0,"max_hp_loss":0.0,"gold_gain":0.0,"event_name":"Shining Light","player_choice":"Entered Light","floor":4.0,"gold_loss":0.0,"damage_taken":23.0,"cards_upgraded":["theSenshi:SailorBlock","theSenshi:MoonKick"]},{"damage_healed":0.0,"max_hp_gain":0.0,"max_hp_loss":0.0,"gold_gain":0.0,"event_name":"Masked Bandits","player_choice":"Fought Bandits","floor":20.0,"gold_loss":0.0,"damage_taken":0.0},{"damage_healed":0,"gold_gain":0,"player_choice":"Simplicity","damage_taken":0,"max_hp_gain":0,"max_hp_loss":0,"event_name":"Back to Basics","floor":21,"gold_loss":0,"cards_upgraded":["theSenshi:SailorKick","theSenshi:SailorKick","theSenshi:SailorKick","theSenshi:SailorBlock","theSenshi:SailorBlock","theSenshi:SailorBlock"]},{"damage_healed":0,"gold_gain":222,"player_choice":"Wore Mask","damage_taken":0,"max_hp_gain":0,"max_hp_loss":0,"event_name":"Tomb of Lord Red Mask","floor":36,"gold_loss":0},{"damage_healed":0,"gold_gain":0,"player_choice":"Memory 1","damage_taken":0,"max_hp_gain":0,"max_hp_loss":0,"event_name":"SensoryStone","floor":37,"gold_loss":0},{"damage_healed":0,"gold_gain":0,"player_choice":"Fight","damage_taken":0,"max_hp_gain":0,"max_hp_loss":0,"event_name":"Mysterious Sphere","floor":39,"gold_loss":0}],"is_beta":false,"boss_relics":[{"not_picked":["Fusion Hammer","Coffee Dripper"],"picked":"Cursed Key"},{"not_picked":["Tiny House","SacredBark"],"picked":"SlaversCollar"}],"items_purged_floors":[10,38],"is_endless":false,"potions_floor_spawned":[1,3,6,8,11,18,25,29,31,39,40],"ascension_level":15}}