{"host":"8p5c6x4qt9411139","time":1612127225,"event":{"mods":["Aspiration","BaseMod","BetterRewards","Friendly Minions","GungeonMod","Hubris","Infinite Spire","Minty Spire (QoL Compilation)","Quick Restart","Relic Stats","Replay The Spire","Shop Mod","StSLib","The Jungle"],"gold_per_floor":[114,114,114,126,126,126,73,23,101,101,120,137,137,149,165,165,165,165],"floor_reached":17,"language":"ENG","playtime":518,"items_purged":[],"score":97,"play_id":"2a5787c2-996b-4758-b8a7-47775dcf0d2e","local_time":"20210131130705","is_ascension_mode":false,"campfire_choices":[{"data":"DemoMod:ManualReload","floor":6,"key":"SMITH"},{"data":"DemoMod:RustySidearm","floor":13,"key":"SMITH"},{"floor":16,"key":"REST"}],"circlet_count":0,"master_deck":["DemoMod:Strike_Huntress","DemoMod:Strike_Huntress","DemoMod:Defend_Huntress","DemoMod:Defend_Huntress","DemoMod:Defend_Huntress","DemoMod:Defend_Huntress","DemoMod:Roll","DemoMod:ManualReload+1","DemoMod:RustySidearm+1","DemoMod:CrossBow","DemoMod:AC15+1","DemoMod:BattleInHaste","DemoMod:GunstockTap","DemoMod:FortunesFavor","DemoMod:MachoBrace","DemoMod:HuntsMan"],"relics":["DemoMod:Dog","NeowsBlessing","DemoMod:SilverBullets","hubris:Towel","hubris:DeckOfHolding","Golden Egg","Onion Ring"],"acts_visited":["Exordium"],"potions_floor_usage":[17,17],"damage_taken":[{"damage":0,"enemies":"Small Slimes","floor":1,"turns":1},{"damage":0,"enemies":"Jaw Worm","floor":4,"turns":1},{"damage":0,"enemies":"2 Louse","floor":11,"turns":1},{"damage":8,"enemies":"Looter","floor":12,"turns":2},{"damage":12,"enemies":"Blue Slaver","floor":14,"turns":2},{"damage":11,"enemies":"Exordium Wildlife","floor":15,"turns":3},{"damage":27,"enemies":"Fading Forest","floor":17,"turns":4}],"seed_played":"834216748746012876","potions_obtained":[{"floor":1,"key":"Block Potion"},{"floor":11,"key":"infinitespire:BlackPotion"},{"floor":15,"key":"Regen Potion"}],"is_trial":false,"path_per_floor":["M","?","T","M","?","R","$","?","T","T","M","M","R","M","M","R","B"],"character_chosen":"HUNTRESS","items_purchased":["DemoMod:GunstockTap"],"campfire_rested":1,"item_purchase_floors":[7],"current_hp_per_floor":[70,70,70,70,70,70,70,70,70,70,70,62,62,50,39,60,42,42],"gold":165,"neow_bonus":"THREE_ENEMY_KILL","is_daily":false,"chose_seed":false,"campfire_upgraded":2,"win_rate":0.0,"timestamp":1612127225,"path_taken":["M","?","?","M","?","R","$","?","T","T","M","M","R","M","M","R","BOSS"],"items_purchased_type":["Card"],"build_version":"2020-12-22","purchased_purges":0,"victory":false,"max_hp_per_floor":[70,70,70,70,70,70,70,70,70,70,70,70,70,70,70,70,70,70],"relic_stats":{"counters":[7,14],"obtain_stats":[{"Golden Egg":10,"DemoMod:Dog":0,"NeowsBlessing":0,"DemoMod:SilverBullets":3,"hubris:DeckOfHolding":9,"Onion Ring":11,"DemoMod:GlassGuonStoneRelic":1,"hubris:Towel":5},{"Golden Egg":2,"DemoMod:Dog":0,"NeowsBlessing":0,"DemoMod:SilverBullets":1,"hubris:DeckOfHolding":2,"Onion Ring":3,"DemoMod:GlassGuonStoneRelic":1,"hubris:Towel":2},{"Golden Egg":2,"DemoMod:Dog":0,"NeowsBlessing":0,"DemoMod:SilverBullets":1,"hubris:DeckOfHolding":2,"Onion Ring":3,"DemoMod:GlassGuonStoneRelic":1,"hubris:Towel":2}]},"card_choices":[{"not_picked":["DemoMod:Unmoved","DemoMod:FeignSurrender"],"picked":"DemoMod:AC15","floor":1},{"not_picked":["DemoMod:StickyCrossBow","DemoMod:AC15"],"picked":"DemoMod:BattleInHaste","floor":4},{"not_picked":["DemoMod:TeaPot","DemoMod:ConditionalReflex","DemoMod:HardPowerCard"],"picked":"SKIP","floor":11},{"not_picked":["DemoMod:BattleInHaste","DemoMod:EasyReloadBullets"],"picked":"DemoMod:FortunesFavor","floor":12},{"not_picked":["DemoMod:MachoBrace","DemoMod:TripleGun","DemoMod:ConditionalReflex"],"picked":"SKIP","floor":12},{"not_picked":["DemoMod:JK47","DemoMod:Ejector"],"picked":"DemoMod:MachoBrace","floor":14},{"not_picked":["DemoMod:MegaHand","DemoMod:AWP"],"picked":"DemoMod:HuntsMan","floor":15}],"player_experience":411891,"relics_obtained":[{"floor":3,"key":"DemoMod:SilverBullets"},{"floor":9,"key":"hubris:DeckOfHolding"},{"floor":10,"key":"Golden Egg"},{"floor":11,"key":"Onion Ring"}],"event_choices":[{"damage_healed":0,"gold_gain":0,"player_choice":"Grow","damage_taken":0,"max_hp_gain":0,"max_hp_loss":0,"event_name":"Living Wall","floor":2,"gold_loss":0,"cards_upgraded":["DemoMod:AC15"]},{"cards_removed":["DemoMod:Strike_Huntress"],"damage_healed":0,"gold_gain":0,"player_choice":"Card Removal","damage_taken":0,"max_hp_gain":0,"max_hp_loss":0,"event_name":"The Cleric","floor":8,"gold_loss":50}],"is_beta":false,"boss_relics":[],"items_purged_floors":[],"is_endless":false,"potions_floor_spawned":[1,11,15],"killed_by":"Fading Forest","ascension_level":0}}