{"host":"6rz02yiipefhcw4r","time":1612075006,"event":{"mods":["2.2 Compatiblity","Arknights","BaseMod","Better Match","Better Third Choice","Better Vampires","BetterRewards","Block Reminder","Colored Map","Curses Come First","DeckTracker","Googly Eyes","Hubris","Minty Spire (QoL Compilation)","Quick Restart","Rare Cards Sparkle","Reliquary","Replay The Spire","Shade Mod","Spicy Shops","StSLib","The Bladedancer","The Cursed","The Marked","The Necromancer","The Runesmith"],"gold_per_floor":[365,27,27,41,41,69,116,134,134,167,6,6,32,82,82,160,160,177,177,188,188,233,233,233],"floor_reached":23,"language":"ENG","playtime":1046,"items_purged":["Strike_R"],"score":410,"play_id":"ec2bc343-55e9-4496-b5f5-566be136e78b","local_time":"20210131043646","is_ascension_mode":true,"campfire_choices":[{"floor":12,"key":"REST"},{"data":"Disarm","floor":15,"key":"SMITH"}],"circlet_count":0,"master_deck":["AscendersBane","Strike_R","Strike_R","Strike_R","Defend_R","Defend_R","Defend_R","Defend_R","Bash+1","Twin Strike","Inflame","Cleave","Disarm+1","Flex","Fire Breathing","Whirlwind","Demon Form","Replay:Undeath\u0027s Touch+1","Dual Wield","Feed+1"],"relics":["Burning Blood","Tiny Chest","Bird Faced Urn","StoneCalendar","hubris:ChampionShield","Self Forming Clay","Replay:Rubber Ducky","reliquary:ExpiredCoupon","Philosopher\u0027s Stone","Red Skull"],"acts_visited":["Exordium","TheCity"],"potions_floor_usage":[6,6,10,16,23],"damage_taken":[{"damage":2,"enemies":"2 Louse","floor":1,"turns":3},{"damage":1,"enemies":"Cultist","floor":4,"turns":3},{"damage":34,"enemies":"Lagavulin","floor":6,"turns":8},{"damage":7,"enemies":"Jaw Worm","floor":8,"turns":3},{"damage":13,"enemies":"3 Sentries","floor":10,"turns":6},{"damage":17,"enemies":"Lagavulin","floor":13,"turns":6},{"damage":15,"enemies":"Fading Forest","floor":16,"turns":13},{"damage":25,"enemies":"2 Thieves","floor":18,"turns":3},{"damage":22,"enemies":"3 Byrds","floor":20,"turns":4},{"damage":39,"enemies":"Slavers","floor":23,"turns":2}],"seed_played":"1349731915245519872","potions_obtained":[{"floor":1,"key":"EntropicBrew"},{"floor":6,"key":"GamblersBrew"},{"floor":16,"key":"Doom Potion"}],"is_trial":false,"path_per_floor":["M","$","?","M","?","E","T","M","T","E","$","R","E","?","R","B",null,"M","?","M","?","T","E"],"character_chosen":"IRONCLAD","items_purchased":["Tiny Chest","Bird Faced Urn","Fire Breathing"],"campfire_rested":1,"item_purchase_floors":[2,2,11],"current_hp_per_floor":[54,54,54,59,59,33,33,34,34,29,29,51,44,44,44,41,67,48,48,38,38,38,0,0],"gold":233,"neow_bonus":"TWO_FIFTY_GOLD","is_daily":false,"chose_seed":false,"campfire_upgraded":1,"win_rate":0.0,"timestamp":1612075006,"path_taken":["M","$","?","?","?","E","?","M","T","E","$","R","E","?","R","BOSS","M","?","M","?","?","E"],"items_purchased_type":["Relic","Relic","Card"],"build_version":"2020-12-22","purchased_purges":1,"victory":false,"max_hp_per_floor":[75,75,75,75,75,75,75,75,75,75,75,75,75,75,75,75,75,75,75,75,75,75,75,75],"card_choices":[{"not_picked":["Armaments","ReplayTheSpireMod:Limb From Limb"],"picked":"Twin Strike","floor":1},{"not_picked":["Clash","hubris:ReadiedAction"],"picked":"Inflame","floor":4},{"not_picked":["Flex","Warcry"],"picked":"Cleave","floor":6},{"not_picked":["Havoc","Thunderclap"],"picked":"Disarm","floor":8},{"not_picked":["Headbutt","ReplayReversal"],"picked":"Flex","floor":10},{"not_picked":["Offering","Havoc"],"picked":"Whirlwind","floor":13},{"not_picked":["Hemogenesis","Barricade"],"picked":"Demon Form","floor":16},{"not_picked":["Heavy Blade","Flex"],"picked":"Replay:Undeath\u0027s Touch+1","floor":18},{"not_picked":["Ghostly Armor","Havoc"],"picked":"Dual Wield","floor":20},{"not_picked":["Replay:Many Hands+1","Berserk+1"],"picked":"Feed+1","floor":21}],"player_experience":777510,"relics_obtained":[{"floor":6,"key":"StoneCalendar"},{"floor":7,"key":"hubris:ChampionShield"},{"floor":9,"key":"Self Forming Clay"},{"floor":10,"key":"Replay:Rubber Ducky"},{"floor":13,"key":"reliquary:ExpiredCoupon"},{"floor":22,"key":"Red Skull"}],"event_choices":[{"damage_healed":0,"gold_gain":0,"player_choice":"Upgraded","damage_taken":0,"max_hp_gain":0,"max_hp_loss":0,"event_name":"Upgrade Shrine","floor":3,"gold_loss":0,"cards_upgraded":["Bash"]},{"cards_removed":["Strike_R"],"damage_healed":0,"gold_gain":0,"player_choice":"Offered Basic","damage_taken":0,"max_hp_gain":0,"max_hp_loss":0,"event_name":"Bonfire Elementals","floor":5,"gold_loss":0},{"damage_healed":0,"gold_gain":50,"player_choice":"Pray","damage_taken":0,"max_hp_gain":0,"max_hp_loss":0,"event_name":"Golden Shrine","floor":14,"gold_loss":0},{"damage_healed":0,"gold_gain":0,"player_choice":"2","damage_taken":0,"max_hp_gain":0,"max_hp_loss":0,"event_name":"betterMatch:BetterMatch","floor":21,"gold_loss":0,"cards_obtained":["betterMatch:RareCard"]}],"is_beta":false,"boss_relics":[{"not_picked":["hubris:HollowSoul","Honey Jar"],"picked":"Philosopher\u0027s Stone"}],"items_purged_floors":[11],"is_endless":false,"potions_floor_spawned":[1,6,16],"killed_by":"Slavers","ascension_level":20}}