{"host":"rzjc4nrqz5d54r3r","time":1612060213,"event":{"mods":["BaseMod","Colored Map","Keyboard Shortcuts","Minty Spire (QoL Compilation)","Quick Restart","StSLib","SuperFastMode","everything is the same but u backflip on backflip"],"gold_per_floor":[114,114,114,94,104,133,133,167,212,247,247,282,311,349,361,448,460,484,85,85,99,99,99,129,161,185,219,248,275,305,324,324,407,407,418,418,181,201,226,256,285,326,326,365,365,121,147,197,197,197,197],"floor_reached":52,"language":"KOR","playtime":2419,"items_purged":["Go for the Eyes","Streamline"],"score":2733,"play_id":"113aac4c-ef45-4c67-9c35-5effa805fd8f","local_time":"20210131113013","daily_mods":["SealedDeck","Heirloom","Flight"],"is_ascension_mode":true,"campfire_choices":[{"data":"Loop","floor":11.0,"key":"SMITH"},{"data":"Darkness","floor":15.0,"key":"SMITH"},{"data":"Apotheosis","floor":23.0,"key":"SMITH"},{"data":"1","floor":32.0,"key":"LIFT"},{"data":"2","floor":45.0,"key":"LIFT"},{"data":"3","floor":49.0,"key":"LIFT"}],"circlet_count":0,"master_deck":["AscendersBane","Cold Snap+1","Go for the Eyes+1","Fusion+1","Loop+1","Glacier+1","Chill+1","Self Repair","Darkness+1","Genetic Algorithm","Coolheaded+1","Reboot","Redo","Apotheosis+1","Hologram+1","Multi-Cast","Echo Form+1","Capacitor+1","Core Surge+1","White Noise","Blizzard+1","Defragment+1","Discovery"],"relics":["Cracked Core","Girya","Oddly Smooth Stone","Bag of Preparation","Blood Vial","War Paint","Mercury Hourglass","MawBank","Strawberry","Runic Dome","Orrery","Shuriken","Omamori","White Beast Statue","Vajra","CeramicFish","Frozen Egg 2","Peace Pipe","HornCleat","Philosopher\u0027s Stone","Bird Faced Urn","DataDisk","Whetstone","Pocketwatch","Darkstone Periapt","Mummified Hand","Membership Card","Lantern"],"acts_visited":["Exordium","TheCity","TheBeyond"],"potions_floor_usage":[],"damage_taken":[{"damage":16.0,"enemies":"Small Slimes","floor":1.0,"turns":2.0},{"damage":8.0,"enemies":"2 Louse","floor":5.0,"turns":2.0},{"damage":3.0,"enemies":"3 Sentries","floor":6.0,"turns":10.0},{"damage":2.0,"enemies":"Gremlin Nob","floor":8.0,"turns":3.0},{"damage":11.0,"enemies":"Lagavulin","floor":10.0,"turns":6.0},{"damage":15.0,"enemies":"Gremlin Nob","floor":12.0,"turns":5.0},{"damage":0.0,"enemies":"Lagavulin","floor":13.0,"turns":5.0},{"damage":16.0,"enemies":"3 Sentries","floor":14.0,"turns":4.0},{"damage":32.0,"enemies":"Hexaghost","floor":16.0,"turns":11.0},{"damage":0.0,"enemies":"Shell Parasite","floor":18.0,"turns":4.0},{"damage":0.0,"enemies":"Spheric Guardian","floor":21.0,"turns":4.0},{"damage":1.0,"enemies":"Book of Stabbing","floor":24.0,"turns":4.0},{"damage":9.0,"enemies":"Slavers","floor":25.0,"turns":4.0},{"damage":7.0,"enemies":"Gremlin Leader","floor":27.0,"turns":5.0},{"damage":33.0,"enemies":"Book of Stabbing","floor":28.0,"turns":6.0},{"damage":4.0,"enemies":"Slavers","floor":29.0,"turns":3.0},{"damage":7.0,"enemies":"Book of Stabbing","floor":30.0,"turns":5.0},{"damage":0.0,"enemies":"Snecko","floor":31.0,"turns":4.0},{"damage":38.0,"enemies":"Automaton","floor":33.0,"turns":8.0},{"damage":5.0,"enemies":"3 Darklings","floor":35.0,"turns":4.0},{"damage":4.0,"enemies":"Orb Walker","floor":38.0,"turns":4.0},{"damage":6.0,"enemies":"Mind Bloom Boss Battle","floor":39.0,"turns":5.0},{"damage":4.0,"enemies":"Giant Head","floor":40.0,"turns":8.0},{"damage":28.0,"enemies":"Nemesis","floor":41.0,"turns":9.0},{"damage":49.0,"enemies":"Reptomancer","floor":42.0,"turns":10.0},{"damage":0.0,"enemies":"Giant Head","floor":44.0,"turns":9.0},{"damage":0.0,"enemies":"Reptomancer","floor":47.0,"turns":5.0},{"damage":56,"enemies":"Awakened One","floor":50,"turns":9},{"damage":0,"enemies":"Time Eater","floor":51,"turns":10}],"seed_played":"2382922660572766181","potions_obtained":[{"floor":4.0,"key":"GamblersBrew"},{"floor":5.0,"key":"Weak Potion"},{"floor":8.0,"key":"Fire Potion"},{"floor":14.0,"key":"Energy Potion"},{"floor":27.0,"key":"Fire Potion"},{"floor":42.0,"key":"PowerPotion"},{"floor":47.0,"key":"LiquidBronze"}],"is_trial":true,"path_per_floor":["M","?","?","?","M","E","?","E","T","E","R","E","E","E","R","B",null,"M","$","?","M","T","R","E","E","T","E","E","E","E","M","R","B",null,"M","?","$","M","?","E","E","E","T","E","R","$","E","?","R","B","B",null],"character_chosen":"DEFECT","items_purchased":["Orrery","Apotheosis","Capacitor+1","Core Surge","Membership Card","Defragment+1","Discovery"],"campfire_rested":0,"item_purchase_floors":[19,19,37,37,46,46,46],"current_hp_per_floor":[55,34,34,34,33,37,37,35,35,33,33,27,36,36,36,13,62,71,71,71,78,78,78,78,78,78,78,55,63,68,77,77,50,71,78,78,78,78,78,78,64,49,49,78,78,78,78,78,78,26,60],"gold":197,"neow_bonus":"","is_daily":false,"chose_seed":false,"campfire_upgraded":3,"win_rate":0.0,"timestamp":1612060213,"path_taken":["M","?","?","?","?","E","?","E","T","E","R","E","E","E","R","BOSS","M","$","?","?","?","R","E","E","T","E","E","E","E","?","R","BOSS","M","?","$","M","?","E","E","E","T","E","R","$","E","?","R","BOSS","BOSS"],"items_purchased_type":["Relic","Card","Card","Card","Relic","Card","Card"],"build_version":"2020-12-22","purchased_purges":2,"victory":true,"max_hp_per_floor":[71,71,71,71,71,71,71,71,71,71,71,71,71,78,78,78,78,78,78,78,78,78,78,78,78,78,78,78,78,78,78,78,78,78,78,78,78,78,78,78,78,78,78,78,78,78,78,78,78,78,78],"card_choices":[{"not_picked":["Beam Cell","Barrage"],"picked":"Darkness","floor":1.0},{"not_picked":["Compile Driver","Glacier"],"picked":"Genetic Algorithm","floor":5.0},{"not_picked":["Hello World","Scrape","Hologram"],"picked":"SKIP","floor":6.0},{"not_picked":["Redo","Turbo"],"picked":"Coolheaded","floor":8.0},{"not_picked":["Multi-Cast","Coolheaded","Streamline"],"picked":"SKIP","floor":10.0},{"not_picked":["Leap","Rip and Tear","Hologram"],"picked":"SKIP","floor":12.0},{"not_picked":["Skim","Conserve Battery"],"picked":"Reboot","floor":13.0},{"not_picked":["Lockon","Sweeping Beam","Go for the Eyes"],"picked":"SKIP","floor":14.0},{"not_picked":["Reboot","Machine Learning"],"picked":"Electrodynamics","floor":16.0},{"not_picked":["Doom and Gloom","Leap","Fusion"],"picked":"SKIP","floor":18.0},{"not_picked":["Go for the Eyes","Turbo"],"picked":"Redo","floor":19.0},{"not_picked":["Sweeping Beam+1","Meteor Strike","FTL"],"picked":"SKIP","floor":21.0},{"not_picked":["Barrage","Cold Snap","Self Repair"],"picked":"SKIP","floor":24.0},{"not_picked":["Reinforced Body","Double Energy","Go for the Eyes"],"picked":"SKIP","floor":25.0},{"not_picked":["Meteor Strike","Rebound"],"picked":"Hologram+1","floor":27.0},{"not_picked":["Fusion","Chill","Double Energy"],"picked":"SKIP","floor":28.0},{"not_picked":["Cold Snap","Loop+1","Conserve Battery"],"picked":"SKIP","floor":29.0},{"not_picked":["Turbo+1","Darkness","Beam Cell"],"picked":"SKIP","floor":30.0},{"not_picked":["Heatsinks+1","Force Field"],"picked":"Multi-Cast","floor":31.0},{"not_picked":["Fission","Multi-Cast"],"picked":"Echo Form+1","floor":33.0},{"not_picked":["Self Repair+1","Coolheaded","Melter+1"],"picked":"SKIP","floor":35.0},{"not_picked":["Rip and Tear","Chill","Reprogram+1"],"picked":"SKIP","floor":38.0},{"not_picked":["Consume","Static Discharge+1","Rebound"],"picked":"SKIP","floor":40.0},{"not_picked":["Scrape","Leap","Gash+1"],"picked":"SKIP","floor":41.0},{"not_picked":["Undo","Hello World+1"],"picked":"White Noise","floor":42.0},{"not_picked":["Tempest+1","Streamline"],"picked":"Blizzard+1","floor":44.0},{"not_picked":["Tempest","Sunder","Sweeping Beam"],"picked":"SKIP","floor":47.0}],"player_experience":52519,"relics_obtained":[{"floor":6.0,"key":"Oddly Smooth Stone"},{"floor":8.0,"key":"Bag of Preparation"},{"floor":9.0,"key":"Blood Vial"},{"floor":10.0,"key":"War Paint"},{"floor":12.0,"key":"Mercury Hourglass"},{"floor":13.0,"key":"MawBank"},{"floor":14.0,"key":"Strawberry"},{"floor":22.0,"key":"Shuriken"},{"floor":24.0,"key":"Omamori"},{"floor":25.0,"key":"White Beast Statue"},{"floor":26.0,"key":"Vajra"},{"floor":27.0,"key":"CeramicFish"},{"floor":28.0,"key":"Frozen Egg 2"},{"floor":29.0,"key":"Peace Pipe"},{"floor":30.0,"key":"HornCleat"},{"floor":39.0,"key":"Bird Faced Urn"},{"floor":40.0,"key":"DataDisk"},{"floor":41.0,"key":"Whetstone"},{"floor":42.0,"key":"Pocketwatch"},{"floor":43.0,"key":"Darkstone Periapt"},{"floor":44.0,"key":"Mummified Hand"},{"floor":47.0,"key":"Lantern"}],"event_choices":[{"damage_healed":0.0,"max_hp_gain":0.0,"max_hp_loss":0.0,"gold_gain":0.0,"event_name":"Shining Light","player_choice":"Entered Light","floor":2.0,"gold_loss":0.0,"damage_taken":21.0,"cards_upgraded":["Cold Snap","Glacier"]},{"damage_healed":0.0,"max_hp_gain":0.0,"max_hp_loss":0.0,"gold_gain":0.0,"event_name":"Living Wall","player_choice":"Grow","floor":3.0,"gold_loss":0.0,"damage_taken":0.0,"cards_upgraded":["Fusion"]},{"damage_healed":0.0,"max_hp_gain":0.0,"max_hp_loss":0.0,"gold_gain":0.0,"event_name":"The Woman in Blue","player_choice":"Bought 1 Potion","floor":4.0,"gold_loss":0.0,"damage_taken":0.0},{"damage_healed":0.0,"max_hp_gain":0.0,"max_hp_loss":0.0,"gold_gain":0.0,"event_name":"Liars Game","player_choice":"Ignored","floor":7.0,"gold_loss":0.0,"damage_taken":0.0},{"cards_removed":["Sweeping Beam"],"damage_healed":0.0,"max_hp_gain":0.0,"max_hp_loss":0.0,"gold_gain":0.0,"event_name":"Purifier","player_choice":"Purged","floor":20.0,"gold_loss":0.0,"damage_taken":0.0},{"cards_removed":["Electrodynamics"],"damage_healed":0.0,"max_hp_gain":0.0,"max_hp_loss":0.0,"gold_gain":0.0,"event_name":"Falling","player_choice":"Removed Power","floor":36.0,"gold_loss":0.0,"damage_taken":0.0},{"damage_healed":0.0,"max_hp_gain":0.0,"max_hp_loss":0.0,"gold_gain":0.0,"event_name":"MindBloom","player_choice":"Fight","floor":39.0,"gold_loss":0.0,"damage_taken":0.0},{"damage_healed":0.0,"max_hp_gain":0.0,"max_hp_loss":0.0,"gold_gain":50.0,"event_name":"Golden Shrine","player_choice":"Pray","floor":48.0,"gold_loss":0.0,"damage_taken":0.0}],"is_beta":false,"boss_relics":[{"not_picked":["Cursed Key","Busted Crown"],"picked":"Runic Dome"},{"not_picked":["SacredBark","Empty Cage"],"picked":"Philosopher\u0027s Stone"}],"items_purged_floors":[19,37],"is_endless":false,"potions_floor_spawned":[5,8,14,18,21,27,28,29,30,31,33,35,38,39,40,41,42,44,47],"ascension_level":20}}