{"host":"y76clbnovzmw9ubx","time":1612105776,"event":{"mods":["AchievementEnabler","BaseMod","Minty Spire (QoL Compilation)","Permanent Neow","Relic Stats"],"gold_per_floor":[111,2,2,15,30,63,63,98,98,98,98,423,436,43,43,120,120,130,148,167,182,182,182,182],"floor_reached":23,"language":"ENG","playtime":1293,"items_purged":["Strike_G"],"score":422,"play_id":"a95d82ba-84b6-44d7-8dbd-e36690b7a8f8","local_time":"20210131100936","is_ascension_mode":true,"campfire_choices":[{"floor":7,"key":"REST"},{"floor":15,"key":"REST"}],"circlet_count":0,"master_deck":["AscendersBane","Strike_G","Strike_G","Strike_G","Defend_G","Defend_G","Defend_G","Defend_G","Survivor+1","Neutralize","Blur+1","Phantasmal Killer","Poisoned Stab","Caltrops","Dagger Spray","Skewer+1","Backstab","Infinite Blades","Crippling Poison","Deadly Poison","PiercingWail+1"],"relics":["Ring of the Snake","Akabeko","Mercury Hourglass","Old Coin","Membership Card","Ancient Tea Set","Fusion Hammer"],"acts_visited":["Exordium","TheCity"],"potions_floor_usage":[6,8,8,12,21],"damage_taken":[{"damage":1,"enemies":"Cultist","floor":1,"turns":4},{"damage":0,"enemies":"2 Louse","floor":4,"turns":3},{"damage":2,"enemies":"Small Slimes","floor":5,"turns":4},{"damage":22,"enemies":"Gremlin Nob","floor":6,"turns":4},{"damage":15,"enemies":"Lagavulin","floor":8,"turns":6},{"damage":8,"enemies":"Gremlin Nob","floor":12,"turns":3},{"damage":0,"enemies":"2 Fungi Beasts","floor":13,"turns":1},{"damage":24,"enemies":"Slime Boss","floor":16,"turns":9},{"damage":0,"enemies":"Shell Parasite","floor":18,"turns":1},{"damage":0,"enemies":"3 Byrds","floor":19,"turns":3},{"damage":9,"enemies":"Centurion and Healer","floor":20,"turns":5},{"damage":25,"enemies":"Cultist and Chosen","floor":21,"turns":6},{"damage":14,"enemies":"Book of Stabbing","floor":23,"turns":3}],"seed_played":"1391000017005739892","potions_obtained":[{"floor":1,"key":"Strength Potion"},{"floor":6,"key":"SkillPotion"},{"floor":8,"key":"Energy Potion"},{"floor":21,"key":"CultistPotion"}],"is_trial":false,"path_per_floor":["M","$","?","M","M","E","R","E","T","?","?","E","M","$","R","B",null,"M","M","M","M","?","E"],"character_chosen":"THE_SILENT","items_purchased":["SteroidPotion","Poisoned Stab","Membership Card","Ancient Tea Set","Infinite Blades","Crippling Poison","Weak Potion"],"campfire_rested":2,"item_purchase_floors":[2,2,14,14,14,14,14],"current_hp_per_floor":[58,58,40,40,38,16,34,19,19,19,19,11,11,11,29,5,46,46,46,37,12,12,0,0],"gold":182,"neow_bonus":"TRANSFORM_TWO_CARDS","is_daily":false,"chose_seed":false,"campfire_upgraded":0,"win_rate":0.0,"timestamp":1612105776,"path_taken":["M","?","?","M","M","E","R","E","T","?","?","E","?","$","R","BOSS","M","M","M","M","?","E"],"items_purchased_type":["Potion","Card","Relic","Relic","Card","Card","Potion"],"build_version":"2020-12-22","purchased_purges":1,"victory":false,"max_hp_per_floor":[60,60,60,60,60,60,60,60,60,60,60,60,60,60,60,60,60,60,60,60,60,60,60,60],"relic_stats":{"counters":[13,52],"obtain_stats":[{"Fusion Hammer":17,"Membership Card":14,"Ancient Tea Set":14,"Akabeko":8,"Ring of the Snake":0,"Mercury Hourglass":9,"Old Coin":12},{"Fusion Hammer":8,"Membership Card":7,"Ancient Tea Set":7,"Akabeko":5,"Ring of the Snake":0,"Mercury Hourglass":5,"Old Coin":6},{"Fusion Hammer":34,"Membership Card":25,"Ancient Tea Set":25,"Akabeko":21,"Ring of the Snake":0,"Mercury Hourglass":21,"Old Coin":24}],"Ring of the Snake":[26],"Mercury Hourglass":[138]},"card_choices":[{"not_picked":["Concentrate","Setup","Bane"],"picked":"SKIP","floor":1},{"not_picked":["Reflex","Choke","Dodge and Roll"],"picked":"SKIP","floor":4},{"not_picked":["Flechettes","Cloak And Dagger"],"picked":"Caltrops","floor":5},{"not_picked":["Quick Slash","Dodge and Roll"],"picked":"Dagger Spray","floor":6},{"not_picked":["Footwork","PiercingWail"],"picked":"Skewer","floor":8},{"not_picked":["Cloak And Dagger","Backflip"],"picked":"Backstab","floor":12},{"not_picked":["Choke","Riddle With Holes","Underhanded Strike"],"picked":"SKIP","floor":13},{"not_picked":["Accuracy","Flying Knee","Dagger Spray"],"picked":"SKIP","floor":18},{"not_picked":["Crippling Poison","Eviscerate","Endless Agony"],"picked":"SKIP","floor":19},{"not_picked":["Distraction","Concentrate"],"picked":"Deadly Poison","floor":20},{"not_picked":["Blade Dance","Flechettes"],"picked":"PiercingWail+1","floor":21}],"player_experience":3166645,"relics_obtained":[{"floor":8,"key":"Akabeko"},{"floor":9,"key":"Mercury Hourglass"},{"floor":12,"key":"Old Coin"}],"event_choices":[{"damage_healed":0,"gold_gain":0,"player_choice":"Entered Light","damage_taken":18,"max_hp_gain":0,"max_hp_loss":0,"event_name":"Shining Light","floor":3,"gold_loss":0,"cards_upgraded":["Survivor","Blur"]},{"damage_healed":0,"gold_gain":0,"player_choice":"Ignored","damage_taken":0,"max_hp_gain":0,"max_hp_loss":0,"event_name":"Liars Game","floor":10,"gold_loss":0},{"damage_healed":0,"gold_gain":0,"player_choice":"Upgraded","damage_taken":0,"max_hp_gain":0,"max_hp_loss":0,"event_name":"Upgrade Shrine","floor":11,"gold_loss":0,"cards_upgraded":["Skewer"]},{"damage_healed":0,"gold_gain":0,"player_choice":"Ignored","damage_taken":0,"max_hp_gain":0,"max_hp_loss":0,"event_name":"The Mausoleum","floor":22,"gold_loss":0}],"is_beta":false,"boss_relics":[{"not_picked":["Tiny House","HoveringKite"],"picked":"Fusion Hammer"}],"items_purged_floors":[14],"is_endless":false,"potions_floor_spawned":[1,5,6,8,21],"killed_by":"Book of Stabbing","ascension_level":20}}