{"host":"vyjryxuuuxkt43k4","time":1612102799,"event":{"mods":["AchievementEnabler","BaseMod","Colored Map","DeckTracker","Keyboard Shortcuts","Minty Spire (QoL Compilation)","Permanent Neow","Quick Restart","Rare Cards Sparkle","StSLib","SuperFastMode","everything is the same but u backflip on backflip"],"gold_per_floor":[210,225,286,24,24,43,77,97,122,122,87,105,130,142,142,240,240,240,240,240,240,240,240,240,240,240,42,42,42,42,42,42,42,42,42,42,42,42,42,42,42,42,42,42,42,42],"floor_reached":45,"language":"KOR","playtime":2184,"items_purged":["Strike_P"],"score":687,"play_id":"97ae7f98-b1e7-47c3-aaf7-6b9a1d2f7ea7","local_time":"20210131231959","is_ascension_mode":true,"campfire_choices":[{"data":"Eruption","floor":10.0,"key":"SMITH"},{"data":"TalkToTheHand","floor":15.0,"key":"SMITH"},{"floor":23.0,"key":"REST"},{"data":"Adaptation","floor":28.0,"key":"SMITH"},{"floor":30.0,"key":"REST"},{"data":"MentalFortress","floor":32.0,"key":"SMITH"},{"data":"MentalFortress","floor":40.0,"key":"SMITH"},{"data":"SignatureMove","floor":42,"key":"SMITH"}],"circlet_count":0,"master_deck":["Strike_P","Strike_P","Strike_P","Defend_P","Defend_P","Defend_P","Defend_P","Eruption+1","Vigilance","SignatureMove+1","Indignation","Adaptation+1","InnerPeace","FearNoEvil","TalkToTheHand+1","CutThroughFate","Halt","DevaForm","Halt+1","Necronomicurse","EmptyFist+1","Consecrate+1","MentalFortress+1","DevaForm","Meditate+1","Adaptation+1","MentalFortress+1","Protect+1","Nirvana+1"],"relics":["PureWater","MealTicket","Ancient Tea Set","Orichalcum","Anchor","Ectoplasm","Necronomicon","GoldenEye","Darkstone Periapt","OrangePellets","Coffee Dripper","Damaru"],"acts_visited":["Exordium","TheCity","TheBeyond"],"potions_floor_usage":[41,41,41],"damage_taken":[{"damage":1.0,"enemies":"2 Louse","floor":1.0,"turns":2.0},{"damage":12.0,"enemies":"Small Slimes","floor":2.0,"turns":3.0},{"damage":0.0,"enemies":"Cultist","floor":6.0,"turns":2.0},{"damage":0.0,"enemies":"Lagavulin","floor":7.0,"turns":3.0},{"damage":5.0,"enemies":"Large Slime","floor":8.0,"turns":3.0},{"damage":0.0,"enemies":"3 Louse","floor":12.0,"turns":2.0},{"damage":39.0,"enemies":"3 Sentries","floor":13.0,"turns":6.0},{"damage":0.0,"enemies":"Looter","floor":14.0,"turns":2.0},{"damage":6.0,"enemies":"The Guardian","floor":16.0,"turns":8.0},{"damage":16.0,"enemies":"Spheric Guardian","floor":18.0,"turns":4.0},{"damage":0.0,"enemies":"Chosen","floor":20.0,"turns":1.0},{"damage":7.0,"enemies":"Book of Stabbing","floor":24.0,"turns":3.0},{"damage":34.0,"enemies":"Sentry and Sphere","floor":25.0,"turns":6.0},{"damage":6.0,"enemies":"Snecko","floor":29.0,"turns":4.0},{"damage":0.0,"enemies":"Cultist and Chosen","floor":31.0,"turns":3.0},{"damage":25.0,"enemies":"Collector","floor":33.0,"turns":6.0},{"damage":9.0,"enemies":"3 Shapes","floor":35.0,"turns":8.0},{"damage":16.0,"enemies":"Orb Walker","floor":37.0,"turns":3.0},{"damage":14.0,"enemies":"Jaw Worm Horde","floor":38.0,"turns":2.0},{"damage":0.0,"enemies":"Maw","floor":39.0,"turns":6.0},{"damage":2,"enemies":"3 Darklings","floor":41,"turns":3},{"damage":0,"enemies":"Sphere and 2 Shapes","floor":44,"turns":4},{"damage":29,"enemies":"Reptomancer","floor":45,"turns":2}],"seed_played":"8808098465840199328","potions_obtained":[{"floor":1.0,"key":"Swift Potion"},{"floor":2.0,"key":"Weak Potion"},{"floor":5.0,"key":"Block Potion"},{"floor":7.0,"key":"Ambrosia"},{"floor":13.0,"key":"Energy Potion"},{"floor":14.0,"key":"EssenceOfSteel"},{"floor":16.0,"key":"Strength Potion"},{"floor":20.0,"key":"BlessingOfTheForge"},{"floor":24.0,"key":"BottledMiracle"},{"floor":31.0,"key":"Energy Potion"},{"floor":35.0,"key":"Dexterity Potion"},{"floor":38.0,"key":"Explosive Potion"},{"floor":39.0,"key":"ColorlessPotion"}],"is_trial":false,"path_per_floor":["M","M","?","$","?","M","E","M","T","R","$","M","E","M","R","B",null,"M","?","M","?","?","R","E","M","T","$","R","M","R","M","R","B",null,"M","?","M","M","M","R","M","R","T","M","E"],"character_chosen":"WATCHER","items_purchased":["MealTicket","Adaptation","TalkToTheHand","OrangePellets","AttackPotion"],"campfire_rested":2,"item_purchase_floors":[4,4,11,27,27],"current_hp_per_floor":[64,52,52,52,52,52,52,47,47,47,62,62,23,23,23,17,58,42,26,26,26,26,47,40,6,6,21,21,15,36,36,36,11,57,48,48,32,18,18,18,16,16,16,16,0,0],"gold":42,"neow_bonus":"HUNDRED_GOLD","is_daily":false,"chose_seed":false,"campfire_upgraded":6,"win_rate":0.0,"timestamp":1612102799,"path_taken":["M","M","?","$","?","M","E","?","T","R","$","M","E","M","R","BOSS","M","?","M","?","?","R","E","M","T","$","R","M","R","?","R","BOSS","M","?","M","M","M","R","M","R","T","M","E"],"items_purchased_type":["Relic","Card","Card","Relic","Potion"],"build_version":"2020-12-22","purchased_purges":1,"victory":false,"max_hp_per_floor":[72,72,72,72,72,72,72,72,72,72,72,72,72,72,72,72,72,72,72,72,72,72,72,72,72,72,72,72,72,72,72,72,72,72,72,72,72,72,72,72,72,72,72,72,72,72],"card_choices":[{"not_picked":["ReachHeaven","Swivel"],"picked":"SignatureMove","floor":1.0},{"not_picked":["CrushJoints","Conclude"],"picked":"Indignation","floor":2.0},{"not_picked":["Crescendo","FlyingSleeves"],"picked":"InnerPeace","floor":6.0},{"not_picked":["Protect","ThirdEye","Worship"],"picked":"SKIP","floor":7.0},{"not_picked":["EmptyFist","Collect"],"picked":"FearNoEvil","floor":8.0},{"not_picked":["PathToVictory","BattleHymn"],"picked":"CutThroughFate","floor":12.0},{"not_picked":["BowlingBash","PathToVictory"],"picked":"Halt","floor":13.0},{"not_picked":["FollowUp","Halt","Consecrate"],"picked":"SKIP","floor":14.0},{"not_picked":["Devotion","Wish"],"picked":"DevaForm","floor":16.0},{"not_picked":["BattleHymn+1","ClearTheMind"],"picked":"Halt+1","floor":18.0},{"not_picked":["Swivel+1","Evaluate"],"picked":"EmptyFist+1","floor":20.0},{"not_picked":["ClearTheMind","WaveOfTheHand","FlurryOfBlows"],"picked":"SKIP","floor":24.0},{"not_picked":["PathToVictory","CutThroughFate+1"],"picked":"Consecrate+1","floor":25.0},{"not_picked":["Crescendo","CarveReality"],"picked":"MentalFortress","floor":29.0},{"not_picked":["Evaluate","ThirdEye","CarveReality"],"picked":"SKIP","floor":31.0},{"not_picked":["Alpha","SpiritShield"],"picked":"DevaForm","floor":33.0},{"not_picked":["WheelKick","Weave+1","JustLucky+1"],"picked":"SKIP","floor":35.0},{"not_picked":["Wallop","ThirdEye+1"],"picked":"Meditate+1","floor":37.0},{"not_picked":["FollowUp+1","PathToVictory"],"picked":"Adaptation+1","floor":38.0},{"not_picked":["ClearTheMind","SashWhip"],"picked":"MentalFortress","floor":39.0},{"not_picked":["ClearTheMind","Protect+1","CutThroughFate"],"picked":"SKIP","floor":41},{"not_picked":["ClearTheMind","CutThroughFate"],"picked":"Protect+1","floor":41},{"not_picked":["Halt+1","Consecrate"],"picked":"Nirvana+1","floor":44}],"player_experience":542063,"relics_obtained":[{"floor":7.0,"key":"Ancient Tea Set"},{"floor":9.0,"key":"Orichalcum"},{"floor":13.0,"key":"Anchor"},{"floor":19.0,"key":"Necronomicon"},{"floor":24.0,"key":"GoldenEye"},{"floor":26.0,"key":"Darkstone Periapt"},{"floor":43,"key":"Damaru"}],"event_choices":[{"damage_healed":0.0,"max_hp_gain":0.0,"max_hp_loss":0.0,"gold_gain":61.0,"event_name":"Golden Wing","player_choice":"Gained Gold","floor":3.0,"gold_loss":0.0,"damage_taken":0.0},{"damage_healed":0.0,"max_hp_gain":0.0,"max_hp_loss":0.0,"gold_gain":0.0,"event_name":"Lab","player_choice":"Got Potions","floor":5.0,"gold_loss":0.0,"damage_taken":0.0},{"damage_healed":0.0,"max_hp_gain":0.0,"max_hp_loss":0.0,"gold_gain":0.0,"event_name":"Cursed Tome","player_choice":"Obtained Book","floor":19.0,"gold_loss":0.0,"damage_taken":16.0},{"damage_healed":0.0,"max_hp_gain":0.0,"max_hp_loss":0.0,"gold_gain":0.0,"event_name":"Vampires","player_choice":"Ignored","floor":21.0,"gold_loss":0.0,"damage_taken":0.0},{"damage_healed":0.0,"max_hp_gain":0.0,"max_hp_loss":0.0,"gold_gain":0.0,"event_name":"The Mausoleum","player_choice":"Ignored","floor":22.0,"gold_loss":0.0,"damage_taken":0.0},{"damage_healed":0.0,"max_hp_gain":0.0,"max_hp_loss":0.0,"gold_gain":0.0,"event_name":"Match and Keep!","player_choice":"0 cards matched","floor":36.0,"gold_loss":0.0,"damage_taken":0.0,"cards_obtained":[]}],"is_beta":false,"boss_relics":[{"not_picked":["Fusion Hammer","Calling Bell"],"picked":"Ectoplasm"},{"not_picked":["Tiny House","Snecko Eye"],"picked":"Coffee Dripper"}],"items_purged_floors":[4],"is_endless":false,"potions_floor_spawned":[1,2,7,13,14,16,20,24,31,35,38,39],"killed_by":"Reptomancer","ascension_level":9}}