{"host":"g2yp6paluzgljz05","time":1612062871,"event":{"mods":["BaseMod","Bestiary","Colored Powertips","DeckTracker","Highlight Path","Minty Spire (QoL Compilation)","Quick Restart"],"gold_per_floor":[115,115,290,310,310,338,338,371,397,93,93,106,106,126,126,126,126],"floor_reached":16,"language":"ENG","playtime":1123,"items_purged":["Strike_R"],"score":186,"play_id":"5d1de386-c1ca-4b45-88c0-d9e9fc56db64","local_time":"20210131141431","is_ascension_mode":true,"campfire_choices":[{"floor":11,"key":"REST"},{"data":"Bash","floor":13,"key":"SMITH"},{"data":"True Grit","floor":15,"key":"SMITH"}],"circlet_count":0,"master_deck":["Strike_R","Strike_R","Strike_R","Defend_R","Defend_R","Defend_R","Defend_R","Bash+1","Heavy Blade","Spot Weakness","Doubt","Feel No Pain+1","Dark Embrace+1","Evolve+1","True Grit+1"],"relics":["Burning Blood","NeowsBlessing","Regal Pillow","Frozen Egg 2","Happy Flower","Vajra","Brimstone"],"acts_visited":["Exordium"],"potions_floor_usage":[8,16],"damage_taken":[{"damage":0,"enemies":"2 Louse","floor":1,"turns":2},{"damage":0,"enemies":"Small Slimes","floor":4,"turns":2},{"damage":0,"enemies":"Lagavulin","floor":6,"turns":1},{"damage":68,"enemies":"Gremlin Nob","floor":8,"turns":6},{"damage":13,"enemies":"Jaw Worm","floor":12,"turns":2},{"damage":15,"enemies":"3 Louse","floor":14,"turns":3},{"damage":41,"enemies":"Slime Boss","floor":16,"turns":5}],"seed_played":"5215748318369014109","potions_obtained":[{"floor":1,"key":"Regen Potion"},{"floor":4,"key":"PowerPotion"}],"is_trial":false,"path_per_floor":["M","?","?","M","?","E","?","E","T","$","R","M","R","M","R","B"],"character_chosen":"IRONCLAD","items_purchased":["Brimstone","Evolve+1"],"campfire_rested":1,"item_purchase_floors":[10,10],"current_hp_per_floor":[78,78,78,80,68,74,74,17,17,17,56,49,49,40,40,0,0],"gold":126,"neow_bonus":"THREE_ENEMY_KILL","is_daily":false,"chose_seed":false,"campfire_upgraded":2,"win_rate":0.0,"timestamp":1612062871,"path_taken":["M","?","?","M","?","E","?","E","T","$","R","M","R","M","R","BOSS"],"items_purchased_type":["Relic","Card"],"build_version":"2020-12-22","purchased_purges":1,"victory":false,"max_hp_per_floor":[80,80,80,80,80,80,80,80,80,80,80,80,80,80,80,80,80],"card_choices":[{"not_picked":["Armaments","Hemokinesis"],"picked":"Heavy Blade","floor":1},{"not_picked":["Armaments","Wild Strike","Thunderclap"],"picked":"SKIP","floor":4},{"not_picked":["Anger","Twin Strike"],"picked":"Feel No Pain+1","floor":6},{"not_picked":["Sever Soul","Heavy Blade"],"picked":"Dark Embrace+1","floor":8},{"not_picked":["Perfected Strike","Anger","Heavy Blade"],"picked":"SKIP","floor":12},{"not_picked":["Second Wind","Feel No Pain+1"],"picked":"True Grit","floor":14}],"player_experience":286257,"relics_obtained":[{"floor":6,"key":"Frozen Egg 2"},{"floor":8,"key":"Happy Flower"},{"floor":9,"key":"Vajra"}],"event_choices":[{"damage_healed":0,"gold_gain":0,"cards_transformed":["Strike_R"],"player_choice":"Change","damage_taken":0,"max_hp_gain":0,"max_hp_loss":0,"event_name":"Living Wall","floor":2,"gold_loss":0,"cards_obtained":["Spot Weakness"]},{"damage_healed":0,"gold_gain":175,"player_choice":"AGREE","damage_taken":0,"max_hp_gain":0,"max_hp_loss":0,"event_name":"Liars Game","floor":3,"gold_loss":0,"cards_obtained":["Doubt"]},{"damage_healed":0,"gold_gain":0,"player_choice":"Success","damage_taken":12,"relics_obtained":["Regal Pillow"],"max_hp_gain":0,"max_hp_loss":0,"event_name":"Scrap Ooze","floor":5,"gold_loss":0},{"damage_healed":0,"gold_gain":0,"player_choice":"Searched \u00271\u0027 times","damage_taken":0,"max_hp_gain":0,"max_hp_loss":0,"event_name":"Dead Adventurer","floor":7,"gold_loss":0}],"is_beta":false,"boss_relics":[],"items_purged_floors":[10],"is_endless":false,"potions_floor_spawned":[1,4],"killed_by":"Slime Boss","ascension_level":8}}