{"host":"89iuq2p5kwriuwfq","time":1612098934,"event":{"mods":["BaseMod","Curses Come First","Minty Spire (QoL Compilation)","Permanent Neow","StSLib"],"gold_per_floor":[112,184,359,102,52,81,95,370,396,413,443,459,459,493,493,493,493],"floor_reached":16,"language":"ENG","playtime":814,"items_purged":["Doubt"],"score":171,"play_id":"deb14d29-381d-4070-ae58-49ecdd416097","local_time":"20210131131534","is_ascension_mode":true,"campfire_choices":[{"data":"Feel No Pain","floor":13,"key":"SMITH"},{"data":"Corruption","floor":15,"key":"SMITH"}],"circlet_count":0,"master_deck":["Strike_R","Strike_R","Strike_R","Strike_R","Defend_R","Defend_R","Defend_R","Bash","Corruption+1","Heavy Blade","Reckless Charge","Feel No Pain+1","Slice","Ball Lightning","Shrug It Off","Melter","Deadly Poison"],"relics":["Burning Blood","PrismaticShard","Omamori","Smiling Mask","Mango","Paper Frog"],"acts_visited":["Exordium"],"potions_floor_usage":[6,16],"damage_taken":[{"damage":8,"enemies":"Jaw Worm","floor":1,"turns":5},{"damage":26,"enemies":"Gremlin Nob","floor":6,"turns":4},{"damage":0,"enemies":"Small Slimes","floor":7,"turns":3},{"damage":0,"enemies":"Cultist","floor":10,"turns":3},{"damage":25,"enemies":"3 Sentries","floor":11,"turns":9},{"damage":6,"enemies":"Looter","floor":12,"turns":2},{"damage":31,"enemies":"Gremlin Nob","floor":14,"turns":5},{"damage":40,"enemies":"Slime Boss","floor":16,"turns":7}],"seed_played":"7296309956943730773","potions_obtained":[{"floor":1,"key":"ColorlessPotion"},{"floor":11,"key":"AttackPotion"},{"floor":14,"key":"PowerPotion"}],"is_trial":false,"path_per_floor":["M","?","?","$","?","E","M","?","T","M","E","M","R","E","R","B"],"character_chosen":"IRONCLAD","items_purchased":["PrismaticShard","Feel No Pain"],"campfire_rested":0,"item_purchase_floors":[4,4],"current_hp_per_floor":[70,70,70,70,70,50,56,56,56,62,57,57,57,32,32,0,0],"gold":493,"neow_bonus":"TRANSFORM_TWO_CARDS","is_daily":false,"chose_seed":false,"campfire_upgraded":2,"win_rate":0.0,"timestamp":1612098934,"path_taken":["M","?","?","$","?","E","M","?","T","?","E","M","R","E","R","BOSS"],"items_purchased_type":["Relic","Card"],"build_version":"2020-12-22","purchased_purges":1,"victory":false,"max_hp_per_floor":[80,80,80,80,80,80,80,80,80,80,94,94,94,94,94,94,94],"card_choices":[{"not_picked":["Warcry","Combust"],"picked":"Reckless Charge","floor":1},{"not_picked":["Accuracy","Mayhem"],"picked":"Slice","floor":6},{"not_picked":["SandsOfTime","Havoc"],"picked":"Ball Lightning","floor":7},{"not_picked":["Havoc","Sucker Punch","Rebound"],"picked":"SKIP","floor":10},{"not_picked":["Multi-Cast","Bouncing Flask"],"picked":"Shrug It Off","floor":11},{"not_picked":["Halt","Poisoned Stab"],"picked":"Melter","floor":12},{"not_picked":["Indignation","FearNoEvil"],"picked":"Deadly Poison","floor":14}],"player_experience":609209,"relics_obtained":[{"floor":6,"key":"Omamori"},{"floor":9,"key":"Smiling Mask"},{"floor":11,"key":"Mango"},{"floor":14,"key":"Paper Frog"}],"event_choices":[{"damage_healed":0,"gold_gain":72,"player_choice":"Gained Gold","damage_taken":0,"max_hp_gain":0,"max_hp_loss":0,"event_name":"Golden Wing","floor":2,"gold_loss":0},{"damage_healed":0,"gold_gain":175,"player_choice":"AGREE","damage_taken":0,"max_hp_gain":0,"max_hp_loss":0,"event_name":"Liars Game","floor":3,"gold_loss":0,"cards_obtained":["Doubt"]},{"cards_removed":["Doubt"],"damage_healed":0,"gold_gain":0,"player_choice":"Card Removal","damage_taken":0,"max_hp_gain":0,"max_hp_loss":0,"event_name":"The Cleric","floor":5,"gold_loss":50},{"damage_healed":0,"gold_gain":275,"player_choice":"Desecrate","damage_taken":0,"max_hp_gain":0,"max_hp_loss":0,"event_name":"Golden Shrine","floor":8,"gold_loss":0,"cards_obtained":["Regret"]}],"is_beta":false,"boss_relics":[],"items_purged_floors":[4],"is_endless":false,"potions_floor_spawned":[1,11,14],"killed_by":"Slime Boss","ascension_level":9}}