{"host":"t8facflq355xg1wc","time":1612103429,"event":{"mods":["AchievementEnabler","BaseMod","DeckTracker","Minty Spire (QoL Compilation)","StSLib","SuperFastMode"],"gold_per_floor":[117,117,38,53,64,95,116,149,185,197,222,244,256,286,298,408,420,446,472,484,496,558,570,615,627,639,669,681,681],"floor_reached":28,"language":"KOR","playtime":3621,"items_purged":[],"score":248,"play_id":"4b8824f7-dafb-44ef-a4d0-4cafa4310a22","local_time":"20210131233029","is_ascension_mode":false,"campfire_choices":[{"floor":13,"key":"REST"},{"data":"Neutralize","floor":15,"key":"SMITH"},{"data":"Noxious Fumes","floor":23,"key":"SMITH"},{"data":"Venomology","floor":25,"key":"SMITH"}],"circlet_count":0,"master_deck":["Strike_G","Strike_G","Strike_G","Defend_G","Defend_G","Defend_G","Defend_G","Defend_G","Survivor","Neutralize+1","Deadly Poison","Calculated Gamble","Noxious Fumes+1","Blade Dance","Poisoned Stab","After Image","PiercingWail","Bane","Flying Knee","Burst","Dodge and Roll","Dagger Spray","Venomology+1","Catalyst"],"relics":["Ring of the Snake","NeowsBlessing","Lantern","Odd Mushroom","MawBank","Vajra","Coffee Dripper","White Beast Statue","Bottled Lightning","Frozen Egg 2"],"acts_visited":["Exordium","TheCity"],"potions_floor_usage":[7,7,16,27,27,27,28],"damage_taken":[{"damage":0,"enemies":"Jaw Worm","floor":1,"turns":1},{"damage":0,"enemies":"Cultist","floor":4,"turns":1},{"damage":0,"enemies":"2 Louse","floor":5,"turns":1},{"damage":28,"enemies":"Lagavulin","floor":6,"turns":7},{"damage":5,"enemies":"The Mushroom Lair","floor":7,"turns":4},{"damage":20,"enemies":"Gremlin Nob","floor":8,"turns":4},{"damage":1,"enemies":"Exordium Wildlife","floor":11,"turns":2},{"damage":6,"enemies":"Large Slime","floor":12,"turns":5},{"damage":11,"enemies":"Exordium Thugs","floor":14,"turns":4},{"damage":19,"enemies":"Slime Boss","floor":16,"turns":9},{"damage":8,"enemies":"Chosen","floor":18,"turns":5},{"damage":1,"enemies":"Spheric Guardian","floor":19,"turns":4},{"damage":23,"enemies":"Book of Stabbing","floor":24,"turns":6},{"damage":11,"enemies":"Shelled Parasite and Fungi","floor":27,"turns":3},{"damage":27,"enemies":"Slavers","floor":28,"turns":2}],"seed_played":"-4815363253570260600","potions_obtained":[{"floor":5,"key":"ColorlessPotion"},{"floor":6,"key":"SpeedPotion"},{"floor":12,"key":"Poison Potion"},{"floor":18,"key":"Weak Potion"},{"floor":24,"key":"Poison Potion"},{"floor":27,"key":"FearPotion"}],"is_trial":false,"path_per_floor":["M","?","$","M","M","E","?","E","T","?","M","M","R","M","R","B",null,"M","M","?","?","?","R","E","R","T","M","E"],"character_chosen":"THE_SILENT","items_purchased":["Noxious Fumes"],"campfire_rested":1,"item_purchase_floors":[3],"current_hp_per_floor":[70,70,70,70,70,42,37,17,17,17,16,10,31,20,20,1,70,62,61,61,61,61,61,38,38,38,27,0,0],"gold":681,"neow_bonus":"THREE_ENEMY_KILL","is_daily":false,"chose_seed":false,"campfire_upgraded":3,"win_rate":0.0,"timestamp":1612103429,"path_taken":["M","?","$","?","M","E","?","E","T","?","M","M","R","M","R","BOSS","M","M","?","?","?","R","E","R","T","M","E"],"items_purchased_type":["Card"],"build_version":"2020-12-22","purchased_purges":0,"victory":false,"max_hp_per_floor":[70,70,70,70,70,70,70,70,70,70,70,70,70,70,70,70,70,70,70,70,70,70,70,70,70,70,70,70,70],"card_choices":[{"not_picked":["Backflip","Distraction"],"picked":"Deadly Poison","floor":1},{"not_picked":["Expertise","Underhanded Strike"],"picked":"Blade Dance","floor":4},{"not_picked":["Dagger Throw","Tactician"],"picked":"Poisoned Stab","floor":5},{"not_picked":["Tactician","Noxious Fumes"],"picked":"After Image","floor":6},{"not_picked":["Predator","Outmaneuver"],"picked":"PiercingWail","floor":7},{"not_picked":["PiercingWail","Blade Dance"],"picked":"Bane","floor":8},{"not_picked":["Prepared","Outmaneuver","Predator"],"picked":"SKIP","floor":11},{"not_picked":["Acrobatics","Prepared"],"picked":"Flying Knee","floor":12},{"not_picked":["Bane","Acrobatics","Flying Knee"],"picked":"SKIP","floor":14},{"not_picked":["A Thousand Cuts","Doppelganger"],"picked":"Burst","floor":16},{"not_picked":["Deadly Poison","Blade Dance"],"picked":"Dodge and Roll","floor":18},{"not_picked":["Acrobatics+1","Bane"],"picked":"Dagger Spray","floor":19},{"not_picked":["Well Laid Plans","Wraith Form v2"],"picked":"Venomology","floor":24},{"not_picked":["Reflex","Outmaneuver"],"picked":"Catalyst","floor":27}],"player_experience":57648,"relics_obtained":[{"floor":6,"key":"Lantern"},{"floor":7,"key":"Odd Mushroom"},{"floor":8,"key":"MawBank"},{"floor":9,"key":"Vajra"},{"floor":24,"key":"Bottled Lightning"},{"floor":26,"key":"Frozen Egg 2"}],"event_choices":[{"damage_healed":0,"gold_gain":0,"cards_transformed":["Strike_G"],"player_choice":"Transformed","damage_taken":0,"max_hp_gain":0,"max_hp_loss":0,"event_name":"Transmorgrifier","floor":2,"gold_loss":0,"cards_obtained":["Calculated Gamble"]},{"damage_healed":0,"gold_gain":0,"player_choice":"Fought Mushrooms","damage_taken":0,"max_hp_gain":0,"max_hp_loss":0,"event_name":"Mushrooms","floor":7,"gold_loss":0},{"cards_removed":["Strike_G"],"damage_healed":0,"gold_gain":0,"player_choice":"Forget","damage_taken":0,"max_hp_gain":0,"max_hp_loss":0,"event_name":"Living Wall","floor":10,"gold_loss":0},{"damage_healed":0,"gold_gain":0,"player_choice":"Opened","damage_taken":0,"relics_obtained":["White Beast Statue"],"max_hp_gain":0,"max_hp_loss":0,"event_name":"The Mausoleum","floor":20,"gold_loss":0},{"damage_healed":0,"gold_gain":0,"player_choice":"Ignored","damage_taken":0,"max_hp_gain":0,"max_hp_loss":0,"event_name":"Cursed Tome","floor":21,"gold_loss":0},{"damage_healed":0,"gold_gain":100,"player_choice":"Bet on Murderer","damage_taken":0,"max_hp_gain":0,"max_hp_loss":0,"event_name":"The Joust","floor":22,"gold_loss":50}],"is_beta":false,"boss_relics":[{"not_picked":["Velvet Choker","Snecko Eye"],"picked":"Coffee Dripper"}],"items_purged_floors":[],"is_endless":false,"potions_floor_spawned":[5,6,12,18,24,27],"killed_by":"Slavers","ascension_level":0}}