{"host":"rkd2egloqduv8drx","time":1612099306,"event":{"mods":["ATMod(°¢èªMod)","Act Like it!","Arknights","BaseMod","CapriCore","Gensokyo","GungeonMod","Hermit","Jedi Mod","Koishi","Minty Spire (QoL Compilation)","Permanent Neow","Prisma Mod","Quick Restart","Rare Cards Sparkle","Robot Space Explorer","Spicy Shops","StSLib","The Administrix","The Bug Knight","The Immortal","WarShipGirlsR/Õ½½¢ÉÙÅ®R mod"],"gold_per_floor":[112,129,144,45,63,63,82,82,107,107,130,149,149,175,175,294,294,314,339,239,239,0,0,0,0],"floor_reached":24,"language":"ZHS","playtime":1721,"items_purged":["Koishi:BasicStrike","Koishi:BasicStrike"],"score":188,"play_id":"828f0d23-9f2c-41b3-ab10-0610c1106e38","local_time":"20210131212146","is_ascension_mode":false,"campfire_choices":[{"data":"Koishi:ImGoingToCallYouNow","floor":6,"key":"SMITH"},{"data":"Koishi:Provoke","floor":8,"key":"SMITH"},{"data":"Koishi:HauntingSlash","floor":13,"key":"SMITH"},{"data":"Koishi:Jaunt","floor":15,"key":"SMITH"},{"data":"Koishi:ConfinedInnocent","floor":23,"key":"SMITH"}],"circlet_count":0,"master_deck":["Koishi:BasicDefend","Koishi:BasicDefend","Koishi:BasicDefend+1","Koishi:Provoke+1","Koishi:HauntingSlash+1","Koishi:ImGoingToCallYouNow+1","Koishi:JumpScare+1","Koishi:Jaunt+1","Koishi:FleetingPhantom","Koishi:ConfinedInnocent+1"],"relics":["Koishi:ImaginaryFriend","AT_ATBox","War Paint","Golden Idol","Odd Mushroom","Empty Cage","DemoMod:SerJunkan"],"acts_visited":["Exordium","TheCity"],"potions_floor_usage":[16,16,16],"damage_taken":[{"damage":2,"enemies":"Jaw Worm","floor":1,"turns":6},{"damage":7,"enemies":"Small Slimes","floor":2,"turns":6},{"damage":9,"enemies":"2 Louse","floor":3,"turns":4},{"damage":18,"enemies":"Blue Slaver","floor":5,"turns":5},{"damage":6,"enemies":"Red Slaver","floor":7,"turns":6},{"damage":15,"enemies":"3 Louse","floor":11,"turns":4},{"damage":14,"enemies":"2 Fungi Beasts","floor":12,"turns":5},{"damage":34,"enemies":"The Mushroom Lair","floor":14,"turns":7},{"damage":53,"enemies":"The Guardian","floor":16,"turns":17},{"damage":51,"enemies":"Chosen","floor":18,"turns":10},{"damage":46,"enemies":"Shell Parasite","floor":19,"turns":13},{"damage":33,"enemies":"Chosen and Byrds","floor":24,"turns":7}],"seed_played":"4690829619405195841","potions_obtained":[{"floor":11,"key":"SteroidPotion"},{"floor":12,"key":"Explosive Potion"},{"floor":14,"key":"FearPotion"},{"floor":16,"key":"Dexterity Potion"},{"floor":18,"key":"SteroidPotion"}],"is_trial":false,"path_per_floor":["M","M","M","$","M","R","M","R","T","?","M","M","R","?","R","B",null,"M","M","$","?","$","R","M"],"character_chosen":"KOISHI","items_purchased":["Koishi:Jaunt","DemoMod:SerJunkan"],"campfire_rested":0,"item_purchase_floors":[4,22],"current_hp_per_floor":[51,58,60,60,57,57,60,60,60,45,60,60,60,60,60,60,60,52,60,60,60,60,60,27,27],"gold":0,"neow_bonus":"THREE_RARE_CARDS","is_daily":false,"chose_seed":false,"campfire_upgraded":5,"win_rate":0.0,"timestamp":1612099306,"path_taken":["M","M","M","$","M","R","M","R","T","?","M","M","R","?","R","BOSS","M","M","$","?","$","R","M"],"items_purchased_type":["Card","Relic"],"build_version":"2020-12-22","purchased_purges":2,"victory":false,"max_hp_per_floor":[60,60,60,60,60,60,60,60,60,60,60,60,60,60,60,60,60,60,60,60,60,60,60,60,60],"card_choices":[{"not_picked":["Koishi:HeartStoppingHorror","Koishi:MentalBreakdown"],"picked":"Koishi:ImGoingToCallYouNow","floor":0},{"not_picked":["Koishi:Prune","Koishi:SubterraneanRose"],"picked":"Koishi:JumpScare","floor":1},{"not_picked":["Koishi:CatchAndRose","Koishi:UnconsciousUrges","Koishi:DNAsFlaw"],"picked":"SKIP","floor":2},{"not_picked":["Koishi:SprinkleStarAndHeart","Koishi:JumpScare","Koishi:UnconsciousUrges"],"picked":"SKIP","floor":3},{"not_picked":["Koishi:SpiritedAway","Koishi:SprinkleStarAndHeart","Koishi:StingingMind"],"picked":"SKIP","floor":5},{"not_picked":["Koishi:SprinkleStarAndHeart","Koishi:SubconsciousSweep","Koishi:RorschachInDanmaku"],"picked":"SKIP","floor":7},{"not_picked":["Koishi:SubconsciousSweep","Koishi:ReflexRadar","Koishi:FormlessExistence"],"picked":"SKIP","floor":11},{"not_picked":["Koishi:Prune","Koishi:HeartAttack","Koishi:FourthEye"],"picked":"SKIP","floor":12},{"not_picked":["Koishi:EmbryosDream","Koishi:Prune"],"picked":"Koishi:FleetingPhantom","floor":14},{"not_picked":["Koishi:RuptureMind","Koishi:FormlessExistence"],"picked":"Koishi:ConfinedInnocent","floor":16},{"not_picked":["Koishi:UnseenTerror","Koishi:SubconsciousSweep","Koishi:SubterraneanRose+1"],"picked":"SKIP","floor":18},{"not_picked":["Koishi:SubconsciousSweep+1","Koishi:ReleaseOfTheId","Koishi:SubterraneanRose+1"],"picked":"SKIP","floor":19}],"player_experience":326415,"relics_obtained":[{"floor":9,"key":"War Paint"},{"floor":14,"key":"Odd Mushroom"}],"event_choices":[{"damage_healed":0,"gold_gain":0,"player_choice":"Take Damage","damage_taken":15,"relics_obtained":["Golden Idol"],"max_hp_gain":0,"max_hp_loss":0,"event_name":"Golden Idol","floor":10,"gold_loss":0},{"damage_healed":0,"gold_gain":0,"player_choice":"Fought Mushrooms","damage_taken":0,"max_hp_gain":0,"max_hp_loss":0,"event_name":"Mushrooms","floor":14,"gold_loss":0},{"cards_removed":["Koishi:BasicStrike"],"damage_healed":0,"gold_gain":0,"player_choice":"Elegance","damage_taken":0,"max_hp_gain":0,"max_hp_loss":0,"event_name":"Back to Basics","floor":21,"gold_loss":0}],"is_beta":false,"boss_relics":[{"not_picked":["Tiny House","Snecko Eye"],"picked":"Empty Cage"}],"items_purged_floors":[4,20],"is_endless":false,"potions_floor_spawned":[11,12,14,16,18],"killed_by":"Chosen and Byrds","ascension_level":0}}