{"host":"ul7yvwhigba0nw36","time":1612111522,"event":{"mods":["AchievementEnabler","Act Like it!","Aspiration","BaseMod","Colored Map","Colored Powertips","Downfall","Gensokyo","Hermit","Highlight Path","Hubris","Infinite Spire","Minty Spire (QoL Compilation)","Random Character Button","Replay The Spire","StSLib","The Construct","The Cursed","The Disciple","The Necromancer"],"gold_per_floor":[0,20,20,20,20,37,87,136,136,136,136,188,17,17,51,170,170,170,203,231,429,469,8,60,97,97,124,157,157,188,206,206,206],"floor_reached":31,"language":"ENG","playtime":1993,"items_purged":["bronze:Strike"],"score":243,"play_id":"e322d0d5-904b-4cdc-afd4-91bb39ada285","local_time":"20210131164522","is_ascension_mode":false,"campfire_choices":[{"data":"Apotheosis","floor":1,"key":"SMITH"},{"floor":9,"key":"REST"},{"floor":11,"key":"REST"},{"data":"bronze:MaxOutput","floor":18,"key":"SMITH"},{"floor":29,"key":"REST"}],"circlet_count":0,"master_deck":["bronze:Strike","bronze:Strike","bronze:Defend","bronze:Defend","bronze:Defend","bronze:Replicate","bronze:Goto","Apotheosis+1","bronze:OilSpill","bronze:Spike","bronze:Branch","bronze:Shell","bronze:ForceShield","Voices","bronze:DelayedSlice","bronze:WhirlingStrike","bronze:OilSpill+1","bronze:MaxOutput+1","Deadly Poison","bronze:Assembly","bronze:Deprecate","bronze:BitShift","bronze:Branch","Expertise","bronze:OilSpill","bronze:BuggyMess","bronze:Flail","bronze:Invalidate+1"],"relics":["bronze:BronzeCore","hubris:Icosahedron","Replay:Bandana","Ring of Fangs","Ring of Misfortune","hubris:DisguiseKit","hubris:Towel","Empty Cage","Akabeko","Frozen Egg 2","Tiny Chest","downfall:RedIOU","Guardian:PocketSentry"],"acts_visited":["Exordium","TheCity"],"potions_floor_usage":[16,16,16],"damage_taken":[{"damage":6,"enemies":"2 Louse","floor":2,"turns":3},{"damage":27,"enemies":"2 Louse","floor":5,"turns":3},{"damage":2,"enemies":"Small Slimes","floor":6,"turns":3},{"damage":23,"enemies":"3 Sentries","floor":8,"turns":7},{"damage":29,"enemies":"Gremlin Nob","floor":12,"turns":5},{"damage":0,"enemies":"downfall:FleeingMerchant","floor":13,"turns":4},{"damage":3,"enemies":"Jaw Worm","floor":15,"turns":2},{"damage":20,"enemies":"IC_STATUS_ARCHETYPE","floor":16,"turns":4},{"damage":6,"enemies":"Shell Parasite","floor":19,"turns":4},{"damage":4,"enemies":"3 Byrds","floor":20,"turns":2},{"damage":21,"enemies":"Shelled Parasite and Fungi","floor":22,"turns":7},{"damage":2,"enemies":"downfall:FleeingMerchant","floor":23,"turns":4},{"damage":6,"enemies":"Centurion and Healer","floor":25,"turns":7},{"damage":8,"enemies":"Sentry and Sphere","floor":28,"turns":4},{"damage":23,"enemies":"Snecko","floor":30,"turns":5},{"damage":31,"enemies":"Shelled Parasite and Fungi","floor":31,"turns":2}],"seed_played":"-5617002844628855046","potions_obtained":[{"floor":8,"key":"bronze:CleanCodePotion"},{"floor":12,"key":"FearPotion"},{"floor":15,"key":"DuplicationPotion"},{"floor":25,"key":"SteroidPotion"}],"is_trial":false,"path_per_floor":["R","M","?","?","?","M","T","E","R","?","R","E","$","?","M","B",null,"R","M","M","?","M","$","T","M","?","T","M","R","M","M"],"character_chosen":"THE_AUTOMATON","items_purchased":["bronze:OilSpill+1","bronze:MaxOutput","Akabeko","bronze:OilSpill","Frozen Egg 2","bronze:BuggyMess"],"campfire_rested":3,"item_purchase_floors":[13,13,23,23,23,23],"current_hp_per_floor":[70,64,64,64,37,35,35,12,33,33,54,25,25,25,22,2,70,70,64,60,60,39,37,37,31,31,31,23,44,21,0,0,0],"gold":206,"neow_bonus":"RANDOM_COLORLESS_2","is_daily":false,"chose_seed":false,"campfire_upgraded":2,"win_rate":0.0,"timestamp":1612111522,"path_taken":["R","M","?","?","?","?","T","E","R","?","R","E","$","?","M","BOSS","R","M","M","?","?","$","T","M","?","?","M","R","M","?"],"items_purchased_type":["Card","Card","Relic","Card","Relic","Card"],"build_version":"2020-12-22","purchased_purges":1,"victory":false,"max_hp_per_floor":[70,70,70,70,70,70,70,70,70,70,70,70,70,70,70,70,70,70,70,70,70,70,70,70,70,70,70,70,70,70,70,70,70],"card_choices":[{"not_picked":["Transmutation","Secret Technique"],"picked":"Apotheosis","floor":0},{"not_picked":["bronze:BitShift","bronze:FineTuning"],"picked":"bronze:OilSpill","floor":2},{"not_picked":[],"picked":"bronze:Spike","floor":5},{"not_picked":["bronze:Deprecate","bronze:BitShift"],"picked":"bronze:Branch","floor":5},{"not_picked":["bronze:NullPointer","bronze:BugBarrage"],"picked":"bronze:Shell","floor":6},{"not_picked":["bronze:WildBeam","bronze:DelayedGuard"],"picked":"bronze:ForceShield","floor":8},{"not_picked":["bronze:BitShift","bronze:BronzeOrb"],"picked":"bronze:DelayedSlice","floor":12},{"not_picked":["bronze:Shield","bronze:BuggyMess","ReplayTheSpireMod:Exploit Weakness"],"picked":"bronze:WhirlingStrike","floor":13},{"not_picked":["bronze:FindAndReplace","bronze:DelayedGuard","bronze:CloningBeam"],"picked":"Deadly Poison","floor":15},{"not_picked":["bronze:Verify","bronze:HyperBeam","Bullet Time"],"picked":"bronze:Assembly","floor":16},{"not_picked":["bronze:ForLoop+1","bronze:MaxOutput","Dagger Spray"],"picked":"bronze:Deprecate","floor":19},{"not_picked":["bronze:WhirlingStrike","bronze:BronzeOrb","Draining Mist"],"picked":"bronze:BitShift","floor":20},{"not_picked":["bronze:CutThrough+1","bronze:Repair","Blur"],"picked":"bronze:Branch","floor":21},{"not_picked":["bronze:DelayedSlice+1","bronze:Optimize+1","bronze:HardenedForm","Tactician"],"picked":"SKIP","floor":22},{"not_picked":["bronze:DelayedSlice+1","bronze:Optimize+1","bronze:HardenedForm","Tactician"],"picked":"SKIP","floor":22},{"not_picked":["bronze:BugBarrage+1","bronze:Turbo","bronze:NullPointer"],"picked":"Expertise","floor":23},{"not_picked":["bronze:CloningBeam","bronze:BuggyMess","bronze:Safeguard","Dodge and Roll"],"picked":"SKIP","floor":25},{"not_picked":["bronze:Overload","bronze:Iterate","hubris:Counter"],"picked":"bronze:Flail","floor":28},{"not_picked":["bronze:NullPointer","bronze:WildBeam","hubris:SlightOfHand"],"picked":"bronze:Invalidate+1","floor":30}],"player_experience":447488,"relics_obtained":[{"floor":7,"key":"Replay:Bandana"},{"floor":8,"key":"Simple Rune"},{"floor":10,"key":"Ring of Fangs"},{"floor":10,"key":"Ring of Misfortune"},{"floor":12,"key":"hubris:DisguiseKit"},{"floor":24,"key":"Tiny Chest"},{"floor":27,"key":"Guardian:PocketSentry"}],"event_choices":[],"is_beta":false,"boss_relics":[{"not_picked":["Pandora\u0027s Box","Snecko Eye"],"picked":"Empty Cage"}],"items_purged_floors":[13],"is_endless":false,"potions_floor_spawned":[8,12,15,25],"killed_by":"Shelled Parasite and Fungi","ascension_level":0}}