{"host":"l15sdf2mmi0nobpi","time":1612083316,"event":{"mods":["ATMod(°¢èªMod)","BaseMod","Highlight Path","Minty Spire (QoL Compilation)","Quick Restart","StSLib","¡¾¹¦ÄÜMod¡¿Neow½±Àø"],"gold_per_floor":[109,34,84,98,109,109,120,120,120,152,169,196,196,27,27,105,105,123,136,136,36,36,36,36,36],"floor_reached":24,"language":"ZHS","playtime":818,"items_purged":["Strike_B","Strike_B"],"score":558,"play_id":"94f23eec-9f0d-4852-b995-15aa4e2064df","local_time":"20210131165516","is_ascension_mode":true,"campfire_choices":[{"data":"AT_DarkMatter","floor":6.0,"key":"SMITH"},{"data":"AT_StudyProgram","floor":8.0,"key":"SMITH"},{"data":"Consume","floor":13.0,"key":"SMITH"},{"data":"Loop","floor":15.0,"key":"SMITH"},{"data":"Creative AI","floor":23.0,"key":"SMITH"}],"circlet_count":0,"master_deck":["AscendersBane","Strike_B","Strike_B","Defend_B","Defend_B","Defend_B","Defend_B","Zap","Dualcast","AT_StudyProgram+1","AT_DarkMatter+1","Glacier","Cold Snap","Consume+1","White Noise","Buffer","Loop+1","Creative AI+1"],"relics":["Cracked Core","AT_ATBox","Pocketwatch","Gremlin Horn","Dead Branch","AT_BellowingDragoncrestRing","Orrery","Black Star"],"acts_visited":["Exordium","TheCity"],"potions_floor_usage":[24],"damage_taken":[{"damage":2.0,"enemies":"Jaw Worm","floor":1.0,"turns":3.0},{"damage":2.0,"enemies":"Cultist","floor":4.0,"turns":4.0},{"damage":0.0,"enemies":"2 Louse","floor":5.0,"turns":2.0},{"damage":2.0,"enemies":"2 Fungi Beasts","floor":7.0,"turns":4.0},{"damage":30.0,"enemies":"Gremlin Nob","floor":10.0,"turns":6.0},{"damage":0.0,"enemies":"Blue Slaver","floor":11.0,"turns":5.0},{"damage":0.0,"enemies":"3 Sentries","floor":12.0,"turns":5.0},{"damage":0.0,"enemies":"Slime Boss","floor":16.0,"turns":6.0},{"damage":25.0,"enemies":"3 Byrds","floor":18.0,"turns":4.0},{"damage":8.0,"enemies":"Chosen","floor":19.0,"turns":7.0},{"damage":5,"enemies":"Gremlin Leader","floor":24,"turns":2}],"seed_played":"7208515056367805792","potions_obtained":[{"floor":4.0,"key":"Energy Potion"},{"floor":7.0,"key":"Energy Potion"},{"floor":12.0,"key":"SkillPotion"},{"floor":16.0,"key":"FocusPotion"}],"is_trial":false,"path_per_floor":["M","$","?","M","M","R","M","R","T","E","M","E","R","$","R","B",null,"M","M","?","$","?","R","E"],"character_chosen":"DEFECT","items_purchased":["Orrery"],"campfire_rested":0,"item_purchase_floors":[14],"current_hp_per_floor":[62,62,62,60,60,60,58,58,58,28,28,28,28,28,28,28,55,30,22,22,22,22,22,17,17],"gold":36,"neow_bonus":"ONE_RARE_RELIC","is_daily":false,"chose_seed":false,"campfire_upgraded":5,"win_rate":0.0,"timestamp":1612083316,"path_taken":["M","$","?","M","?","R","M","R","T","E","M","E","R","?","R","BOSS","M","M","?","$","?","R","E"],"items_purchased_type":["Relic"],"build_version":"2020-12-22","purchased_purges":2,"victory":false,"max_hp_per_floor":[64,64,64,64,64,64,64,64,64,64,64,64,64,64,64,64,64,64,64,64,64,64,64,64,64],"card_choices":[{"not_picked":["Rebound","Gash"],"picked":"AT_DarkMatter","floor":1.0},{"not_picked":["Go for the Eyes","Fusion","Barrage"],"picked":"SKIP","floor":4.0},{"not_picked":["Steam","Self Repair"],"picked":"Glacier","floor":5.0},{"not_picked":["Leap","Aggregate"],"picked":"Cold Snap","floor":7.0},{"not_picked":["Tempest","Redo"],"picked":"Consume","floor":10.0},{"not_picked":["Darkness","Compile Driver","Doom and Gloom"],"picked":"SKIP","floor":11.0},{"not_picked":["Darkness","Compile Driver","Doom and Gloom"],"picked":"SKIP","floor":11.0},{"not_picked":["Static Discharge","AT_DarkMatter","Compile Driver"],"picked":"SKIP","floor":12.0},{"not_picked":["Leap","AT_HeatAcrobatics"],"picked":"White Noise","floor":14.0},{"not_picked":["Consume","Rebound"],"picked":"Buffer","floor":14.0},{"not_picked":["Steam","Biased Cognition"],"picked":"Loop","floor":14.0},{"not_picked":["Thunder Strike","All For One"],"picked":"Creative AI","floor":16.0},{"not_picked":["Leap","FTL","Conserve Battery"],"picked":"SKIP","floor":18.0},{"not_picked":["Ball Lightning","Beam Cell","Steam"],"picked":"SKIP","floor":19.0}],"player_experience":513056,"relics_obtained":[{"floor":9.0,"key":"Gremlin Horn"},{"floor":10.0,"key":"Dead Branch"},{"floor":12.0,"key":"AT_BellowingDragoncrestRing"}],"event_choices":[{"damage_healed":0.0,"max_hp_gain":0.0,"max_hp_loss":0.0,"gold_gain":50.0,"event_name":"Golden Shrine","player_choice":"Pray","floor":3.0,"gold_loss":0.0,"damage_taken":0.0},{"damage_healed":0.0,"max_hp_gain":0.0,"max_hp_loss":0.0,"gold_gain":0.0,"event_name":"Cursed Tome","player_choice":"Ignored","floor":20.0,"gold_loss":0.0,"damage_taken":0.0}],"is_beta":false,"boss_relics":[{"not_picked":["Calling Bell","Philosopher\u0027s Stone"],"picked":"Black Star"}],"items_purged_floors":[2,21],"is_endless":false,"potions_floor_spawned":[4,7,12,16],"killed_by":"Gremlin Leader","ascension_level":20}}