{"host":"gc0hqzwg2gd3zszy","time":1612077754,"event":{"mods":["BaseMod","DeckTracker","Minty Spire (QoL Compilation)","Relic Stats","SuperFastMode"],"gold_per_floor":[118,6,24,40,40,74,74,109,109,109,137,137,152,152,152,229,229,248,248,248,86,98,98,98,98,173,184,204,204,204,223,223,302,302,315,315,51,51,71,98,108,124,124,124,149,149,166,166,166,166,166,166],"floor_reached":51,"language":"KOR","playtime":1952,"items_purged":["Strike_R","Writhe"],"score":1436,"play_id":"e57b4c21-43de-4556-9681-85b3146d83d2","local_time":"20210131162234","is_ascension_mode":true,"campfire_choices":[{"data":"Bash","floor":7.0,"key":"SMITH"},{"data":"Corruption","floor":10.0,"key":"SMITH"},{"data":"Fire Breathing","floor":15.0,"key":"SMITH"},{"floor":23.0,"key":"REST"},{"data":"Anger","floor":25.0,"key":"SMITH"},{"floor":29.0,"key":"REST"},{"floor":32.0,"key":"REST"},{"floor":44.0,"key":"REST"},{"data":"Evolve","floor":46.0,"key":"SMITH"},{"floor":49.0,"key":"RECALL"}],"circlet_count":0,"master_deck":["AscendersBane","Defend_R","Defend_R","Defend_R","Bash+1","Anger+1","Feel No Pain+1","Wild Strike","Second Wind+1","Dual Wield","Corruption+1","Uppercut+1","Reaper","Shockwave+1","Entrench","RitualDagger","Dark Embrace","Evolve+1","Blood for Blood","Juggernaut","Battle Trance+1","Metallicize+1","Dual Wield+1","Ghostly Armor+1","Flame Barrier+1","Feel No Pain","Feel No Pain"],"relics":["Burning Blood","NeowsBlessing","Mercury Hourglass","White Beast Statue","Shuriken","Bronze Scales","Letter Opener","Empty Cage","Nilry\u0027s Codex","Matryoshka","Astrolabe","ClockworkSouvenir","Ornamental Fan","PreservedInsect","Molten Egg 2","War Paint","Ice Cream"],"acts_visited":["Exordium","TheCity","TheBeyond"],"potions_floor_usage":[],"damage_taken":[{"damage":0.0,"enemies":"Cultist","floor":1.0,"turns":1.0},{"damage":0.0,"enemies":"Small Slimes","floor":3.0,"turns":1.0},{"damage":0.0,"enemies":"Jaw Worm","floor":4.0,"turns":1.0},{"damage":8.0,"enemies":"Gremlin Nob","floor":6.0,"turns":4.0},{"damage":25.0,"enemies":"3 Sentries","floor":8.0,"turns":4.0},{"damage":16.0,"enemies":"Lagavulin","floor":11.0,"turns":7.0},{"damage":10.0,"enemies":"3 Louse","floor":13.0,"turns":2.0},{"damage":0.0,"enemies":"Slime Boss","floor":16.0,"turns":7.0},{"damage":5.0,"enemies":"3 Byrds","floor":18.0,"turns":2.0},{"damage":11.0,"enemies":"Spheric Guardian","floor":22.0,"turns":5.0},{"damage":38.0,"enemies":"Centurion and Healer","floor":27.0,"turns":6.0},{"damage":23.0,"enemies":"3 Cultists","floor":28.0,"turns":5.0},{"damage":31.0,"enemies":"Snecko","floor":31.0,"turns":5.0},{"damage":35.0,"enemies":"Champ","floor":33.0,"turns":13.0},{"damage":72.0,"enemies":"3 Darklings","floor":35.0,"turns":6.0},{"damage":7.0,"enemies":"3 Shapes","floor":39.0,"turns":3.0},{"damage":5.0,"enemies":"Nemesis","floor":40.0,"turns":6.0},{"damage":34.0,"enemies":"Spire Growth","floor":41.0,"turns":6.0},{"damage":20.0,"enemies":"3 Darklings","floor":42.0,"turns":5.0},{"damage":5.0,"enemies":"Mind Bloom Boss Battle","floor":45.0,"turns":6.0},{"damage":0.0,"enemies":"Maw","floor":47.0,"turns":7.0},{"damage":42.0,"enemies":"Time Eater","floor":50.0,"turns":8.0},{"damage":52,"enemies":"Awakened One","floor":51,"turns":6}],"seed_played":"-60603126516024399","potions_obtained":[{"floor":3.0,"key":"DistilledChaos"},{"floor":4.0,"key":"Weak Potion"},{"floor":6.0,"key":"SpeedPotion"},{"floor":11.0,"key":"Dexterity Potion"},{"floor":13.0,"key":"Fire Potion"},{"floor":16.0,"key":"Energy Potion"},{"floor":18.0,"key":"Explosive Potion"},{"floor":22.0,"key":"Fruit Juice"},{"floor":27.0,"key":"LiquidMemories"},{"floor":28.0,"key":"LiquidBronze"},{"floor":31.0,"key":"Dexterity Potion"},{"floor":33.0,"key":"BlessingOfTheForge"},{"floor":35.0,"key":"DistilledChaos"},{"floor":39.0,"key":"SneckoOil"},{"floor":40.0,"key":"FearPotion"},{"floor":41.0,"key":"Fire Potion"},{"floor":45.0,"key":"Block Potion"},{"floor":47.0,"key":"SkillPotion"}],"is_trial":false,"path_per_floor":["M","$","M","M","$","E","R","E","T","R","E","T","M","?","R","B",null,"M","?","?","$","M","R","?","R","T","M","M","R","T","M","R","B",null,"M","?","$","?","M","E","M","M","T","R","?","R","M","?","R","B","B"],"character_chosen":"IRONCLAD","items_purchased":["Anger","Feel No Pain","Entrench","ClockworkSouvenir"],"campfire_rested":4,"item_purchase_floors":[2,2,21,37],"current_hp_per_floor":[74,74,75,75,75,73,73,54,54,54,44,44,40,17,17,23,62,69,48,27,27,27,52,46,46,46,20,21,46,46,21,46,17,68,12,29,29,29,42,50,28,26,26,51,52,52,58,58,58,28,0,0],"gold":166,"neow_bonus":"THREE_ENEMY_KILL","is_daily":false,"chose_seed":false,"campfire_upgraded":5,"win_rate":0.0,"timestamp":1612077754,"path_taken":["M","?","?","M","$","E","R","E","T","R","E","?","M","?","R","BOSS","M","?","?","$","M","R","?","R","T","M","?","R","?","M","R","BOSS","M","?","$","?","M","E","M","?","T","R","?","R","M","?","R","BOSS","BOSS"],"items_purchased_type":["Card","Card","Card","Relic"],"build_version":"2020-12-22","purchased_purges":2,"victory":false,"max_hp_per_floor":[75,75,75,75,75,75,75,75,75,75,75,75,75,75,75,75,75,75,80,80,80,85,85,85,85,85,85,85,85,85,85,85,85,85,85,85,85,85,85,85,85,85,85,85,85,85,85,85,85,85,85,85],"relic_stats":{"counters":[23,116],"Shuriken":[15],"Ornamental Fan":[16],"Bronze Scales":[308],"Astrolabe":["Battle Trance","Metallicize","Dual Wield"],"PreservedInsect":0,"Letter Opener":[142],"War Paint":["Shockwave","Second Wind"],"obtain_stats":[{"Ice Cream":45,"NeowsBlessing":0,"Nilry\u0027s Codex":20,"Astrolabe":34,"PreservedInsect":40,"Letter Opener":12,"War Paint":43,"Empty Cage":17,"Burning Blood":0,"White Beast Statue":8,"Mercury Hourglass":6,"ClockworkSouvenir":37,"Matryoshka":30,"Shuriken":9,"Ornamental Fan":38,"Bronze Scales":11,"Molten Egg 2":43},{"Ice Cream":20,"NeowsBlessing":0,"Nilry\u0027s Codex":9,"Astrolabe":14,"PreservedInsect":17,"Letter Opener":6,"War Paint":19,"Empty Cage":8,"Burning Blood":0,"White Beast Statue":5,"Mercury Hourglass":4,"ClockworkSouvenir":15,"Matryoshka":12,"Shuriken":5,"Ornamental Fan":15,"Bronze Scales":6,"Molten Egg 2":19},{"Ice Cream":95,"NeowsBlessing":0,"Nilry\u0027s Codex":29,"Astrolabe":63,"PreservedInsect":78,"Letter Opener":18,"War Paint":89,"Empty Cage":27,"Burning Blood":0,"White Beast Statue":11,"Mercury Hourglass":7,"ClockworkSouvenir":69,"Matryoshka":45,"Shuriken":11,"Ornamental Fan":69,"Bronze Scales":18,"Molten Egg 2":89}],"Burning Blood":121,"Mercury Hourglass":[437]},"card_choices":[{"not_picked":["Flex","Armaments"],"picked":"Fire Breathing","floor":1.0},{"not_picked":["Anger","Dual Wield"],"picked":"Wild Strike","floor":3.0},{"not_picked":["Whirlwind","Reckless Charge"],"picked":"Second Wind","floor":4.0},{"not_picked":["Clothesline","Wild Strike"],"picked":"Dual Wield","floor":6.0},{"not_picked":["Anger","Inflame"],"picked":"Corruption","floor":8.0},{"not_picked":["Clash","Heavy Blade","Sever Soul"],"picked":"SKIP","floor":11.0},{"not_picked":["Sword Boomerang","Warcry"],"picked":"Uppercut","floor":13.0},{"not_picked":["Bludgeon","Corruption"],"picked":"Reaper","floor":16.0},{"not_picked":["Heavy Blade","Flex"],"picked":"Shockwave","floor":18.0},{"not_picked":["Armaments+1","Dual Wield","Flex"],"picked":"SKIP","floor":22.0},{"not_picked":["Blood for Blood","Iron Wave"],"picked":"Dark Embrace","floor":27.0},{"not_picked":["Clash","Fire Breathing"],"picked":"Evolve","floor":28.0},{"not_picked":["Sword Boomerang","Armaments"],"picked":"Blood for Blood","floor":31.0},{"not_picked":["Feed","Fiend Fire"],"picked":"Juggernaut","floor":33.0},{"not_picked":["Pommel Strike","Anger+1","Sword Boomerang"],"picked":"SKIP","floor":35.0},{"not_picked":["Pummel","Intimidate"],"picked":"Ghostly Armor+1","floor":39.0},{"not_picked":["Spot Weakness","Clash","Cleave"],"picked":"SKIP","floor":40.0},{"not_picked":["Havoc","Headbutt"],"picked":"Flame Barrier+1","floor":41.0},{"not_picked":["Clothesline","Second Wind"],"picked":"Feel No Pain","floor":42.0},{"not_picked":["Anger+1","Sword Boomerang+1"],"picked":"Feel No Pain","floor":47.0}],"player_experience":1379704,"relics_obtained":[{"floor":6.0,"key":"Mercury Hourglass"},{"floor":8.0,"key":"White Beast Statue"},{"floor":9.0,"key":"Shuriken"},{"floor":11.0,"key":"Bronze Scales"},{"floor":12.0,"key":"Letter Opener"},{"floor":20.0,"key":"Nilry\u0027s Codex"},{"floor":30.0,"key":"Matryoshka"},{"floor":38.0,"key":"Ornamental Fan"},{"floor":40.0,"key":"PreservedInsect"},{"floor":43.0,"key":"Molten Egg 2"},{"floor":43.0,"key":"War Paint"},{"floor":45.0,"key":"Ice Cream"}],"event_choices":[{"damage_healed":0.0,"max_hp_gain":0.0,"max_hp_loss":0.0,"gold_gain":0.0,"event_name":"Shining Light","player_choice":"Entered Light","floor":14.0,"gold_loss":0.0,"damage_taken":23.0,"cards_upgraded":["Feel No Pain","Uppercut"]},{"damage_healed":0.0,"max_hp_gain":5.0,"max_hp_loss":0.0,"gold_gain":0.0,"event_name":"Forgotten Altar","player_choice":"Shed Blood","floor":19.0,"gold_loss":0.0,"damage_taken":26.0},{"damage_healed":0.0,"max_hp_gain":0.0,"max_hp_loss":0.0,"gold_gain":0.0,"event_name":"Cursed Tome","player_choice":"Obtained Book","floor":20.0,"gold_loss":0.0,"damage_taken":21.0},{"damage_healed":0.0,"max_hp_gain":0.0,"max_hp_loss":0.0,"gold_gain":0.0,"event_name":"Nest","player_choice":"Joined the Cult","floor":24.0,"gold_loss":0.0,"damage_taken":6.0,"cards_obtained":["RitualDagger"]},{"damage_healed":17.0,"max_hp_gain":0.0,"max_hp_loss":0.0,"gold_gain":0.0,"event_name":"Winding Halls","player_choice":"Writhe","floor":36.0,"gold_loss":0.0,"damage_taken":0.0,"cards_obtained":["Writhe"]},{"damage_healed":0.0,"max_hp_gain":0.0,"max_hp_loss":0.0,"gold_gain":0.0,"event_name":"Wheel of Change","player_choice":"Relic","floor":38.0,"gold_loss":0.0,"damage_taken":0.0},{"damage_healed":0.0,"max_hp_gain":0.0,"max_hp_loss":0.0,"gold_gain":0.0,"event_name":"MindBloom","player_choice":"Fight","floor":45.0,"gold_loss":0.0,"damage_taken":0.0},{"cards_removed":["Fire Breathing"],"damage_healed":0.0,"max_hp_gain":0.0,"max_hp_loss":0.0,"gold_gain":0.0,"event_name":"Falling","player_choice":"Removed Power","floor":48.0,"gold_loss":0.0,"damage_taken":0.0}],"is_beta":false,"boss_relics":[{"not_picked":["Calling Bell","Runic Cube"],"picked":"Empty Cage"},{"not_picked":["Fusion Hammer","Black Blood"],"picked":"Astrolabe"}],"items_purged_floors":[21,37],"is_endless":false,"potions_floor_spawned":[3,4,6,11,13,16,18,22,27,28,31,33,35,39,40,41,42,45,47],"killed_by":"Awakened One","ascension_level":20}}