{"host":"yf7adnp48nk06owi","time":1612098145,"event":{"mods":["BaseMod","Downfall","Minty Spire (QoL Compilation)","StSLib"],"gold_per_floor":[99,114,133,133,153,170,197,197,209,223,223,223,284,284,384,394,499,499,499,514,532,546,546,560,560,560,572,595,607,629,655,682,712,736,847,859,871,898,910,942,690,705,729,741,57,57,87,87,87,98,108,108,108,108],"floor_reached":52,"language":"ENG","playtime":3329,"items_purged":["Slimebound:Defend_Slimebound"],"score":538,"play_id":"a0e4d90e-405b-41c5-a5b2-247b114b32b2","local_time":"20210131140225","is_ascension_mode":false,"campfire_choices":[{"data":"Slimebound:Split","floor":1.0,"key":"SMITH"},{"floor":11.0,"key":"REST"},{"floor":14.0,"key":"REST"},{"data":"Slimebound:PrepareCrush","floor":19.0,"key":"SMITH"},{"floor":29.0,"key":"REST"},{"data":"Slimebound:DuplicatedForm","floor":37.0,"key":"SMITH"},{"data":"Slimebound:DouseInSlime","floor":46.0,"key":"SMITH"},{"data":"Slimebound:PrepareCrush","floor":48.0,"key":"SMITH"}],"circlet_count":0,"master_deck":["Slimebound:Strike_Slimebound","Slimebound:Tackle","Slimebound:Defend_Slimebound","Slimebound:Split+1","Slimebound:CorrosiveSpit","Slimebound:LeechEnergy","Slimebound:ViciousTackle","Slimebound:Equalize","Slimebound:GoopSpray+1","Slimebound:LivingWall","Slimebound:LeechingTouch","Slimebound:Teamwork","Slimebound:SplitMire+1","Slimebound:PrepareCrush+1","Slimebound:Prepare","Slimebound:SlimeSpikes","Slimebound:DouseInSlime+1","Slimebound:PrepareCrush+1","Parasite","Slimebound:DuplicatedForm+1","Slimebound:Repurpose","Slimebound:GoopSpray","Slimebound:ItLooksTasty+1","Slimebound:Replication","Slimebound:LeadByExample+1","Slimebound:LeechLife","expansioncontent:InvincibleStrength","Slimebound:LivingWall+1","Slimebound:Gluttony+1","expansioncontent:DashGenerateEvil"],"relics":["Slimebound:AbsorbEndCombat","Smiling Mask","Strawberry","Lantern","downfall:GremlinWheel","bronze:MakeshiftBattery","Incense Burner","MawBank","SlaversCollar","War Paint","Orichalcum","Bottled Lightning","HornCleat","Bag of Marbles","Oddly Smooth Stone","Chemical X"],"acts_visited":["Exordium","TheCity","TheBeyond"],"potions_floor_usage":[52,52],"damage_taken":[{"damage":2.0,"enemies":"Small Slimes","floor":2.0,"turns":4.0},{"damage":13.0,"enemies":"Cultist","floor":3.0,"turns":4.0},{"damage":8.0,"enemies":"2 Louse","floor":5.0,"turns":4.0},{"damage":21.0,"enemies":"Large Slime","floor":6.0,"turns":5.0},{"damage":21.0,"enemies":"Lots of Slimes","floor":9.0,"turns":4.0},{"damage":6.0,"enemies":"3 Louse","floor":10.0,"turns":3.0},{"damage":30.0,"enemies":"Lagavulin Event","floor":13.0,"turns":8.0},{"damage":27.0,"enemies":"Lagavulin Event","floor":15.0,"turns":4.0},{"damage":13.0,"enemies":"Red Slaver","floor":16.0,"turns":4.0},{"damage":36.0,"enemies":"IC_STATUS_ARCHETYPE","floor":17.0,"turns":9.0},{"damage":14.0,"enemies":"Spheric Guardian","floor":20.0,"turns":6.0},{"damage":41.0,"enemies":"3 Cultists","floor":21.0,"turns":6.0},{"damage":32.0,"enemies":"Cultist and Chosen","floor":22.0,"turns":6.0},{"damage":0.0,"enemies":"Centurion and Healer","floor":23.0,"turns":1.0},{"damage":21.0,"enemies":"Snake Plant","floor":24.0,"turns":3.0},{"damage":22.0,"enemies":"Shelled Parasite and Fungi","floor":28.0,"turns":6.0},{"damage":24.0,"enemies":"Cultist and Chosen","floor":30.0,"turns":5.0},{"damage":3.0,"enemies":"3 Cultists","floor":31.0,"turns":4.0},{"damage":15.0,"enemies":"Chosen and Byrds","floor":32.0,"turns":5.0},{"damage":3.0,"enemies":"Snake Plant","floor":33.0,"turns":2.0},{"damage":1.0,"enemies":"Centurion and Healer","floor":34.0,"turns":5.0},{"damage":65.0,"enemies":"WA_ARCHETYPE_CALM","floor":35.0,"turns":9.0},{"damage":23.0,"enemies":"3 Shapes","floor":38.0,"turns":4.0},{"damage":20.0,"enemies":"3 Darklings","floor":40.0,"turns":5.0},{"damage":15.0,"enemies":"downfall:FleeingMerchant","floor":41.0,"turns":4.0},{"damage":26.0,"enemies":"Writhing Mass","floor":42.0,"turns":6.0},{"damage":40.0,"enemies":"Maw","floor":44.0,"turns":6.0},{"damage":18.0,"enemies":"downfall:FleeingMerchant","floor":45.0,"turns":4.0},{"damage":37.0,"enemies":"Giant Head","floor":47.0,"turns":8.0},{"damage":0.0,"enemies":"downfall:FleeingMerchant","floor":49.0,"turns":2.0},{"damage":4.0,"enemies":"Transient","floor":50.0,"turns":5.0},{"damage":63.0,"enemies":"4 Shapes","floor":51.0,"turns":7.0},{"damage":181,"enemies":"SI_POISON_ARCHETYPE","floor":52,"turns":8}],"seed_played":"-8851623131171537704","potions_obtained":[{"floor":5.0,"key":"LiquidBronze"},{"floor":6.0,"key":"Regen Potion"},{"floor":10.0,"key":"Dexterity Potion"},{"floor":15.0,"key":"SmokeBomb"},{"floor":21.0,"key":"sneckomod:MuddlingPotion"},{"floor":22.0,"key":"FearPotion"},{"floor":30.0,"key":"ColorlessPotion"},{"floor":31.0,"key":"AttackPotion"},{"floor":35.0,"key":"DuplicationPotion"},{"floor":38.0,"key":"Fire Potion"},{"floor":40.0,"key":"Ancient Potion"},{"floor":42.0,"key":"Fire Potion"},{"floor":47.0,"key":"Strength Potion"}],"is_trial":false,"path_per_floor":["R","M","M","?","M","M","T","T","M","M","R","?","?","R","?","M","B",null,"R","M","M","M","M","M","T","T","?","M","R","M","M","M","M","M","B",null,"R","M","?","M","$","M","T","M","$","R","E","R","$","M","M","B"],"character_chosen":"SLIMEBOUND","items_purchased":["War Paint","expansioncontent:InvincibleStrength","Bottled Lightning","FairyPotion","HornCleat","expansioncontent:DashGenerateEvil","Chemical X"],"campfire_rested":3,"item_purchase_floors":[41,41,45,45,45,49,49],"current_hp_per_floor":[71,71,60,60,54,43,43,50,48,46,69,69,55,78,55,50,30,78,78,76,43,27,27,20,20,20,20,6,29,36,62,78,78,78,47,78,78,78,78,78,78,68,68,75,78,78,51,51,53,72,64,0,0,0],"gold":108,"neow_bonus":"TEN_PERCENT_HP_BONUS","is_daily":false,"chose_seed":false,"campfire_upgraded":5,"win_rate":0.0,"timestamp":1612098145,"path_taken":["R","M","M","?","?","M","T","T","M","M","R","?","?","R","?","M","BOSS","R","M","M","?","M","M","T","T","?","M","R","?","M","M","M","M","BOSS","R","M","?","M","$","M","T","M","$","R","E","R","?","M","M","BOSS"],"items_purchased_type":["Relic","Card","Relic","Potion","Relic","Card","Relic"],"build_version":"2020-12-22","purchased_purges":1,"victory":false,"max_hp_per_floor":[71,71,71,71,71,71,71,78,78,78,78,78,78,78,78,78,78,78,78,78,78,78,78,78,78,78,78,78,78,78,78,78,78,78,78,78,78,78,78,78,78,78,78,78,78,78,78,78,78,78,78,78,78,78],"card_choices":[{"not_picked":["Slimebound:SplitBruiser","Slimebound:SamplingLick"],"picked":"Slimebound:LeechEnergy","floor":2.0},{"not_picked":["Slimebound:SplitLeeching","Slimebound:Schlurp"],"picked":"Slimebound:ViciousTackle","floor":3.0},{"not_picked":["Slimebound:FinishingTackle","Slimebound:SplitLeeching"],"picked":"Slimebound:Equalize","floor":5.0},{"not_picked":["Slimebound:SplitAcid","Slimebound:TongueLash"],"picked":"Slimebound:GoopSpray","floor":6.0},{"not_picked":["Slimebound:MegaLick","Slimebound:GoopSpray"],"picked":"Slimebound:LivingWall","floor":9.0},{"not_picked":["Slimebound:AcidTongue","Slimebound:FinishingTackle"],"picked":"Slimebound:LeechingTouch","floor":10.0},{"not_picked":["Slimebound:Equalize","Slimebound:GoopTackle"],"picked":"Slimebound:Teamwork","floor":13.0},{"not_picked":["Slimebound:GoopSpray","Slimebound:Schlurp"],"picked":"Slimebound:SplitMire","floor":16.0},{"not_picked":["Slimebound:MassFeed","Slimebound:MinionMaster"],"picked":"Slimebound:PrepareCrush","floor":17.0},{"not_picked":["Slimebound:LeechingTouch","Slimebound:Nibble"],"picked":"Slimebound:Prepare","floor":20.0},{"not_picked":["Slimebound:SplitBruiser","Slimebound:HauntingLick"],"picked":"Slimebound:SlimeSpikes","floor":21.0},{"not_picked":["Slimebound:LeechEnergy","Slimebound:HauntingLick","Slimebound:SplitMire"],"picked":"SKIP","floor":22.0},{"not_picked":["Slimebound:ItLooksTasty","Slimebound:GoopSpray","Slimebound:PressTheAttack"],"picked":"SKIP","floor":24.0},{"not_picked":["Slimebound:SplitLeeching","Slimebound:FinishingTackle"],"picked":"Slimebound:Repurpose","floor":28.0},{"not_picked":["Slimebound:FlameTackle+1","Slimebound:ForwardTackle"],"picked":"Slimebound:GoopSpray","floor":30.0},{"not_picked":["Slimebound:SlimeTap","Slimebound:ViciousTackle"],"picked":"Slimebound:ItLooksTasty+1","floor":31.0},{"not_picked":["Slimebound:GoopTackle","Slimebound:LeechingTouch"],"picked":"Slimebound:Replication","floor":32.0},{"not_picked":["Slimebound:SlimeSpikes","Slimebound:LivingWall","Slimebound:ItLooksTasty"],"picked":"SKIP","floor":33.0},{"not_picked":["Slimebound:PressTheAttack+1","Slimebound:FlameTackle"],"picked":"Slimebound:LeadByExample+1","floor":34.0},{"not_picked":["Slimebound:Overexert","Slimebound:Teamwork"],"picked":"Slimebound:LeechLife","floor":35.0},{"not_picked":["Slimebound:HauntingLick+1","Slimebound:SlimeSpikes+1","Slimebound:GoopTackle"],"picked":"SKIP","floor":38.0},{"not_picked":["Slimebound:Prepare+1","Slimebound:ItLooksTasty+1","Slimebound:SplitAcid"],"picked":"SKIP","floor":40.0},{"not_picked":["Slimebound:WasteNot","Slimebound:ItLooksTasty+1","Slimebound:DisruptingSlam+1"],"picked":"SKIP","floor":41.0},{"not_picked":["Slimebound:SplitLeeching","Slimebound:SplitBruiser"],"picked":"Slimebound:LivingWall+1","floor":42.0},{"not_picked":["Slimebound:PressTheAttack+1","Slimebound:GrowthPunch+1"],"picked":"Slimebound:Gluttony+1","floor":44.0},{"not_picked":["Slimebound:ComboTackle+1","Slimebound:SplitLeeching","Slimebound:PressTheAttack+1"],"picked":"SKIP","floor":45.0},{"not_picked":["Slimebound:DisruptingSlam","Slimebound:ItLooksTasty+1","Slimebound:GoopTackle+1"],"picked":"SKIP","floor":47.0},{"not_picked":["Slimebound:PrepareCrush","Slimebound:SlimeBrawl+1","Slimebound:PressTheAttack"],"picked":"SKIP","floor":49.0},{"not_picked":["Slimebound:LivingWall","Slimebound:GoopTackle","Slimebound:ComboTackle+1"],"picked":"SKIP","floor":50.0},{"not_picked":["Slimebound:Gluttony","Slimebound:GoopSpray","Slimebound:Prepare+1"],"picked":"SKIP","floor":51.0}],"player_experience":310337,"relics_obtained":[{"floor":7.0,"key":"Smiling Mask"},{"floor":8.0,"key":"Strawberry"},{"floor":13.0,"key":"Lantern"},{"floor":15.0,"key":"downfall:GremlinWheel"},{"floor":25.0,"key":"Incense Burner"},{"floor":26.0,"key":"MawBank"},{"floor":43.0,"key":"Orichalcum"},{"floor":46.0,"key":"Bag of Marbles"},{"floor":47.0,"key":"Oddly Smooth Stone"}],"event_choices":[{"damage_healed":0.0,"max_hp_gain":0.0,"max_hp_loss":0.0,"gold_gain":0.0,"event_name":"NoteForYourself","player_choice":"Ignored","floor":4.0,"gold_loss":0.0,"damage_taken":0.0},{"damage_healed":0.0,"max_hp_gain":0.0,"max_hp_loss":0.0,"gold_gain":0.0,"event_name":"Wheel of Change","player_choice":"Relic","floor":46.0,"gold_loss":0.0,"damage_taken":0.0}],"is_beta":false,"boss_relics":[{"not_picked":["Calling Bell","Velvet Choker"],"picked":"bronze:MakeshiftBattery"},{"not_picked":["Cursed Key","Black Star"],"picked":"SlaversCollar"}],"items_purged_floors":[45],"is_endless":false,"potions_floor_spawned":[5,6,10,15,16,21,22,23,30,31,35,38,40,42,47,50,51],"killed_by":"SI_POISON_ARCHETYPE","ascension_level":0}}