{"host":"exhp4inpfmbngj23","time":1612104526,"event":{"mods":["Abigail Mod","BaseMod","Beaked The Cultist","Downfall","Friendly Minions","Kiyohime????","Koishi","Minty Spire (QoL Compilation)","StSLib","The Alterego"],"gold_per_floor":[349,138,153,153,165,65,65,97,114,128,155,55,74,59,69,164,164,64,64,79,95,95,95,148,173,173,206,206,231,231,260,272,376,376,376,390,409,249,249,249,249,299,316,343,343,100,100,100,118,118,118,153,1,1,1,1,1,1],"floor_reached":56,"language":"ENG","playtime":6096,"items_purged":[],"score":827,"play_id":"95fae9ae-00dd-472a-9e78-4ad905218add","local_time":"20210131064846","is_ascension_mode":true,"campfire_choices":[{"floor":1,"key":"RECALL"},{"data":"Slimebound:Split","floor":6,"key":"SMITH"},{"data":"Slimebound:SlimeBarrage","floor":12,"key":"SMITH"},{"data":"Slimebound:PrepareCrush","floor":18,"key":"SMITH"},{"data":"Slimebound:FirmFortitude","floor":23,"key":"SMITH"},{"floor":26,"key":"REST"},{"data":"Slimebound:TagTeam","floor":30,"key":"SMITH"},{"data":"1","floor":35,"key":"LIFT"},{"data":"2","floor":40,"key":"LIFT"},{"data":"Slimebound:SelfFormingGoo","floor":45,"key":"SMITH"},{"data":"3","floor":47,"key":"LIFT"},{"floor":54,"key":"REST"}],"circlet_count":0,"master_deck":["Slimebound:Strike_Slimebound","Slimebound:Strike_Slimebound","Slimebound:Strike_Slimebound","Slimebound:Tackle","Slimebound:Defend_Slimebound","Slimebound:Defend_Slimebound","Slimebound:Defend_Slimebound","Slimebound:Defend_Slimebound","Slimebound:Split+1","Slimebound:CorrosiveSpit","Slimebound:AcidTongue","Slimebound:SplitMire","Slimebound:GoopSpray","Slimebound:Equalize","Slimebound:FirmFortitude+1","Slimebound:Replication","Slimebound:SlimeTap","Slimebound:SlimeBarrage+1","Slimebound:Schlurp","Slimebound:PressTheAttack","Slimebound:PrepareCrush+1","Slimebound:SelfFormingGoo+1","Slimebound:SplitBruiser+1","Slimebound:RallyTheTroops+1","Slimebound:TagTeam+1","Slimebound:MegaLick","Slimebound:HauntingLick","Slimebound:MassRepurpose","Slimebound:Tackle+1","Slimebound:SplitLeeching+1","Slimebound:Prepare+1","Slimebound:DivideAndConquer+1","Slimebound:Replication","Slimebound:RejuvenatingLick+1","Slimebound:Overexert","Slimebound:GoopSpray+1","Slimebound:AcidTongue"],"relics":["Slimebound:AbsorbEndCombat","downfall:HeartBlessingRed","Kunai","CaptainsWheel","downfall:HeartBlessingBlue","SlaversCollar","downfall:HeartBlessingGreen","Nloth\u0027s Gift","alterego_mod:SomeoneToFightFor","Ancient Tea Set","Red Mask","Nunchaku","Girya","Du-Vu Doll","beaked:SacredDeck","Mummified Hand","Sling","Molten Egg 2","Ice Cream","Whetstone","Eternal Feather","Letter Opener","ClockworkSouvenir"],"acts_visited":["Exordium","TheCity","TheBeyond","TheEnding"],"potions_floor_usage":[8,9,14,16,20,25,32,38,38,38,56],"damage_taken":[{"damage":0,"enemies":"downfall:FleeingMerchant","floor":2,"turns":4},{"damage":6,"enemies":"Jaw Worm","floor":3,"turns":3},{"damage":0,"enemies":"Cultist","floor":5,"turns":4},{"damage":14,"enemies":"3 Sentries","floor":8,"turns":7},{"damage":0,"enemies":"2 Louse","floor":9,"turns":2},{"damage":9,"enemies":"Blue Slaver","floor":10,"turns":4},{"damage":27,"enemies":"Gremlin Nob","floor":11,"turns":4},{"damage":1,"enemies":"2 Fungi Beasts","floor":13,"turns":3},{"damage":0,"enemies":"downfall:FleeingMerchant","floor":14,"turns":4},{"damage":11,"enemies":"3 Louse","floor":15,"turns":4},{"damage":49,"enemies":"DF_ARCHETYPE_STREAMLINE","floor":16,"turns":10},{"damage":0,"enemies":"Spheric Guardian","floor":20,"turns":3},{"damage":37,"enemies":"3 Cultists","floor":21,"turns":5},{"damage":49,"enemies":"Masked Bandits","floor":25,"turns":6},{"damage":23,"enemies":"Book of Stabbing","floor":27,"turns":5},{"damage":14,"enemies":"Slavers","floor":29,"turns":4},{"damage":21,"enemies":"Gremlin Leader","floor":31,"turns":4},{"damage":0,"enemies":"Snecko","floor":32,"turns":5},{"damage":67,"enemies":"SI_MIRROR_ARCHETYPE","floor":33,"turns":10},{"damage":18,"enemies":"3 Darklings","floor":36,"turns":7},{"damage":5,"enemies":"Orb Walker","floor":37,"turns":4},{"damage":0,"enemies":"downfall:FleeingMerchant","floor":38,"turns":4},{"damage":0,"enemies":"downfall:FleeingMerchant","floor":42,"turns":5},{"damage":15,"enemies":"Sphere and 2 Shapes","floor":43,"turns":5},{"damage":30,"enemies":"Nemesis","floor":44,"turns":7},{"damage":0,"enemies":"Spire Growth","floor":49,"turns":4},{"damage":29,"enemies":"WA_ARCHETYPE_DIVINITY","floor":50,"turns":9},{"damage":50,"enemies":"downfall:CharBossMerchant","floor":52,"turns":7},{"damage":88,"enemies":"downfall:NeowBoss","floor":55,"turns":15},{"damage":126,"enemies":"downfall:NeowBossFinal","floor":56,"turns":9}],"seed_played":"6838460901689557944","potions_obtained":[{"floor":3,"key":"GamblersBrew"},{"floor":4,"key":"Weak Potion"},{"floor":4,"key":"Energy Potion"},{"floor":8,"key":"Fire Potion"},{"floor":10,"key":"LiquidBronze"},{"floor":16,"key":"LiquidMemories"},{"floor":32,"key":"Fruit Juice"},{"floor":33,"key":"DistilledChaos"},{"floor":36,"key":"bronze:BurnAndBuffPotion"},{"floor":37,"key":"DistilledChaos"},{"floor":52,"key":"FearPotion"}],"is_trial":false,"path_per_floor":["R","$","M","?","M","R","T","E","M","M","E","R","M","$","M","B",null,"R","?","M","M","?","R","T","?","R","E","?","E","R","E","M","B",null,"R","M","M","$","?","R","T","?","M","E","R","?","R","?","M","B",null,"E","$","R","B","B"],"character_chosen":"SLIMEBOUND","items_purchased":["Slimebound:SplitMire","HandDrill","Mummified Hand","Sling","FairyPotion","Eternal Feather","ClockworkSouvenir"],"campfire_rested":2,"item_purchase_floors":[2,2,38,38,38,46,53],"current_hp_per_floor":[47,51,47,47,51,51,51,53,59,56,40,50,59,65,64,29,75,75,75,75,50,50,50,50,17,39,35,35,58,58,43,52,1,80,80,70,74,80,80,80,80,80,65,59,59,59,80,80,80,53,80,45,45,80,51,0,0,0],"gold":1,"neow_bonus":"TWO_FIFTY_GOLD","is_daily":false,"chose_seed":false,"campfire_upgraded":6,"win_rate":0.0,"timestamp":1612104526,"path_taken":["R","$","M","?","M","R","T","E","M","?","E","R","M","?","M","BOSS","R","?","M","?","?","R","T","?","R","E","?","E","R","E","M","BOSS","R","M","M","$","?","R","T","?","M","E","R","?","R","?","M","BOSS","E","$","R","BOSS","BOSS"],"items_purchased_type":["Card","Relic","Relic","Relic","Potion","Relic","Relic"],"build_version":"2020-12-22","purchased_purges":0,"victory":false,"max_hp_per_floor":[65,65,65,65,65,65,65,65,65,65,65,75,75,75,75,75,75,75,75,75,75,75,75,75,75,75,75,75,75,75,75,80,80,80,80,80,80,80,80,80,80,80,80,80,80,80,80,80,80,80,80,80,80,80,80,80,80,80],"card_choices":[{"not_picked":["Slimebound:SplitAcid","Slimebound:ProtectTheBoss"],"picked":"Slimebound:AcidTongue","floor":2},{"not_picked":["Slimebound:GoopTackle","Slimebound:FinishingTackle"],"picked":"Slimebound:GoopSpray","floor":3},{"not_picked":["Slimebound:Schlurp","Slimebound:FinishingTackle"],"picked":"Slimebound:Equalize","floor":5},{"not_picked":["Slimebound:RollThrough","Slimebound:DisruptingSlam"],"picked":"Slimebound:FirmFortitude","floor":8},{"not_picked":["Slimebound:ForwardTackle","Slimebound:Schlurp"],"picked":"Slimebound:Replication","floor":9},{"not_picked":["Slimebound:ViciousTackle","Slimebound:SamplingLick"],"picked":"Slimebound:SlimeTap","floor":10},{"not_picked":["Slimebound:RollThrough","Slimebound:PressTheAttack"],"picked":"Slimebound:SlimeBarrage","floor":11},{"not_picked":["Slimebound:ComboTackle","Slimebound:HungryTackle"],"picked":"Slimebound:Schlurp","floor":13},{"not_picked":["Slimebound:ProtectTheBoss","Slimebound:LivingWall"],"picked":"Slimebound:PressTheAttack","floor":14},{"not_picked":["Slimebound:Replication","Slimebound:SlimeBrawl"],"picked":"Slimebound:PrepareCrush","floor":15},{"not_picked":["Slimebound:LeechLife","Slimebound:MinionMaster"],"picked":"Slimebound:SelfFormingGoo","floor":16},{"not_picked":["Slimebound:SlimeBrawl+1","Slimebound:ForwardTackle","Slimebound:GoopSpray"],"picked":"SKIP","floor":20},{"not_picked":["Slimebound:FinishingTackle","Slimebound:LeechEnergy","Slimebound:HauntingLick"],"picked":"SKIP","floor":21},{"not_picked":["Slimebound:Repurpose","Slimebound:SlimeTap"],"picked":"Slimebound:SplitBruiser+1","floor":25},{"not_picked":["Slimebound:GoopTackle","Slimebound:PressTheAttack"],"picked":"Slimebound:RallyTheTroops","floor":27},{"not_picked":["Slimebound:LeechLife","Slimebound:Dissolve"],"picked":"Slimebound:TagTeam","floor":29},{"not_picked":["Slimebound:ForwardTackle","Slimebound:SlimeBrawl"],"picked":"Slimebound:MegaLick","floor":31},{"not_picked":["Slimebound:LeechEnergy","Slimebound:Prepare"],"picked":"Slimebound:HauntingLick","floor":32},{"not_picked":["Slimebound:Recycling","Slimebound:DuplicatedForm"],"picked":"Slimebound:MassRepurpose","floor":33},{"not_picked":["Slimebound:LivingWall","Slimebound:ForwardTackle+1"],"picked":"Slimebound:SplitLeeching+1","floor":36},{"not_picked":["Slimebound:ViciousTackle","Slimebound:DouseInSlime"],"picked":"Slimebound:Prepare+1","floor":37},{"not_picked":["Slimebound:SplitBruiser","Slimebound:SplitLeeching"],"picked":"Slimebound:DivideAndConquer+1","floor":38},{"not_picked":["Slimebound:SplitMire","Slimebound:Grow"],"picked":"Slimebound:Replication","floor":42},{"not_picked":["Slimebound:SplitLeeching","Slimebound:HauntingLick+1"],"picked":"Slimebound:RejuvenatingLick+1","floor":43},{"not_picked":["Slimebound:Nibble+1","Slimebound:DuplicatedForm"],"picked":"Slimebound:Overexert","floor":44},{"not_picked":["Slimebound:SlimeBarrage+1","Slimebound:GoopTackle+1"],"picked":"Slimebound:GoopSpray+1","floor":49},{"not_picked":["Slimebound:Grow","Slimebound:WasteNot"],"picked":"Slimebound:AcidTongue","floor":52}],"player_experience":2139093,"relics_obtained":[{"floor":8,"key":"Kunai"},{"floor":11,"key":"CaptainsWheel"},{"floor":24,"key":"Ancient Tea Set"},{"floor":25,"key":"Red Mask"},{"floor":27,"key":"Nunchaku"},{"floor":29,"key":"Girya"},{"floor":31,"key":"Du-Vu Doll"},{"floor":41,"key":"Molten Egg 2"},{"floor":42,"key":"Ice Cream"},{"floor":44,"key":"Whetstone"},{"floor":52,"key":"Letter Opener"}],"event_choices":[{"damage_healed":0,"gold_gain":0,"player_choice":"Got Potions","damage_taken":0,"max_hp_gain":0,"max_hp_loss":0,"event_name":"Lab","floor":4,"gold_loss":0},{"damage_healed":0,"gold_gain":0,"player_choice":"Choice 2","damage_taken":0,"relics_obtained":["alterego_mod:SomeoneToFightFor"],"max_hp_gain":0,"max_hp_loss":0,"event_name":"Secret Garden","floor":22,"gold_loss":0},{"damage_healed":0,"gold_gain":0,"player_choice":"Fought Bandits","damage_taken":0,"max_hp_gain":0,"max_hp_loss":0,"event_name":"Masked Bandits","floor":25,"gold_loss":0},{"damage_healed":0,"gold_gain":0,"player_choice":"Ignored","damage_taken":0,"max_hp_gain":0,"max_hp_loss":0,"event_name":"Vampires","floor":28,"gold_loss":0},{"damage_healed":0,"gold_gain":0,"player_choice":"Ignored","damage_taken":0,"max_hp_gain":0,"max_hp_loss":0,"event_name":"Mysterious Sphere","floor":39,"gold_loss":0}],"is_beta":false,"boss_relics":[{"not_picked":["Slimebound:AbsorbEndCombatUpgraded","beaked:MawFillet"],"picked":"SlaversCollar"},{"not_picked":["bronze:MakeshiftBattery","Sozu"],"picked":"beaked:SacredDeck"}],"items_purged_floors":[],"is_endless":false,"potions_floor_spawned":[3,8,10,11,16,25,32,33,36,37,52],"killed_by":"downfall:NeowBossFinal","ascension_level":1}}