{"host":"gttgmv2wah99hzdm","time":1612108933,"event":{"mods":["AchievementEnabler","BaseMod","Bestiary","Block Reminder","Filter the Spire","Jorbs\u0027s Wanderer Trilogy","Minty Spire (QoL Compilation)","Relic Stats","StSLib","Weighted Paths","ojb\u0027s Info Mod"],"gold_per_floor":[110,130,146,146,146,175,175,204,204,215,185,217,217,232,232,336,336,351,351,378,388,398,398,426,426,451,476,575,595,520,520,520,623,623,635,635,645,142,153,182,182,201,201,232,232,107,123,137,137,137,137,137,61,86,86,86],"floor_reached":55,"language":"ENG","playtime":5685,"items_purged":["stsjorbsmod:Strike_Wanderer+1","stsjorbsmod:Strike_Wanderer+1","stsjorbsmod:Strike_Wanderer+1"],"score":974,"play_id":"ddbafab1-f03f-47f2-b548-458840985579","local_time":"20210131100213","is_ascension_mode":true,"campfire_choices":[{"data":"stsjorbsmod:Prepare","floor":7.0,"key":"SMITH"},{"data":"stsjorbsmod:Thorns","floor":13.0,"key":"SMITH"},{"floor":15.0,"key":"REST"},{"data":"stsjorbsmod:Patron","floor":23.0,"key":"SMITH"},{"data":"stsjorbsmod:ChatteringStrike","floor":25.0,"key":"SMITH"},{"data":"stsjorbsmod:Hurt","floor":32.0,"key":"SMITH"},{"data":"stsjorbsmod:Rediscovery","floor":41.0,"key":"SMITH"},{"floor":45.0,"key":"REST"},{"floor":49.0,"key":"RECALL"},{"data":"stsjorbsmod:HedgeWizard","floor":52,"key":"SMITH"}],"circlet_count":0,"master_deck":["stsjorbsmod:ForbiddenGrimoire+1","stsjorbsmod:Strike_Wanderer+1","stsjorbsmod:Defend_Wanderer+1","stsjorbsmod:Defend_Wanderer+1","stsjorbsmod:Defend_Wanderer+1","stsjorbsmod:Defend_Wanderer+1","stsjorbsmod:FreshAdventure","stsjorbsmod:EyeOfTheStorm+1","stsjorbsmod:Hurt+1","stsjorbsmod:MageArmor+1","stsjorbsmod:Materialize","stsjorbsmod:Prepare+1","stsjorbsmod:RefuseToForget+1","stsjorbsmod:BookOfTongues","stsjorbsmod:ParryingBlow","stsjorbsmod:Thorns+1","stsjorbsmod:Rest","stsjorbsmod:SiphonEnergy","stsjorbsmod:ChatteringStrike+1","stsjorbsmod:HedgeWizard","stsjorbsmod:Trauma","stsjorbsmod:HedgeWizard+1","stsjorbsmod:ChatteringStrike+1","stsjorbsmod:HoldMonster+1","stsjorbsmod:ScorchingRay+1","stsjorbsmod:ArcaneForm","stsjorbsmod:Rediscovery+1","Parasite","stsjorbsmod:FlameWard+1"],"relics":["SlaversCollar","Happy Flower","Shuriken","Vajra","Incense Burner","Runic Pyramid","Red Mask","Kunai","Lantern","Boot","TungstenRod","Cursed Key","stsjorbsmod:MindGlassRelic","Matryoshka","War Paint","Ornamental Fan","InkBottle"],"acts_visited":["Exordium","TheCity","TheBeyond","TheEnding"],"potions_floor_usage":[55,55,55],"damage_taken":[{"damage":8.0,"enemies":"2 Louse","floor":1.0,"turns":3.0},{"damage":7.0,"enemies":"Jaw Worm","floor":2.0,"turns":3.0},{"damage":0.0,"enemies":"Cultist","floor":3.0,"turns":3.0},{"damage":6.0,"enemies":"Lagavulin","floor":6.0,"turns":8.0},{"damage":9.0,"enemies":"3 Sentries","floor":8.0,"turns":6.0},{"damage":0.0,"enemies":"Red Slaver","floor":10.0,"turns":3.0},{"damage":0.0,"enemies":"Looter","floor":11.0,"turns":4.0},{"damage":3.0,"enemies":"Gremlin Nob","floor":12.0,"turns":3.0},{"damage":13.0,"enemies":"Lots of Slimes","floor":14.0,"turns":3.0},{"damage":2.0,"enemies":"Hexaghost","floor":16.0,"turns":8.0},{"damage":0.0,"enemies":"Chosen","floor":18.0,"turns":5.0},{"damage":13.0,"enemies":"Masked Bandits","floor":20.0,"turns":6.0},{"damage":0.0,"enemies":"3 Byrds","floor":21.0,"turns":3.0},{"damage":5.0,"enemies":"Cultist and Chosen","floor":22.0,"turns":8.0},{"damage":4.0,"enemies":"Book of Stabbing","floor":24.0,"turns":6.0},{"damage":3.0,"enemies":"Slavers","floor":27.0,"turns":2.0},{"damage":6.0,"enemies":"3 Cultists","floor":29.0,"turns":3.0},{"damage":34.0,"enemies":"Collector","floor":33.0,"turns":9.0},{"damage":0.0,"enemies":"Orb Walker","floor":35.0,"turns":4.0},{"damage":10.0,"enemies":"3 Darklings","floor":37.0,"turns":3.0},{"damage":14.0,"enemies":"Jaw Worm Horde","floor":39.0,"turns":4.0},{"damage":0.0,"enemies":"Nemesis","floor":40.0,"turns":5.0},{"damage":0.0,"enemies":"Spire Growth","floor":42.0,"turns":4.0},{"damage":31.0,"enemies":"Giant Head","floor":44.0,"turns":8.0},{"damage":0.0,"enemies":"4 Shapes","floor":47.0,"turns":7.0},{"damage":16.0,"enemies":"Jaw Worm Horde","floor":48.0,"turns":5.0},{"damage":10.0,"enemies":"Time Eater","floor":50.0,"turns":9.0},{"damage":17,"enemies":"Shield and Spear","floor":54,"turns":7},{"damage":82,"enemies":"The Heart","floor":55,"turns":8}],"seed_played":"8280456240663431183","potions_obtained":[{"floor":1.0,"key":"LiquidBronze"},{"floor":8.0,"key":"BlessingOfTheForge"},{"floor":12.0,"key":"ColorlessPotion"},{"floor":14.0,"key":"Fire Potion"},{"floor":24.0,"key":"stsjorbsmod:BurningPotion"},{"floor":27.0,"key":"PowerPotion"},{"floor":36.0,"key":"stsjorbsmod:BurningPotion"},{"floor":48.0,"key":"EssenceOfSteel"},{"floor":54,"key":"stsjorbsmod:LiquidVirtue"}],"is_trial":false,"path_per_floor":["M","M","M","?","?","E","R","E","T","M","M","E","R","M","R","B",null,"M","?","?","M","M","R","E","R","T","E","?","M","$","T","R","B",null,"M","?","M","$","M","E","R","M","T","E","R","$","M","M","R","B",null,"R","$","E","B"],"character_chosen":"WANDERER","items_purchased":["stsjorbsmod:ArcaneForm","stsjorbsmod:MindGlassRelic","Regen Potion"],"campfire_rested":2,"item_purchase_floors":[38,38,53],"current_hp_per_floor":[60,53,53,58,43,37,37,28,28,28,28,25,25,12,33,31,73,73,73,60,60,55,55,51,51,51,48,48,42,42,42,42,8,73,73,73,63,63,49,49,49,49,49,18,39,39,39,23,23,13,73,73,73,56,0,0],"gold":86,"neow_bonus":"BOSS_RELIC","is_daily":false,"chose_seed":false,"campfire_upgraded":7,"win_rate":0.0,"timestamp":1612108933,"path_taken":["M","M","M","?","?","E","R","E","T","M","M","E","R","M","R","BOSS","M","?","?","M","M","R","E","R","T","E","?","M","$","?","R","BOSS","M","?","M","$","?","E","R","M","T","E","R","$","M","M","R","BOSS","R","$","E","BOSS"],"items_purchased_type":["Card","Relic","Potion"],"build_version":"2020-12-22","purchased_purges":3,"victory":false,"max_hp_per_floor":[68,68,68,73,73,73,73,73,73,73,73,73,73,73,73,73,73,73,73,73,73,73,73,73,73,73,73,73,73,73,73,73,73,73,73,73,73,73,73,73,73,73,73,73,73,73,73,73,73,73,73,73,73,73,73,73],"relic_stats":{"Happy Flower":[46],"counters":[29,150],"Shuriken":[41],"Ornamental Fan":[60],"Kunai":[35],"War Paint":["stsjorbsmod:RefuseToForget","stsjorbsmod:HoldMonster"],"Boot":[47],"Cursed Key":1,"obtain_stats":[{"Lantern":26,"Happy Flower":6,"Vajra":9,"stsjorbsmod:GrimoireRelic":0,"Incense Burner":12,"War Paint":43,"Boot":27,"Cursed Key":34,"SlaversCollar":0,"Matryoshka":40,"Shuriken":8,"Ornamental Fan":44,"Red Mask":20,"Kunai":24,"stsjorbsmod:MindGlassRelic":38,"TungstenRod":31,"InkBottle":54,"Runic Pyramid":17},{"Lantern":15,"Happy Flower":4,"Vajra":5,"stsjorbsmod:GrimoireRelic":0,"Incense Burner":8,"War Paint":23,"Boot":16,"Cursed Key":18,"SlaversCollar":0,"Matryoshka":22,"Shuriken":5,"Ornamental Fan":24,"Red Mask":12,"Kunai":15,"stsjorbsmod:MindGlassRelic":20,"TungstenRod":17,"InkBottle":28,"Runic Pyramid":10},{"Lantern":72,"Happy Flower":17,"Vajra":23,"stsjorbsmod:GrimoireRelic":0,"Incense Burner":33,"War Paint":106,"Boot":74,"Cursed Key":86,"SlaversCollar":0,"Matryoshka":102,"Shuriken":23,"Ornamental Fan":114,"Red Mask":55,"Kunai":72,"stsjorbsmod:MindGlassRelic":93,"TungstenRod":77,"InkBottle":142,"Runic Pyramid":44}],"TungstenRod":48,"InkBottle":[5]},"card_choices":[{"not_picked":["stsjorbsmod:SmithingStrike","stsjorbsmod:Firebolt"],"picked":"stsjorbsmod:Hurt","floor":1.0},{"not_picked":["stsjorbsmod:Will","stsjorbsmod:TrueStrike"],"picked":"stsjorbsmod:MageArmor","floor":2.0},{"not_picked":["stsjorbsmod:LocateObject","stsjorbsmod:Hurt"],"picked":"stsjorbsmod:Materialize","floor":3.0},{"not_picked":["stsjorbsmod:MistyStep","stsjorbsmod:Index"],"picked":"stsjorbsmod:Prepare","floor":6.0},{"not_picked":["stsjorbsmod:ArcaneWeapon","stsjorbsmod:Prestidigitation"],"picked":"stsjorbsmod:RefuseToForget","floor":8.0},{"not_picked":["stsjorbsmod:MistyStep","stsjorbsmod:Hibernate"],"picked":"stsjorbsmod:BookOfTongues","floor":10.0},{"not_picked":["stsjorbsmod:OldPocket","stsjorbsmod:Will"],"picked":"stsjorbsmod:ParryingBlow","floor":11.0},{"not_picked":["stsjorbsmod:Counterspell","stsjorbsmod:Mending"],"picked":"stsjorbsmod:Thorns","floor":12.0},{"not_picked":["stsjorbsmod:MagicMissiles","stsjorbsmod:Firebolt"],"picked":"stsjorbsmod:Rest","floor":14.0},{"not_picked":["stsjorbsmod:Feast","stsjorbsmod:CorrodingBarrier"],"picked":"stsjorbsmod:SiphonEnergy","floor":16.0},{"not_picked":["stsjorbsmod:Materialize","stsjorbsmod:Will","stsjorbsmod:Index+1"],"picked":"SKIP","floor":18.0},{"not_picked":["stsjorbsmod:Rest","stsjorbsmod:DisguiseSelf"],"picked":"stsjorbsmod:ChatteringStrike","floor":20.0},{"not_picked":["stsjorbsmod:ArcaneWeapon","stsjorbsmod:BookOfTongues+1"],"picked":"stsjorbsmod:HedgeWizard","floor":21.0},{"not_picked":["stsjorbsmod:ChainLightning","stsjorbsmod:AnimateObjects"],"picked":"stsjorbsmod:Patron","floor":22.0},{"not_picked":["stsjorbsmod:MageArmor","stsjorbsmod:FranticSearch"],"picked":"stsjorbsmod:Trauma","floor":24.0},{"not_picked":["stsjorbsmod:SmithingStrike+1","stsjorbsmod:Mindworm"],"picked":"stsjorbsmod:HedgeWizard","floor":27.0},{"not_picked":["stsjorbsmod:TollTheDead","stsjorbsmod:Hibernate"],"picked":"stsjorbsmod:ChatteringStrike+1","floor":29.0},{"not_picked":["stsjorbsmod:ThirstingSword","stsjorbsmod:DeathThroes"],"picked":"stsjorbsmod:HoldMonster","floor":33.0},{"not_picked":["stsjorbsmod:Thorns+1","stsjorbsmod:Message"],"picked":"stsjorbsmod:ScorchingRay+1","floor":35.0},{"not_picked":["stsjorbsmod:Mindworm","stsjorbsmod:ArcaneWeapon","stsjorbsmod:LoseGrip"],"picked":"SKIP","floor":37.0},{"not_picked":["stsjorbsmod:Hurt","stsjorbsmod:ArcaneWeapon+1"],"picked":"stsjorbsmod:Rediscovery","floor":39.0},{"not_picked":["stsjorbsmod:Thorns","stsjorbsmod:Rest","stsjorbsmod:OldPocket"],"picked":"SKIP","floor":40.0},{"not_picked":["stsjorbsmod:Will","stsjorbsmod:HedgeWizard"],"picked":"stsjorbsmod:Patron+1","floor":42.0},{"not_picked":["stsjorbsmod:ParryingBlow","stsjorbsmod:Index"],"picked":"stsjorbsmod:FlameWard+1","floor":44.0},{"not_picked":["stsjorbsmod:RayOfFrost+1","stsjorbsmod:RefuseToForget+1","stsjorbsmod:FaerieFire"],"picked":"SKIP","floor":47.0},{"not_picked":["stsjorbsmod:Prepare+1","stsjorbsmod:Prestidigitation+1","stsjorbsmod:TinyHut"],"picked":"SKIP","floor":48.0},{"not_picked":["stsjorbsmod:RayOfFrost+1","stsjorbsmod:Rest","stsjorbsmod:Prepare"],"picked":"SKIP","floor":54}],"player_experience":1083419,"relics_obtained":[{"floor":6.0,"key":"Happy Flower"},{"floor":8.0,"key":"Shuriken"},{"floor":9.0,"key":"Vajra"},{"floor":12.0,"key":"Incense Burner"},{"floor":20.0,"key":"Red Mask"},{"floor":24.0,"key":"Kunai"},{"floor":26.0,"key":"Lantern"},{"floor":27.0,"key":"Boot"},{"floor":31.0,"key":"TungstenRod"},{"floor":40.0,"key":"Matryoshka"},{"floor":43.0,"key":"War Paint"},{"floor":44.0,"key":"Ornamental Fan"},{"floor":54,"key":"InkBottle"}],"event_choices":[{"damage_healed":0.0,"max_hp_gain":5.0,"max_hp_loss":0.0,"gold_gain":0.0,"event_name":"Big Fish","player_choice":"Donut","floor":4.0,"gold_loss":0.0,"damage_taken":0.0},{"damage_healed":0.0,"max_hp_gain":0.0,"max_hp_loss":0.0,"gold_gain":0.0,"event_name":"Shining Light","player_choice":"Entered Light","floor":5.0,"gold_loss":0.0,"damage_taken":15.0,"cards_upgraded":["stsjorbsmod:MageArmor","stsjorbsmod:EyeOfTheStorm"]},{"damage_healed":0.0,"max_hp_gain":0.0,"max_hp_loss":0.0,"gold_gain":0.0,"event_name":"Back to Basics","player_choice":"Simplicity","floor":19.0,"gold_loss":0.0,"damage_taken":0.0,"cards_upgraded":["stsjorbsmod:Strike_Wanderer","stsjorbsmod:Strike_Wanderer","stsjorbsmod:Strike_Wanderer","stsjorbsmod:Strike_Wanderer","stsjorbsmod:Defend_Wanderer","stsjorbsmod:Defend_Wanderer","stsjorbsmod:Defend_Wanderer","stsjorbsmod:Defend_Wanderer"]},{"damage_healed":0.0,"max_hp_gain":0.0,"max_hp_loss":0.0,"gold_gain":0.0,"event_name":"Masked Bandits","player_choice":"Fought Bandits","floor":20.0,"gold_loss":0.0,"damage_taken":0.0},{"damage_healed":0.0,"max_hp_gain":0.0,"max_hp_loss":0.0,"gold_gain":99.0,"event_name":"Nest","player_choice":"Stole From Cult","floor":28.0,"gold_loss":0.0,"damage_taken":0.0},{"damage_healed":0.0,"max_hp_gain":0.0,"max_hp_loss":0.0,"gold_gain":0.0,"event_name":"Lab","player_choice":"Got Potions","floor":36.0,"gold_loss":0.0,"damage_taken":0.0}],"is_beta":false,"boss_relics":[{"not_picked":["Runic Dome","Black Star"],"picked":"Runic Pyramid"},{"not_picked":["Sozu","Pandora\u0027s Box"],"picked":"Cursed Key"}],"items_purged_floors":[30,38,46],"is_endless":false,"potions_floor_spawned":[1,8,12,14,18,24,27,33,37,42,44,47,48,54],"killed_by":"The Heart","ascension_level":2}}