{"host":"6p0attdrtjqaih7v","time":1612124004,"event":{"mods":["2.2 Compatiblity","AchievementEnabler","Bard","BaseMod","Better Skull","Better Third Choice","Colored Powertips","Downfall","Hermit","Highlight Path","Key Reminder","Minty Spire (QoL Compilation)","Permanent Neow","Quick Restart","Random Character Button","Relic Stats","Replay The Spire","Robot Space Explorer","StSLib","The Witch"],"gold_per_floor":[111,131,131,151,168,202,202,216,216,216,232,267,281,313,313,384,384,396,416,432,5,21,21,48,48,48,75,86,120,35,59,59,132,132,143,157,157,174,201,201,230,230,255,265,290,303,303,40,40,40,40],"floor_reached":52,"language":"ENG","playtime":3203,"items_purged":["bard:Strike"],"score":2113,"play_id":"aee704b7-5564-4372-bf30-f3060b028b0d","local_time":"20210131151324","is_ascension_mode":true,"campfire_choices":[{"data":"bard:SongBolt","floor":7,"key":"SMITH"},{"data":"bard:Blink","floor":15,"key":"SMITH"},{"data":"bard:Doot","floor":23,"key":"SMITH"},{"data":"bard:Strike","floor":25,"key":"PURGE"},{"floor":32,"key":"REST"},{"data":"bard:SplendidForm","floor":40,"key":"SMITH"},{"data":"bard:SplendidForm","floor":42,"key":"SMITH"},{"data":"bard:Defend","floor":47,"key":"PURGE"},{"data":"bard:ThickOfTheFight","floor":49,"key":"SMITH"}],"circlet_count":0,"master_deck":["AscendersBane","bard:Defend","bard:Defend","bard:Riposte","bard:Inspire+1","bard:SongBolt+1","bard:FirstStrike","bard:TinyHut","bard:ViciousMockery","bard:Thunderwave","bard:DiscordantVoice","bard:Blink+1","bard:GreaterMagicWeapon","bard:FaerieFire","bard:Improv","bard:ThickOfTheFight+1","bard:Doot+1","bard:CovetousAura","bard:EchoEcho","bard:GuardPoint","bard:GuardPoint","bard:SplendidForm+1","bard:LingeringEcho+1","bard:PowerWordStun","bard:ViciousMockery","bard:SplendidForm+1","bard:OffKey","bard:EnGarde+1"],"relics":["bard:PitchPipe","bard:BagPipes","Mango","Snack Pack","Peace Pipe","Onion Ring","Runic Pyramid","bard:OilPainting","Simple Rune","Garlic","ReplayTheSpireMod:Lightbulb","Incense Burner","keyreminder:keyreminder","Gremlin Food","Art of War","ChewingGum","Orichalcum","Smiling Mask","Blood Vial","hexamod:BolsterEngine","Letter Opener"],"acts_visited":["Exordium","TheCity","TheBeyond"],"potions_floor_usage":[6,12,29,29],"damage_taken":[{"damage":0,"enemies":"2 Louse","floor":1,"turns":3},{"damage":1,"enemies":"Cultist","floor":2,"turns":3},{"damage":2,"enemies":"Small Slimes","floor":4,"turns":2},{"damage":1,"enemies":"Looter","floor":5,"turns":4},{"damage":15,"enemies":"Lagavulin","floor":6,"turns":5},{"damage":0,"enemies":"Exordium Thugs","floor":8,"turns":2},{"damage":0,"enemies":"Exordium Wildlife","floor":11,"turns":3},{"damage":0,"enemies":"3 Sentries","floor":12,"turns":8},{"damage":0,"enemies":"2 Fungi Beasts","floor":13,"turns":3},{"damage":26,"enemies":"Gremlin Nob","floor":14,"turns":4},{"damage":9,"enemies":"Hexaghost","floor":16,"turns":9},{"damage":10,"enemies":"Shell Parasite","floor":18,"turns":2},{"damage":0,"enemies":"Spheric Guardian","floor":19,"turns":3},{"damage":7,"enemies":"Snake Plant","floor":20,"turns":4},{"damage":0,"enemies":"Snecko","floor":22,"turns":4},{"damage":20,"enemies":"Slavers","floor":24,"turns":2},{"damage":6,"enemies":"Replay:Snechameleon","floor":27,"turns":7},{"damage":0,"enemies":"Centurion and Healer","floor":28,"turns":5},{"damage":16,"enemies":"Gremlin Leader","floor":29,"turns":5},{"damage":9,"enemies":"Champ","floor":33,"turns":13},{"damage":0,"enemies":"3 Shapes","floor":35,"turns":3},{"damage":0,"enemies":"3 Darklings","floor":36,"turns":4},{"damage":10,"enemies":"Transient","floor":38,"turns":6},{"damage":0,"enemies":"Giant Head","floor":41,"turns":8},{"damage":0,"enemies":"Writhing Mass","floor":44,"turns":6},{"damage":0,"enemies":"Reptomancer","floor":45,"turns":7},{"damage":7,"enemies":"Sphere and 2 Shapes","floor":46,"turns":4},{"damage":9,"enemies":"Awakened One","floor":50,"turns":11},{"damage":3,"enemies":"Time Eater","floor":51,"turns":10}],"seed_played":"-1713255408086426807","potions_obtained":[{"floor":2,"key":"Venom Potion"},{"floor":8,"key":"Energy Potion"},{"floor":11,"key":"SkillPotion"},{"floor":14,"key":"Dexterity Potion"},{"floor":18,"key":"Weak Potion"},{"floor":28,"key":"Adrenaline Potion"},{"floor":33,"key":"Dexterity Potion"},{"floor":44,"key":"Regen Potion"}],"is_trial":false,"path_per_floor":["M","M","?","M","M","E","R","M","T","?","M","E","M","E","R","B",null,"M","M","M","$","M","R","E","R","T","E","M","E","?","T","R","B",null,"M","M","?","M","T","R","E","R","T","M","E","M","R","$","R","B","B",null],"character_chosen":"BARD","items_purchased":["bard:CovetousAura","bard:EchoEcho","bard:OilPainting","Letter Opener"],"campfire_rested":1,"item_purchase_floors":[21,21,21,48],"current_hp_per_floor":[59,58,58,56,55,54,54,54,54,54,56,58,60,36,36,31,68,60,62,55,55,55,55,35,35,35,31,33,19,19,19,43,40,70,72,72,72,64,64,64,70,70,70,74,78,75,75,75,75,74,77],"gold":40,"neow_bonus":"UPGRADE_CARD","is_daily":false,"chose_seed":false,"campfire_upgraded":6,"win_rate":0.0,"timestamp":1612124004,"path_taken":["M","M","?","M","?","E","R","M","T","?","M","E","M","E","R","BOSS","M","M","M","$","M","R","E","R","T","E","M","E","?","?","R","BOSS","M","M","?","M","?","R","E","R","T","M","E","M","R","$","R","BOSS","BOSS"],"items_purchased_type":["Card","Card","Relic","Relic"],"build_version":"2020-12-22","purchased_purges":1,"victory":true,"max_hp_per_floor":[66,66,66,66,66,80,80,80,80,80,80,80,80,80,80,80,80,80,80,80,80,80,80,80,80,80,80,80,80,80,80,80,80,80,80,80,80,80,80,80,80,80,80,80,80,80,80,80,80,80,80],"relic_stats":{"Peace Pipe":2,"Blood Vial":10,"counters":[29,150],"Art of War":[11],"Letter Opener":[10],"Orichalcum":[66],"Smiling Mask":0,"obtain_stats":[{"Gremlin Food":30,"bard:BagPipes":0,"bard:PitchPipe":0,"bard:OilPainting":21,"Mango":6,"Incense Burner":29,"Letter Opener":48,"Orichalcum":39,"Smiling Mask":41,"Peace Pipe":12,"keyreminder:keyreminder":29,"Blood Vial":43,"Onion Ring":14,"Simple Rune":24,"ChewingGum":34,"Snack Pack":9,"Garlic":26,"Art of War":31,"hexamod:BolsterEngine":45,"ReplayTheSpireMod:Lightbulb":27,"Runic Pyramid":17},{"Gremlin Food":19,"bard:BagPipes":0,"bard:PitchPipe":0,"bard:OilPainting":14,"Mango":5,"Incense Burner":19,"Letter Opener":27,"Orichalcum":23,"Smiling Mask":24,"Peace Pipe":8,"keyreminder:keyreminder":19,"Blood Vial":24,"Onion Ring":10,"Simple Rune":16,"ChewingGum":20,"Snack Pack":6,"Garlic":16,"Art of War":19,"hexamod:BolsterEngine":26,"ReplayTheSpireMod:Lightbulb":17,"Runic Pyramid":11},{"Gremlin Food":78,"bard:BagPipes":0,"bard:PitchPipe":0,"bard:OilPainting":55,"Mango":17,"Incense Burner":78,"Letter Opener":129,"Orichalcum":104,"Smiling Mask":112,"Peace Pipe":30,"keyreminder:keyreminder":78,"Blood Vial":112,"Onion Ring":37,"Simple Rune":61,"ChewingGum":91,"Snack Pack":19,"Garlic":61,"Art of War":78,"hexamod:BolsterEngine":125,"ReplayTheSpireMod:Lightbulb":68,"Runic Pyramid":46}]},"card_choices":[{"not_picked":["bard:FeastOnFear","bard:PhantasmalForce"],"picked":"bard:SongBolt","floor":1},{"not_picked":["bard:Aphasia","bard:Heroism"],"picked":"bard:FirstStrike","floor":2},{"not_picked":["bard:PhantasmalForce","bard:SongBolt"],"picked":"bard:TinyHut","floor":4},{"not_picked":["bard:LingeringPerformance","bard:MantleOfInspiration"],"picked":"bard:ViciousMockery","floor":5},{"not_picked":["bard:Wish","bard:ViciousMockery"],"picked":"bard:Thunderwave","floor":6},{"not_picked":["bard:Thunderwave","bard:Gamble","bard:FeastOnFear"],"picked":"SKIP","floor":8},{"not_picked":["bard:Greatness","bard:Heroism"],"picked":"bard:DiscordantVoice","floor":11},{"not_picked":["bard:DervishDance","bard:HideousLaughter"],"picked":"bard:Blink","floor":12},{"not_picked":["bard:ViciousMockery","bard:SongBolt"],"picked":"bard:GreaterMagicWeapon","floor":13},{"not_picked":["bard:Sift","bard:Gamble"],"picked":"bard:FaerieFire","floor":14},{"not_picked":["bard:Rhapsody","bard:DeathMetal"],"picked":"bard:Improv","floor":16},{"not_picked":["bard:Silence","bard:Thunderwave+1"],"picked":"bard:ThickOfTheFight","floor":18},{"not_picked":["bard:BucklerBash","bard:CuttingWords","bard:Rest"],"picked":"SKIP","floor":19},{"not_picked":["bard:SongBolt","bard:HideousLaughter"],"picked":"bard:Doot","floor":20},{"not_picked":["bard:Shout","bard:SongBolt"],"picked":"bard:GuardPoint","floor":22},{"not_picked":["bard:Demoralize","bard:StudiedStrike"],"picked":"bard:GuardPoint","floor":24},{"not_picked":["bard:Improv","bard:Heroism"],"picked":"bard:SplendidForm","floor":27},{"not_picked":["bard:CuttingWords+1","bard:Thunderwave","bard:Demoralize"],"picked":"SKIP","floor":28},{"not_picked":["bard:TinyHut","bard:Gamble"],"picked":"bard:LingeringEcho","floor":29},{"not_picked":["bard:ReverseGravity","bard:BottledSong"],"picked":"bard:PowerWordStun","floor":33},{"not_picked":["bard:FeastOnFear","bard:CuttingWords"],"picked":"bard:ViciousMockery","floor":35},{"not_picked":["bard:FaerieFire+1","bard:FeastOnFear+1","bard:InspiringSong+1"],"picked":"SKIP","floor":36},{"not_picked":["bard:ViciousMockery+1","bard:BucklerBash+1","bard:FalseLife"],"picked":"SKIP","floor":38},{"not_picked":["bard:GreaterMagicWeapon","bard:Sift+1"],"picked":"bard:SplendidForm","floor":41},{"not_picked":["bard:BestowCurse","bard:ViciousMockery+1","bard:OffKey"],"picked":"SKIP","floor":44},{"not_picked":["bard:BestowCurse","bard:ViciousMockery+1"],"picked":"bard:OffKey","floor":44},{"not_picked":["bard:BottledSong","bard:Fermata+1","bard:Silence+1"],"picked":"SKIP","floor":45},{"not_picked":["bard:CuttingWords","bard:LingeringEcho"],"picked":"bard:EnGarde+1","floor":46}],"player_experience":1004180,"relics_obtained":[{"floor":6,"key":"Mango"},{"floor":9,"key":"Snack Pack"},{"floor":12,"key":"Peace Pipe"},{"floor":14,"key":"Onion Ring"},{"floor":24,"key":"Simple Rune"},{"floor":26,"key":"Garlic"},{"floor":27,"key":"ReplayTheSpireMod:Lightbulb"},{"floor":29,"key":"Incense Burner"},{"floor":31,"key":"Art of War"},{"floor":39,"key":"Orichalcum"},{"floor":41,"key":"Smiling Mask"},{"floor":43,"key":"Blood Vial"},{"floor":45,"key":"hexamod:BolsterEngine"}],"event_choices":[{"cards_removed":["bard:Strike"],"damage_healed":0,"gold_gain":0,"player_choice":"Purged","damage_taken":0,"max_hp_gain":0,"max_hp_loss":0,"event_name":"Purifier","floor":3,"gold_loss":0},{"cards_removed":["bard:Strike"],"damage_healed":0,"gold_gain":0,"player_choice":"Forget","damage_taken":0,"max_hp_gain":0,"max_hp_loss":0,"event_name":"Living Wall","floor":10,"gold_loss":0},{"damage_healed":0,"gold_gain":0,"player_choice":"Obtained Relic","damage_taken":0,"relics_obtained":["Gremlin Food"],"max_hp_gain":0,"max_hp_loss":0,"event_name":"Addict","floor":30,"gold_loss":85},{"cards_removed":["bard:Defend"],"damage_healed":0,"gold_gain":0,"player_choice":"Removed Skill","damage_taken":0,"max_hp_gain":0,"max_hp_loss":0,"event_name":"Falling","floor":37,"gold_loss":0}],"is_beta":false,"boss_relics":[{"not_picked":["bronze:MakeshiftBattery","Snecko Eye"],"picked":"Runic Pyramid"},{"not_picked":["Runic Dome","expansioncontent:StudyCardRelic"],"picked":"ChewingGum"}],"items_purged_floors":[21],"is_endless":false,"potions_floor_spawned":[2,8,11,14,18,19,28,33,44,45,46],"ascension_level":20}}