{"host":"8is2j71l4wmybkoi","time":1612078227,"event":{"mods":["AchievementEnabler","BaseMod","Colored Map","Minty Spire (QoL Compilation)","Rare Cards Sparkle","StSLib","SuperFastMode"],"gold_per_floor":[113,113,127,145,161,161,175,200,200,228,262,262,279,332,332,406,406,421,102,102,102,113,113,128,147,170,203,203,217,247,260,260,337,337,349,359,376,376,376,376,144,144,170,170,170],"floor_reached":44,"language":"KOR","playtime":1448,"items_purged":["Strike_B","Strike_B"],"score":891,"play_id":"6d85cd83-7409-4f16-88fe-c562d8114f59","local_time":"20210131163027","is_ascension_mode":true,"campfire_choices":[{"data":"Zap","floor":6.0,"key":"SMITH"},{"data":"Darkness","floor":15,"key":"SMITH"},{"floor":23,"key":"REST"},{"floor":28,"key":"REST"},{"floor":32,"key":"REST"},{"floor":40,"key":"REST"},{"floor":42,"key":"RECALL"}],"circlet_count":0,"master_deck":["AscendersBane","Strike_B","Strike_B","Defend_B","Defend_B","Defend_B","Defend_B","Zap+1","Lockon","Darkness+1","White Noise+1","Rebound","Electrodynamics","Sunder","Echo Form","Thunder Strike","Conserve Battery","Necronomicurse","Skim+1","BootSequence","Hologram","Buffer","Skim","Enlightenment","Storm+1"],"relics":["Cracked Core","FossilizedHelix","WingedGreaves","Dream Catcher","Bottled Lightning","Bag of Marbles","Fusion Hammer","Singing Bowl","Necronomicon","Centennial Puzzle","DataDisk","Bird Faced Urn","Inserter","Membership Card","Happy Flower"],"acts_visited":["Exordium","TheCity","TheBeyond"],"potions_floor_usage":[8,22,22,24,25,27,30,33,44,44],"damage_taken":[{"damage":2.0,"enemies":"Jaw Worm","floor":1.0,"turns":3.0},{"damage":0.0,"enemies":"Cultist","floor":3.0,"turns":4.0},{"damage":2.0,"enemies":"Small Slimes","floor":4.0,"turns":3.0},{"damage":8.0,"enemies":"3 Louse","floor":5.0,"turns":3.0},{"damage":0.0,"enemies":"Large Slime","floor":7.0,"turns":4.0},{"damage":0,"enemies":"Gremlin Nob","floor":8,"turns":2},{"damage":15,"enemies":"Lagavulin","floor":10,"turns":5},{"damage":15,"enemies":"Gremlin Nob","floor":11,"turns":4},{"damage":0,"enemies":"Blue Slaver","floor":13,"turns":2},{"damage":9,"enemies":"The Guardian","floor":16,"turns":7},{"damage":0,"enemies":"Spheric Guardian","floor":18,"turns":2},{"damage":10,"enemies":"3 Byrds","floor":22,"turns":2},{"damage":8,"enemies":"Snake Plant","floor":24,"turns":2},{"damage":0,"enemies":"Snecko","floor":25,"turns":2},{"damage":20,"enemies":"Gremlin Leader","floor":27,"turns":6},{"damage":0,"enemies":"3 Cultists","floor":29,"turns":2},{"damage":9,"enemies":"Book of Stabbing","floor":30,"turns":4},{"damage":0,"enemies":"Cultist and Chosen","floor":31,"turns":4},{"damage":55,"enemies":"Champ","floor":33,"turns":9},{"damage":10,"enemies":"Orb Walker","floor":35,"turns":4},{"damage":18,"enemies":"3 Darklings","floor":36,"turns":3},{"damage":36,"enemies":"Transient","floor":37,"turns":5},{"damage":85,"enemies":"Reptomancer","floor":44,"turns":4}],"seed_played":"-3425587965582245671","potions_obtained":[{"floor":3.0,"key":"FearPotion"},{"floor":4.0,"key":"EssenceOfSteel"},{"floor":7.0,"key":"Explosive Potion"},{"floor":16,"key":"AttackPotion"},{"floor":18,"key":"EntropicBrew"},{"floor":24,"key":"Fruit Juice"},{"floor":25,"key":"Fire Potion"},{"floor":27,"key":"GamblersBrew"},{"floor":37,"key":"Energy Potion"}],"is_trial":false,"path_per_floor":["M","?","M","M","M","R","M","E","T","E","E","?","M","T","R","B",null,"M","$","?","?","M","R","M","M","T","E","R","M","E","M","R","B",null,"M","M","M","?","?","R","$","R","T","E"],"character_chosen":"DEFECT","items_purchased":["Singing Bowl","Membership Card","SkillPotion"],"campfire_rested":4,"item_purchase_floors":[19,41,41],"current_hp_per_floor":[44,71,71,69,61,61,61,61,61,46,31,31,31,31,31,22,59,59,59,39,18,8,30,24,31,31,13,41,43,34,46,75,26,78,80,70,40,40,34,64,64,64,64,0,0],"gold":170,"neow_bonus":"ONE_RARE_RELIC","is_daily":false,"chose_seed":false,"campfire_upgraded":2,"win_rate":0.0,"timestamp":1612078227,"path_taken":["M","?","M","?","M","R","M","E","T","E","E","?","?","?","R","BOSS","M","$","?","?","M","R","M","M","T","E","R","M","E","M","R","BOSS","M","M","M","?","?","R","$","R","T","E"],"items_purchased_type":["Relic","Relic","Potion"],"build_version":"2020-12-22","purchased_purges":2,"victory":false,"max_hp_per_floor":[71,71,71,71,71,71,71,71,71,71,71,71,71,71,71,71,71,71,71,76,76,76,76,78,85,85,87,89,91,91,93,95,95,95,97,97,99,99,103,103,103,103,103,103,103],"card_choices":[{"not_picked":["Redo","Beam Cell"],"picked":"Skim","floor":1.0},{"not_picked":["Coolheaded","Leap"],"picked":"Lockon","floor":3.0},{"not_picked":["Streamline","Rebound"],"picked":"Darkness","floor":4.0},{"not_picked":["Skim","Blizzard"],"picked":"White Noise","floor":5.0},{"not_picked":["Steam","Cold Snap"],"picked":"Rebound","floor":7.0},{"not_picked":["Force Field","Sweeping Beam"],"picked":"Electrodynamics","floor":8},{"not_picked":["Chaos","Scrape"],"picked":"Sunder","floor":10},{"not_picked":["Gash","Chaos"],"picked":"Echo Form","floor":11},{"not_picked":["Rebound","Cold Snap","Beam Cell"],"picked":"SKIP","floor":13},{"not_picked":["Hyperbeam","Electrodynamics"],"picked":"Thunder Strike","floor":16},{"not_picked":["Rip and Tear","Ball Lightning"],"picked":"Conserve Battery","floor":18},{"not_picked":["Undo","Streamline"],"picked":"Skim+1","floor":22},{"not_picked":["Stack+1","Rebound"],"picked":"BootSequence","floor":23},{"not_picked":["Beam Cell","Steam Power","Cold Snap"],"picked":"Singing Bowl","floor":24},{"not_picked":["Static Discharge","Cold Snap","Rip and Tear"],"picked":"Singing Bowl","floor":25},{"not_picked":["All For One","Rebound","Steam"],"picked":"Singing Bowl","floor":27},{"not_picked":["Compile Driver","Rebound","Hello World"],"picked":"Singing Bowl","floor":28},{"not_picked":["Sweeping Beam+1","Beam Cell","Conserve Battery"],"picked":"Singing Bowl","floor":29},{"not_picked":["Reinforced Body","Go for the Eyes"],"picked":"Hologram","floor":30},{"not_picked":["Thunder Strike","Sweeping Beam","Gash"],"picked":"Singing Bowl","floor":31},{"not_picked":["Compile Driver","Recycle","Undo"],"picked":"Singing Bowl","floor":32},{"not_picked":["Machine Learning","Echo Form"],"picked":"Buffer","floor":33},{"not_picked":["Lockon","Beam Cell","Cold Snap"],"picked":"Singing Bowl","floor":35},{"not_picked":["Ball Lightning","BootSequence"],"picked":"Skim","floor":36},{"not_picked":["Steam","Sweeping Beam","Barrage+1"],"picked":"Singing Bowl","floor":37},{"not_picked":["Discovery","Mind Blast"],"picked":"Enlightenment","floor":39},{"not_picked":["Transmutation","Forethought","Deep Breath"],"picked":"Singing Bowl","floor":39},{"not_picked":["Good Instincts","Forethought","Bandage Up"],"picked":"Singing Bowl","floor":39},{"not_picked":["Conserve Battery+1","Leap"],"picked":"Storm+1","floor":40}],"player_experience":872628,"relics_obtained":[{"floor":8,"key":"WingedGreaves"},{"floor":10,"key":"Dream Catcher"},{"floor":11,"key":"Bottled Lightning"},{"floor":14,"key":"Bag of Marbles"},{"floor":21,"key":"Necronomicon"},{"floor":26,"key":"Centennial Puzzle"},{"floor":27,"key":"DataDisk"},{"floor":30,"key":"Bird Faced Urn"},{"floor":43,"key":"Happy Flower"}],"event_choices":[{"cards_removed":["Skim"],"damage_healed":27.0,"max_hp_gain":0.0,"max_hp_loss":0.0,"gold_gain":0.0,"event_name":"Bonfire Elementals","player_choice":"Offered Uncommon","floor":2.0,"gold_loss":0.0,"damage_taken":0.0},{"damage_healed":0,"gold_gain":0,"player_choice":"Upgraded","damage_taken":0,"max_hp_gain":0,"max_hp_loss":0,"event_name":"Upgrade Shrine","floor":12,"gold_loss":0,"cards_upgraded":["White Noise"]},{"damage_healed":0,"gold_gain":0,"player_choice":"Shed Blood","damage_taken":25,"max_hp_gain":5,"max_hp_loss":0,"event_name":"Forgotten Altar","floor":20,"gold_loss":0},{"damage_healed":0,"gold_gain":0,"player_choice":"Obtained Book","damage_taken":21,"max_hp_gain":0,"max_hp_loss":0,"event_name":"Cursed Tome","floor":21,"gold_loss":0},{"cards_removed":["Dualcast"],"damage_healed":0,"gold_gain":0,"player_choice":"Removed Skill","damage_taken":0,"max_hp_gain":0,"max_hp_loss":0,"event_name":"Falling","floor":38,"gold_loss":0},{"damage_healed":0,"gold_gain":0,"player_choice":"Memory 3","damage_taken":10,"max_hp_gain":0,"max_hp_loss":0,"event_name":"SensoryStone","floor":39,"gold_loss":0}],"is_beta":false,"boss_relics":[{"not_picked":["Busted Crown","Astrolabe"],"picked":"Fusion Hammer"},{"not_picked":["Velvet Choker","Philosopher\u0027s Stone"],"picked":"Inserter"}],"items_purged_floors":[19,41],"is_endless":false,"potions_floor_spawned":[3,4,7,16,18,24,25,27,37],"killed_by":"Reptomancer","ascension_level":15}}