{"host":"vlqejv0notyktumz","time":1612129232,"event":{"mods":["AchievementEnabler","BaseMod","Colored Map","Colored Powertips","Downfall","Googly Eyes","Minty Spire (QoL Compilation)","StSLib"],"gold_per_floor":[113,132,307,9,29,62,62,10,10,26,41,41,67,79,79,183,183,200,211,68,68,118,118,118,118],"floor_reached":24,"language":"ENG","playtime":660,"items_purged":["Doubt"],"score":262,"play_id":"9a08d52f-77dc-481c-83be-8bb6bfa3df6e","local_time":"20210131154032","is_ascension_mode":true,"campfire_choices":[{"data":"Reaper","floor":7,"key":"SMITH"},{"data":"Uppercut","floor":15,"key":"SMITH"},{"floor":23,"key":"REST"}],"circlet_count":0,"master_deck":["Defend_R","Defend_R","Defend_R","Defend_R","Bash","Twin Strike","Wild Strike","Double Tap+1","Discovery","Uppercut+1","Reaper+1","Armaments","Hemokinesis","Flame Barrier","Juggernaut","Iron Wave+1","Power Through","Bite","Bite","Bite","Bite","Bite"],"relics":["Black Blood","Bird Faced Urn","Sundial","Pantograph","Red Skull"],"acts_visited":["Exordium","TheCity"],"potions_floor_usage":[24,24],"damage_taken":[{"damage":1,"enemies":"Cultist","floor":1,"turns":3},{"damage":7,"enemies":"Small Slimes","floor":2,"turns":3},{"damage":0,"enemies":"2 Louse","floor":5,"turns":2},{"damage":46,"enemies":"Lagavulin","floor":6,"turns":7},{"damage":14,"enemies":"Red Slaver","floor":10,"turns":3},{"damage":21,"enemies":"Looter","floor":11,"turns":4},{"damage":15,"enemies":"Gremlin Nob","floor":13,"turns":3},{"damage":19,"enemies":"Large Slime","floor":14,"turns":4},{"damage":51,"enemies":"The Guardian","floor":16,"turns":14},{"damage":24,"enemies":"3 Byrds","floor":18,"turns":4},{"damage":56,"enemies":"Spheric Guardian","floor":19,"turns":8},{"damage":63,"enemies":"Book of Stabbing","floor":24,"turns":5}],"seed_played":"1543636886920052644","potions_obtained":[{"floor":6,"key":"SteroidPotion"},{"floor":10,"key":"Weak Potion"},{"floor":13,"key":"FearPotion"}],"is_trial":false,"path_per_floor":["M","M","?","$","M","E","R","$","T","M","M","?","E","M","R","B",null,"M","M","$","?","?","R","E"],"character_chosen":"IRONCLAD","items_purchased":["Double Tap","Discovery","Armaments","Red Skull"],"campfire_rested":1,"item_purchase_floors":[4,4,8,20],"current_hp_per_floor":[80,79,79,79,80,40,40,40,40,42,37,37,33,25,25,12,80,68,25,25,25,25,41,0,0],"gold":118,"neow_bonus":"REMOVE_CARD","is_daily":false,"chose_seed":false,"campfire_upgraded":2,"win_rate":0.0,"timestamp":1612129232,"path_taken":["M","?","?","$","M","E","R","$","T","M","M","?","E","M","R","BOSS","M","M","$","?","?","R","E"],"items_purchased_type":["Card","Card","Card","Relic"],"build_version":"2020-12-22","purchased_purges":1,"victory":false,"max_hp_per_floor":[80,80,80,80,80,80,80,80,80,80,80,80,80,80,80,80,80,80,80,80,56,56,56,56,56],"card_choices":[{"not_picked":["Sword Boomerang","Bloodletting"],"picked":"Twin Strike","floor":1},{"not_picked":["Twin Strike","Bloodletting"],"picked":"Wild Strike","floor":2},{"not_picked":["Second Wind","Headbutt"],"picked":"Uppercut","floor":5},{"not_picked":["Reckless Charge","Wild Strike"],"picked":"Reaper","floor":6},{"not_picked":["Heavy Blade","Perfected Strike"],"picked":"Hemokinesis","floor":10},{"not_picked":["Havoc","Body Slam","Heavy Blade"],"picked":"SKIP","floor":11},{"not_picked":["Flex","Clothesline"],"picked":"Flame Barrier","floor":13},{"not_picked":["Entrench","Warcry","Wild Strike"],"picked":"SKIP","floor":14},{"not_picked":["Exhume","Brutality"],"picked":"Juggernaut","floor":16},{"not_picked":["True Grit","Pommel Strike"],"picked":"Iron Wave+1","floor":18},{"not_picked":["Wild Strike","Flex"],"picked":"Power Through","floor":19}],"player_experience":380504,"relics_obtained":[{"floor":6,"key":"Bird Faced Urn"},{"floor":9,"key":"Sundial"},{"floor":13,"key":"Pantograph"}],"event_choices":[{"damage_healed":0,"gold_gain":175,"player_choice":"AGREE","damage_taken":0,"max_hp_gain":0,"max_hp_loss":0,"event_name":"Liars Game","floor":3,"gold_loss":0,"cards_obtained":["Doubt"]},{"damage_healed":0,"gold_gain":0,"player_choice":"Upgraded","damage_taken":0,"max_hp_gain":0,"max_hp_loss":0,"event_name":"Upgrade Shrine","floor":12,"gold_loss":0,"cards_upgraded":["Double Tap"]},{"damage_healed":0,"gold_gain":0,"player_choice":"Became a vampire","damage_taken":0,"max_hp_gain":0,"max_hp_loss":24,"event_name":"Vampires","floor":21,"gold_loss":0,"cards_obtained":["Bite","Bite","Bite","Bite","Bite"]},{"damage_healed":0,"gold_gain":100,"player_choice":"Bet on Murderer","damage_taken":0,"max_hp_gain":0,"max_hp_loss":0,"event_name":"The Joust","floor":22,"gold_loss":50}],"is_beta":false,"boss_relics":[{"not_picked":["bronze:MakeshiftBattery","Velvet Choker"],"picked":"Black Blood"}],"items_purged_floors":[4],"is_endless":false,"potions_floor_spawned":[6,10,13,16,18,19],"killed_by":"Book of Stabbing","ascension_level":3}}