{"host":"6xsbn6ynqlzwllfm","time":1612055286,"event":{"mods":["2.2 Compatiblity","BaseMod","Bestiary","Colored Map","Colored Powertips","Curses Come First","Highlight Path","Keyboard Shortcuts","Minty Spire (QoL Compilation)","Relic Stats","Slay the Relics Exporter","StSLib","SuperFastMode"],"gold_per_floor":[118,137,137,48,60,60,91,101,149,149,178,196,222,254,266,349,361,385,322,334,334],"floor_reached":20,"language":"ENG","playtime":572,"items_purged":[],"score":488,"play_id":"92a4921d-3092-44aa-8ab3-be77454c4fb2","local_time":"20210130200806","is_ascension_mode":true,"campfire_choices":[{"data":"CrushJoints","floor":6.0,"key":"SMITH"},{"data":"BattleHymn","floor":10.0,"key":"SMITH"},{"floor":15.0,"key":"REST"}],"circlet_count":0,"master_deck":["AscendersBane","Strike_P+1","Strike_P+1","Defend_P","Defend_P+1","Defend_P+1","Defend_P","Eruption+1","Vigilance+1","FollowUp","CrushJoints+1","SignatureMove","LessonLearned+1","FlyingSleeves+1","Blasphemy+1","BattleHymn+1","Scrawl","LessonLearned","DevaForm","Fasting2"],"relics":["PureWater","Blue Candle","PreservedInsect","Tiny Chest","MawBank","Cursed Key"],"acts_visited":["Exordium","TheCity"],"potions_floor_usage":[18,20],"damage_taken":[{"damage":1.0,"enemies":"Small Slimes","floor":1.0,"turns":5.0},{"damage":0.0,"enemies":"Cultist","floor":2.0,"turns":3.0},{"damage":7.0,"enemies":"Jaw Worm","floor":5.0,"turns":4.0},{"damage":32.0,"enemies":"3 Sentries","floor":7.0,"turns":8.0},{"damage":16.0,"enemies":"3 Louse","floor":8.0,"turns":5.0},{"damage":0.0,"enemies":"Gremlin Nob","floor":11.0,"turns":1.0},{"damage":3.0,"enemies":"Looter","floor":12.0,"turns":2.0},{"damage":0.0,"enemies":"Lagavulin","floor":13.0,"turns":2.0},{"damage":18.0,"enemies":"Exordium Thugs","floor":14.0,"turns":3.0},{"damage":17.0,"enemies":"The Guardian","floor":16.0,"turns":6.0},{"damage":22,"enemies":"2 Thieves","floor":18,"turns":3},{"damage":100021,"enemies":"3 Byrds","floor":20,"turns":4}],"seed_played":"5512005789807003416","potions_obtained":[{"floor":1.0,"key":"Regen Potion"},{"floor":2.0,"key":"Fruit Juice"},{"floor":8.0,"key":"Strength Potion"},{"floor":11.0,"key":"PowerPotion"},{"floor":16.0,"key":"Fire Potion"}],"is_trial":false,"path_per_floor":["M","M","?","$","M","R","E","M","T","R","E","M","E","M","R","B",null,"M","?","M"],"character_chosen":"WATCHER","items_purchased":["LessonLearned"],"campfire_rested":1,"item_purchase_floors":[4],"current_hp_per_floor":[66,71,71,71,64,64,32,28,28,28,28,25,25,7,30,13,63,41,41,0,0],"gold":334,"neow_bonus":"TEN_PERCENT_HP_BONUS","is_daily":false,"chose_seed":false,"campfire_upgraded":2,"win_rate":0.0,"timestamp":1612055286,"path_taken":["M","M","?","$","M","R","E","M","T","R","E","M","E","M","R","BOSS","M","?","M"],"items_purchased_type":["Card"],"build_version":"2020-12-22","purchased_purges":0,"victory":false,"max_hp_per_floor":[74,79,79,79,79,79,79,79,79,79,79,79,79,79,79,79,79,79,79,79,79],"relic_stats":{"counters":[12,45],"Blue Candle":[1],"Tiny Chest":0,"PreservedInsect":50,"MawBank":84,"Cursed Key":0,"obtain_stats":[{"Blue Candle":7,"Tiny Chest":11,"PreservedInsect":9,"PureWater":0,"MawBank":13,"Cursed Key":17},{"Blue Candle":4,"Tiny Chest":6,"PreservedInsect":5,"PureWater":0,"MawBank":8,"Cursed Key":10},{"Blue Candle":20,"Tiny Chest":26,"PreservedInsect":25,"PureWater":0,"MawBank":30,"Cursed Key":39}]},"card_choices":[{"not_picked":["WreathOfFlame","Indignation"],"picked":"FollowUp","floor":1.0},{"not_picked":["ClearTheMind","Evaluate"],"picked":"CrushJoints","floor":2.0},{"not_picked":["WindmillStrike","PathToVictory"],"picked":"FlyingSleeves","floor":5.0},{"not_picked":["EmptyMind","Weave"],"picked":"Blasphemy","floor":7.0},{"not_picked":["FearNoEvil","Prostrate"],"picked":"BattleHymn","floor":8.0},{"not_picked":["WreathOfFlame","Prostrate"],"picked":"Scrawl","floor":13.0},{"not_picked":["ClearTheMind","Consecrate"],"picked":"LessonLearned","floor":14.0},{"not_picked":["Blasphemy","Establishment"],"picked":"DevaForm","floor":16.0},{"not_picked":["CrushJoints+1","FollowUp"],"picked":"Fasting2","floor":18}],"player_experience":1312166,"relics_obtained":[{"floor":7.0,"key":"Blue Candle"},{"floor":9.0,"key":"PreservedInsect"},{"floor":11.0,"key":"Tiny Chest"},{"floor":13.0,"key":"MawBank"}],"event_choices":[{"damage_healed":0.0,"max_hp_gain":0.0,"max_hp_loss":0.0,"gold_gain":0.0,"cards_transformed":["Strike_P"],"event_name":"Transmorgrifier","player_choice":"Transformed","floor":3.0,"gold_loss":0.0,"damage_taken":0.0,"cards_obtained":["SignatureMove"]},{"cards_removed":["Strike_P"],"damage_healed":0,"gold_gain":0,"player_choice":"Gave Gold","damage_taken":0,"max_hp_gain":0,"max_hp_loss":0,"event_name":"Beggar","floor":19,"gold_loss":75}],"is_beta":false,"boss_relics":[{"not_picked":["Philosopher\u0027s Stone","Fusion Hammer"],"picked":"Cursed Key"}],"items_purged_floors":[],"is_endless":false,"potions_floor_spawned":[1,2,8,11,16],"killed_by":"3 Byrds","ascension_level":20}}