{"host":"uimu98mr9zvwuo5s","time":1612113446,"event":{"mods":["2.2 Compatiblity","Aspiration","BaseMod","Better Note","Better Third Choice","BetterRewards","Conspire","Downfall","GifTheSpireLib","Highlight Path","Hubris","Infinite Spire","Jedi Mod","Minty Spire (QoL Compilation)","Rare Cards Sparkle","Replay The Spire","Shop Mod","Spicy Shops","StSLib","Stuff the Spire","Uncapped"],"gold_per_floor":[99,99,113,125,140,125,125,144,155,175,190,201,231,256,274,371,371,271,281,300,300,320,335,335,235,249,262,275,275,275,302,317,317,317,317],"floor_reached":33,"language":"ENG","playtime":2511,"items_purged":["Guardian:Strike_Guardian"],"score":354,"play_id":"3b1603f2-4d11-4cdb-9da3-adc710bd6f97","local_time":"20210131121726","is_ascension_mode":false,"campfire_choices":[{"data":"Guardian:RefractedBeam","floor":25.0,"key":"SMITH"}],"circlet_count":0,"master_deck":["Guardian:Strike_Guardian","Guardian:Defend_Guardian","Guardian:Defend_Guardian","Guardian:Defend_Guardian","Guardian:Defend_Guardian","Guardian:CurlUp","Guardian:TwinSlam","Guardian:RollAttack","Slimebound:SplitSpecialist+1","Guardian:SpikerProtocol","Guardian:RefractedBeam+1","Guardian:VentSteam","StuffTheSpire:CopiaOfFamine","Guardian:Repulse+1","Guardian:BronzeOrb","Replay:Bootleg Shield Generator","Guardian:Gem_Red","Guardian:PiercingHide"],"relics":["Guardian:ModeShifter","infinitespire:Eraser","HornCleat","jedi:cryingmask","Guardian:StasisSlotReductionRelic","downfall:HeartBlessingGreen","downfall:HeartBlessingBlue","ReplayTheSpireMod:ShopPack","MutagenicStrength","StuffTheSpire:PointBlank"],"acts_visited":["Exordium","TheCity"],"potions_floor_usage":[31,31,31],"damage_taken":[{"damage":1.0,"enemies":"Jaw Worm","floor":3.0,"turns":5.0},{"damage":0.0,"enemies":"Cultist","floor":4.0,"turns":4.0},{"damage":0.0,"enemies":"Small Slimes","floor":5.0,"turns":3.0},{"damage":0.0,"enemies":"downfall:FleeingMerchant","floor":6.0,"turns":4.0},{"damage":1.0,"enemies":"3 Louse","floor":8.0,"turns":4.0},{"damage":2.0,"enemies":"Blue Slaver","floor":9.0,"turns":4.0},{"damage":10.0,"enemies":"Exordium Thugs","floor":10.0,"turns":5.0},{"damage":0.0,"enemies":"Exordium Wildlife","floor":11.0,"turns":3.0},{"damage":6.0,"enemies":"3 Louse","floor":12.0,"turns":3.0},{"damage":21.0,"enemies":"Replay:BlueRogue","floor":13.0,"turns":5.0},{"damage":5.0,"enemies":"Gremlin Gang","floor":15.0,"turns":5.0},{"damage":37.0,"enemies":"DF_ARCHETYPE_STREAMLINE","floor":16.0,"turns":12.0},{"damage":7.0,"enemies":"3 Byrds","floor":19.0,"turns":6.0},{"damage":17.0,"enemies":"Snake Plant","floor":20.0,"turns":5.0},{"damage":14.0,"enemies":"Centurion and Healer","floor":22.0,"turns":7.0},{"damage":4.0,"enemies":"Cultist and Chosen","floor":23.0,"turns":6.0},{"damage":9.0,"enemies":"Shelled Parasite and Fungi","floor":26.0,"turns":5.0},{"damage":0.0,"enemies":"Snecko","floor":27.0,"turns":4.0},{"damage":10.0,"enemies":"Centurion and Healer","floor":28.0,"turns":6.0},{"damage":0,"enemies":"Nightmare","floor":31,"turns":7},{"damage":0,"enemies":"Shelled Parasite and Fungi","floor":32,"turns":6},{"damage":6,"enemies":"IC_MUSHROOM_ARCHETYPE","floor":33,"turns":8}],"seed_played":"8937027697734250174","potions_obtained":[{"floor":3.0,"key":"LifebloodPotion"},{"floor":4.0,"key":"Elixir"},{"floor":8.0,"key":"Block Potion"},{"floor":19.0,"key":"ColorlessPotion"},{"floor":26.0,"key":"AttackPotion"},{"floor":27.0,"key":"Dexterity Potion"},{"floor":32,"key":"Milkshake"}],"is_trial":false,"path_per_floor":["R","?","M","M","M","$","T","M","M","M","M","M","E","T","M","B",null,"R","M","M","?","M","M","T","R","M","M","M","AVR","?","NM","M","B"],"character_chosen":"GUARDIAN","items_purchased":[],"campfire_rested":0,"item_purchase_floors":[],"current_hp_per_floor":[88,88,87,87,87,87,87,86,84,74,74,68,47,47,42,5,88,88,81,64,44,30,26,26,36,27,27,17,17,17,17,17,11,11,11],"gold":317,"neow_bonus":"TEN_PERCENT_HP_BONUS","is_daily":false,"chose_seed":false,"campfire_upgraded":1,"win_rate":0.0,"timestamp":1612113446,"path_taken":["R","?","M","?","M","?","T","M","?","M","M","M","E","?","M","BOSS","R","M","M","?","M","M","T","R","M","M","M","AVR","?","NM","M","BOSS"],"items_purchased_type":[],"build_version":"2020-12-22","purchased_purges":1,"victory":false,"max_hp_per_floor":[88,88,88,88,88,88,88,88,88,88,88,88,88,88,88,88,88,88,88,88,88,88,88,88,98,98,98,98,98,98,98,98,98,98,98],"card_choices":[{"not_picked":["Guardian:Gem_Green","Guardian:ChargeCore","Guardian:ShieldSpikes"],"picked":"SKIP","floor":3.0},{"not_picked":["Guardian:Gem_Yellow","Guardian:ShieldSpikes","Guardian:MultiBeam"],"picked":"SKIP","floor":4.0},{"not_picked":["Guardian:SentryBeam","Guardian:Gem_Purple","Guardian:Gem_Cyan"],"picked":"SKIP","floor":5.0},{"not_picked":["Guardian:TimeCapacitor","Guardian:BronzeArmor"],"picked":"Guardian:SpikerProtocol","floor":6.0},{"not_picked":["Guardian:EvasiveProtocol","Guardian:DecasProtection"],"picked":"Guardian:Gem_White","floor":8.0},{"not_picked":["Guardian:Gem_Red","Guardian:RollAttack","Guardian:VentSteam"],"picked":"SKIP","floor":9.0},{"not_picked":["Guardian:Gem_Green","Guardian:WalkerClaw"],"picked":"Guardian:Gem_Red","floor":10.0},{"not_picked":["Guardian:PrimingBeam","Guardian:Incinerate"],"picked":"Guardian:RefractedBeam","floor":11.0},{"not_picked":["Guardian:RollAttack","Guardian:VentSteam","Guardian:Suspension"],"picked":"SKIP","floor":12.0},{"not_picked":["Guardian:StasisField","Guardian:PrimingBeam","Guardian:CrystalBeam"],"picked":"SKIP","floor":13.0},{"not_picked":["Guardian:Gem_Lightblue","Guardian:RollAttack","Guardian:Harden"],"picked":"SKIP","floor":15.0},{"not_picked":["Guardian:TemporalStrike","Guardian:Incinerate+1","Guardian:Reroute"],"picked":"SKIP","floor":19.0},{"not_picked":["Guardian:VentSteam","Guardian:Planning","Guardian:Gem_Crimson"],"picked":"SKIP","floor":20.0},{"not_picked":["Guardian:Gem_Purple","Guardian:TemporalStrike+1","Guardian:RollAttack"],"picked":"SKIP","floor":22.0},{"not_picked":["Guardian:PiercingHide","Guardian:CrystalBeam"],"picked":"Guardian:Repulse+1","floor":23.0},{"not_picked":["Guardian:Reroute","Guardian:PrismaticBeam","Guardian:BronzeArmor"],"picked":"SKIP","floor":26.0},{"not_picked":["Guardian:ChargeCore","Guardian:VentSteam"],"picked":"Guardian:BronzeOrb","floor":27.0},{"not_picked":["Guardian:ArmoredProtocol","Guardian:ChargeCore","Guardian:PrismaticBarrier"],"picked":"SKIP","floor":28.0},{"not_picked":["Panacea","Blind"],"picked":"Replay:Bootleg Shield Generator","floor":29.0},{"not_picked":["Guardian:Incinerate","Guardian:ShieldCharger"],"picked":"Guardian:Gem_Red","floor":31},{"not_picked":["Guardian:RollAttack","Guardian:PolyBeam"],"picked":"Guardian:PiercingHide","floor":32}],"player_experience":279041,"relics_obtained":[{"floor":7.0,"key":"infinitespire:Eraser"},{"floor":13.0,"key":"HornCleat"},{"floor":14.0,"key":"jedi:cryingmask"},{"floor":31,"key":"StuffTheSpire:PointBlank"}],"event_choices":[{"damage_healed":0.0,"max_hp_gain":0.0,"max_hp_loss":0.0,"gold_gain":0.0,"event_name":"betterNote:BetterNote","player_choice":"Take","floor":2.0,"gold_loss":0.0,"damage_taken":0.0,"cards_obtained":["Slimebound:SplitSpecialist"]},{"damage_healed":0.0,"max_hp_gain":0.0,"max_hp_loss":0.0,"gold_gain":0.0,"event_name":"Drug Dealer","player_choice":"Inject Mutagens","floor":30.0,"gold_loss":0.0,"damage_taken":0.0,"relics_obtained":["MutagenicStrength"]}],"is_beta":false,"boss_relics":[{"not_picked":["Runic Dome","Velvet Choker"],"picked":"Guardian:StasisSlotReductionRelic"}],"items_purged_floors":[29],"is_endless":true,"potions_floor_spawned":[3,4,8,9,12,19,26,27,32],"killed_by":"IC_MUSHROOM_ARCHETYPE","ascension_level":0}}