{"host":"9cg5yfdc0e9lbp3z","time":1612082737,"event":{"mods":["AchievementEnabler","BaseMod","Colored Map","Colored Powertips","DeckTracker","Minty Spire (QoL Compilation)"],"gold_per_floor":[114,130,144,163,181,207,207,224,224,259,259,16,75,151,151,254,254,271,370,0,11,11,11,28,28,28,28,42,42,42,42,42,42,42],"floor_reached":33,"language":"ENG","playtime":4769,"items_purged":[],"score":255,"play_id":"7b6bcd72-b489-43c8-87b9-6a61ff712148","local_time":"20210131034537","is_ascension_mode":false,"campfire_choices":[{"floor":7,"key":"REST"},{"floor":11,"key":"REST"},{"floor":15,"key":"REST"},{"data":"Evaluate","floor":23,"key":"SMITH"},{"floor":27,"key":"REST"},{"floor":29,"key":"REST"},{"data":"Judgement","floor":32,"key":"SMITH"}],"circlet_count":0,"master_deck":["Strike_P","Strike_P","Strike_P","Defend_P","Defend_P","Defend_P","Defend_P","Eruption","Vigilance","BattleHymn","Protect","FollowUp","EmptyBody","TalkToTheHand","EmptyFist","EmptyFist","FlurryOfBlows","ReachHeaven","Evaluate+1","Judgement+1","Halt+1","TalkToTheHand","EmptyBody+1","WindmillStrike","Vengeance","BattleHymn","Ragnarok"],"relics":["PureWater","NeowsBlessing","Blood Vial","Ornamental Fan","Boot","Lantern","Ancient Tea Set","HornCleat"],"acts_visited":["Exordium","TheCity"],"potions_floor_usage":[10,16,28],"damage_taken":[{"damage":0,"enemies":"Cultist","floor":1,"turns":1},{"damage":0,"enemies":"Small Slimes","floor":2,"turns":1},{"damage":0,"enemies":"Jaw Worm","floor":3,"turns":1},{"damage":10,"enemies":"3 Louse","floor":4,"turns":5},{"damage":8,"enemies":"Large Slime","floor":5,"turns":3},{"damage":31,"enemies":"Gremlin Nob","floor":6,"turns":3},{"damage":28,"enemies":"Exordium Thugs","floor":8,"turns":4},{"damage":10,"enemies":"Lagavulin","floor":10,"turns":6},{"damage":12,"enemies":"Lagavulin Event","floor":13,"turns":5},{"damage":8,"enemies":"Hexaghost","floor":16,"turns":12},{"damage":0,"enemies":"Shell Parasite","floor":18,"turns":3},{"damage":13,"enemies":"Spheric Guardian","floor":21,"turns":4},{"damage":27,"enemies":"3 Cultists","floor":24,"turns":7},{"damage":0,"enemies":"Chosen and Byrds","floor":28,"turns":4},{"damage":134,"enemies":"Automaton","floor":33,"turns":10}],"seed_played":"-747614777919926368","potions_obtained":[{"floor":1,"key":"FairyPotion"},{"floor":2,"key":"SpeedPotion"},{"floor":8,"key":"DuplicationPotion"},{"floor":13,"key":"Swift Potion"},{"floor":18,"key":"Ancient Potion"},{"floor":22,"key":"FairyPotion"},{"floor":22,"key":"BlessingOfTheForge"}],"is_trial":false,"path_per_floor":["M","M","M","M","M","E","R","M","T","E","R","$","?","?","R","B",null,"M","?","?","M","?","R","M","?","T","R","M","R","$","?","R","B"],"character_chosen":"WATCHER","items_purchased":["Lantern","FlurryOfBlows","ReachHeaven"],"campfire_rested":5,"item_purchase_floors":[12,12,12],"current_hp_per_floor":[72,72,72,62,54,23,44,18,18,10,31,31,21,21,42,36,72,72,72,72,59,59,59,34,34,34,55,57,72,72,72,72,0,0],"gold":42,"neow_bonus":"THREE_ENEMY_KILL","is_daily":false,"chose_seed":false,"campfire_upgraded":2,"win_rate":0.0,"timestamp":1612082737,"path_taken":["M","M","M","M","M","E","R","?","T","E","R","$","?","?","R","BOSS","M","?","?","M","?","R","?","?","T","R","M","R","?","?","R","BOSS"],"items_purchased_type":["Relic","Card","Card"],"build_version":"2020-12-22","purchased_purges":0,"victory":false,"max_hp_per_floor":[72,72,72,72,72,72,72,72,72,72,72,72,72,72,72,72,72,72,72,72,72,72,72,72,72,72,72,72,72,72,72,72,72,72],"card_choices":[{"not_picked":["SashWhip","Collect"],"picked":"BattleHymn","floor":1},{"not_picked":["ThirdEye","BowlingBash"],"picked":"Protect","floor":2},{"not_picked":["ThirdEye","Consecrate"],"picked":"FollowUp","floor":3},{"not_picked":["PathToVictory","Nirvana"],"picked":"Meditate","floor":4},{"not_picked":["ClearTheMind","BowlingBash"],"picked":"EmptyBody","floor":5},{"not_picked":["Worship","CrushJoints"],"picked":"TalkToTheHand","floor":6},{"not_picked":["BowlingBash","PathToVictory"],"picked":"EmptyFist","floor":8},{"not_picked":["Adaptation","FlyingSleeves"],"picked":"EmptyFist","floor":10},{"not_picked":["ThirdEye","CarveReality"],"picked":"Evaluate","floor":13},{"not_picked":["Omniscience","Scrawl"],"picked":"Judgement","floor":16},{"not_picked":["CrushJoints+1","EmptyFist"],"picked":"Halt+1","floor":18},{"not_picked":["ClearTheMind","SashWhip+1"],"picked":"TalkToTheHand","floor":21},{"not_picked":["FlyingSleeves","EmptyFist+1"],"picked":"EmptyBody+1","floor":24},{"not_picked":["Brilliance","FollowUp"],"picked":"Vengeance","floor":28}],"player_experience":38318,"relics_obtained":[{"floor":6,"key":"Blood Vial"},{"floor":9,"key":"Ornamental Fan"},{"floor":10,"key":"Boot"},{"floor":13,"key":"Ancient Tea Set"},{"floor":26,"key":"HornCleat"}],"event_choices":[{"damage_healed":0,"gold_gain":0,"player_choice":"Searched \u00271\u0027 times","damage_taken":0,"max_hp_gain":0,"max_hp_loss":0,"event_name":"Dead Adventurer","floor":13,"gold_loss":0},{"damage_healed":0,"gold_gain":76,"player_choice":"Gained Gold","damage_taken":0,"max_hp_gain":0,"max_hp_loss":0,"event_name":"Golden Wing","floor":14,"gold_loss":0},{"damage_healed":0,"gold_gain":99,"player_choice":"Stole From Cult","damage_taken":0,"max_hp_gain":0,"max_hp_loss":0,"event_name":"Nest","floor":19,"gold_loss":0},{"damage_healed":0,"gold_gain":0,"player_choice":"Paid Fearfully","damage_taken":0,"max_hp_gain":0,"max_hp_loss":0,"event_name":"Masked Bandits","floor":20,"gold_loss":370},{"damage_healed":0,"gold_gain":0,"player_choice":"Got Potions","damage_taken":0,"max_hp_gain":0,"max_hp_loss":0,"event_name":"Lab","floor":22,"gold_loss":0},{"damage_healed":0,"gold_gain":0,"player_choice":"Read","damage_taken":0,"max_hp_gain":0,"max_hp_loss":0,"event_name":"The Library","floor":25,"gold_loss":0,"cards_obtained":["WindmillStrike"]},{"damage_healed":0,"gold_gain":0,"cards_transformed":["Meditate","Strike_P"],"player_choice":"Became Test Subject","damage_taken":0,"max_hp_gain":0,"max_hp_loss":0,"event_name":"Drug Dealer","floor":31,"gold_loss":0,"cards_obtained":["BattleHymn","Ragnarok"]}],"is_beta":false,"boss_relics":[{"not_picked":["Runic Dome","Empty Cage","Cursed Key"]}],"items_purged_floors":[],"is_endless":false,"potions_floor_spawned":[1,2,8,13,18,21],"killed_by":"Automaton","ascension_level":0}}