{"host":"edndssuekvzbh3is","time":1612073268,"event":{"mods":["BaseMod","Colored Map","Colored Powertips","Minty Spire (QoL Compilation)","SuperFastMode"],"gold_per_floor":[112,132,145,0,18,18,28,28,28],"floor_reached":8,"language":"ENG","playtime":213,"items_purged":[],"score":55,"play_id":"a6f29220-13ce-4b51-8036-ada2266ce489","local_time":"20210131010748","is_ascension_mode":true,"campfire_choices":[{"data":"Wallop","floor":6,"key":"SMITH"}],"circlet_count":0,"master_deck":["Strike_P","Strike_P","Strike_P","Strike_P","Defend_P","Defend_P","Defend_P","Defend_P","Eruption","Vigilance","Wallop+1","FlurryOfBlows","JustLucky","Crescendo","LikeWater","CutThroughFate"],"relics":["PureWater","Oddly Smooth Stone"],"acts_visited":["Exordium"],"potions_floor_usage":[8,8,8,8],"damage_taken":[{"damage":4,"enemies":"Small Slimes","floor":1,"turns":4},{"damage":7,"enemies":"Jaw Worm","floor":2,"turns":2},{"damage":7,"enemies":"Cultist","floor":3,"turns":5},{"damage":14,"enemies":"Blue Slaver","floor":5,"turns":4},{"damage":33,"enemies":"Exordium Wildlife","floor":7,"turns":4},{"damage":7,"enemies":"Gremlin Nob","floor":8,"turns":3}],"seed_played":"1292928940669587693","potions_obtained":[{"floor":2,"key":"GamblersBrew"},{"floor":7,"key":"EntropicBrew"}],"is_trial":false,"path_per_floor":["M","M","M","$","M","R","M","E"],"character_chosen":"WATCHER","items_purchased":["Oddly Smooth Stone"],"campfire_rested":0,"item_purchase_floors":[4],"current_hp_per_floor":[68,61,54,54,40,40,7,0,0],"gold":28,"neow_bonus":"THREE_CARDS","is_daily":false,"chose_seed":false,"campfire_upgraded":1,"win_rate":0.0,"timestamp":1612073268,"path_taken":["M","M","M","$","M","R","M","E"],"items_purchased_type":["Relic"],"build_version":"2020-12-22","purchased_purges":0,"victory":false,"max_hp_per_floor":[72,72,72,72,72,72,72,72,72],"card_choices":[{"not_picked":["ForeignInfluence","Halt"],"picked":"Wallop","floor":0},{"not_picked":["PathToVictory","FollowUp"],"picked":"FlurryOfBlows","floor":1},{"not_picked":["Weave","FlyingSleeves"],"picked":"JustLucky","floor":2},{"not_picked":["PathToVictory","FlurryOfBlows"],"picked":"Crescendo","floor":3},{"not_picked":["Protect","ForeignInfluence"],"picked":"LikeWater","floor":5},{"not_picked":["Meditate","FlyingSleeves"],"picked":"CutThroughFate","floor":7}],"player_experience":340848,"relics_obtained":[],"event_choices":[],"is_beta":false,"boss_relics":[],"items_purged_floors":[],"is_endless":false,"potions_floor_spawned":[2,7],"killed_by":"Gremlin Nob","ascension_level":2}}