{"host":"2se5dq1do2gp0x9k","time":1612125455,"event":{"mods":["AchievementEnabler","BaseMod","Block Reminder","Colored Map","Colored Powertips","Minty Spire (QoL Compilation)","Relic Stats","StSLib","SuperFastMode"],"gold_per_floor":[112,73,73,73,91,119,131,91,91,91,29,29,46,65,65,139,139,139,139],"floor_reached":18,"language":"ENG","playtime":541,"items_purged":[],"score":320,"play_id":"4233f9cc-61b5-41d2-a147-ee65accab564","local_time":"20210131123735","is_ascension_mode":true,"campfire_choices":[{"data":"Riddle With Holes","floor":10,"key":"SMITH"},{"data":"Well Laid Plans","floor":12,"key":"SMITH"},{"data":"Blade Dance","floor":15,"key":"SMITH"}],"circlet_count":0,"master_deck":["AscendersBane","Strike_G","Strike_G","Strike_G","Strike_G","Strike_G","Defend_G","Defend_G","Defend_G","Defend_G","Defend_G","Survivor","Neutralize","CurseOfTheBell","Flying Knee","Footwork","Footwork","Dodge and Roll","Backflip","Riddle With Holes+1","Well Laid Plans+1","Blade Dance+1","Acrobatics","Malaise"],"relics":["Calling Bell","Bag of Marbles","Darkstone Periapt","Du-Vu Doll","Dream Catcher","Meat on the Bone","The Courier","Runic Pyramid"],"acts_visited":["Exordium","TheCity"],"potions_floor_usage":[6,6,16],"damage_taken":[{"damage":0,"enemies":"Small Slimes","floor":1,"turns":4},{"damage":0,"enemies":"2 Louse","floor":5,"turns":3},{"damage":15,"enemies":"Gremlin Nob","floor":6,"turns":4},{"damage":2,"enemies":"Jaw Worm","floor":7,"turns":4},{"damage":1,"enemies":"Looter","floor":8,"turns":4},{"damage":0,"enemies":"Exordium Thugs","floor":13,"turns":3},{"damage":0,"enemies":"2 Fungi Beasts","floor":14,"turns":2},{"damage":48,"enemies":"Slime Boss","floor":16,"turns":10},{"damage":12,"enemies":"Shell Parasite","floor":18,"turns":4}],"seed_played":"6379519489565694567","potions_obtained":[{"floor":1,"key":"SkillPotion"},{"floor":5,"key":"SkillPotion"},{"floor":7,"key":"Regen Potion"}],"is_trial":false,"path_per_floor":["M","$","?","?","M","E","M","M","T","R","$","R","M","M","R","B",null,"M"],"character_chosen":"THE_SILENT","items_purchased":["Footwork","Well Laid Plans"],"campfire_rested":0,"item_purchase_floors":[2,11],"current_hp_per_floor":[59,59,54,59,59,44,42,41,41,41,41,41,41,41,41,20,58,46,46],"gold":139,"neow_bonus":"BOSS_RELIC","is_daily":false,"chose_seed":false,"campfire_upgraded":3,"win_rate":0.0,"timestamp":1612125455,"path_taken":["M","$","?","?","M","E","M","M","T","R","?","R","M","M","R","BOSS","M"],"items_purchased_type":["Card","Card"],"build_version":"2020-12-22","purchased_purges":0,"victory":false,"max_hp_per_floor":[66,66,66,71,71,71,71,71,71,71,71,71,71,71,71,71,71,71,71],"relic_stats":{"Darkstone Periapt":0,"Dream Catcher":0,"counters":[9,38],"obtain_stats":[{"Calling Bell":0,"Darkstone Periapt":0,"Du-Vu Doll":0,"Dream Catcher":3,"The Courier":9,"Bag of Marbles":0,"Ring of the Snake":0,"Meat on the Bone":6,"Runic Pyramid":17},{"Calling Bell":0,"Darkstone Periapt":0,"Du-Vu Doll":0,"Dream Catcher":1,"The Courier":5,"Bag of Marbles":0,"Ring of the Snake":0,"Meat on the Bone":3,"Runic Pyramid":8},{"Calling Bell":0,"Darkstone Periapt":0,"Du-Vu Doll":0,"Dream Catcher":4,"The Courier":19,"Bag of Marbles":0,"Ring of the Snake":0,"Meat on the Bone":11,"Runic Pyramid":34}],"Meat on the Bone":12},"card_choices":[{"not_picked":["Slice","Caltrops"],"picked":"Flying Knee","floor":1},{"not_picked":["Setup","Backflip"],"picked":"Footwork","floor":5},{"not_picked":["Bullet Time","Outmaneuver"],"picked":"Dodge and Roll","floor":6},{"not_picked":["Underhanded Strike","Outmaneuver"],"picked":"Backflip","floor":7},{"not_picked":["Deadly Poison","Terror"],"picked":"Riddle With Holes","floor":8},{"not_picked":["Deflect","Eviscerate"],"picked":"Blade Dance","floor":13},{"not_picked":["Slice","Noxious Fumes"],"picked":"Acrobatics","floor":14},{"not_picked":["Unload","Die Die Die"],"picked":"Malaise","floor":16}],"player_experience":4027258,"relics_obtained":[{"floor":0,"key":"Bag of Marbles"},{"floor":0,"key":"Darkstone Periapt"},{"floor":0,"key":"Du-Vu Doll"},{"floor":6,"key":"Meat on the Bone"},{"floor":9,"key":"The Courier"}],"event_choices":[{"damage_healed":0,"gold_gain":0,"player_choice":"Success","damage_taken":5,"relics_obtained":["Dream Catcher"],"max_hp_gain":0,"max_hp_loss":0,"event_name":"Scrap Ooze","floor":3,"gold_loss":0},{"damage_healed":0,"gold_gain":0,"player_choice":"Donut","damage_taken":0,"max_hp_gain":5,"max_hp_loss":0,"event_name":"Big Fish","floor":4,"gold_loss":0}],"is_beta":false,"boss_relics":[{"not_picked":["Velvet Choker","Snecko Eye"],"picked":"Runic Pyramid"}],"items_purged_floors":[],"is_endless":false,"potions_floor_spawned":[1,5,7],"killed_by":"Shell Parasite","ascension_level":20}}