{"host":"nw4g04f085wnqcgt","time":1612064273,"event":{"mods":["AchievementEnabler","BaseMod","Colored Map","Colored Powertips","DeckTracker","Minty Spire (QoL Compilation)","Relic Sorter","SuperFastMode"],"gold_per_floor":[114,114,39,39,39,69,69,99,174,204,204,234,249,82,82,82,82],"floor_reached":16,"language":"ENG","playtime":1042,"items_purged":["Transmutation"],"score":124,"play_id":"a1f6d514-8b0f-45a2-bf75-a96b447b1a9c","local_time":"20210130223753","daily_mods":["Allstar","Diverse","Elite Swarm"],"is_ascension_mode":false,"campfire_choices":[{"data":"Conserve Battery","floor":7,"key":"SMITH"},{"floor":11,"key":"REST"},{"data":"Barricade","floor":15,"key":"SMITH"}],"circlet_count":0,"master_deck":["Strike_R","Strike_R","Strike_R","Strike_R","Strike_R","Defend_R","Defend_R","Defend_R","Defend_R","Bash","Discovery+1","Blind","Impatience+1","Panacea","Conserve Battery+1","Bash","ConjureBlade","Reboot","Barricade+1","Entrench+1","True Grit+1","Self Repair"],"relics":["Burning Blood","Incense Burner","Self Forming Clay","Bronze Scales","Paper Frog","Blood Vial","Toxic Egg 2"],"acts_visited":["Exordium"],"potions_floor_usage":[16],"damage_taken":[{"damage":0,"enemies":"Small Slimes","floor":1,"turns":2},{"damage":12,"enemies":"Lagavulin","floor":6,"turns":8},{"damage":14,"enemies":"3 Sentries","floor":8,"turns":10},{"damage":27,"enemies":"Gremlin Nob","floor":10,"turns":5},{"damage":3,"enemies":"Lagavulin","floor":12,"turns":6},{"damage":0,"enemies":"Jaw Worm","floor":13,"turns":2},{"damage":55,"enemies":"Slime Boss","floor":16,"turns":7}],"seed_played":"7510361231737359051","potions_obtained":[{"floor":12,"key":"Ancient Potion"},{"floor":13,"key":"Weak Potion"}],"is_trial":false,"path_per_floor":["M","?","$","?","?","E","R","E","T","E","R","E","M","$","R","B"],"character_chosen":"IRONCLAD","items_purchased":["Entrench+1","True Grit+1","Self Repair"],"campfire_rested":1,"item_purchase_floors":[14,14,14],"current_hp_per_floor":[80,62,62,46,46,40,40,32,32,11,35,40,48,48,48,0,0],"gold":82,"neow_bonus":"","is_daily":true,"chose_seed":false,"campfire_upgraded":2,"win_rate":0.0,"timestamp":1612064273,"path_taken":["M","?","$","?","?","E","R","E","T","E","R","E","M","$","R","BOSS"],"items_purchased_type":["Card","Card","Card"],"build_version":"2020-12-22","purchased_purges":1,"victory":false,"max_hp_per_floor":[80,80,80,80,80,80,80,80,80,80,80,80,80,80,80,80,80],"card_choices":[{"not_picked":["Prostrate","Prepared"],"picked":"Conserve Battery","floor":1},{"not_picked":["Glass Knife","Envenom","Fiend Fire"],"picked":"SKIP","floor":6},{"not_picked":["Grand Finale","Establishment"],"picked":"ConjureBlade","floor":8},{"not_picked":["Storm of Steel","Limit Break"],"picked":"Reboot","floor":10},{"not_picked":["Burst+1","Bludgeon"],"picked":"Barricade","floor":12},{"not_picked":["Melter","Accuracy","Flying Knee"],"picked":"SKIP","floor":13}],"player_experience":374277,"relics_obtained":[{"floor":6,"key":"Self Forming Clay"},{"floor":8,"key":"Bronze Scales"},{"floor":9,"key":"Paper Frog"},{"floor":10,"key":"Blood Vial"},{"floor":12,"key":"Toxic Egg 2"}],"event_choices":[{"damage_healed":0,"gold_gain":0,"player_choice":"Success","damage_taken":18,"relics_obtained":["Incense Burner"],"max_hp_gain":0,"max_hp_loss":0,"event_name":"Scrap Ooze","floor":2,"gold_loss":0},{"damage_healed":0,"gold_gain":0,"player_choice":"Entered Light","damage_taken":16,"max_hp_gain":0,"max_hp_loss":0,"event_name":"Shining Light","floor":4,"gold_loss":0,"cards_upgraded":["Discovery","Impatience"]},{"damage_healed":0,"gold_gain":0,"player_choice":"1 cards matched","damage_taken":0,"max_hp_gain":0,"max_hp_loss":0,"event_name":"Match and Keep!","floor":5,"gold_loss":0,"cards_obtained":["Bash"]}],"is_beta":false,"boss_relics":[],"items_purged_floors":[3],"is_endless":false,"potions_floor_spawned":[12,13],"killed_by":"Slime Boss","ascension_level":0}}