{"host":"87mnajev72vv2sjg","time":1612086631,"event":{"mods":["BaseMod","BetterRewards","Colored Map","Curses Come First","Infinite Spire","Minty Spire (QoL Compilation)","Shop Mod","StSLib","SuperFastMode","The Gatherer"],"gold_per_floor":[116,135,151,151,164,164,176,206,282,282,309,326,326,346,346,446,446,459,472,9,24,37,37,37,37],"floor_reached":23,"language":"ENG","playtime":1235,"items_purged":[],"score":349,"play_id":"b830ac91-0a2a-4384-963b-e0848bec95d3","local_time":"20210131045031","is_ascension_mode":true,"metric_token":657,"campfire_choices":[{"data":"Gatherer:FlamingBottle","floor":6,"key":"SMITH"},{"floor":13,"key":"REST"},{"floor":15,"key":"REST"}],"circlet_count":0,"master_deck":["Gatherer:Strike_Gatherer","Gatherer:Strike_Gatherer","Gatherer:Strike_Gatherer","Gatherer:Strike_Gatherer","Gatherer:Strike_Gatherer","Gatherer:Defend_Gatherer","Gatherer:Defend_Gatherer","Gatherer:Defend_Gatherer","Gatherer:Defend_Gatherer","Gatherer:Defend_Gatherer","Gatherer:Centralize","Gatherer:FlowerWhip","Gatherer:QuickSynthesis","Gatherer:Convert","Gatherer:FlamingBottle+1","Gatherer:EnergyBasket","Gatherer:BambuSword","Regret","Gatherer:Liquidism+1","Gatherer:Snatch","Gatherer:QuickSynthesis","Gatherer:BomberForm+1","Gatherer:AlchemyTrial+1","Gatherer:RecipeChange","Gatherer:BalancedGrowth+1","Gatherer:QuickSynthesis"],"relics":["Gatherer:AlchemyBag","Kunai","infinitespire:FocusingShard","Frozen Egg 2","Lizard Tail","infinitespire:Beetle Shell","infinitespire:Cupcake","infinitespire:Magic Flask"],"acts_visited":["Exordium","TheCity"],"potions_floor_usage":[11,11,16,22,22,23],"damage_taken":[{"damage":5,"enemies":"Small Slimes","floor":1,"turns":4},{"damage":0,"enemies":"2 Louse","floor":2,"turns":3},{"damage":5,"enemies":"Jaw Worm","floor":3,"turns":6},{"damage":5,"enemies":"Looter","floor":5,"turns":3},{"damage":6,"enemies":"Exordium Wildlife","floor":7,"turns":3},{"damage":22,"enemies":"3 Sentries","floor":8,"turns":8},{"damage":0,"enemies":"Gremlin Nob","floor":11,"turns":3},{"damage":7,"enemies":"Lots of Slimes","floor":12,"turns":3},{"damage":0,"enemies":"Red Slaver","floor":14,"turns":2},{"damage":12,"enemies":"Slime Boss","floor":16,"turns":13},{"damage":11,"enemies":"Chosen","floor":18,"turns":5},{"damage":9,"enemies":"Shell Parasite","floor":19,"turns":5},{"damage":33,"enemies":"Chosen and Byrds","floor":21,"turns":5},{"damage":49,"enemies":"Centurion and Healer","floor":22,"turns":6},{"damage":20,"enemies":"Slavers","floor":23,"turns":1}],"seed_played":"-1568512001406035206","potions_obtained":[{"floor":5,"key":"LiquidMemories"},{"floor":8,"key":"DistilledChaos"},{"floor":11,"key":"Ancient Potion"},{"floor":12,"key":"Energy Potion"},{"floor":21,"key":"DuplicationPotion"},{"floor":22,"key":"Strength Potion"}],"is_trial":false,"path_per_floor":["M","M","M","$","M","R","M","E","T","?","E","M","R","M","R","B",null,"M","M","$","M","M","E"],"character_chosen":"THE_GATHERER","items_purchased":["Gatherer:QuickSynthesis","Kunai","Gatherer:RecipeChange","infinitespire:Magic Flask","Gatherer:BalancedGrowth+1"],"campfire_rested":2,"item_purchase_floors":[0,0,20,20,20],"current_hp_per_floor":[58,58,53,53,48,48,42,20,20,20,20,13,34,34,55,43,72,61,52,52,19,8,0,0,0],"gold":37,"neow_bonus":"","is_daily":false,"chose_seed":false,"campfire_upgraded":1,"win_rate":0.0,"timestamp":1612086631,"path_taken":["M","M","M","$","M","R","M","E","T","?","E","M","R","M","R","BOSS","M","M","$","M","M","E"],"items_purchased_type":["Card","Relic","Card","Relic","Card"],"build_version":"2020-12-22","purchased_purges":0,"victory":false,"max_hp_per_floor":[72,72,72,72,72,72,72,72,72,72,72,72,72,72,72,72,72,72,72,72,72,72,72,72,72],"card_choices":[{"not_picked":["Gatherer:ScherryThrow","Gatherer:SealedBomb","Gatherer:Frenzy"],"picked":"SKIP","floor":1},{"not_picked":["Gatherer:TacticalStrike","Gatherer:WoolGloves","Gatherer:FragileHammer"],"picked":"SKIP","floor":2},{"not_picked":["Gatherer:Frenzy","Gatherer:SaveValuables"],"picked":"Gatherer:Convert","floor":3},{"not_picked":["Gatherer:SealedBomb","Gatherer:Transmute"],"picked":"Gatherer:FlamingBottle","floor":5},{"not_picked":["Gatherer:MiningStrike","Gatherer:FlowerFalling"],"picked":"Gatherer:EnergyBasket","floor":7},{"not_picked":["Gatherer:PotentialSlash","Gatherer:TacticalStrike"],"picked":"Gatherer:BambuSword","floor":8},{"not_picked":["Gatherer:Nutrients","Gatherer:TreeGrowth"],"picked":"Gatherer:Liquidism+1","floor":11},{"not_picked":["Gatherer:FlowerBeam","Gatherer:Convert"],"picked":"Gatherer:Snatch","floor":12},{"not_picked":["Gatherer:Overflowing","Gatherer:RottenStipe"],"picked":"Gatherer:QuickSynthesis","floor":14},{"not_picked":["Gatherer:ScrollOfPurity","Gatherer:Photoscythe"],"picked":"Gatherer:BomberForm+1","floor":16},{"not_picked":["Gatherer:FeelingFine+1","Gatherer:CarefulStrike","Gatherer:Convert"],"picked":"SKIP","floor":18},{"not_picked":["Gatherer:SaveValuables","Gatherer:ScentOfRosmari"],"picked":"Gatherer:AlchemyTrial+1","floor":19},{"not_picked":["Gatherer:TacticalStrike","Gatherer:FlowerFalling"],"picked":"Gatherer:QuickSynthesis","floor":21},{"not_picked":["Gatherer:Photoscythe","Gatherer:CollectorsShot","Gatherer:DrugPower"],"picked":"SKIP","floor":22}],"player_experience":327937,"relics_obtained":[{"floor":8,"key":"infinitespire:FocusingShard"},{"floor":9,"key":"Frozen Egg 2"},{"floor":11,"key":"infinitespire:Beetle Shell"}],"event_choices":[{"damage_healed":0,"gold_gain":0,"player_choice":"Box","damage_taken":0,"relics_obtained":["Lizard Tail"],"max_hp_gain":0,"max_hp_loss":0,"event_name":"Big Fish","floor":10,"gold_loss":0,"cards_obtained":["Regret"]}],"is_beta":false,"boss_relics":[{"not_picked":["Busted Crown","Runic Pyramid"],"picked":"infinitespire:Cupcake"}],"items_purged_floors":[],"is_endless":false,"potions_floor_spawned":[5,8,11,12,21,22],"killed_by":"Slavers","ascension_level":1}}