{"host":"61ejhfsushs0xmcl","time":1612096092,"event":{"mods":["ATMod(阿瑾Mod)","Act Like it!","BaseMod","Colored Map","Gold Saver","Minty Spire (QoL Compilation)","MostiFishMod","Reliquary","Spicy Shops","StSLib","TestMod","[IsaacMod]以撒尖塔","【遗物卡牌】REMEMod","篝火指南"],"gold_per_floor":[1212,1297,1309,1309,1326,1351,1087,1117,1117,1117,1141,747,776,776,776,850,850,1089,1108,677,695,695,727,727,754,830,842,842,692,708,777,368,438,438,453,465,265,280,290,317,317,348,348,348,348,365,365,365,365,365,365,365,365,19,51,51],"floor_reached":57,"language":"ZHS","playtime":2213,"items_purged":["Injury","Strike_R","Strike_R","Strike_R","Bash","Strike_R","Strike_R"],"score":2577,"play_id":"b43ce435-8f54-4220-ac09-4cb50efbc503","local_time":"20210131202812","is_ascension_mode":true,"campfire_choices":[{"data":"Rupture","floor":15.0,"key":"SMITH"},{"floor":24.0,"key":"RECALL"},{"data":"MostiFishMod:FlyOverUtopia","floor":28.0,"key":"SMITH"},{"floor":49,"key":"DIG"}],"circlet_count":0,"master_deck":["AscendersBane","Defend_R","Defend_R","AT_EmpoweredMortalDraw","Feed","Bloodletting","MostiFishMod:FlyOverUtopia+1","Rupture+1","Entrench","Brutality","AT_BodySlamDance+1","Shockwave+1","REME_FearOfPain","Rupture","AT_BodySlamDance","Burning Pact","MostiFishMod:Galeforce","Entrench"],"relics":["Burning Blood","testmod-TestBox","AT_ATBox","REME_ComplimentaryCards","HushsDoor","testmod-BlackFramedGlasses","ArrowTower","BelialBook","SynthV:TestCard","BlankCard","testmod-Charity","testmod-Nyarlathotep","BookOfRevelations","BionicSphere","DaveBox","SacredBark","Red Skull","Juzu Bracelet","GuppysHead","testmod-Fanaticism","Champion Belt","Pear","D4","Shovel","Bag of Marbles","Question Card","Oddly Smooth Stone","Omamori","Potion Belt","reliquary:HotPoker","AT_SeraphEmbrace","Busted Crown","testmod-Alchemist","DeadEye","Bottled Lightning","Mercury Hourglass","Orichalcum","Mummified Hand","InkBottle"],"acts_visited":["Exordium","TheCity","TheBeyond","TheEnding"],"potions_floor_usage":[55,56,56,56,56,56],"damage_taken":[{"damage":2.0,"enemies":"2 Louse","floor":1.0,"turns":3.0},{"damage":0.0,"enemies":"Cultist","floor":3.0,"turns":3.0},{"damage":2.0,"enemies":"Jaw Worm","floor":5.0,"turns":3.0},{"damage":17.0,"enemies":"Gremlin Nob","floor":6.0,"turns":3.0},{"damage":16.0,"enemies":"3 Sentries","floor":8.0,"turns":3.0},{"damage":38.0,"enemies":"Lagavulin","floor":11.0,"turns":4.0},{"damage":44.0,"enemies":"Gremlin Nob","floor":13.0,"turns":5.0},{"damage":8.0,"enemies":"Slime Boss","floor":16.0,"turns":6.0},{"damage":17.0,"enemies":"3 Byrds","floor":18.0,"turns":3.0},{"damage":31.0,"enemies":"Chosen","floor":19.0,"turns":4.0},{"damage":14.0,"enemies":"Snake Plant","floor":21.0,"turns":4.0},{"damage":3.0,"enemies":"Slavers","floor":23.0,"turns":2.0},{"damage":52.0,"enemies":"Book of Stabbing","floor":25.0,"turns":5.0},{"damage":28.0,"enemies":"Shelled Parasite and Fungi","floor":27.0,"turns":3.0},{"damage":13.0,"enemies":"Snecko","floor":30.0,"turns":3.0},{"damage":28.0,"enemies":"Automaton","floor":33.0,"turns":4.0},{"damage":11.0,"enemies":"Orb Walker","floor":35.0,"turns":3.0},{"damage":18.0,"enemies":"3 Darklings","floor":36.0,"turns":3.0},{"damage":37.0,"enemies":"Sphere and 2 Shapes","floor":38.0,"turns":4.0},{"damage":41.0,"enemies":"Transient","floor":39.0,"turns":5.0},{"damage":13.0,"enemies":"Giant Head","floor":40.0,"turns":4.0},{"damage":53.0,"enemies":"Nemesis","floor":42.0,"turns":5.0},{"damage":13.0,"enemies":"Spire Growth","floor":46.0,"turns":4.0},{"damage":62,"enemies":"Awakened One","floor":50,"turns":4},{"damage":89,"enemies":"Time Eater","floor":51,"turns":4},{"damage":20,"enemies":"Shield and Spear","floor":55,"turns":3},{"damage":1,"enemies":"Delirium","floor":56,"turns":4}],"seed_played":"1162389942868236091","potions_obtained":[{"floor":6.0,"key":"Fruit Juice"},{"floor":16.0,"key":"Swift Potion"},{"floor":23.0,"key":"Block Potion"},{"floor":33.0,"key":"DuplicationPotion"},{"floor":36.0,"key":"Dexterity Potion"},{"floor":39.0,"key":"CultistPotion"},{"floor":42.0,"key":"Weak Potion"},{"floor":46.0,"key":"ColorlessPotion"}],"is_trial":false,"path_per_floor":["M","?","M","?","M","E","R","E","T","?","E","$","E","?","R","B",null,"M","M","$","M","?","E","R","E","T","M","R","$","M","T","R","B",null,"M","M","$","M","M","E","?","E","T","?","?","M","?","?","R","B","B",null,"R","$","E","B",null],"character_chosen":"IRONCLAD","items_purchased":["testmod-Charity","testmod-Nyarlathotep","Juzu Bracelet","FairyPotion","Question Card","testmod-SpacePotion","REME_FearOfPain","Rupture","AT_ArchangelStaff","Orichalcum","Mummified Hand"],"campfire_rested":0,"item_purchase_floors":[7,7,12,17,20,20,20,32,32,54,54],"current_hp_per_floor":[82,67,79,79,88,87,87,85,85,85,62,62,34,34,34,39,88,108,89,89,86,71,80,80,67,68,56,56,56,53,54,54,73,128,134,133,133,115,166,171,171,135,135,125,125,129,129,129,129,177,177,177,177,177,170,178],"gold":51,"neow_bonus":"TEN_PERCENT_HP_BONUS","is_daily":false,"chose_seed":false,"campfire_upgraded":2,"win_rate":0.0,"timestamp":1612096092,"path_taken":["M","?","M","?","M","E","R","E","T","?","E","$","E","?","R","BOSS","M","M","$","M","?","E","R","E","T","M","R","$","M","?","R","BOSS","M","M","$","M","M","E","?","E","T","?","?","M","?","?","R","BOSS","BOSS","R","$","E","BOSS"],"items_purchased_type":["Relic","Relic","Relic","Potion","Relic","Potion","Card","Card","Relic","Relic","Relic"],"build_version":"2020-12-22","purchased_purges":7,"victory":true,"max_hp_per_floor":[82,82,85,85,88,97,97,102,102,102,107,107,112,112,112,113,104,122,123,123,124,124,128,128,133,134,139,139,139,140,141,141,146,146,151,156,156,161,166,171,171,172,172,172,172,173,173,173,173,177,177,177,177,177,178,178],"card_choices":[{"not_picked":[],"picked":"SuicideKing","floor":0.0},{"not_picked":["Power Through","Headbutt"],"picked":"Bloodletting","floor":1.0},{"not_picked":["Pommel Strike","Twin Strike","Anger","True Grit","Infernal Blade"],"picked":"SKIP","floor":3.0},{"not_picked":["AT_ShrugMaster","Sword Boomerang","Dual Wield","AT_BodySlamDance"],"picked":"MostiFishMod:FlyOverUtopia","floor":5.0},{"not_picked":["Flex","Heavy Blade","Dropkick","Inflame","Shrug It Off"],"picked":"SKIP","floor":6.0},{"not_picked":["Intimidate","Demon Form","Clash","Reckless Charge"],"picked":"Rupture","floor":8.0},{"not_picked":["Anger","Carnage","Power Through","AT_DrawKnifeCut","Thunderclap"],"picked":"SKIP","floor":11.0},{"not_picked":["MostiFishMod:FireWorks","Warcry","Shrug It Off","Disarm"],"picked":"Entrench","floor":13.0},{"not_picked":["Fiend Fire","MostiFishMod:DoubleSword","Double Tap","Demon Form"],"picked":"Brutality","floor":16.0},{"not_picked":["Armaments","Infernal Blade","Headbutt","Evolve"],"picked":"AT_BodySlamDance+1","floor":18.0},{"not_picked":["Havoc","Iron Wave","Warcry","Shockwave","AT_CaressingTears"],"picked":"SKIP","floor":18.0},{"not_picked":["Inflame+1","Sword Boomerang","Twin Strike","Body Slam","Shrug It Off"],"picked":"SKIP","floor":18.0},{"not_picked":["Perfected Strike","Uppercut","AT_CaressingTears+1","AT_BodySlamDance","Limit Break"],"picked":"SKIP","floor":18.0},{"not_picked":["Clothesline","Reckless Charge","Warcry","Cleave+1"],"picked":"Shockwave+1","floor":19.0},{"not_picked":["Wild Strike","Heavy Blade","Thunderclap","Carnage","Warcry","True Grit"],"picked":"SKIP","floor":21.0},{"not_picked":["Havoc","AT_ManFootWork","Bloodletting","Iron Wave+1","Body Slam","Shrug It Off"],"picked":"SKIP","floor":23.0},{"not_picked":["Twin Strike","Feed","Shrug It Off","Body Slam+1","Anger+1","AT_DrawKnifeCut"],"picked":"SKIP","floor":25.0},{"not_picked":["Sword Boomerang","Twin Strike","Body Slam","Iron Wave","REME_SingleHolding","Anger"],"picked":"SKIP","floor":27.0},{"not_picked":["Body Slam","Warcry","True Grit","Heavy Blade","Clothesline","Havoc+1"],"picked":"SKIP","floor":30.0},{"not_picked":["Pommel Strike","Whirlwind","Clothesline+1","Sword Boomerang"],"picked":"SKIP","floor":35.0},{"not_picked":["Seeing Red","Thunderclap","Clothesline","AT_ShrugMaster+1"],"picked":"SKIP","floor":36.0},{"not_picked":["Clothesline","Carnage","Ghostly Armor","Clash"],"picked":"SKIP","floor":38.0},{"not_picked":["Shockwave","Pommel Strike","Metallicize+1","Clash"],"picked":"SKIP","floor":39.0},{"not_picked":["Clothesline+1","Feed","AT_BodySlamDance","Perfected Strike+1"],"picked":"SKIP","floor":40.0},{"not_picked":["Clothesline+1","Feed","Perfected Strike+1"],"picked":"AT_BodySlamDance","floor":40.0},{"not_picked":["Sword Boomerang","Combust","MostiFishMod:CullingBlade"],"picked":"Burning Pact","floor":42.0},{"not_picked":["REME_WheelOfFate","BettingIsNotGood","REME_TheoryOfElimination"],"picked":"MostiFishMod:Galeforce","floor":44.0},{"not_picked":["Flex+1","Havoc","Rampage","Wild Strike"],"picked":"SKIP","floor":46.0},{"not_picked":["REME_Scribble+1","Body Slam+1","Fiend Fire","Blood for Blood"],"picked":"SKIP","floor":55}],"player_experience":821935,"relics_obtained":[{"floor":1.0,"key":"SynthV:TestCard"},{"floor":6.0,"key":"BlankCard"},{"floor":8.0,"key":"BookOfRevelations"},{"floor":9.0,"key":"BionicSphere"},{"floor":11.0,"key":"Red Skull"},{"floor":13.0,"key":"GuppysHead"},{"floor":18.0,"key":"Champion Belt"},{"floor":18.0,"key":"Pear"},{"floor":18.0,"key":"D4"},{"floor":18.0,"key":"Shovel"},{"floor":18.0,"key":"Bag of Marbles"},{"floor":23.0,"key":"Omamori"},{"floor":25.0,"key":"Potion Belt"},{"floor":31.0,"key":"reliquary:HotPoker"},{"floor":40.0,"key":"testmod-Alchemist"},{"floor":42.0,"key":"DeadEye"},{"floor":43.0,"key":"Bottled Lightning"},{"floor":49,"key":"Mercury Hourglass"},{"floor":55,"key":"InkBottle"}],"event_choices":[{"damage_healed":0.0,"max_hp_gain":0.0,"max_hp_loss":0.0,"gold_gain":0.0,"event_name":"Liars Game","player_choice":"Ignored","floor":4.0,"gold_loss":0.0,"damage_taken":0.0},{"damage_healed":0.0,"max_hp_gain":0.0,"max_hp_loss":0.0,"gold_gain":0.0,"event_name":"给自己的盒子","player_choice":"Swap Relic","floor":10.0,"relics_lost":["DaveBox"],"gold_loss":0.0,"damage_taken":0.0,"relics_obtained":["DaveBox"]},{"damage_healed":0.0,"max_hp_gain":0.0,"max_hp_loss":0.0,"gold_gain":0.0,"event_name":"Shining Light","player_choice":"Ignored","floor":14.0,"gold_loss":0.0,"damage_taken":0.0},{"damage_healed":0.0,"max_hp_gain":0.0,"max_hp_loss":0.0,"gold_gain":0.0,"event_name":"Tomb of Lord Red Mask","player_choice":"Ignored","floor":41.0,"gold_loss":0.0,"damage_taken":0.0},{"damage_healed":0.0,"max_hp_gain":0.0,"max_hp_loss":0.0,"gold_gain":0.0,"event_name":"SensoryStone","player_choice":"Memory 3","floor":44.0,"gold_loss":0.0,"damage_taken":10.0},{"cards_removed":["Defend_R"],"damage_healed":0.0,"max_hp_gain":0.0,"max_hp_loss":0.0,"gold_gain":0.0,"event_name":"Falling","player_choice":"Removed Skill","floor":45.0,"gold_loss":0.0,"damage_taken":0.0},{"cards_removed":["Defend_R"],"damage_healed":0.0,"max_hp_gain":0.0,"max_hp_loss":0.0,"gold_gain":0.0,"event_name":"Purifier","player_choice":"Purged","floor":47.0,"gold_loss":0.0,"damage_taken":0.0},{"damage_healed":0.0,"max_hp_gain":0.0,"max_hp_loss":0.0,"gold_gain":0.0,"event_name":"Duplicator","player_choice":"Copied","floor":48.0,"gold_loss":0.0,"damage_taken":0.0,"cards_obtained":["Entrench"]}],"is_beta":false,"boss_relics":[{"not_picked":["ExusiaiGun","reliquary:Ember"],"picked":"testmod-Fanaticism"},{"not_picked":[]},{"not_picked":["HereWithMe","Transparent"],"picked":"Busted Crown"},{"not_picked":[]}],"items_purged_floors":[7,12,12,17,29,32,37],"is_endless":false,"potions_floor_spawned":[6,16,18,19,23,33,36,39,42,46],"ascension_level":20}}