{"host":"Jinnai","time":1612056721,"event":{"mods":["BaseMod","Bestiary","Block Reminder","Colored Map","Colored Powertips","Highlight Path","Minty Spire (QoL Compilation)","Quick Restart","Relic Stats","StSLib"],"gold_per_floor":[114,114,134,134,152,152,184,198,224,224,254,267,296,313,313,313,313],"floor_reached":16,"language":"ENG","playtime":687,"items_purged":[],"score":294,"play_id":"74be749a-eff1-42d6-99ad-aeeac557c169","local_time":"20210130203201","is_ascension_mode":true,"campfire_choices":[{"data":"Dagger Spray","floor":6.0,"key":"SMITH"},{"floor":15,"key":"REST"}],"circlet_count":0,"master_deck":["AscendersBane","Strike_G","Strike_G","Strike_G","Defend_G+1","Defend_G","Defend_G","Defend_G","Survivor","Neutralize","Dagger Throw","Sucker Punch+1","Prepared+1","Dagger Spray+1","Underhanded Strike","Eviscerate","Slice","Dagger Throw","Heel Hook","Deflect"],"relics":["Empty Cage","Akabeko","War Paint","Oddly Smooth Stone","Bird Faced Urn"],"acts_visited":["Exordium"],"potions_floor_usage":[12],"damage_taken":[{"damage":8.0,"enemies":"2 Louse","floor":1.0,"turns":4.0},{"damage":9.0,"enemies":"Cultist","floor":3.0,"turns":4.0},{"damage":3.0,"enemies":"Jaw Worm","floor":5.0,"turns":4.0},{"damage":17.0,"enemies":"3 Sentries","floor":7.0,"turns":7.0},{"damage":1.0,"enemies":"2 Fungi Beasts","floor":8.0,"turns":3.0},{"damage":0,"enemies":"Gremlin Nob","floor":11,"turns":3},{"damage":0,"enemies":"Exordium Wildlife","floor":12,"turns":2},{"damage":21,"enemies":"3 Sentries","floor":13,"turns":5},{"damage":3,"enemies":"Large Slime","floor":14,"turns":6},{"damage":31,"enemies":"The Guardian","floor":16,"turns":9}],"seed_played":"760875489200194184","potions_obtained":[{"floor":1.0,"key":"BlessingOfTheForge"},{"floor":7.0,"key":"Fruit Juice"},{"floor":8.0,"key":"Poison Potion"}],"is_trial":false,"path_per_floor":["M","?","M","?","M","R","E","M","T","?","E","M","E","M","R","B"],"character_chosen":"THE_SILENT","items_purchased":[],"campfire_rested":1,"item_purchase_floors":[],"current_hp_per_floor":[51,56,47,47,44,44,27,31,31,31,31,31,10,7,29,0,0],"gold":313,"neow_bonus":"BOSS_RELIC","is_daily":false,"chose_seed":false,"campfire_upgraded":1,"win_rate":0.0,"timestamp":1612056721,"path_taken":["M","?","M","?","M","R","E","M","T","?","E","M","E","?","R","BOSS"],"items_purchased_type":[],"build_version":"2020-12-18","purchased_purges":0,"victory":false,"max_hp_per_floor":[66,71,71,71,71,71,71,76,76,76,76,76,76,76,76,76,76],"relic_stats":{"counters":[10,47],"Bird Faced Urn":[0],"War Paint":["Prepared","Defend_G"],"obtain_stats":[{"Bird Faced Urn":13,"Oddly Smooth Stone":11,"War Paint":9,"Empty Cage":0,"Akabeko":7,"Ring of the Snake":0},{"Bird Faced Urn":8,"Oddly Smooth Stone":6,"War Paint":5,"Empty Cage":0,"Akabeko":4,"Ring of the Snake":0},{"Bird Faced Urn":32,"Oddly Smooth Stone":25,"War Paint":22,"Empty Cage":0,"Akabeko":19,"Ring of the Snake":0}]},"card_choices":[{"not_picked":["Eviscerate","Dodge and Roll"],"picked":"Dagger Throw","floor":1.0},{"not_picked":["PiercingWail","Footwork"],"picked":"Sucker Punch","floor":3.0},{"not_picked":["Night Terror","Prepared"],"picked":"Dagger Spray","floor":5.0},{"not_picked":["Predator","Riddle With Holes"],"picked":"Underhanded Strike","floor":7.0},{"not_picked":["Distraction","Deadly Poison"],"picked":"Eviscerate","floor":8.0},{"not_picked":["Bane","Masterful Stab"],"picked":"Slice","floor":11},{"not_picked":["Backflip","Dodge and Roll"],"picked":"Dagger Throw","floor":12},{"not_picked":["Deadly Poison","Dodge and Roll"],"picked":"Heel Hook","floor":13},{"not_picked":["Eviscerate","Quick Slash"],"picked":"Deflect","floor":14}],"player_experience":1613624,"relics_obtained":[{"floor":7.0,"key":"Akabeko"},{"floor":9.0,"key":"War Paint"},{"floor":11,"key":"Oddly Smooth Stone"},{"floor":13,"key":"Bird Faced Urn"}],"event_choices":[{"damage_healed":0.0,"max_hp_gain":5.0,"max_hp_loss":0.0,"gold_gain":0.0,"event_name":"Big Fish","player_choice":"Donut","floor":2.0,"gold_loss":0.0,"damage_taken":0.0},{"damage_healed":0.0,"max_hp_gain":0.0,"max_hp_loss":0.0,"gold_gain":0.0,"cards_transformed":["Strike_G"],"event_name":"Living Wall","player_choice":"Change","floor":4.0,"gold_loss":0.0,"damage_taken":0.0,"cards_obtained":["Prepared"]},{"damage_healed":0.0,"max_hp_gain":0.0,"max_hp_loss":0.0,"gold_gain":0.0,"event_name":"Upgrade Shrine","player_choice":"Upgraded","floor":10.0,"gold_loss":0.0,"damage_taken":0.0,"cards_upgraded":["Sucker Punch"]}],"is_beta":true,"boss_relics":[],"items_purged_floors":[],"is_endless":false,"potions_floor_spawned":[1,7,8],"killed_by":"The Guardian","ascension_level":20}}