{"host":"mb4cisebr17g8vuz","time":1612136319,"event":{"mods":["AchievementEnabler","BaseMod","Colored Map","Colored Powertips","Minty Spire (QoL Compilation)","SuperFastMode","everything is the same but u backflip on backflip"],"gold_per_floor":[110,122,134,59,59,59,87,107,185,185,197,40,54,54,54,125,125,141,153,53,70,82,82,94,94,94,108,108,119,139,154,154,228,228,242,258,303,303,316,341,341,368,368,384,58,58,58,88,88,88],"floor_reached":51,"language":"KOR","playtime":2455,"items_purged":["Strike_R","Strike_R","Decay"],"score":1414,"play_id":"c6f742da-ff63-4071-8b4e-91e170fa51b3","local_time":"20210131183839","is_ascension_mode":true,"campfire_choices":[{"data":"Seeing Red","floor":6.0,"key":"SMITH"},{"data":"Havoc","floor":10.0,"key":"SMITH"},{"data":"Power Through","floor":15.0,"key":"SMITH"},{"data":"Havoc","floor":23.0,"key":"SMITH"},{"data":"True Grit","floor":25.0,"key":"SMITH"},{"floor":28.0,"key":"REST"},{"data":"Warcry","floor":32.0,"key":"SMITH"},{"floor":41.0,"key":"REST"},{"floor":47,"key":"REST"},{"floor":49,"key":"REST"}],"circlet_count":0,"master_deck":["AscendersBane","Strike_R","Strike_R","Strike_R","Defend_R","Defend_R","Defend_R","Defend_R","Bash","Power Through+1","Seeing Red+1","Havoc+1","Impervious","Panacea","True Grit+1","Feel No Pain","Havoc+1","Shockwave","Shrug It Off","Warcry+1","Reaper","Sever Soul","Madness","Madness","Shrug It Off+1","Seeing Red"],"relics":["Burning Blood","Dead Branch","Pantograph","Cursed Key","Fusion Hammer","Unceasing Top","Boot","Ornamental Fan","Lantern","PreservedInsect","Toy Ornithopter"],"acts_visited":["Exordium","TheCity","TheBeyond"],"potions_floor_usage":[48],"damage_taken":[{"damage":12.0,"enemies":"Jaw Worm","floor":1.0,"turns":2.0},{"damage":1.0,"enemies":"Cultist","floor":2.0,"turns":3.0},{"damage":0.0,"enemies":"Small Slimes","floor":3.0,"turns":2.0},{"damage":29.0,"enemies":"Lagavulin","floor":7.0,"turns":7.0},{"damage":3.0,"enemies":"Exordium Wildlife","floor":8.0,"turns":2.0},{"damage":6.0,"enemies":"Looter","floor":11.0,"turns":3.0},{"damage":2.0,"enemies":"Large Slime","floor":13.0,"turns":3.0},{"damage":29.0,"enemies":"The Guardian","floor":16.0,"turns":10.0},{"damage":44.0,"enemies":"3 Byrds","floor":18.0,"turns":4.0},{"damage":0.0,"enemies":"Chosen","floor":19.0,"turns":4.0},{"damage":6.0,"enemies":"Snecko","floor":21.0,"turns":5.0},{"damage":19.0,"enemies":"Snake Plant","floor":22.0,"turns":4.0},{"damage":3.0,"enemies":"Centurion and Healer","floor":24.0,"turns":8.0},{"damage":2.0,"enemies":"3 Cultists","floor":27.0,"turns":4.0},{"damage":2.0,"enemies":"Chosen and Byrds","floor":29.0,"turns":4.0},{"damage":6.0,"enemies":"Snake Plant","floor":30.0,"turns":6.0},{"damage":18.0,"enemies":"Centurion and Healer","floor":31.0,"turns":6.0},{"damage":48.0,"enemies":"Collector","floor":33.0,"turns":9.0},{"damage":0.0,"enemies":"3 Shapes","floor":35.0,"turns":5.0},{"damage":38.0,"enemies":"3 Darklings","floor":36.0,"turns":4.0},{"damage":43.0,"enemies":"2 Orb Walkers","floor":37.0,"turns":6.0},{"damage":6.0,"enemies":"Jaw Worm Horde","floor":39.0,"turns":7.0},{"damage":6.0,"enemies":"Nemesis","floor":40.0,"turns":5.0},{"damage":18.0,"enemies":"Giant Head","floor":42.0,"turns":7.0},{"damage":11.0,"enemies":"Sphere and 2 Shapes","floor":44.0,"turns":7.0},{"damage":83,"enemies":"Reptomancer","floor":48,"turns":8},{"damage":53,"enemies":"Donu and Deca","floor":50,"turns":7}],"seed_played":"8006267623472264526","potions_obtained":[{"floor":2.0,"key":"Energy Potion"},{"floor":3.0,"key":"DuplicationPotion"},{"floor":13.0,"key":"Block Potion"},{"floor":24.0,"key":"SteroidPotion"},{"floor":29.0,"key":"PowerPotion"},{"floor":30.0,"key":"SkillPotion"},{"floor":33.0,"key":"ElixirPotion"},{"floor":35.0,"key":"SkillPotion"},{"floor":39.0,"key":"LiquidMemories"},{"floor":44.0,"key":"Energy Potion"}],"is_trial":false,"path_per_floor":["M","M","M","$","?","R","E","M","T","R","M","$","M","?","R","B",null,"M","M","$","M","M","R","M","R","T","M","R","M","M","M","R","B",null,"M","M","?","?","M","E","R","E","T","M","$","$","R","E","R","B",null],"character_chosen":"IRONCLAD","items_purchased":["Panacea","Fire Potion","Seeing Red","PreservedInsect"],"campfire_rested":4,"item_purchase_floors":[12,12,45,45],"current_hp_per_floor":[44,49,55,55,85,85,62,65,65,65,65,65,69,69,69,62,79,41,47,47,47,34,34,37,37,37,41,66,70,70,58,58,41,74,80,65,40,25,31,41,66,64,64,73,73,73,85,15,40,28],"gold":88,"neow_bonus":"THREE_RARE_CARDS","is_daily":false,"chose_seed":false,"campfire_upgraded":6,"win_rate":0.0,"timestamp":1612136319,"path_taken":["M","M","M","$","?","R","E","M","T","R","?","$","M","?","R","BOSS","M","M","$","M","M","R","M","R","T","M","R","M","M","M","R","BOSS","M","M","?","?","M","E","R","E","T","M","$","?","R","E","R","BOSS"],"items_purchased_type":["Card","Potion","Card","Relic"],"build_version":"2020-12-22","purchased_purges":3,"victory":true,"max_hp_per_floor":[75,75,75,75,85,85,85,85,85,85,85,85,85,85,85,85,85,85,85,85,85,85,85,85,85,85,85,85,85,85,85,85,85,85,85,85,85,85,85,85,85,85,85,85,85,85,85,85,85,85],"card_choices":[{"not_picked":["Double Tap","Juggernaut"],"picked":"Immolate","floor":0.0},{"not_picked":["Sword Boomerang","Battle Trance"],"picked":"Power Through","floor":1.0},{"not_picked":["Iron Wave","Disarm","Havoc"],"picked":"SKIP","floor":2.0},{"not_picked":["Dark Embrace","Twin Strike"],"picked":"Seeing Red","floor":3.0},{"not_picked":["Flex","Metallicize"],"picked":"Havoc","floor":7.0},{"not_picked":["Wild Strike","Perfected Strike","Cleave"],"picked":"SKIP","floor":8.0},{"not_picked":["Cleave","Headbutt"],"picked":"Impervious","floor":11.0},{"not_picked":["Heavy Blade","Thunderclap","Rage"],"picked":"SKIP","floor":13.0},{"not_picked":["Spot Weakness","Perfected Strike","Clash"],"picked":"SKIP","floor":18.0},{"not_picked":["Rampage","Carnage"],"picked":"True Grit","floor":19.0},{"not_picked":["Body Slam","Perfected Strike"],"picked":"Feel No Pain","floor":21.0},{"not_picked":["Inflame","Ghostly Armor"],"picked":"Havoc","floor":22.0},{"not_picked":["Bloodletting","Blood for Blood+1"],"picked":"Shockwave","floor":24.0},{"not_picked":["Rage","Heavy Blade+1","Iron Wave+1"],"picked":"SKIP","floor":27.0},{"not_picked":["Cleave","Pommel Strike"],"picked":"Shrug It Off","floor":29.0},{"not_picked":["Wild Strike","Headbutt","Rupture"],"picked":"SKIP","floor":30.0},{"not_picked":["Havoc","Headbutt"],"picked":"Warcry","floor":31.0},{"not_picked":["Juggernaut","Berserk"],"picked":"Reaper","floor":33.0},{"not_picked":["Thunderclap+1","Pummel"],"picked":"Sever Soul","floor":35.0},{"not_picked":["Twin Strike","Havoc","Shrug It Off"],"picked":"SKIP","floor":36.0},{"not_picked":["Iron Wave","Whirlwind","Dual Wield"],"picked":"SKIP","floor":39.0},{"not_picked":["Fire Breathing","Clash"],"picked":"Shrug It Off+1","floor":40.0},{"not_picked":["Headbutt+1","Entrench","Rupture"],"picked":"SKIP","floor":42.0},{"not_picked":["Flex+1","Sword Boomerang","Heavy Blade"],"picked":"SKIP","floor":44.0},{"not_picked":["Clash+1","Limit Break","Uppercut"],"picked":"SKIP","floor":48}],"player_experience":250063,"relics_obtained":[{"floor":7.0,"key":"Dead Branch"},{"floor":9.0,"key":"Pantograph"},{"floor":37.0,"key":"Unceasing Top"},{"floor":40.0,"key":"Boot"},{"floor":42.0,"key":"Ornamental Fan"},{"floor":43.0,"key":"Lantern"},{"floor":48,"key":"Toy Ornithopter"}],"event_choices":[{"cards_removed":["Immolate"],"damage_healed":20.0,"max_hp_gain":10.0,"max_hp_loss":0.0,"gold_gain":0.0,"event_name":"Bonfire Elementals","player_choice":"Offered Rare","floor":5.0,"gold_loss":0.0,"damage_taken":0.0},{"damage_healed":0.0,"max_hp_gain":0.0,"max_hp_loss":0.0,"gold_gain":0.0,"event_name":"Shining Light","player_choice":"Ignored","floor":14.0,"gold_loss":0.0,"damage_taken":0.0},{"damage_healed":0.0,"max_hp_gain":0.0,"max_hp_loss":0.0,"gold_gain":0.0,"event_name":"Mysterious Sphere","player_choice":"Fight","floor":37.0,"gold_loss":0.0,"damage_taken":0.0},{"damage_healed":0.0,"max_hp_gain":0.0,"max_hp_loss":0.0,"gold_gain":0.0,"event_name":"Winding Halls","player_choice":"Embrace Madness","floor":38.0,"gold_loss":0.0,"damage_taken":15.0,"cards_obtained":["Madness","Madness"]}],"is_beta":false,"boss_relics":[{"not_picked":["Snecko Eye","Runic Cube"],"picked":"Cursed Key"},{"not_picked":["Busted Crown","Coffee Dripper"],"picked":"Fusion Hammer"}],"items_purged_floors":[4,20,45],"is_endless":false,"potions_floor_spawned":[2,3,13,24,29,30,31,33,35,39,44],"ascension_level":18}}