{"host":"3y33rrrkia6pkpow","time":1612084553,"event":{"mods":["2.2 Compatiblity","AchievementEnabler","Act Like it!","BaseMod","BetterRewards","Block Reminder","Colored Map","Colored Powertips","DeckTracker","Faster Ascension Climbing","Gensokyo","Highlight Path","Infinite Spire","Minty Spire (QoL Compilation)","Quick Restart","Rare Cards Sparkle","Replay The Spire","Shop Mod","Spicy Shops","StSLib","Synergy Search","The Animator","The Blue Laboratory","Unknown Chances"],"gold_per_floor":[130,148,166,166,176,209,209,250,250,250,282,296,330,344,344,421,421,437,437,518,518,538,567,579,579,579],"floor_reached":25,"language":"ENG","playtime":3530,"items_purged":["Normality"],"score":600,"play_id":"859764a6-ada8-4272-9516-c1ce31d8e5b3","local_time":"20210131031553","is_ascension_mode":true,"campfire_choices":[{"floor":10.0,"key":"REST"},{"floor":15.0,"key":"REST"}],"circlet_count":0,"master_deck":["AscendersBane","animator:Strike_TenSura","animator:Defend_TenSura","animator:Strike","animator:Strike","animator:Strike","animator:Defend","animator:Defend","animator:Defend","animator:Benimaru","animator:Shuna","animator:YamaiSisters","animator:NiaHonjou","animator:Pride+1","animator:Shimakaze","animator:YamaiSisters","animator:Vesta","animator:ElricAlphonse","animator:Benimaru","animator:Millim","animator:YamaiSisters","animator:Vesta","animator:ItamiYouji","animator:RoyMustang+1","animator:Azekura","animator:Kyubey","animator:Vesta","animator:MasamiIwasawa","animator:Pride","animator:Bozes+1","animator:YamaiSisters+1","animator:PinaCoLada","animator:RoyMustang+1","animator:Yui","animator:SanaeKochiya","animator:Azekura","animator:ElricEdward+1"],"relics":["animator:LivingPicture","animator:TheMissingPiece","animator:PurgingStone","Prayer Wheel","Molten Egg 2","Replay:PocketPolymizer","Chameleon Ring","Potion Belt","Unceasing Top","Mark of Pain","Shuriken","CloakClasp","Peace Pipe"],"acts_visited":["Gensokyo:Gensokyo","Gensokyo:Gensokyoer"],"potions_floor_usage":[],"damage_taken":[{"damage":1.0,"enemies":"Gensokyo:2_Kodama","floor":1.0,"turns":5.0},{"damage":1.0,"enemies":"Gensokyo:Python","floor":2.0,"turns":4.0},{"damage":0.0,"enemies":"Gensokyo:3_Fairies","floor":3.0,"turns":4.0},{"damage":16.0,"enemies":"Gensokyo:3_Kodama","floor":5.0,"turns":4.0},{"damage":4.0,"enemies":"Gensokyo:Mamizou","floor":6.0,"turns":7.0},{"damage":22.0,"enemies":"Gensokyo:Cirno","floor":8.0,"turns":6.0},{"damage":0.0,"enemies":"Gensokyo:Mamizou","floor":11.0,"turns":6.0},{"damage":0.0,"enemies":"Gensokyo:VengefulSpirit","floor":12.0,"turns":4.0},{"damage":22.0,"enemies":"Gensokyo:Cirno","floor":13.0,"turns":6.0},{"damage":4.0,"enemies":"Gensokyo:CorruptedTreant","floor":14.0,"turns":5.0},{"damage":10.0,"enemies":"Gensokyo:Reimu","floor":16.0,"turns":9.0},{"damage":4.0,"enemies":"Gensokyo:2_Gloops","floor":18.0,"turns":4.0},{"damage":0.0,"enemies":"Gensokyo:3_Dogs","floor":21.0,"turns":1.0},{"damage":16.0,"enemies":"Gensokyo:Slime_Group","floor":22.0,"turns":4.0},{"damage":0.0,"enemies":"Gensokyo:Koishi","floor":23.0,"turns":4.0},{"damage":27,"enemies":"Gensokyo:3_Gloops","floor":24,"turns":5},{"damage":12,"enemies":"Gensokyo:Tenshi","floor":25,"turns":1}],"seed_played":"-6640830596274263544","potions_obtained":[{"floor":2.0,"key":"LiquidMemories"},{"floor":5.0,"key":"PowerPotion"},{"floor":11.0,"key":"blueLaboratory:NullPotion"},{"floor":13.0,"key":"SmokeBomb"},{"floor":14.0,"key":"Block Potion"},{"floor":18.0,"key":"blueLaboratory:StoneskinPotion"}],"is_trial":false,"path_per_floor":["M","M","M","?","M","E","?","E","T","R","E","M","E","M","R","B",null,"M","?","T","M","M","E","M","E"],"character_chosen":"THE_ANIMATOR","items_purchased":["Prayer Wheel","animator:YamaiSisters","animator:NiaHonjou","animator:Pride+1","animator:Shimakaze"],"campfire_rested":2,"item_purchase_floors":[0,0,0,0,0],"current_hp_per_floor":[47,46,47,40,24,20,35,13,13,31,31,31,9,5,23,13,49,45,45,45,45,29,29,2,0,0],"gold":579,"neow_bonus":"","is_daily":false,"chose_seed":true,"campfire_upgraded":0,"win_rate":0.0,"timestamp":1612084553,"path_taken":["M","M","M","?","M","E","?","E","T","R","E","M","E","M","R","BOSS","M","?","?","?","M","E","M","E"],"items_purchased_type":["Relic","Card","Card","Card","Card"],"build_version":"2020-12-22","purchased_purges":1,"victory":false,"max_hp_per_floor":[60,60,61,61,61,61,61,61,61,61,61,61,61,61,61,61,61,61,55,55,55,55,55,55,55,55],"card_choices":[{"not_picked":["animator:Tyuule","animator:MikuIzayoi"],"picked":"animator:YamaiSisters","floor":1.0},{"not_picked":["animator:Scar","animator:TohkaYatogami"],"picked":"animator:Vesta","floor":1.0},{"not_picked":["animator:YachiyoNanami","animator:Yusa"],"picked":"animator:ElricAlphonse","floor":2.0},{"not_picked":["animator:LeleiLaLalena","animator:GazelDwargon"],"picked":"animator:Benimaru","floor":2.0},{"not_picked":["animator:KaguyaHouraisan","animator:LeleiLaLalena"],"picked":"animator:Millim","floor":3.0},{"not_picked":["animator:GazelDwargon","animator:Hitei"],"picked":"animator:YamaiSisters","floor":3.0},{"not_picked":["animator:Millim","animator:GazelDwargon"],"picked":"animator:Vesta","floor":5.0},{"not_picked":["animator:MikuIzayoi","animator:ElricAlphonse"],"picked":"animator:ItamiYouji","floor":5.0},{"not_picked":["animator:ReimuHakurei+1","animator:SanaeKochiya"],"picked":"animator:RoyMustang+1","floor":6.0},{"not_picked":["animator:Yusa","animator:Togame"],"picked":"animator:Azekura","floor":8.0},{"not_picked":["animator:Father","animator:Millim+1"],"picked":"animator:Kyubey","floor":11.0},{"not_picked":["animator:Hakurou+1","animator:Souei"],"picked":"animator:Vesta","floor":12.0},{"not_picked":["animator:YuukaKazami+1","animator:SuikaIbuki+1"],"picked":"animator:MasamiIwasawa","floor":12.0},{"not_picked":["animator:KaguyaHouraisan","animator:MaesHughes"],"picked":"animator:Pride","floor":13.0},{"not_picked":["animator:Godan+1","animator:Kuribayashi+1"],"picked":"animator:Bozes+1","floor":14.0},{"not_picked":["animator:Shichika","animator:ZankiKiguchi+1"],"picked":"animator:YamaiSisters+1","floor":14.0},{"not_picked":["animator:Greed","animator:AyatoNaoi"],"picked":"animator:PinaCoLada","floor":16.0},{"not_picked":["animator:HidekiHinata+1","animator:YuiTsuruno+1"],"picked":"animator:RoyMustang+1","floor":18.0},{"not_picked":["animator:Mikaela+1","animator:TohkaYatogami+1"],"picked":"animator:Yui","floor":18.0},{"not_picked":["animator:Pride","animator:KrulTepes+1"],"picked":"animator:SanaeKochiya","floor":22.0},{"not_picked":["animator:Vesta","animator:Yuuichirou+1"],"picked":"animator:Azekura","floor":22.0},{"not_picked":["animator:Yusa","animator:TohkaYatogami+1"],"picked":"animator:ElricEdward+1","floor":23.0},{"not_picked":["animator:Konayuki","animator:ShidoItsuka","animator:TukaLunaMarceau"],"picked":"SKIP","floor":24},{"not_picked":["animator:YuzuruOtonashi","animator:Shuna","animator:SuikaIbuki+1"],"picked":"SKIP","floor":24}],"player_experience":941592,"relics_obtained":[{"floor":6.0,"key":"Molten Egg 2"},{"floor":8.0,"key":"Replay:PocketPolymizer"},{"floor":9.0,"key":"Chameleon Ring"},{"floor":11.0,"key":"Potion Belt"},{"floor":13.0,"key":"Unceasing Top"},{"floor":20.0,"key":"CloakClasp"},{"floor":23.0,"key":"Peace Pipe"}],"event_choices":[],"is_beta":false,"boss_relics":[{"not_picked":["ReplayTheSpireMod:DimensionalGlitch","Kintsugi"],"picked":"Mark of Pain"}],"items_purged_floors":[0],"is_endless":false,"potions_floor_spawned":[2,5,11,13,14,18,21],"killed_by":"Gensokyo:Tenshi","ascension_level":20}}