{"host":"4qkvkh7pd9qr2mca","time":1612118795,"event":{"mods":["AchievementEnabler","Act Like it!","BaseMod","Colored Map","Colored Powertips","Highlight Path","Minty Spire (QoL Compilation)","Pale of the Ancients","Permanent Neow","Quick Restart","Relic Stats","StSLib","SuperFastMode"],"gold_per_floor":[361,286,300,300,317,349,349,349,349],"floor_reached":8,"language":"ENG","playtime":409,"items_purged":[],"score":112,"play_id":"dcaa1619-aa14-4811-9c5e-6bd9c6435b04","local_time":"20210131194635","is_ascension_mode":true,"campfire_choices":[{"data":"Strike_G","floor":7,"key":"PURGE"}],"circlet_count":0,"master_deck":["AscendersBane","Strike_G","Strike_G","Strike_G","Defend_G","Defend_G","Defend_G","Defend_G","Defend_G","Survivor","Neutralize","Blade Dance","Well Laid Plans+1","Dagger Throw","Glass Knife"],"relics":["Ring of the Snake","Peace Pipe"],"acts_visited":["Exordium"],"potions_floor_usage":[6],"damage_taken":[{"damage":0,"enemies":"Jaw Worm","floor":1,"turns":8},{"damage":0,"enemies":"Small Slimes","floor":3,"turns":4},{"damage":1,"enemies":"Cultist","floor":5,"turns":4},{"damage":27,"enemies":"3 Sentries","floor":6,"turns":13},{"damage":28,"enemies":"Lagavulin","floor":8,"turns":7}],"seed_played":"-4449755346307912341","potions_obtained":[{"floor":3,"key":"CunningPotion"}],"is_trial":false,"path_per_floor":["M","?","M","?","M","E","R","E"],"character_chosen":"THE_SILENT","items_purchased":[],"campfire_rested":0,"item_purchase_floors":[],"current_hp_per_floor":[59,59,59,59,58,31,31,3,3],"gold":349,"neow_bonus":"TWO_FIFTY_GOLD","is_daily":false,"chose_seed":false,"campfire_upgraded":0,"win_rate":0.0,"timestamp":1612118795,"path_taken":["M","?","M","?","M","E","R","E"],"items_purchased_type":[],"build_version":"2020-12-22","purchased_purges":0,"victory":false,"max_hp_per_floor":[60,60,60,60,60,60,60,60,60],"relic_stats":{"Peace Pipe":1,"counters":[5,36],"obtain_stats":[{"Peace Pipe":6,"Ring of the Snake":0},{"Peace Pipe":4,"Ring of the Snake":0},{"Peace Pipe":29,"Ring of the Snake":0}],"Ring of the Snake":[10]},"card_choices":[{"not_picked":["Bane","Outmaneuver"],"picked":"Blade Dance","floor":1},{"not_picked":["Flying Knee","Cloak And Dagger"],"picked":"Well Laid Plans","floor":3},{"not_picked":["PiercingWail","Underhanded Strike"],"picked":"Dagger Throw","floor":5},{"not_picked":["PiercingWail","Acrobatics"],"picked":"Glass Knife","floor":6}],"player_experience":599314,"relics_obtained":[{"floor":6,"key":"Peace Pipe"}],"event_choices":[{"cards_removed":["Strike_G"],"damage_healed":0,"gold_gain":0,"player_choice":"Card Removal","damage_taken":0,"max_hp_gain":0,"max_hp_loss":0,"event_name":"The Cleric","floor":2,"gold_loss":75},{"damage_healed":0,"gold_gain":0,"player_choice":"Upgraded","damage_taken":0,"max_hp_gain":0,"max_hp_loss":0,"event_name":"Upgrade Shrine","floor":4,"gold_loss":0,"cards_upgraded":["Well Laid Plans"]}],"is_beta":false,"boss_relics":[],"items_purged_floors":[],"is_endless":false,"potions_floor_spawned":[3],"killed_by":"Lagavulin","ascension_level":20}}