{"host":"ynimr9ugvc6f046i","time":1612058513,"event":{"mods":["2.2 Compatiblity","BaseMod","Colored Map","DeckTracker","Highlight Path","Keyboard Shortcuts","Minty Spire (QoL Compilation)","Permanent Neow","Quick Restart","StSLib","SuperFastMode"],"gold_per_floor":[16,27,27,46,46,46,46,71,71,71,92,107,107,134,134,134,238,310,332,616,631,96,120,120,120,120],"floor_reached":25,"language":"KOR","playtime":451,"items_purged":["Regret"],"score":440,"play_id":"fc501391-5d34-47fa-8f49-5a09d19d2366","local_time":"20210131110153","is_ascension_mode":true,"campfire_choices":[{"floor":6.0,"key":"DIG"},{"floor":7.0,"key":"DIG"},{"floor":10.0,"key":"DIG"},{"data":"Deadly Poison","floor":15.0,"key":"SMITH"},{"floor":16.0,"key":"DIG"},{"data":"Master of Strategy","floor":24.0,"key":"SMITH"}],"circlet_count":0,"master_deck":["AscendersBane","Survivor","Neutralize","Riddle With Holes","Accuracy","Deadly Poison+1","Footwork","Corpse Explosion","Riddle With Holes","Bullet Time","Night Terror","Cloak And Dagger","Footwork","Accuracy","Escape Plan","Poisoned Stab","Cloak And Dagger","Master of Strategy+1","Acrobatics"],"relics":["Ring of the Snake","Golden Idol","Shovel","WingedGreaves","Pen Nib","Shuriken","Lantern","CeramicFish","Letter Opener","Pandora\u0027s Box","Bottled Lightning"],"acts_visited":["Exordium","TheCity"],"potions_floor_usage":[],"damage_taken":[{"damage":0.0,"enemies":"2 Louse","floor":1.0,"turns":3.0},{"damage":1.0,"enemies":"Small Slimes","floor":2.0,"turns":3.0},{"damage":4.0,"enemies":"Cultist","floor":4.0,"turns":4.0},{"damage":6.0,"enemies":"Looter","floor":8.0,"turns":4.0},{"damage":5.0,"enemies":"3 Louse","floor":11.0,"turns":4.0},{"damage":35.0,"enemies":"Gremlin Gang","floor":12.0,"turns":7.0},{"damage":0.0,"enemies":"Blue Slaver","floor":14.0,"turns":2.0},{"damage":3.0,"enemies":"Hexaghost","floor":17.0,"turns":9.0},{"damage":0.0,"enemies":"3 Byrds","floor":19.0,"turns":1.0},{"damage":13.0,"enemies":"Shell Parasite","floor":21.0,"turns":4.0},{"damage":0.0,"enemies":"Centurion and Healer","floor":23.0,"turns":3.0},{"damage":0,"enemies":"Book of Stabbing","floor":25,"turns":1}],"seed_played":"3083316195659295601","potions_obtained":[{"floor":8.0,"key":"Weak Potion"},{"floor":12.0,"key":"FearPotion"},{"floor":14.0,"key":"Poison Potion"},{"floor":17.0,"key":"EssenceOfSteel"},{"floor":21.0,"key":"SteroidPotion"}],"is_trial":false,"path_per_floor":["M","M","?","M","?","R","R","M","T","R","M","M","?","M","R","R","B",null,"M","?","M","$","M","R","E"],"character_chosen":"THE_SILENT","items_purchased":["Master of Strategy","Bottled Lightning"],"campfire_rested":0,"item_purchase_floors":[22,22],"current_hp_per_floor":[59,58,58,54,54,54,54,48,48,48,43,8,8,8,8,8,5,46,46,46,33,33,33,33,33,33],"gold":120,"neow_bonus":"REMOVE_TWO","is_daily":false,"chose_seed":false,"campfire_upgraded":2,"win_rate":0.0,"timestamp":1612058513,"path_taken":["M","M","?","M","?","R","R","?","T","R","M","M","?","M","R","R","BOSS","M","?","?","$","M","R","E"],"items_purchased_type":["Card","Relic"],"build_version":"2020-12-22","purchased_purges":1,"victory":false,"max_hp_per_floor":[66,66,60,60,60,60,60,60,60,60,60,60,60,60,60,60,60,60,60,60,60,60,60,60,60,60],"card_choices":[{"not_picked":["Flying Knee","Sucker Punch"],"picked":"Riddle With Holes","floor":1.0},{"not_picked":["Bane","Quick Slash"],"picked":"Escape Plan","floor":2.0},{"not_picked":["Prepared","Bane","Cloak And Dagger"],"picked":"SKIP","floor":4.0},{"not_picked":["Underhanded Strike","Outmaneuver"],"picked":"Accuracy","floor":8.0},{"not_picked":["Concentrate","Bullet Time"],"picked":"Deadly Poison","floor":11.0},{"not_picked":["Bane","Expertise","Acrobatics"],"picked":"SKIP","floor":12.0},{"not_picked":["Bane","Poisoned Stab"],"picked":"Footwork","floor":14.0},{"not_picked":["Tools of the Trade","Envenom"],"picked":"Corpse Explosion","floor":17.0},{"not_picked":["Endless Agony","Quick Slash"],"picked":"Cloak And Dagger","floor":19.0},{"not_picked":["Finisher","Underhanded Strike","Deadly Poison"],"picked":"SKIP","floor":21.0},{"not_picked":["Cloak And Dagger","Bane"],"picked":"Acrobatics","floor":23.0}],"player_experience":546774,"relics_obtained":[{"floor":6.0,"key":"WingedGreaves"},{"floor":7.0,"key":"Pen Nib"},{"floor":9.0,"key":"Shuriken"},{"floor":10.0,"key":"Lantern"},{"floor":16.0,"key":"Letter Opener"}],"event_choices":[{"damage_healed":0.0,"max_hp_gain":0.0,"max_hp_loss":6.0,"gold_gain":0.0,"event_name":"Golden Idol","player_choice":"Lose Max HP","floor":3.0,"gold_loss":0.0,"damage_taken":0.0,"relics_obtained":["Golden Idol"]},{"cards_removed":["Escape Plan"],"damage_healed":0.0,"max_hp_gain":0.0,"max_hp_loss":0.0,"gold_gain":0.0,"event_name":"WeMeetAgain","player_choice":"Gave Card","floor":5.0,"gold_loss":0.0,"damage_taken":0.0,"relics_obtained":["Shovel"]},{"damage_healed":0.0,"max_hp_gain":0.0,"max_hp_loss":0.0,"gold_gain":0.0,"event_name":"Dead Adventurer","player_choice":"Searched \u00271\u0027 times","floor":13.0,"gold_loss":0.0,"damage_taken":0.0,"relics_obtained":["CeramicFish"]},{"damage_healed":0.0,"max_hp_gain":0.0,"max_hp_loss":0.0,"gold_gain":275.0,"event_name":"Golden Shrine","player_choice":"Desecrate","floor":20.0,"gold_loss":0.0,"damage_taken":0.0,"cards_obtained":["Regret"]}],"is_beta":false,"boss_relics":[{"not_picked":["Astrolabe","Busted Crown"],"picked":"Pandora\u0027s Box"}],"items_purged_floors":[22],"is_endless":false,"potions_floor_spawned":[8,12,14,17,21],"killed_by":"Book of Stabbing","ascension_level":20}}