{"host":"takgv9cv6xf64vhq","time":1612086430,"event":{"mods":["BaseMod","Colored Powertips","Conspire","Decade(王小明)","Downfall","Energized Spire","Hermit","Hubris","LagranYue(拉格朗・月)","Marisa（F雨　魔理沙）","Minty Spire (QoL Compilation)","Replay The Spire","StSLib","The Cursed","The Hierophant","The Jungle","The Servant 0.9.4","TheHeartMod"],"gold_per_floor":[118,118,135,2,49,74,74,93,120,136,153,153,153,170,80,175,175,285,285,285,385,405,431,447,447,470,480,480,500,526,536,536,634,634,648,923,942,961,574,604,618,618,642,670,670,670,670,687,687,687,687,687,49,78,78],"floor_reached":56,"language":"ZHS","playtime":6269,"items_purged":["Regret","Dodge and Roll"],"score":1910,"play_id":"97e3cef5-a00e-4cfb-aee3-0625bc018e4b","local_time":"20210131174710","is_ascension_mode":true,"campfire_choices":[{"data":"Flechettes","floor":7.0,"key":"SMITH"},{"floor":25.0,"key":"RECALL"},{"data":"Defend_G","floor":32.0,"key":"PURGE"},{"data":"After Image","floor":42,"key":"SMITH"},{"data":"Terror","floor":47,"key":"SMITH"},{"data":"Fluid Movement+1","floor":49,"key":"PURGE"},{"data":"Caltrops","floor":52,"key":"SMITH"}],"circlet_count":0,"master_deck":["Footwork+1","Defend_G+1","Defend_G+1","Survivor","Neutralize","Slice","Reflex","ReplayTheSpireMod:Uncanny Aura+1","Cloak And Dagger","Cloak And Dagger","Flechettes+1","Corpse Explosion","Footwork","Acrobatics","Blade Dance","Adrenaline","Concentrate","Dagger Throw+1","ReplayTheSpireMod:Scrap Shanks","Dagger Spray+1","Caltrops+1","Terror+1","Tactician","Hidden Blade+1","After Image+1","Prepared","Concentrate","Pot Of Greed","Pot Of Greed","Pot Of Greed","Jack Of All Trades","Dagger Throw+1","Setup+1","Deflect+1","Madness","Madness","ReplayTheSpireMod:The Works","Pot Of Greed","Finisher","ReplayUltimateDefense"],"relics":["ReplayTheSpireMod:DimensionalGlitch","Nunchaku","War Paint","Potion Belt","hubris:Icosahedron","CultistMask","Honey Jar","theJungle:SneckoAutograph","theJungle:SpiritDisease","Mercury Hourglass","Spirit Poop","ReplayTheSpireMod:Ninjato","Slimebound:PreparedRelic","Replay:Drink Me","Regal Pillow","Grinning Jar","Whetstone","Calipers","Shuriken","conspire:DeflatedDodgeball"],"acts_visited":["Exordium","Exordium","TheBeyond","TheEnding"],"potions_floor_usage":[41,55,55,55,55,55,55,55,55,55,55,55],"damage_taken":[{"damage":3.0,"enemies":"Small Slimes","floor":1.0,"turns":5.0},{"damage":0.0,"enemies":"Cultist","floor":3.0,"turns":4.0},{"damage":13.0,"enemies":"conspire:MimicChest","floor":5.0,"turns":9.0},{"damage":37.0,"enemies":"Gremlin Nob","floor":6.0,"turns":5.0},{"damage":4.0,"enemies":"Jaw Worm","floor":8.0,"turns":4.0},{"damage":0.0,"enemies":"Looter","floor":10.0,"turns":3.0},{"damage":0.0,"enemies":"2 Fungi Beasts","floor":11.0,"turns":3.0},{"damage":3.0,"enemies":"Red Slaver","floor":14.0,"turns":4.0},{"damage":31.0,"enemies":"Fading Forest","floor":16.0,"turns":11.0},{"damage":12.0,"enemies":"theJungle:Flameango_and_Byrd","floor":18.0,"turns":6.0},{"damage":0.0,"enemies":"theJungle:GiantWrat","floor":22.0,"turns":4.0},{"damage":1.0,"enemies":"theJungle:Cassacara","floor":23.0,"turns":8.0},{"damage":11.0,"enemies":"Snake Plant","floor":24.0,"turns":7.0},{"damage":0.0,"enemies":"theJungle:Lyon","floor":27.0,"turns":5.0},{"damage":11.0,"enemies":"theJungle:2_Flameangoes","floor":29.0,"turns":4.0},{"damage":0.0,"enemies":"theJungle:2_Phrogs","floor":30.0,"turns":3.0},{"damage":0.0,"enemies":"theJungle:JungleHuntersEncounter","floor":31.0,"turns":3.0},{"damage":0.0,"enemies":"theJungle:FunGuy","floor":33.0,"turns":3.0},{"damage":0.0,"enemies":"Orb Walker","floor":35.0,"turns":2.0},{"damage":0.0,"enemies":"3 Darklings","floor":37.0,"turns":3.0},{"damage":0.0,"enemies":"Spire Growth","floor":38.0,"turns":2.0},{"damage":0.0,"enemies":"Nemesis","floor":40.0,"turns":1.0},{"damage":0,"enemies":"Jaw Worm Horde","floor":41,"turns":2},{"damage":0,"enemies":"R_Hoarder","floor":44,"turns":2},{"damage":10,"enemies":"4 Shapes","floor":48,"turns":3},{"damage":0,"enemies":"hubris:GrandSnecko","floor":50,"turns":3},{"damage":0,"enemies":"Shield and Spear","floor":54,"turns":2},{"damage":0,"enemies":"The Heart","floor":55,"turns":4}],"seed_played":"-4241133308854460331","potions_obtained":[{"floor":3.0,"key":"Fire Potion"},{"floor":5.0,"key":"SpeedPotion"},{"floor":6.0,"key":"SpeedPotion"},{"floor":10.0,"key":"Energy Potion"},{"floor":22.0,"key":"GamblersBrew"},{"floor":27.0,"key":"conspire:TimeTravelPotion"},{"floor":30.0,"key":"EntropicBrew"},{"floor":31.0,"key":"Reflective Coating"},{"floor":38.0,"key":"Strength Potion"},{"floor":40.0,"key":"FearPotion"},{"floor":41,"key":"Fire Potion"},{"floor":44,"key":"Guardian:BlockOnCardUsePotion"}],"is_trial":false,"path_per_floor":["M","?","M","$","?","E","R","M","T","M","M","?","?","M","R","B",null,"M","?","?","?","M","E","M","R","T","M","T","M","E","M","R","B",null,"M","?","M","M","$","E","M","R","T","E","?","?","R","M","R","B",null,"R","$","E","B",null],"character_chosen":"THE_SILENT","items_purchased":["ReplayTheSpireMod:Uncanny Aura","Cloak And Dagger","Concentrate","Grinning Jar","Jack Of All Trades","Shuriken","Finisher","ReplayUltimateDefense","BlessingOfTheForge"],"campfire_rested":0,"item_purchase_floors":[4,4,39,39,39,53,53,53,53],"current_hp_per_floor":[67,67,67,67,54,17,17,13,13,13,13,13,13,45,45,14,56,44,44,44,44,44,43,32,32,32,32,32,56,56,56,56,56,53,53,53,53,53,53,53,53,53,53,54,47,47,47,37,37,37,50,50,50,50,50],"gold":78,"neow_bonus":"BOSS_RELIC","is_daily":false,"chose_seed":false,"campfire_upgraded":4,"win_rate":0.0,"timestamp":1612086430,"path_taken":["M","?","M","?","?","E","R","M","T","M","M","?","?","M","R","BOSS","M","?","?","?","M","E","M","R","T","?","?","?","E","M","R","BOSS","M","?","M","M","$","E","?","R","T","E","?","?","R","?","R","BOSS","R","$","E","BOSS"],"items_purchased_type":["Card","Card","Card","Relic","Card","Relic","Card","Card","Potion"],"build_version":"2020-12-22","purchased_purges":2,"victory":true,"max_hp_per_floor":[70,70,70,70,70,70,70,70,70,70,70,70,70,70,70,70,70,70,70,70,70,70,70,70,70,70,70,70,70,70,70,70,70,53,53,53,53,53,53,53,53,53,53,54,54,54,54,54,54,54,54,54,54,54,54],"card_choices":[{"not_picked":["Outmaneuver","Reflex"],"picked":"Slice","floor":1.0},{"not_picked":["Tactician","Sucker Punch"],"picked":"Reflex","floor":3.0},{"not_picked":["Bane","Toxin Wave"],"picked":"Flechettes","floor":5.0},{"not_picked":["Dagger Spray","conspire:PoisonWeapons"],"picked":"Corpse Explosion","floor":6.0},{"not_picked":["Dagger Spray","hubris:SlightOfHand"],"picked":"Footwork","floor":8.0},{"not_picked":["Draining Mist","Cloak And Dagger"],"picked":"Acrobatics","floor":10.0},{"not_picked":["Backflip","Deadly Poison"],"picked":"Blade Dance","floor":11.0},{"not_picked":["ReplayTheSpireMod:The Works","Quick Slash"],"picked":"Dodge and Roll","floor":14.0},{"not_picked":["Glass Knife","Tools of the Trade"],"picked":"Adrenaline","floor":16.0},{"not_picked":["Blade Dance","Underhanded Strike","Deadly Poison+1"],"picked":"Concentrate","floor":18.0},{"not_picked":["Dodge and Roll","Poisoned Stab+1","conspire:PoisonWeapons+1"],"picked":"Dagger Throw","floor":22.0},{"not_picked":["Bane","hubris:TrickCloak","hubris:SlightOfHand"],"picked":"ReplayTheSpireMod:Scrap Shanks","floor":23.0},{"not_picked":["Poisoned Stab","Expertise","Bane+1"],"picked":"Dagger Spray","floor":24.0},{"not_picked":["Acrobatics","Flying Knee","ReplayTheSpireMod:From All Sides"],"picked":"Caltrops","floor":27.0},{"not_picked":["Slice","Riddle With Holes","Outmaneuver"],"picked":"Terror","floor":29.0},{"not_picked":["Outmaneuver","Choke","Slice+1"],"picked":"Tactician","floor":30.0},{"not_picked":["Wraith Form v2","Caltrops","Heel Hook"],"picked":"Hidden Blade+1","floor":31.0},{"not_picked":["Burst","Bullet Time","Unload"],"picked":"After Image","floor":33.0},{"not_picked":["Underhanded Strike+1","Deadly Poison+1","Blade Dance+1"],"picked":"Fluid Movement+1","floor":35.0},{"not_picked":["Acrobatics","Hidden Blade+1","Poisoned Stab","Sucker Punch+1"],"picked":"SKIP","floor":37.0},{"not_picked":["Terror+1","Hidden Blade","Flying Knee+1"],"picked":"Prepared","floor":38.0},{"not_picked":["Grand Finale","Flying Knee+1","Outmaneuver+1"],"picked":"Dagger Throw+1","floor":40.0},{"not_picked":["Skewer","Dagger Spray+1","Flechettes"],"picked":"Setup+1","floor":41},{"not_picked":["ReplayTheSpireMod:Tripwire+1","Replay:Bag of Tricks","ReplayTheSpireMod:Exploit Weakness+1"],"picked":"Deflect+1","floor":44},{"not_picked":["hubris:SlightOfHand","Acrobatics","ReplayTheSpireMod:Shiv Toss"],"picked":"ReplayTheSpireMod:The Works","floor":48},{"not_picked":["Outmaneuver+1","Blade Dance","Acrobatics","Deflect"],"picked":"SKIP","floor":54}],"player_experience":250958,"relics_obtained":[{"floor":5.0,"key":"Nunchaku"},{"floor":6.0,"key":"War Paint"},{"floor":9.0,"key":"Potion Belt"},{"floor":23.0,"key":"Mercury Hourglass"},{"floor":26.0,"key":"Spirit Poop"},{"floor":28.0,"key":"ReplayTheSpireMod:Ninjato"},{"floor":30.0,"key":"Slimebound:PreparedRelic"},{"floor":40.0,"key":"Whetstone"},{"floor":44,"key":"Calipers"},{"floor":54,"key":"conspire:DeflatedDodgeball"}],"event_choices":[{"cards_removed":["Strike_G"],"damage_healed":0.0,"max_hp_gain":0.0,"max_hp_loss":0.0,"gold_gain":0.0,"event_name":"Bonfire Elementals","player_choice":"Offered Basic","floor":2.0,"gold_loss":0.0,"damage_taken":0.0},{"damage_healed":0.0,"max_hp_gain":0.0,"max_hp_loss":0.0,"gold_gain":0.0,"event_name":"FaceTrader","player_choice":"Trade","floor":13.0,"gold_loss":0.0,"damage_taken":0.0,"relics_obtained":["CultistMask"]},{"cards_removed":["Strike_G"],"damage_healed":0.0,"max_hp_gain":0.0,"max_hp_loss":0.0,"gold_gain":0.0,"event_name":"Designer","player_choice":"Upgrade and Remove","floor":15.0,"gold_loss":90.0,"damage_taken":0.0,"cards_upgraded":["Defend_G"]},{"damage_healed":0.0,"max_hp_gain":0.0,"max_hp_loss":0.0,"gold_gain":100.0,"event_name":"Golden Shrine","player_choice":"Pray","floor":21.0,"gold_loss":0.0,"damage_taken":0.0},{"damage_healed":0.0,"max_hp_gain":0.0,"max_hp_loss":0.0,"gold_gain":275.0,"event_name":"Golden Shrine","player_choice":"Desecrate","floor":36.0,"gold_loss":0.0,"damage_taken":0.0,"cards_obtained":["Regret"]},{"damage_healed":0,"gold_gain":0,"player_choice":"Embrace Madness","damage_taken":7,"max_hp_gain":0,"max_hp_loss":0,"event_name":"Winding Halls","floor":45,"gold_loss":0,"cards_obtained":["Madness","Madness"]},{"damage_healed":0,"gold_gain":0,"player_choice":"Bought 0 Potions","damage_taken":0,"max_hp_gain":0,"max_hp_loss":0,"event_name":"The Woman in Blue","floor":46,"gold_loss":0}],"is_beta":false,"boss_relics":[{"not_picked":["Busted Crown","hubris:Stopwatch"],"picked":"Honey Jar"},{"not_picked":["Kintsugi","Pandora\u0027s Box"],"picked":"Replay:Drink Me"}],"items_purged_floors":[39,53],"is_endless":false,"potions_floor_spawned":[3,5,6,10,22,27,30,31,38,40,41,44,48,54],"ascension_level":5}}