{"host":"zlryddw6xv0ljf8b","time":1612129697,"event":{"mods":["AchievementEnabler","BaseMod","Colored Map","Colored Powertips","Highlight Path","Minty Spire (QoL Compilation)","Permanent Neow","Quick Restart","StSLib"],"gold_per_floor":[118,138,138,138,163,163,14,14,38,113,138,156,203,153,153,291,291,316,63,63,0,19,42,86,86,111,245,265,299,24,24,24,130,130,144,166,107,123,123,163,163,216,216,235,246,96,116,125,125,125],"floor_reached":51,"language":"ENG","playtime":4295,"items_purged":["Injury","Strike_G","Strike_G","Strike_G"],"score":820,"play_id":"6e7cd2f1-6398-4972-908b-9034a277af13","local_time":"20210131154817","is_ascension_mode":false,"campfire_choices":[{"data":"Leg Sweep","floor":6,"key":"SMITH"},{"data":"Well Laid Plans","floor":8,"key":"SMITH"},{"data":"Deadly Poison","floor":15,"key":"SMITH"},{"data":"Setup","floor":25,"key":"SMITH"},{"data":"Wraith Form v2","floor":32,"key":"SMITH"},{"data":"Burst","floor":41,"key":"SMITH"},{"data":"Master of Strategy","floor":49,"key":"SMITH"}],"circlet_count":0,"master_deck":["Strike_G+1","Defend_G","Defend_G","Defend_G","Defend_G+1","Defend_G","Survivor","Neutralize","Corpse Explosion","Leg Sweep+1","Terror","Well Laid Plans+1","Deadly Poison+1","Backflip","Backflip","Wraith Form v2+1","Cloak And Dagger+1","Setup+1","Blade Dance+1","Burst+1","Noxious Fumes+1","Deadly Poison","Acrobatics","Bullet Time","Footwork+1","Footwork","Dodge and Roll+1","Master of Strategy+1"],"relics":["Ring of the Snake","Bloody Idol","Snake Skull","Strawberry","CeramicFish","SlaversCollar","TwistedFunnel","Nunchaku","Mango","Pear","Philosopher\u0027s Stone","Juzu Bracelet","Incense Burner","HornCleat"],"acts_visited":["Exordium","TheCity","TheBeyond"],"potions_floor_usage":[16,18,27,27,40,47,50],"damage_taken":[{"damage":0,"enemies":"2 Louse","floor":1,"turns":2},{"damage":0,"enemies":"Small Slimes","floor":2,"turns":4},{"damage":0,"enemies":"Jaw Worm","floor":11,"turns":4},{"damage":0,"enemies":"Looter","floor":12,"turns":5},{"damage":0,"enemies":"Lagavulin","floor":13,"turns":6},{"damage":10,"enemies":"The Guardian","floor":16,"turns":9},{"damage":8,"enemies":"2 Thieves","floor":18,"turns":4},{"damage":2,"enemies":"Spheric Guardian","floor":22,"turns":5},{"damage":4,"enemies":"Snake Plant","floor":23,"turns":6},{"damage":4,"enemies":"Book of Stabbing","floor":24,"turns":8},{"damage":7,"enemies":"Colosseum Slavers","floor":27,"turns":4},{"damage":13,"enemies":"Colosseum Nobs","floor":27,"turns":3},{"damage":7,"enemies":"Centurion and Healer","floor":28,"turns":5},{"damage":1,"enemies":"Shelled Parasite and Fungi","floor":29,"turns":7},{"damage":27,"enemies":"Champ","floor":33,"turns":10},{"damage":0,"enemies":"3 Shapes","floor":35,"turns":2},{"damage":7,"enemies":"3 Darklings","floor":36,"turns":4},{"damage":0,"enemies":"4 Shapes","floor":38,"turns":4},{"damage":2,"enemies":"Nemesis","floor":40,"turns":9},{"damage":7,"enemies":"2 Orb Walkers","floor":42,"turns":6},{"damage":10,"enemies":"Writhing Mass","floor":44,"turns":7},{"damage":0,"enemies":"Maw","floor":45,"turns":7},{"damage":1,"enemies":"Sphere and 2 Shapes","floor":47,"turns":7},{"damage":0,"enemies":"Awakened One","floor":50,"turns":16}],"seed_played":"7123439637251716550","potions_obtained":[{"floor":11,"key":"Block Potion"},{"floor":12,"key":"PowerPotion"},{"floor":13,"key":"Explosive Potion"},{"floor":18,"key":"DistilledChaos"},{"floor":22,"key":"SkillPotion"},{"floor":27,"key":"FearPotion"},{"floor":33,"key":"Swift Potion"},{"floor":36,"key":"LiquidBronze"},{"floor":40,"key":"Strength Potion"},{"floor":44,"key":"SpeedPotion"},{"floor":47,"key":"Dexterity Potion"}],"is_trial":false,"path_per_floor":["M","M","?","?","T","R","$","R","T","?","M","M","E","?","R","B",null,"M","$","?","?","M","M","E","R","T","?","M","M","$","?","R","B",null,"M","M","$","M","?","E","R","?","T","M","M","$","M","?","R","B",null],"character_chosen":"THE_SILENT","items_purchased":["Well Laid Plans","TwistedFunnel","Noxious Fumes","Deadly Poison","Acrobatics","Footwork"],"campfire_rested":0,"item_purchase_floors":[7,19,30,30,30,37],"current_hp_per_floor":[70,70,56,56,56,56,56,56,63,52,52,52,52,52,52,42,77,69,69,69,69,67,63,59,59,59,63,56,55,55,55,55,38,101,101,101,101,101,101,101,101,99,99,94,99,99,101,101,101,101],"gold":125,"neow_bonus":"ONE_RANDOM_RARE_CARD","is_daily":false,"chose_seed":false,"campfire_upgraded":7,"win_rate":0.0,"timestamp":1612129697,"path_taken":["M","M","?","?","?","R","$","R","T","?","?","M","E","?","R","BOSS","M","$","?","?","?","M","E","R","T","?","M","M","$","?","R","BOSS","M","M","$","M","?","E","R","?","T","M","M","$","M","?","R","BOSS"],"items_purchased_type":["Card","Relic","Card","Card","Card","Card"],"build_version":"2020-12-22","purchased_purges":4,"victory":true,"max_hp_per_floor":[70,70,70,70,70,70,70,70,77,77,77,77,77,77,77,77,77,77,77,77,77,77,77,77,77,77,101,101,101,101,101,101,101,101,101,101,101,101,101,101,101,101,101,101,101,101,101,101,101,101],"card_choices":[{"not_picked":["Dagger Spray","Dodge and Roll"],"picked":"Leg Sweep","floor":1},{"not_picked":["Choke","Finisher"],"picked":"Terror","floor":2},{"not_picked":["All Out Attack","Escape Plan"],"picked":"Deadly Poison","floor":11},{"not_picked":["Outmaneuver","Masterful Stab"],"picked":"Backflip","floor":12},{"not_picked":["Endless Agony","Concentrate"],"picked":"Backflip","floor":13},{"not_picked":["Doppelganger","Tools of the Trade"],"picked":"Wraith Form v2","floor":16},{"not_picked":["Dagger Throw+1","Underhanded Strike"],"picked":"Cloak And Dagger+1","floor":18},{"not_picked":["Leg Sweep","Finisher","Bane"],"picked":"SKIP","floor":22},{"not_picked":["Outmaneuver","Leg Sweep","Heel Hook+1"],"picked":"SKIP","floor":23},{"not_picked":["Finisher","Tools of the Trade"],"picked":"Setup","floor":24},{"not_picked":["Well Laid Plans+1","Dodge and Roll"],"picked":"Blade Dance+1","floor":27},{"not_picked":["Underhanded Strike","Outmaneuver","Setup"],"picked":"SKIP","floor":28},{"not_picked":["Underhanded Strike","Outmaneuver","Setup"],"picked":"SKIP","floor":28},{"not_picked":["Terror","Finisher"],"picked":"Burst","floor":29},{"not_picked":["Corpse Explosion","Doppelganger"],"picked":"Bullet Time","floor":33},{"not_picked":["Outmaneuver+1","Sucker Punch","Skewer+1"],"picked":"SKIP","floor":35},{"not_picked":["Concentrate","Dagger Spray"],"picked":"Footwork+1","floor":36},{"not_picked":["Dagger Throw","Skewer","Backflip+1"],"picked":"SKIP","floor":38},{"not_picked":["Choke+1","Backflip"],"picked":"Dodge and Roll+1","floor":40},{"not_picked":["Reflex","Backstab","Blade Dance"],"picked":"SKIP","floor":44},{"not_picked":["Infinite Blades","Sucker Punch+1","Flechettes"],"picked":"SKIP","floor":45},{"not_picked":["Dagger Throw+1","Flying Knee","Sucker Punch+1"],"picked":"SKIP","floor":47},{"not_picked":["Dark Shackles","Finesse"],"picked":"Master of Strategy","floor":48}],"player_experience":38058,"relics_obtained":[{"floor":5,"key":"Snake Skull"},{"floor":9,"key":"Strawberry"},{"floor":13,"key":"CeramicFish"},{"floor":24,"key":"Nunchaku"},{"floor":27,"key":"Mango"},{"floor":27,"key":"Pear"},{"floor":40,"key":"Juzu Bracelet"},{"floor":42,"key":"Incense Burner"},{"floor":43,"key":"HornCleat"}],"event_choices":[{"damage_healed":0,"gold_gain":0,"player_choice":"Entered Light","damage_taken":14,"max_hp_gain":0,"max_hp_loss":0,"event_name":"Shining Light","floor":3,"gold_loss":0,"cards_upgraded":["Strike_G","Defend_G"]},{"damage_healed":0,"gold_gain":0,"player_choice":"Take Wound","damage_taken":0,"relics_obtained":["Golden Idol"],"max_hp_gain":0,"max_hp_loss":0,"event_name":"Golden Idol","floor":4,"gold_loss":0,"cards_obtained":["Injury"]},{"damage_healed":0,"gold_gain":75,"player_choice":"Gather Gold","damage_taken":11,"max_hp_gain":0,"max_hp_loss":0,"event_name":"World of Goop","floor":10,"gold_loss":0},{"cards_removed":["Strike_G"],"damage_healed":0,"gold_gain":0,"player_choice":"Card Removal","damage_taken":0,"max_hp_gain":0,"max_hp_loss":0,"event_name":"The Cleric","floor":14,"gold_loss":50},{"damage_healed":0,"gold_gain":0,"player_choice":"Ignored","damage_taken":0,"max_hp_gain":0,"max_hp_loss":0,"event_name":"Vampires","floor":20,"gold_loss":0},{"damage_healed":0,"gold_gain":0,"player_choice":"Paid Fearfully","damage_taken":0,"max_hp_gain":0,"max_hp_loss":0,"event_name":"Masked Bandits","floor":21,"gold_loss":63},{"damage_healed":0,"gold_gain":0,"player_choice":"Fight","damage_taken":0,"max_hp_gain":0,"max_hp_loss":0,"event_name":"Colosseum","floor":27,"gold_loss":0},{"damage_healed":0,"gold_gain":0,"player_choice":"Fought Nobs","damage_taken":0,"max_hp_gain":0,"max_hp_loss":0,"event_name":"Colosseum","floor":27,"gold_loss":0},{"damage_healed":0,"gold_gain":0,"player_choice":"Gave Idol","damage_taken":0,"relics_obtained":["Bloody Idol"],"max_hp_gain":0,"max_hp_loss":0,"event_name":"Forgotten Altar","floor":31,"relics_lost":["Golden Idol"],"gold_loss":0},{"damage_healed":0,"gold_gain":0,"player_choice":"Upgraded","damage_taken":0,"max_hp_gain":0,"max_hp_loss":0,"event_name":"Upgrade Shrine","floor":39,"gold_loss":0,"cards_upgraded":["Noxious Fumes"]},{"damage_healed":0,"gold_gain":0,"player_choice":"Fight","damage_taken":0,"max_hp_gain":0,"max_hp_loss":0,"event_name":"Mysterious Sphere","floor":42,"gold_loss":0},{"damage_healed":0,"gold_gain":0,"player_choice":"Memory 1","damage_taken":0,"max_hp_gain":0,"max_hp_loss":0,"event_name":"SensoryStone","floor":48,"gold_loss":0}],"is_beta":false,"boss_relics":[{"not_picked":["Fusion Hammer","Calling Bell"],"picked":"SlaversCollar"},{"not_picked":["Astrolabe","Snecko Eye"],"picked":"Philosopher\u0027s Stone"}],"items_purged_floors":[7,19,30,46],"is_endless":false,"potions_floor_spawned":[11,12,13,18,22,27,33,36,40,42,44,47],"ascension_level":0}}