{"host":"ek3xvuouaw6vk9if","time":1612060022,"event":{"mods":["BaseMod","BetterRewards","Downfall","Minty Spire (QoL Compilation)","Permanent Neow","Quick Restart","Relic Stats","Replay The Spire","Robot Space Explorer","Spire Arcade","StSLib","The Marked"],"gold_per_floor":[99,110,110,128,138,165,165,265,265,280,280,280,280],"floor_reached":11,"language":"ENG","playtime":468,"items_purged":[],"score":84,"play_id":"da6df8f5-6df5-4262-8c8c-78ba8df15438","local_time":"20210130212702","is_ascension_mode":true,"campfire_choices":[{"data":"champ:Execute","floor":1,"key":"SMITH"},{"data":"champ:Taunt","floor":9,"key":"SMITH"}],"circlet_count":0,"master_deck":["champ:Strike","champ:Strike","champ:Strike","champ:Defend","champ:Defend","champ:Defend","champ:Defend","champ:Execute+1","champ:Taunt+1","champ:ShieldSlam","champ:FancyFootwork","champ:ShieldSigil","champ:FocusedBerserking","champ:BerserkerStyle"],"relics":["champ:ChampionCrown","Tiny Chest","Bird Faced Urn","Ginger"],"acts_visited":["Exordium"],"potions_floor_usage":[],"damage_taken":[{"damage":11,"enemies":"Cultist","floor":2,"turns":3},{"damage":22,"enemies":"Jaw Worm","floor":4,"turns":3},{"damage":14,"enemies":"Small Slimes","floor":5,"turns":3},{"damage":72,"enemies":"3 Sentries","floor":6,"turns":13},{"damage":30,"enemies":"3 Louse","floor":10,"turns":3},{"damage":64,"enemies":"Gremlin Nob","floor":11,"turns":4}],"seed_played":"-2622621834986273594","potions_obtained":[{"floor":4,"key":"Strength Potion"}],"is_trial":false,"path_per_floor":["R","M","?","M","M","E","T","?","R","M","E"],"character_chosen":"THE_CHAMP","items_purchased":[],"campfire_rested":0,"item_purchase_floors":[],"current_hp_per_floor":[90,89,89,87,83,31,31,31,31,31,0,0,0],"gold":280,"neow_bonus":"RANDOM_COMMON_RELIC","is_daily":false,"chose_seed":false,"campfire_upgraded":2,"win_rate":0.0,"timestamp":1612060022,"path_taken":["R","M","?","M","M","E","T","?","R","?","E"],"items_purchased_type":[],"build_version":"2020-12-22","purchased_purges":0,"victory":false,"max_hp_per_floor":[90,90,90,90,90,90,90,90,90,90,90,90,90],"relic_stats":{"counters":[6,29],"Bird Faced Urn":[2],"Tiny Chest":0,"Ginger":[4],"obtain_stats":[{"Bird Faced Urn":6,"champ:ChampionCrown":0,"Tiny Chest":0,"Ginger":7},{"Bird Faced Urn":4,"champ:ChampionCrown":0,"Tiny Chest":0,"Ginger":4},{"Bird Faced Urn":22,"champ:ChampionCrown":0,"Tiny Chest":0,"Ginger":22}]},"card_choices":[{"not_picked":["champ:PreciseThrust","champ:Shatter"],"picked":"champ:ShieldSlam","floor":2},{"not_picked":["champ:Backstep","champ:TornadoPunch"],"picked":"champ:FancyFootwork","floor":4},{"not_picked":["champ:PreciseThrust","champ:RecklessLeap"],"picked":"champ:ShieldSigil","floor":5},{"not_picked":["champ:Circumvent","champ:ViciousMockery"],"picked":"champ:FocusedBerserking","floor":6},{"not_picked":["champ:StanceDance","champ:Parry"],"picked":"champ:BerserkerStyle","floor":10}],"player_experience":737037,"relics_obtained":[{"floor":6,"key":"Bird Faced Urn"},{"floor":7,"key":"Ginger"}],"event_choices":[],"is_beta":false,"boss_relics":[],"items_purged_floors":[],"is_endless":false,"potions_floor_spawned":[4],"killed_by":"Gremlin Nob","ascension_level":3}}