{"host":"6p0attdrtjqaih7v","time":1612119592,"event":{"mods":["2.2 Compatiblity","AchievementEnabler","Bard","BaseMod","Better Skull","Better Third Choice","Colored Powertips","Downfall","Hermit","Highlight Path","Key Reminder","Minty Spire (QoL Compilation)","Permanent Neow","Quick Restart","Random Character Button","Relic Stats","Replay The Spire","Robot Space Explorer","StSLib","The Witch"],"gold_per_floor":[210,223,237,237,10,10,37,37,90,122,133,164,89,103,103,174,174,188,24,24,24,24,24,24,24,24,24,24,53,53,78,78,78,78],"floor_reached":33,"language":"ENG","playtime":1305,"items_purged":[],"score":694,"play_id":"437390d7-9bdb-40f2-8e30-a71fd07265db","local_time":"20210131135952","is_ascension_mode":true,"campfire_choices":[{"data":"Cloak And Dagger","floor":6,"key":"SMITH"},{"floor":8,"key":"REST"},{"data":"Quick Slash","floor":15,"key":"SMITH"},{"data":"Quick Slash","floor":15,"key":"SMITH"},{"floor":23,"key":"REST"},{"floor":25,"key":"REST"},{"data":"Blade Dance","floor":28,"key":"SMITH"},{"data":"Dash","floor":28,"key":"SMITH"},{"data":"Adrenaline","floor":30,"key":"SMITH"},{"data":"Survivor","floor":30,"key":"SMITH"},{"data":"Defend_G","floor":32,"key":"SMITH"},{"data":"Bullet Time","floor":32,"key":"SMITH"}],"circlet_count":0,"master_deck":["AscendersBane","Defend_G+1","Defend_G","Defend_G+1","Defend_G","Defend_G","Survivor+1","Neutralize+1","Quick Slash+1","Quick Slash+1","Cloak And Dagger+1","Prepared+1","Dagger Spray+1","Prepared+1","Blade Dance+1","PiercingWail+1","Dash+1","Adrenaline+1","Predator+1","Slimebound:Tackle+1","Slimebound:Tackle+1","Slimebound:Tackle+1","Bullet Time+1","Calculated Gamble"],"relics":["Ring of the Snake","champ:Barbells","Bag of Marbles","ReplayTheSpireMod:Lightbulb","Replay:Arrowhead","keyreminder:keyreminder","War Paint","HoveringKite","Bag of Preparation","Guardian:GemstoneGun","Art of War","Frozen Egg 2"],"acts_visited":["Exordium","TheCity"],"potions_floor_usage":[7,10,12,16,31,33],"damage_taken":[{"damage":0,"enemies":"2 Louse","floor":1,"turns":6},{"damage":1,"enemies":"Small Slimes","floor":2,"turns":4},{"damage":0,"enemies":"Jaw Worm","floor":3,"turns":5},{"damage":27,"enemies":"3 Sentries","floor":7,"turns":9},{"damage":6,"enemies":"Lagavulin","floor":10,"turns":5},{"damage":0,"enemies":"Blue Slaver","floor":11,"turns":2},{"damage":0,"enemies":"Gremlin Nob","floor":12,"turns":1},{"damage":0,"enemies":"3 Louse","floor":14,"turns":3},{"damage":37,"enemies":"Hexaghost","floor":16,"turns":12},{"damage":18,"enemies":"Spheric Guardian","floor":18,"turns":5},{"damage":0,"enemies":"Gremlin Leader","floor":29,"turns":2},{"damage":7,"enemies":"Replay:Snechameleon","floor":31,"turns":4},{"damage":75,"enemies":"Automaton","floor":33,"turns":10}],"seed_played":"-2956027122762405395","potions_obtained":[{"floor":2,"key":"SteroidPotion"},{"floor":7,"key":"FearPotion"},{"floor":10,"key":"Swift Potion"},{"floor":11,"key":"SteroidPotion"},{"floor":16,"key":"LiquidBronze"},{"floor":29,"key":"Regen Potion"}],"is_trial":false,"path_per_floor":["M","M","M","?","$","R","E","R","T","E","M","E","?","M","R","B",null,"M","$","?","?","T","R","$","R","T","?","R","E","R","E","R","B"],"character_chosen":"THE_SILENT","items_purchased":["Prepared","champ:Barbells","Predator","DuplicationPotion"],"campfire_rested":3,"item_purchase_floors":[5,5,19,19],"current_hp_per_floor":[59,58,58,58,58,58,31,50,50,44,44,44,44,44,44,7,51,33,33,15,15,15,36,36,57,57,57,57,57,57,50,50,0,0],"gold":78,"neow_bonus":"HUNDRED_GOLD","is_daily":false,"chose_seed":false,"campfire_upgraded":9,"win_rate":0.0,"timestamp":1612119592,"path_taken":["M","M","M","?","$","R","E","R","T","E","M","E","?","M","R","BOSS","M","$","?","?","?","R","?","R","T","?","R","E","R","E","R","BOSS"],"items_purchased_type":["Card","Relic","Card","Potion"],"build_version":"2020-12-22","purchased_purges":0,"victory":false,"max_hp_per_floor":[66,66,66,66,66,66,66,66,66,66,66,66,66,66,66,66,66,66,66,71,71,71,71,71,71,71,71,71,71,71,71,71,71,71],"relic_stats":{"counters":[13,68],"HoveringKite":[14],"Bag of Preparation":[6],"Art of War":[0],"War Paint":["Prepared","PiercingWail"],"obtain_stats":[{"keyreminder:keyreminder":12,"champ:Barbells":5,"Guardian:GemstoneGun":26,"HoveringKite":17,"Bag of Marbles":7,"Bag of Preparation":22,"Art of War":29,"War Paint":12,"Frozen Egg 2":31,"ReplayTheSpireMod:Lightbulb":9,"Replay:Arrowhead":10,"Ring of the Snake":0},{"keyreminder:keyreminder":7,"champ:Barbells":3,"Guardian:GemstoneGun":10,"HoveringKite":9,"Bag of Marbles":4,"Bag of Preparation":10,"Art of War":11,"War Paint":7,"Frozen Egg 2":12,"ReplayTheSpireMod:Lightbulb":4,"Replay:Arrowhead":5,"Ring of the Snake":0},{"keyreminder:keyreminder":32,"champ:Barbells":15,"Guardian:GemstoneGun":52,"HoveringKite":47,"Bag of Marbles":24,"Bag of Preparation":52,"Art of War":54,"War Paint":32,"Frozen Egg 2":58,"ReplayTheSpireMod:Lightbulb":24,"Replay:Arrowhead":29,"Ring of the Snake":0}],"Ring of the Snake":[26]},"card_choices":[{"not_picked":["Concentrate","Bane"],"picked":"Quick Slash","floor":1},{"not_picked":["Catalyst","Backflip"],"picked":"Quick Slash","floor":2},{"not_picked":["Expertise","Infinite Blades"],"picked":"Cloak And Dagger","floor":3},{"not_picked":["Distraction","Phantasmal Killer"],"picked":"Dagger Spray","floor":7},{"not_picked":["Acrobatics","Dagger Throw"],"picked":"Prepared","floor":10},{"not_picked":["PiercingWail","Quick Slash"],"picked":"Blade Dance","floor":11},{"not_picked":["Heel Hook","Setup"],"picked":"PiercingWail","floor":12},{"not_picked":["Night Terror","Expertise"],"picked":"Dash","floor":14},{"not_picked":["Die Die Die","Venomology"],"picked":"Adrenaline","floor":16},{"not_picked":["Prepared","Deflect","Deadly Poison"],"picked":"SKIP","floor":18},{"not_picked":["Outmaneuver","Riddle With Holes"],"picked":"Bullet Time","floor":29},{"not_picked":["Flechettes","Expertise"],"picked":"Calculated Gamble","floor":31}],"player_experience":1001722,"relics_obtained":[{"floor":7,"key":"Bag of Marbles"},{"floor":9,"key":"ReplayTheSpireMod:Lightbulb"},{"floor":10,"key":"Replay:Arrowhead"},{"floor":12,"key":"War Paint"},{"floor":22,"key":"Bag of Preparation"},{"floor":26,"key":"Guardian:GemstoneGun"},{"floor":29,"key":"Art of War"},{"floor":31,"key":"Frozen Egg 2"}],"event_choices":[{"damage_healed":0,"gold_gain":0,"player_choice":"Grow","damage_taken":0,"max_hp_gain":0,"max_hp_loss":0,"event_name":"Living Wall","floor":4,"gold_loss":0,"cards_upgraded":["Neutralize"]},{"cards_removed":["Strike_G"],"damage_healed":0,"gold_gain":0,"player_choice":"Card Removal","damage_taken":0,"max_hp_gain":0,"max_hp_loss":0,"event_name":"The Cleric","floor":13,"gold_loss":75},{"damage_healed":0,"gold_gain":0,"player_choice":"Shed Blood","damage_taken":23,"max_hp_gain":5,"max_hp_loss":0,"event_name":"Forgotten Altar","floor":20,"gold_loss":0},{"damage_healed":0,"gold_gain":0,"player_choice":"Forge","damage_taken":0,"max_hp_gain":0,"max_hp_loss":0,"event_name":"Accursed Blacksmith","floor":27,"gold_loss":0,"cards_upgraded":["Predator"]}],"is_beta":false,"boss_relics":[{"not_picked":["Busted Crown","Runic Dome"],"picked":"HoveringKite"}],"items_purged_floors":[],"is_endless":false,"potions_floor_spawned":[2,7,10,11,16,29],"killed_by":"Automaton","ascension_level":20}}