{"host":"2se5dq1do2gp0x9k","time":1612059828,"event":{"mods":["AchievementEnabler","BaseMod","Block Reminder","Colored Map","Colored Powertips","Minty Spire (QoL Compilation)","Relic Stats","StSLib","SuperFastMode"],"gold_per_floor":[109,184,184,196,216,216,231,231,231,231,16,35,35,69,69,164,164,188,203,203,203,203,203],"floor_reached":22,"language":"ENG","playtime":515,"items_purged":[],"score":418,"play_id":"cdd95884-77a0-4bc0-aa41-c7b9954e2144","local_time":"20210130182348","is_ascension_mode":true,"campfire_choices":[{"data":"Darkness","floor":6,"key":"SMITH"},{"data":"Coolheaded","floor":8,"key":"SMITH"},{"data":"Zap","floor":10,"key":"SMITH"},{"floor":15,"key":"DIG"}],"circlet_count":0,"master_deck":["AscendersBane","Strike_B","Strike_B","Strike_B","Defend_B","Defend_B","Defend_B","Defend_B","Zap+1","Dualcast","Auto Shields","Cold Snap","Darkness+1","Coolheaded+1","Conserve Battery","Buffer","Multi-Cast","Fission","Compile Driver+1","Leap","Chill"],"relics":["Cracked Core","NeowsBlessing","TungstenRod","Toolbox","Golden Idol","Shovel","Bag of Marbles","Coffee Dripper"],"acts_visited":["Exordium","TheCity"],"potions_floor_usage":[16,18],"damage_taken":[{"damage":0,"enemies":"Small Slimes","floor":1,"turns":1},{"damage":0,"enemies":"Jaw Worm","floor":4,"turns":1},{"damage":0,"enemies":"2 Louse","floor":5,"turns":1},{"damage":10,"enemies":"Large Slime","floor":7,"turns":3},{"damage":0,"enemies":"Red Slaver","floor":12,"turns":3},{"damage":0,"enemies":"Gremlin Nob","floor":14,"turns":3},{"damage":20,"enemies":"Hexaghost","floor":16,"turns":11},{"damage":6,"enemies":"3 Byrds","floor":18,"turns":4},{"damage":10,"enemies":"Spheric Guardian","floor":19,"turns":4},{"damage":20,"enemies":"Chosen and Byrds","floor":22,"turns":5}],"seed_played":"3448578811382595683","potions_obtained":[{"floor":1,"key":"Regen Potion"},{"floor":4,"key":"SmokeBomb"},{"floor":12,"key":"Weak Potion"}],"is_trial":false,"path_per_floor":["M","?","?","M","M","R","M","R","T","R","$","M","?","E","R","B",null,"M","M","?","?","M"],"character_chosen":"DEFECT","items_purchased":["Toolbox","Conserve Battery"],"campfire_rested":0,"item_purchase_floors":[11,11],"current_hp_per_floor":[64,53,53,53,53,53,43,43,43,43,43,43,43,43,43,38,58,52,42,42,42,22,22],"gold":203,"neow_bonus":"THREE_ENEMY_KILL","is_daily":false,"chose_seed":false,"campfire_upgraded":3,"win_rate":0.0,"timestamp":1612059828,"path_taken":["M","?","?","M","M","R","M","R","T","R","$","M","?","E","R","BOSS","M","M","?","?","M"],"items_purchased_type":["Relic","Card"],"build_version":"2020-12-22","purchased_purges":0,"victory":false,"max_hp_per_floor":[71,71,71,71,71,71,71,71,71,71,71,71,64,64,64,64,64,64,64,64,64,64,64],"relic_stats":{"Shovel":1,"counters":[10,36],"Golden Idol":34,"obtain_stats":[{"Shovel":14,"NeowsBlessing":0,"Golden Idol":13,"Toolbox":11,"Bag of Marbles":15,"Coffee Dripper":17,"Cracked Core":0,"TungstenRod":9},{"Shovel":6,"NeowsBlessing":0,"Golden Idol":5,"Toolbox":4,"Bag of Marbles":6,"Coffee Dripper":7,"Cracked Core":0,"TungstenRod":4},{"Shovel":12,"NeowsBlessing":0,"Golden Idol":9,"Toolbox":6,"Bag of Marbles":12,"Coffee Dripper":23,"Cracked Core":0,"TungstenRod":6}],"TungstenRod":16},"card_choices":[{"not_picked":["Steam","Barrage","Turbo"],"picked":"SKIP","floor":1},{"not_picked":["Rebound","Barrage"],"picked":"Cold Snap","floor":4},{"not_picked":["Beam Cell","Chaos"],"picked":"Darkness","floor":5},{"not_picked":["Stack","Recycle"],"picked":"Coolheaded","floor":7},{"not_picked":["Beam Cell","Steam"],"picked":"Buffer","floor":12},{"not_picked":["Steam","Cold Snap"],"picked":"Multi-Cast","floor":14},{"not_picked":["All For One","Amplify"],"picked":"Fission","floor":16},{"not_picked":["Steam Power","Sunder"],"picked":"Compile Driver+1","floor":18},{"not_picked":["Melter","Barrage"],"picked":"Leap","floor":19}],"player_experience":4007115,"relics_obtained":[{"floor":9,"key":"TungstenRod"},{"floor":14,"key":"Shovel"},{"floor":15,"key":"Bag of Marbles"}],"event_choices":[{"damage_healed":0,"gold_gain":75,"player_choice":"Gather Gold","damage_taken":11,"max_hp_gain":0,"max_hp_loss":0,"event_name":"World of Goop","floor":2,"gold_loss":0},{"damage_healed":0,"gold_gain":0,"cards_transformed":["Strike_B"],"player_choice":"Change","damage_taken":0,"max_hp_gain":0,"max_hp_loss":0,"event_name":"Living Wall","floor":3,"gold_loss":0,"cards_obtained":["Auto Shields"]},{"damage_healed":0,"gold_gain":0,"player_choice":"Lose Max HP","damage_taken":0,"relics_obtained":["Golden Idol"],"max_hp_gain":0,"max_hp_loss":7,"event_name":"Golden Idol","floor":13,"gold_loss":0},{"damage_healed":0,"gold_gain":0,"player_choice":"Ignored","damage_taken":0,"max_hp_gain":0,"max_hp_loss":0,"event_name":"The Mausoleum","floor":20,"gold_loss":0},{"damage_healed":0,"gold_gain":0,"player_choice":"Read","damage_taken":0,"max_hp_gain":0,"max_hp_loss":0,"event_name":"The Library","floor":21,"gold_loss":0,"cards_obtained":["Chill"]}],"is_beta":false,"boss_relics":[{"not_picked":["Empty Cage","Calling Bell"],"picked":"Coffee Dripper"}],"items_purged_floors":[],"is_endless":false,"potions_floor_spawned":[1,4,12],"killed_by":"Chosen and Byrds","ascension_level":20}}