{"host":"q9718omregw4er46","time":1612086405,"event":{"mods":["BaseMod","Minty Spire (QoL Compilation)","Quick Restart","Relic Stats"],"gold_per_floor":[111,125,125,139,156,156,183,183,207,225,253,253,281,300,300,377,377,391,306,18,37,37,37,69,69,69,100,100,100,132,152,152,223,223,237,237,31,56,72,72,98,98,98,147,147,177,177,52,52,52,52,52,52,9,36,36],"floor_reached":57,"language":"ENG","playtime":2685,"items_purged":["Strike_R","Strike_R","Strike_R+1"],"score":3014,"play_id":"cd2dc6c0-c06f-47cf-83e8-4fc087df4d8e","local_time":"20210131144645","is_ascension_mode":true,"campfire_choices":[{"data":"Bash","floor":6.0,"key":"SMITH"},{"data":"Double Tap","floor":8.0,"key":"SMITH"},{"data":"Armaments","floor":15.0,"key":"SMITH"},{"data":"Demon Form","floor":23.0,"key":"SMITH"},{"data":"Flame Barrier","floor":25.0,"key":"SMITH"},{"data":"Spot Weakness","floor":29.0,"key":"SMITH"},{"floor":32.0,"key":"RECALL"},{"data":"Bludgeon","floor":40.0,"key":"SMITH"},{"data":"Shockwave","floor":42.0,"key":"SMITH"},{"data":"Pummel","floor":45.0,"key":"SMITH"},{"data":"Defend_R","floor":47.0,"key":"SMITH"},{"data":"Cleave","floor":49,"key":"SMITH"},{"data":"Reaper","floor":53,"key":"SMITH"}],"circlet_count":0,"master_deck":["AscendersBane","Strike_R+1","Defend_R","Defend_R+1","Defend_R+1","Defend_R+1","Bash+1","Spot Weakness+1","Carnage","Clothesline","Cleave+1","Double Tap+1","Shockwave+1","Armaments+1","Reaper+1","Flame Barrier+1","Demon Form+1","Clothesline","Apotheosis","Pummel+1","Shrug It Off+1","Reaper","Spot Weakness+1","Bludgeon+1","Dual Wield+1","Burning Pact+1","Shrug It Off+1","Flame Barrier+1","Entrench+1","True Grit+1"],"relics":["Snecko Eye","Boot","Whetstone","Oddly Smooth Stone","Black Star","Lantern","Pocketwatch","Toxic Egg 2","Unceasing Top","Pen Nib","Strawberry","MealTicket","Orichalcum","Cursed Key","FossilizedHelix","Incense Burner","Magic Flower","Charon\u0027s Ashes","War Paint","Ice Cream","Happy Flower","Ginger"],"acts_visited":["Exordium","TheCity","TheBeyond","TheEnding"],"potions_floor_usage":[55,56],"damage_taken":[{"damage":9.0,"enemies":"Jaw Worm","floor":1.0,"turns":6.0},{"damage":3.0,"enemies":"Small Slimes","floor":2.0,"turns":4.0},{"damage":0.0,"enemies":"Cultist","floor":4.0,"turns":2.0},{"damage":3.0,"enemies":"Exordium Wildlife","floor":5.0,"turns":3.0},{"damage":0.0,"enemies":"Gremlin Nob","floor":7.0,"turns":2.0},{"damage":9.0,"enemies":"Looter","floor":10.0,"turns":3.0},{"damage":15.0,"enemies":"3 Sentries","floor":11.0,"turns":4.0},{"damage":2.0,"enemies":"Lagavulin","floor":13.0,"turns":5.0},{"damage":6.0,"enemies":"Gremlin Gang","floor":14.0,"turns":2.0},{"damage":19.0,"enemies":"Slime Boss","floor":16.0,"turns":9.0},{"damage":20.0,"enemies":"2 Thieves","floor":18.0,"turns":4.0},{"damage":12.0,"enemies":"3 Byrds","floor":21.0,"turns":3.0},{"damage":10.0,"enemies":"Book of Stabbing","floor":24.0,"turns":3.0},{"damage":0.0,"enemies":"Gremlin Leader","floor":27.0,"turns":5.0},{"damage":0.0,"enemies":"Slavers","floor":30.0,"turns":2.0},{"damage":6.0,"enemies":"Snake Plant","floor":31.0,"turns":4.0},{"damage":70.0,"enemies":"Automaton","floor":33.0,"turns":10.0},{"damage":7.0,"enemies":"3 Shapes","floor":35.0,"turns":4.0},{"damage":6.0,"enemies":"Mind Bloom Boss Battle","floor":38.0,"turns":3.0},{"damage":0.0,"enemies":"3 Darklings","floor":39.0,"turns":4.0},{"damage":0.0,"enemies":"Reptomancer","floor":41.0,"turns":2.0},{"damage":11.0,"enemies":"2 Orb Walkers","floor":44.0,"turns":4.0},{"damage":0.0,"enemies":"Nemesis","floor":46.0,"turns":3.0},{"damage":36,"enemies":"Awakened One","floor":50,"turns":12},{"damage":24,"enemies":"Donu and Deca","floor":51,"turns":5},{"damage":88,"enemies":"Shield and Spear","floor":55,"turns":8},{"damage":183,"enemies":"The Heart","floor":56,"turns":9}],"seed_played":"-2012758731634363639","potions_obtained":[{"floor":4.0,"key":"CultistPotion"},{"floor":7.0,"key":"AttackPotion"},{"floor":11.0,"key":"ElixirPotion"},{"floor":30.0,"key":"PowerPotion"}],"is_trial":true,"path_per_floor":["M","M","?","M","M","R","E","R","T","M","E","?","E","M","R","B",null,"M","?","$","M","?","R","E","R","T","E","?","R","E","M","R","B",null,"M","?","$","?","M","R","E","R","T","?","R","E","R","$","R","B","B",null,"R","$","E","B",null],"character_chosen":"IRONCLAD","items_purchased":["Apotheosis","Burning Pact+1","Shrug It Off+1","Entrench+1"],"campfire_rested":0,"item_purchase_floors":[20,37,37,54],"current_hp_per_floor":[59,56,61,61,58,58,58,58,58,49,34,34,38,42,42,37,69,63,63,63,66,66,66,61,61,61,68,68,68,87,87,87,64,81,87,83,83,79,83,83,83,83,83,83,83,83,83,83,83,83,83,83,83,83,83,17],"gold":36,"neow_bonus":"","is_daily":false,"chose_seed":false,"campfire_upgraded":12,"win_rate":0.0,"timestamp":1612086405,"path_taken":["M","M","?","M","M","R","E","R","T","M","E","?","E","M","R","BOSS","M","?","$","M","?","R","E","R","T","E","?","R","E","?","R","BOSS","M","?","$","?","M","R","E","R","T","?","R","E","R","?","R","BOSS","BOSS","R","$","E","BOSS"],"items_purchased_type":["Card","Card","Card","Card"],"build_version":"2020-12-22","purchased_purges":3,"victory":true,"max_hp_per_floor":[75,75,80,80,80,80,80,80,80,80,80,80,80,80,80,80,80,80,80,80,80,80,80,80,80,80,87,87,87,87,87,87,87,87,87,83,83,83,83,83,83,83,83,83,83,83,83,83,83,83,83,83,83,83,83,83],"relic_stats":{"Happy Flower":[3],"counters":[27,125],"Magic Flower":[50],"Pen Nib":[12],"Charon\u0027s Ashes":[151],"Whetstone":["Strike_R","Strike_R"],"Ginger":[2],"Orichalcum":[72],"War Paint":["Defend_R","Defend_R"],"Boot":[57],"Cursed Key":0,"Snecko Eye":[231,244,245,232],"MealTicket":0,"Black Star":6,"obtain_stats":[{"Ice Cream":46,"Lantern":19,"Happy Flower":55,"Oddly Smooth Stone":13,"Magic Flower":41,"Pen Nib":27,"Charon\u0027s Ashes":44,"Incense Burner":41,"Whetstone":11,"Ginger":55,"Orichalcum":30,"War Paint":46,"Boot":7,"Cursed Key":34,"Strawberry":27,"Snecko Eye":0,"MealTicket":30,"Black Star":17,"Toxic Egg 2":24,"Unceasing Top":26,"FossilizedHelix":38,"Pocketwatch":24},{"Ice Cream":23,"Lantern":11,"Happy Flower":26,"Oddly Smooth Stone":8,"Magic Flower":21,"Pen Nib":14,"Charon\u0027s Ashes":22,"Incense Burner":21,"Whetstone":7,"Ginger":26,"Orichalcum":15,"War Paint":23,"Boot":5,"Cursed Key":17,"Strawberry":14,"Snecko Eye":0,"MealTicket":15,"Black Star":10,"Toxic Egg 2":13,"Unceasing Top":13,"FossilizedHelix":19,"Pocketwatch":13},{"Ice Cream":91,"Lantern":44,"Happy Flower":116,"Oddly Smooth Stone":29,"Magic Flower":84,"Pen Nib":55,"Charon\u0027s Ashes":88,"Incense Burner":84,"Whetstone":24,"Ginger":116,"Orichalcum":57,"War Paint":91,"Boot":17,"Cursed Key":71,"Strawberry":55,"Snecko Eye":0,"MealTicket":57,"Black Star":40,"Toxic Egg 2":50,"Unceasing Top":50,"FossilizedHelix":78,"Pocketwatch":50}],"Unceasing Top":[0],"Pocketwatch":[75]},"card_choices":[{"not_picked":["Shrug It Off","Thunderclap"],"picked":"Spot Weakness","floor":1.0},{"not_picked":["Body Slam","Dark Embrace"],"picked":"Carnage","floor":2.0},{"not_picked":["Headbutt","Clash"],"picked":"Clothesline","floor":4.0},{"not_picked":["Intimidate","Hemokinesis"],"picked":"Cleave","floor":5.0},{"not_picked":["Flex","Heavy Blade"],"picked":"Double Tap","floor":7.0},{"not_picked":["Combust","Anger"],"picked":"Shockwave","floor":10.0},{"not_picked":["Anger","Searing Blow"],"picked":"Armaments","floor":11.0},{"not_picked":["Sword Boomerang","Rampage","Heavy Blade"],"picked":"SKIP","floor":13.0},{"not_picked":["Sword Boomerang","Rampage","Heavy Blade"],"picked":"SKIP","floor":13.0},{"not_picked":["Heavy Blade","Havoc"],"picked":"Flame Barrier","floor":14.0},{"not_picked":["Berserk","Brutality"],"picked":"Demon Form","floor":16.0},{"not_picked":["Clash","Thunderclap+1"],"picked":"Clothesline","floor":18.0},{"not_picked":["Thunderclap+1","Uppercut"],"picked":"Pummel","floor":21.0},{"not_picked":["Perfected Strike+1","Blood for Blood+1"],"picked":"Shrug It Off+1","floor":24.0},{"not_picked":["Armaments+1","Pommel Strike"],"picked":"Reaper","floor":27.0},{"not_picked":["Clash","Bloodletting+1"],"picked":"Spot Weakness+1","floor":30.0},{"not_picked":["Iron Wave+1","Flex+1","Heavy Blade"],"picked":"SKIP","floor":31.0},{"not_picked":["Juggernaut","Brutality"],"picked":"Bludgeon","floor":33.0},{"not_picked":["Seeing Red+1","Cleave+1"],"picked":"Dual Wield+1","floor":35.0},{"not_picked":["Iron Wave","Flex+1","Sword Boomerang"],"picked":"SKIP","floor":39.0},{"not_picked":["Ghostly Armor+1","Infernal Blade+1","Shockwave+1"],"picked":"SKIP","floor":41.0},{"not_picked":["Warcry+1","Pommel Strike"],"picked":"Flame Barrier+1","floor":44.0},{"not_picked":["Dropkick","Thunderclap","Feed"],"picked":"SKIP","floor":46.0},{"not_picked":["Searing Blow","Pommel Strike"],"picked":"True Grit+1","floor":55}],"player_experience":769702,"relics_obtained":[{"floor":7.0,"key":"Boot"},{"floor":11.0,"key":"Whetstone"},{"floor":13.0,"key":"Oddly Smooth Stone"},{"floor":24.0,"key":"Pocketwatch"},{"floor":24.0,"key":"Toxic Egg 2"},{"floor":26.0,"key":"Unceasing Top"},{"floor":27.0,"key":"Pen Nib"},{"floor":27.0,"key":"Strawberry"},{"floor":30.0,"key":"MealTicket"},{"floor":30.0,"key":"Orichalcum"},{"floor":38.0,"key":"FossilizedHelix"},{"floor":41.0,"key":"Incense Burner"},{"floor":41.0,"key":"Magic Flower"},{"floor":44.0,"key":"Charon\u0027s Ashes"},{"floor":46.0,"key":"War Paint"},{"floor":46.0,"key":"Ice Cream"},{"floor":55,"key":"Happy Flower"},{"floor":55,"key":"Ginger"}],"event_choices":[{"damage_healed":0.0,"max_hp_gain":5.0,"max_hp_loss":0.0,"gold_gain":0.0,"event_name":"Big Fish","player_choice":"Donut","floor":3.0,"gold_loss":0.0,"damage_taken":0.0},{"damage_healed":0.0,"max_hp_gain":0.0,"max_hp_loss":0.0,"gold_gain":0.0,"event_name":"Match and Keep!","player_choice":"1 cards matched","floor":12.0,"gold_loss":0.0,"damage_taken":0.0,"cards_obtained":["Reaper"]},{"damage_healed":0.0,"max_hp_gain":0.0,"max_hp_loss":0.0,"gold_gain":0.0,"event_name":"Addict","player_choice":"Obtained Relic","floor":19.0,"gold_loss":85.0,"damage_taken":0.0,"relics_obtained":["Lantern"]},{"damage_healed":0.0,"max_hp_gain":0.0,"max_hp_loss":0.0,"gold_gain":0.0,"event_name":"Vampires","player_choice":"Ignored","floor":22.0,"gold_loss":0.0,"damage_taken":0.0},{"cards_removed":["Strike_R"],"damage_healed":0.0,"max_hp_gain":0.0,"max_hp_loss":0.0,"gold_gain":0.0,"event_name":"Purifier","player_choice":"Purged","floor":28.0,"gold_loss":0.0,"damage_taken":0.0},{"damage_healed":0.0,"max_hp_gain":0.0,"max_hp_loss":4.0,"gold_gain":0.0,"event_name":"Winding Halls","player_choice":"Max HP","floor":36.0,"gold_loss":0.0,"damage_taken":0.0},{"damage_healed":0.0,"max_hp_gain":0.0,"max_hp_loss":0.0,"gold_gain":0.0,"event_name":"MindBloom","player_choice":"Fight","floor":38.0,"gold_loss":0.0,"damage_taken":0.0},{"damage_healed":0.0,"max_hp_gain":0.0,"max_hp_loss":0.0,"gold_gain":0.0,"event_name":"Mysterious Sphere","player_choice":"Fight","floor":44.0,"gold_loss":0.0,"damage_taken":0.0}],"is_beta":false,"boss_relics":[{"not_picked":["Velvet Choker","Astrolabe"],"picked":"Black Star"},{"not_picked":["Calling Bell","Philosopher\u0027s Stone"],"picked":"Cursed Key"}],"items_purged_floors":[20,37,48],"is_endless":false,"potions_floor_spawned":[4,7,11,13,14,21,30,35,44,46],"ascension_level":20}}