{"host":"2hea6pl5vmah38iy","time":1612094580,"event":{"mods":["AchievementEnabler","BaseMod","Colored Map","DeckTracker","Keyboard Shortcuts","Minty Spire (QoL Compilation)","Rare Cards Sparkle","StSLib","SuperFastMode","everything is the same but u backflip on backflip"],"gold_per_floor":[368,386,168,243,260,290,290,306,306,306,306,148,148,148],"floor_reached":13,"language":"KOR","playtime":394,"items_purged":["Defend_G","Strike_G"],"score":158,"play_id":"dd98707a-6c89-4cae-9c19-86e272ed31f1","local_time":"20210131210300","is_ascension_mode":true,"campfire_choices":[{"data":"Deadly Poison","floor":7.0,"key":"SMITH"}],"circlet_count":0,"master_deck":["AscendersBane","Strike_G","Strike_G","Strike_G","Defend_G","Defend_G","Defend_G","Defend_G","Survivor","Neutralize","Terror","Cloak And Dagger","Deadly Poison+1","Footwork","Catalyst","PiercingWail"],"relics":["Ring of the Snake","Membership Card","Dream Catcher","Meat on the Bone","Strawberry"],"acts_visited":["Exordium"],"potions_floor_usage":[],"damage_taken":[{"damage":1.0,"enemies":"Small Slimes","floor":1.0,"turns":4.0},{"damage":0.0,"enemies":"Jaw Worm","floor":2.0,"turns":4.0},{"damage":0.0,"enemies":"Cultist","floor":5.0,"turns":3.0},{"damage":17.0,"enemies":"Gremlin Nob","floor":6.0,"turns":4.0},{"damage":9.0,"enemies":"2 Fungi Beasts","floor":8.0,"turns":3.0},{"damage":31,"enemies":"3 Sentries","floor":13,"turns":8}],"seed_played":"-4440126055942651058","potions_obtained":[{"floor":1.0,"key":"Ancient Potion"},{"floor":2.0,"key":"DistilledChaos"}],"is_trial":false,"path_per_floor":["M","M","$","?","M","E","R","M","T","?","?","$","E"],"character_chosen":"THE_SILENT","items_purchased":["Membership Card","Deadly Poison","PiercingWail","Strawberry"],"campfire_rested":0,"item_purchase_floors":[3,3,12,12],"current_hp_per_floor":[58,58,58,47,47,30,30,21,21,26,26,33,2,2],"gold":148,"neow_bonus":"TWO_FIFTY_GOLD","is_daily":false,"chose_seed":false,"campfire_upgraded":1,"win_rate":0.0,"timestamp":1612094580,"path_taken":["M","M","$","?","M","E","R","M","T","?","?","$","E"],"items_purchased_type":["Relic","Card","Card","Relic"],"build_version":"2020-12-22","purchased_purges":2,"victory":false,"max_hp_per_floor":[60,60,60,60,60,60,60,60,60,65,65,72,72,72],"card_choices":[{"not_picked":["Distraction","Escape Plan"],"picked":"Terror","floor":1.0},{"not_picked":["Slice","Outmaneuver"],"picked":"Cloak And Dagger","floor":2.0},{"not_picked":["Slice","Dagger Throw"],"picked":"Footwork","floor":5.0},{"not_picked":["Backstab","Skewer"],"picked":"Catalyst","floor":6.0},{"not_picked":["Flying Knee","Prepared","Endless Agony"],"picked":"SKIP","floor":8.0}],"player_experience":544567,"relics_obtained":[{"floor":6.0,"key":"Dream Catcher"},{"floor":9.0,"key":"Meat on the Bone"}],"event_choices":[{"damage_healed":0.0,"max_hp_gain":0.0,"max_hp_loss":0.0,"gold_gain":75.0,"event_name":"World of Goop","player_choice":"Gather Gold","floor":4.0,"gold_loss":0.0,"damage_taken":11.0},{"damage_healed":0.0,"max_hp_gain":5.0,"max_hp_loss":0.0,"gold_gain":0.0,"event_name":"Big Fish","player_choice":"Donut","floor":10.0,"gold_loss":0.0,"damage_taken":0.0},{"cards_removed":["Strike_G"],"damage_healed":0.0,"max_hp_gain":0.0,"max_hp_loss":0.0,"gold_gain":0.0,"event_name":"Living Wall","player_choice":"Forget","floor":11.0,"gold_loss":0.0,"damage_taken":0.0}],"is_beta":false,"boss_relics":[],"items_purged_floors":[3,12],"is_endless":false,"potions_floor_spawned":[1,2],"killed_by":"3 Sentries","ascension_level":18}}