{"host":"3498uni0c31c9bdm","time":1612126219,"event":{"mods":["BaseMod","Better Third Choice","Minty Spire (QoL Compilation)","Replay The Spire","StSLib"],"gold_per_floor":[112,128,128,143,158,158,193,211,211,486,501,517,118,137,137,234,234,254,266,541,556,556,556],"floor_reached":22,"language":"ENG","playtime":1035,"items_purged":["Regret"],"score":336,"play_id":"e7cf36dd-b686-4181-9811-56c4792bd522","local_time":"20210201075019","is_ascension_mode":true,"campfire_choices":[{"floor":6,"key":"RECALL"},{"floor":15,"key":"REST"}],"circlet_count":0,"master_deck":["AscendersBane","Strike_P","Strike_P","Strike_P","Defend_P","Defend_P","Defend_P","Eruption","Vigilance","CutThroughFate","Prostrate","ForeignInfluence","Steam","TalkToTheHand","Swivel","LikeWater","EmptyBody","Prostrate","Prostrate","Master of Strategy","ReplayTheSpireMod:Trickstab","Sadistic Nature","Replay:Hum","Brilliance","PathToVictory","EmptyBody","Regret","ClearTheMind"],"relics":["PureWater","Boot","Letter Opener","Toy Ornithopter","ReplayTheSpireMod:ShopPack","Painkiller Herb"],"acts_visited":["Exordium","TheCity"],"potions_floor_usage":[7,11,12,16,16,22,22],"damage_taken":[{"damage":2,"enemies":"Small Slimes","floor":1,"turns":4},{"damage":6,"enemies":"Cultist","floor":2,"turns":4},{"damage":2,"enemies":"2 Louse","floor":4,"turns":3},{"damage":9,"enemies":"2 Fungi Beasts","floor":5,"turns":4},{"damage":39,"enemies":"Lagavulin","floor":7,"turns":12},{"damage":7,"enemies":"Looter","floor":8,"turns":4},{"damage":12,"enemies":"Exordium Thugs","floor":11,"turns":5},{"damage":1,"enemies":"Blue Slaver","floor":12,"turns":3},{"damage":0,"enemies":"Exordium Wildlife","floor":14,"turns":3},{"damage":4,"enemies":"Hexaghost","floor":16,"turns":11},{"damage":8,"enemies":"3 Byrds","floor":18,"turns":4},{"damage":18,"enemies":"Spheric Guardian","floor":19,"turns":5},{"damage":22,"enemies":"Snecko","floor":21,"turns":6},{"damage":23,"enemies":"Shelled Parasite and Fungi","floor":22,"turns":3}],"seed_played":"3131055019464848800","potions_obtained":[{"floor":2,"key":"Regen Potion"},{"floor":7,"key":"Death Potion"},{"floor":8,"key":"SkillPotion"},{"floor":11,"key":"Languid Potion"},{"floor":12,"key":"Adrenaline Potion"},{"floor":16,"key":"Toxic Potion"},{"floor":21,"key":"Dexterity Potion"}],"is_trial":false,"path_per_floor":["M","M","?","M","M","R","E","M","T","?","M","M","$","M","R","B",null,"?","?","?","?","?"],"character_chosen":"WATCHER","items_purchased":["Toy Ornithopter","ReplayTheSpireMod:ShopPack","Block Potion"],"campfire_rested":1,"item_purchase_floors":[13,13,13],"current_hp_per_floor":[63,57,57,55,46,46,22,15,15,15,3,2,2,2,23,29,61,53,35,35,13,0,0],"gold":556,"neow_bonus":"RANDOM_COMMON_RELIC","is_daily":false,"chose_seed":false,"campfire_upgraded":0,"win_rate":0.0,"timestamp":1612126219,"path_taken":["M","M","?","M","M","R","E","M","T","?","?","M","$","M","R","BOSS","?","?","?","?","?"],"items_purchased_type":["Relic","Relic","Potion"],"build_version":"2020-12-22","purchased_purges":1,"victory":false,"max_hp_per_floor":[72,72,72,72,72,72,72,72,72,72,72,72,72,72,72,72,72,72,72,72,72,72,72],"card_choices":[{"not_picked":["FollowUp","Replay:ManipulateFuture"],"picked":"CutThroughFate","floor":1},{"not_picked":["Replay:Vibes","ForeignInfluence"],"picked":"Prostrate","floor":2},{"not_picked":["Devotion","Replay:Anticipation"],"picked":"TalkToTheHand","floor":4},{"not_picked":["Crescendo","Halt"],"picked":"Swivel","floor":5},{"not_picked":["FlyingSleeves","Sanctity"],"picked":"LikeWater","floor":7},{"not_picked":["SignatureMove","Evaluate"],"picked":"EmptyBody","floor":8},{"not_picked":["Worship","Consecrate"],"picked":"Prostrate","floor":11},{"not_picked":["Consecrate","Adaptation"],"picked":"Prostrate","floor":12},{"not_picked":["Secret Technique","Mayhem"],"picked":"Master of Strategy","floor":13},{"not_picked":["Purity","Crow Ritual"],"picked":"ReplayTheSpireMod:Trickstab","floor":13},{"not_picked":["Survey Options","Finesse"],"picked":"Sadistic Nature","floor":13},{"not_picked":["Vault","CutThroughFate"],"picked":"Replay:Hum","floor":14},{"not_picked":["Alpha","Blasphemy"],"picked":"Brilliance","floor":16},{"not_picked":["Sanctity","Collect+1"],"picked":"PathToVictory","floor":18},{"not_picked":["Worship","JustLucky"],"picked":"EmptyBody","floor":19},{"not_picked":["Vengeance","EmptyBody"],"picked":"ClearTheMind","floor":21}],"player_experience":782746,"relics_obtained":[{"floor":7,"key":"Letter Opener"}],"event_choices":[{"damage_healed":0,"gold_gain":275,"player_choice":"Desecrate","damage_taken":0,"max_hp_gain":0,"max_hp_loss":0,"event_name":"Golden Shrine","floor":10,"gold_loss":0,"cards_obtained":["Regret"]},{"damage_healed":0,"gold_gain":275,"player_choice":"Desecrate","damage_taken":0,"max_hp_gain":0,"max_hp_loss":0,"event_name":"Golden Shrine","floor":20,"gold_loss":0,"cards_obtained":["Regret"]}],"is_beta":false,"boss_relics":[{"not_picked":["Kintsugi","Snecko Eye"],"picked":"Painkiller Herb"}],"items_purged_floors":[13],"is_endless":false,"potions_floor_spawned":[2,7,8,11,12,16,21],"killed_by":"Shelled Parasite and Fungi","ascension_level":11}}