{"host":"8oc9cpwu6qpngqn2","time":1612090212,"event":{"mods":["Act Like it!","BaseMod","Colored Powertips","Gensokyo","Minty Spire (QoL Compilation)","Shop Mod","StSLib"],"gold_per_floor":[119,131,4,24,24,58,77,77,77,77,93,110,130,155,155,257,257,276,276,156,172,72,90,90,90,164,164,191,209,225,242,242,337,337,356,356,371,114,114,146,146,174,174,174,208,220,220,61,61,61,61,61,38,71,71],"floor_reached":56,"language":"ZHS","playtime":4025,"items_purged":["Defend_G","Strike_G"],"score":1292,"play_id":"1a6ad1d8-5c99-4912-9564-2818e777f982","local_time":"20210131185012","is_ascension_mode":false,"campfire_choices":[{"floor":8,"key":"RECALL"},{"data":"Calculated Gamble","floor":10,"key":"SMITH"},{"data":"Neutralize","floor":15,"key":"SMITH"},{"data":"Blade Dance","floor":25,"key":"SMITH"},{"data":"Prepared","floor":32,"key":"SMITH"},{"data":"Expertise","floor":41,"key":"SMITH"},{"data":"Prepared","floor":47,"key":"SMITH"},{"floor":49,"key":"REST"},{"data":"Tactician","floor":52,"key":"SMITH"}],"circlet_count":0,"master_deck":["Strike_G","Defend_G+1","Defend_G+1","Survivor","Neutralize+1","Finisher","Infinite Blades","Backflip","Cloak And Dagger","Calculated Gamble+1","Deflect","Cloak And Dagger","Cloak And Dagger","Blade Dance+1","Tactician+1","Tactician","Slice","Accuracy+1","Writhe","Expertise+1","Cloak And Dagger","Prepared+1","Tools of the Trade","Reflex+1","Setup+1","Prepared+1","Terror","Prepared+1","Infinite Blades+1","Backflip","Blur"],"relics":["Ring of the Snake","NeowsBlessing","War Paint","Kunai","WristBlade","Gensokyo:LionMask","Gremlin Horn","Lantern","Black Star","Gensokyo:EmptyGrave","Letter Opener","Gensokyo:TheCrow","Bottled Flame","Snake Skull","Incense Burner","Omamori","Bird Faced Urn","Orichalcum","Blue Candle","Medical Kit","Bronze Scales","Thread and Needle"],"acts_visited":["Gensokyo:Gensokyo","Gensokyo:Gensokyoer","Gensokyo:Gensokyoest","TheEnding"],"potions_floor_usage":[16,16,16,33,50,55],"damage_taken":[{"damage":0,"enemies":"Gensokyo:3_Fairies","floor":1,"turns":1},{"damage":0,"enemies":"Gensokyo:Python","floor":2,"turns":1},{"damage":0,"enemies":"Gensokyo:2_Kodama","floor":4,"turns":1},{"damage":43,"enemies":"Gensokyo:Aya","floor":6,"turns":9},{"damage":0,"enemies":"Gensokyo:Kitsune","floor":7,"turns":3},{"damage":0,"enemies":"Gensokyo:2_Rabbits","floor":11,"turns":4},{"damage":0,"enemies":"Gensokyo:VengefulSpirit","floor":12,"turns":3},{"damage":0,"enemies":"Gensokyo:Kitsune","floor":13,"turns":4},{"damage":5,"enemies":"Gensokyo:Mamizou","floor":14,"turns":8},{"damage":9,"enemies":"Gensokyo:Reimu","floor":16,"turns":13},{"damage":7,"enemies":"Gensokyo:CosmicMonolith","floor":18,"turns":5},{"damage":0,"enemies":"Gensokyo:AngelMirror","floor":21,"turns":2},{"damage":7,"enemies":"Gensokyo:Wraith","floor":23,"turns":4},{"damage":17,"enemies":"Gensokyo:Koishi","floor":28,"turns":5},{"damage":2,"enemies":"Gensokyo:Slime_Group","floor":29,"turns":3},{"damage":0,"enemies":"Gensokyo:Swordslinger","floor":30,"turns":2},{"damage":0,"enemies":"Gensokyo:3_Gloops","floor":31,"turns":3},{"damage":35,"enemies":"Gensokyo:Eternal_Rivals","floor":33,"turns":8},{"damage":2,"enemies":"Gensokyo:3_Boulders","floor":35,"turns":4},{"damage":0,"enemies":"Gensokyo:3_Bats","floor":37,"turns":3},{"damage":0,"enemies":"Gensokyo:Doremy","floor":40,"turns":5},{"damage":32,"enemies":"Gensokyo:Marisa","floor":42,"turns":4},{"damage":26,"enemies":"Gensokyo:Kasen","floor":45,"turns":4},{"damage":0,"enemies":"Gensokyo:SeedOfUnknown","floor":46,"turns":3},{"damage":0,"enemies":"Gensokyo:Yuyuko","floor":50,"turns":4},{"damage":9,"enemies":"Shield and Spear","floor":54,"turns":4},{"damage":59,"enemies":"The Heart","floor":55,"turns":7}],"seed_played":"8624609790784722123","potions_obtained":[{"floor":1,"key":"Explosive Potion"},{"floor":6,"key":"DistilledChaos"},{"floor":12,"key":"Block Potion"},{"floor":14,"key":"CunningPotion"},{"floor":21,"key":"GamblersBrew"},{"floor":28,"key":"GamblersBrew"},{"floor":31,"key":"PowerPotion"},{"floor":33,"key":"EssenceOfSteel"},{"floor":46,"key":"Dexterity Potion"}],"is_trial":false,"path_per_floor":["M","M","$","M","?","E","M","R","T","R","M","M","M","E","R","B",null,"M","?","?","M","$","M","?","R","T","?","E","M","M","M","R","B",null,"M","?","M","$","?","E","R","E","T","?","E","M","R","COS","R","B",null,"R","$","E","B",null],"character_chosen":"THE_SILENT","items_purchased":["Backflip","Letter Opener","Backflip"],"campfire_rested":1,"item_purchase_floors":[3,38,53],"current_hp_per_floor":[70,70,70,70,70,27,27,27,27,27,27,27,27,22,22,13,70,63,63,63,63,63,56,56,56,56,56,39,37,37,37,37,2,70,68,65,65,65,65,65,65,33,33,33,13,19,19,19,38,38,65,65,65,60,6],"gold":71,"neow_bonus":"THREE_ENEMY_KILL","is_daily":false,"chose_seed":false,"campfire_upgraded":7,"win_rate":0.0,"timestamp":1612090212,"path_taken":["M","?","?","M","?","E","M","R","T","R","M","M","M","E","R","BOSS","M","?","?","?","?","M","?","R","T","?","E","M","M","M","R","BOSS","M","?","M","$","?","E","R","E","T","?","E","M","R","COS","R","BOSS","R","$","E","BOSS"],"items_purchased_type":["Card","Relic","Card"],"build_version":"2020-12-22","purchased_purges":2,"victory":true,"max_hp_per_floor":[70,70,70,70,70,70,70,70,70,70,70,70,70,70,70,70,70,70,70,70,70,70,70,70,70,70,70,70,70,70,70,70,70,70,70,65,65,65,65,65,65,65,65,65,65,65,65,65,65,65,65,65,65,65,65],"card_choices":[{"not_picked":["Setup","Choke"],"picked":"Finisher","floor":1},{"not_picked":["Calculated Gamble","Concentrate"],"picked":"Infinite Blades","floor":2},{"not_picked":["Bane","Deadly Poison"],"picked":"Cloak And Dagger","floor":4},{"not_picked":["Underhanded Strike","Tactician"],"picked":"Calculated Gamble","floor":5},{"not_picked":["Calculated Gamble","Dodge and Roll"],"picked":"Deflect","floor":5},{"not_picked":["Doppelganger","Bane"],"picked":"Cloak And Dagger","floor":6},{"not_picked":["Outmaneuver","Blur"],"picked":"Cloak And Dagger","floor":7},{"not_picked":["PiercingWail","Acrobatics"],"picked":"Blade Dance","floor":11},{"not_picked":["Calculated Gamble","Footwork","Deadly Poison"],"picked":"SKIP","floor":12},{"not_picked":["Dagger Spray","Flying Knee"],"picked":"Tactician","floor":13},{"not_picked":["Deadly Poison","Distraction"],"picked":"Tactician","floor":14},{"not_picked":["Dodge and Roll","Dagger Spray"],"picked":"Slice","floor":18},{"not_picked":["Cloak And Dagger","Deflect+1"],"picked":"Accuracy+1","floor":21},{"not_picked":["Underhanded Strike","Flechettes","Catalyst"],"picked":"SKIP","floor":23},{"not_picked":["Poisoned Stab","Dagger Spray+1"],"picked":"After Image","floor":28},{"not_picked":["Underhanded Strike","Endless Agony"],"picked":"Cloak And Dagger","floor":29},{"not_picked":["Endless Agony","Sucker Punch+1"],"picked":"Prepared","floor":30},{"not_picked":["Sucker Punch","Masterful Stab","Outmaneuver"],"picked":"SKIP","floor":31},{"not_picked":["Wraith Form v2","Grand Finale"],"picked":"Tools of the Trade","floor":33},{"not_picked":["Dodge and Roll+1","Heel Hook+1"],"picked":"Reflex+1","floor":35},{"not_picked":["Dash","Underhanded Strike+1"],"picked":"Setup+1","floor":37},{"not_picked":["Backflip","Outmaneuver"],"picked":"Prepared","floor":40},{"not_picked":["Prepared","Finisher"],"picked":"Terror","floor":42},{"not_picked":["Catalyst","Envenom"],"picked":"Prepared+1","floor":45},{"not_picked":["Flying Knee","All Out Attack"],"picked":"Infinite Blades+1","floor":46},{"not_picked":["Flying Knee+1","Leg Sweep+1"],"picked":"Blur","floor":54}],"player_experience":75334,"relics_obtained":[{"floor":6,"key":"War Paint"},{"floor":14,"key":"Kunai"},{"floor":26,"key":"Gremlin Horn"},{"floor":28,"key":"Lantern"},{"floor":40,"key":"Bottled Flame"},{"floor":40,"key":"Snake Skull"},{"floor":42,"key":"Incense Burner"},{"floor":42,"key":"Omamori"},{"floor":43,"key":"Bird Faced Urn"},{"floor":45,"key":"Orichalcum"},{"floor":45,"key":"Blue Candle"},{"floor":54,"key":"Bronze Scales"},{"floor":54,"key":"Thread and Needle"}],"event_choices":[],"is_beta":false,"boss_relics":[{"not_picked":["Astrolabe","Cursed Key"],"picked":"WristBlade"},{"not_picked":["Velvet Choker","Tiny House"],"picked":"Black Star"}],"items_purged_floors":[3,22],"is_endless":false,"potions_floor_spawned":[1,6,12,14,21,28,31,33,35,46],"ascension_level":0}}