{"host":"sp1f3sybb350mzsh","time":1612074381,"event":{"mods":["AchievementEnabler","BaseMod","Bestiary","Colored Map","Colored Powertips","Filter the Spire","Minty Spire (QoL Compilation)","Relic Stats","StSLib"],"gold_per_floor":[218,36,36,51,69,97,60,60,60,60,95,105,133,144,144,244,244,256,273,273,284,199,227,242,212,266,283,283,312,331,348,348,450,450,465,484,159,175,20,55,70,99,99,126,139,139,139,153,153,153],"floor_reached":51,"language":"ENG","playtime":4177,"items_purged":["Strike_B","Strike_B"],"score":791,"play_id":"e5f7c4ea-d596-4d10-9e5e-0516f03a1573","local_time":"20210131002621","is_ascension_mode":false,"campfire_choices":[{"data":"Fission","floor":8,"key":"SMITH"},{"data":"Static Discharge","floor":10,"key":"SMITH"},{"data":"Loop","floor":15,"key":"SMITH"},{"data":"Hologram","floor":32,"key":"SMITH"},{"data":"Turbo","floor":47,"key":"SMITH"},{"data":"Consume","floor":49,"key":"SMITH"}],"circlet_count":0,"master_deck":["Defend_B","Defend_B","Defend_B","Defend_B","Zap","Dualcast+1","Doom and Gloom","Glacier","Static Discharge+1","Compile Driver","Fission+1","Steam Power+1","Steam","Redo","Loop+1","Reboot","Ball Lightning","Chill+1","Barrage","Recycle","Stack","Consume+1","Self Repair","Cold Snap","Hologram+1","Heatsinks+1","Sweeping Beam","Electrodynamics","CurseOfTheBell","Glacier","Turbo+1","Blizzard","Redo+1","Beam Cell+1","Beam Cell+1","Cold Snap+1"],"relics":["Cracked Core","Bottled Tornado","Sundial","InkBottle","Odd Mushroom","SlaversCollar","Art of War","Boot","Letter Opener","Calling Bell","Happy Flower","Matryoshka","Pocketwatch","PreservedInsect","DataDisk","Dead Branch","War Paint","Strawberry","Question Card","Akabeko"],"acts_visited":["Exordium","TheCity","TheBeyond"],"potions_floor_usage":[11,16,23,29,33,41,42,48,50,50],"damage_taken":[{"damage":7,"enemies":"2 Louse","floor":1,"turns":3},{"damage":0,"enemies":"Small Slimes","floor":4,"turns":3},{"damage":0,"enemies":"Jaw Worm","floor":5,"turns":3},{"damage":11,"enemies":"Lagavulin","floor":6,"turns":7},{"damage":1,"enemies":"Gremlin Nob","floor":11,"turns":4},{"damage":0,"enemies":"Exordium Wildlife","floor":12,"turns":3},{"damage":17,"enemies":"The Mushroom Lair","floor":13,"turns":2},{"damage":0,"enemies":"Exordium Thugs","floor":14,"turns":3},{"damage":7,"enemies":"Hexaghost","floor":16,"turns":9},{"damage":4,"enemies":"3 Byrds","floor":18,"turns":3},{"damage":4,"enemies":"Spheric Guardian","floor":19,"turns":5},{"damage":13,"enemies":"Snake Plant","floor":21,"turns":4},{"damage":7,"enemies":"Slavers","floor":23,"turns":5},{"damage":36,"enemies":"Cultist and Chosen","floor":24,"turns":6},{"damage":3,"enemies":"3 Cultists","floor":27,"turns":5},{"damage":9,"enemies":"Gremlin Leader","floor":29,"turns":9},{"damage":0,"enemies":"Snecko","floor":30,"turns":7},{"damage":10,"enemies":"Centurion and Healer","floor":31,"turns":3},{"damage":36,"enemies":"Collector","floor":33,"turns":13},{"damage":2,"enemies":"3 Darklings","floor":35,"turns":3},{"damage":6,"enemies":"3 Shapes","floor":36,"turns":3},{"damage":29,"enemies":"Writhing Mass","floor":38,"turns":6},{"damage":10,"enemies":"Giant Head","floor":40,"turns":8},{"damage":5,"enemies":"Spire Growth","floor":41,"turns":4},{"damage":44,"enemies":"Nemesis","floor":42,"turns":3},{"damage":0,"enemies":"Reptomancer","floor":44,"turns":4},{"damage":0,"enemies":"4 Shapes","floor":45,"turns":5},{"damage":4,"enemies":"Transient","floor":48,"turns":5},{"damage":50,"enemies":"Donu and Deca","floor":50,"turns":7}],"seed_played":"3578986805065402932","potions_obtained":[{"floor":4,"key":"DistilledChaos"},{"floor":5,"key":"Ancient Potion"},{"floor":12,"key":"Dexterity Potion"},{"floor":14,"key":"Strength Potion"},{"floor":18,"key":"AttackPotion"},{"floor":25,"key":"AttackPotion"},{"floor":27,"key":"LiquidMemories"},{"floor":30,"key":"EssenceOfDarkness"},{"floor":31,"key":"Energy Potion"},{"floor":33,"key":"ColorlessPotion"},{"floor":36,"key":"LiquidMemories"},{"floor":42,"key":"LiquidMemories"},{"floor":48,"key":"Strength Potion"}],"is_trial":false,"path_per_floor":["M","$","?","M","M","E","$","R","T","R","E","M","?","M","R","B",null,"M","M","?","M","$","E","M","?","T","M","?","E","M","M","R","B",null,"M","M","$","M","$","E","M","E","T","E","M","?","R","M","R","B",null],"character_chosen":"DEFECT","items_purchased":["Glacier","Static Discharge","Steam Power","Stack","Consume","PreservedInsect","Blizzard","DataDisk"],"campfire_rested":0,"item_purchase_floors":[2,2,7,22,22,37,37,39],"current_hp_per_floor":[68,68,73,73,73,62,62,62,62,62,61,61,44,44,44,37,80,76,72,72,59,59,52,23,23,23,27,90,88,90,87,87,58,90,88,82,82,60,60,57,59,22,29,36,36,85,85,85,85,42],"gold":153,"neow_bonus":"HUNDRED_GOLD","is_daily":false,"chose_seed":false,"campfire_upgraded":6,"win_rate":0.0,"timestamp":1612074381,"path_taken":["M","$","?","M","M","E","$","R","T","R","E","M","?","M","R","BOSS","M","M","?","M","$","E","M","?","T","?","?","E","M","M","R","BOSS","M","M","?","M","$","E","M","E","T","E","M","?","R","M","R","BOSS"],"items_purchased_type":["Card","Card","Card","Card","Card","Relic","Card","Relic"],"build_version":"2020-12-22","purchased_purges":2,"victory":true,"max_hp_per_floor":[75,75,80,80,80,80,80,80,80,80,80,80,80,80,80,80,80,80,80,80,80,80,80,80,80,80,80,90,90,90,90,90,90,90,90,90,90,90,90,90,90,90,97,97,97,85,85,85,85,85],"relic_stats":{"Happy Flower":[16],"counters":[29,143],"Dead Branch":[21],"PreservedInsect":230,"Letter Opener":[287],"War Paint":["Dualcast","Steam Power"],"Boot":[65],"Question Card":3,"Sundial":[28],"Art of War":[19],"obtain_stats":[{"Happy Flower":34,"Dead Branch":40,"PreservedInsect":37,"Letter Opener":29,"Bottled Tornado":6,"Odd Mushroom":13,"War Paint":42,"Boot":26,"Question Card":43,"Akabeko":44,"Calling Bell":34,"SlaversCollar":17,"DataDisk":39,"Matryoshka":34,"Sundial":9,"Strawberry":43,"Art of War":23,"Cracked Core":0,"InkBottle":11,"Pocketwatch":34},{"Happy Flower":19,"Dead Branch":23,"PreservedInsect":21,"Letter Opener":16,"Bottled Tornado":4,"Odd Mushroom":7,"War Paint":25,"Boot":14,"Question Card":25,"Akabeko":26,"Calling Bell":19,"SlaversCollar":9,"DataDisk":22,"Matryoshka":19,"Sundial":4,"Strawberry":25,"Art of War":13,"Cracked Core":0,"InkBottle":5,"Pocketwatch":19},{"Happy Flower":95,"Dead Branch":115,"PreservedInsect":101,"Letter Opener":73,"Bottled Tornado":16,"Odd Mushroom":25,"War Paint":122,"Boot":59,"Question Card":122,"Akabeko":126,"Calling Bell":95,"SlaversCollar":37,"DataDisk":107,"Matryoshka":95,"Sundial":16,"Strawberry":122,"Art of War":53,"Cracked Core":0,"InkBottle":20,"Pocketwatch":95}],"InkBottle":[55],"Pocketwatch":[26]},"card_choices":[{"not_picked":["Conserve Battery","Barrage"],"picked":"Doom and Gloom","floor":1},{"not_picked":["Beam Cell","Aggregate","Force Field"],"picked":"SKIP","floor":4},{"not_picked":["Recycle","Barrage"],"picked":"Compile Driver","floor":5},{"not_picked":["Leap","Chill"],"picked":"Fission","floor":6},{"not_picked":["BootSequence","Storm"],"picked":"Steam","floor":11},{"not_picked":["Rebound","Sweeping Beam"],"picked":"Redo","floor":12},{"not_picked":["Gash","Lockon"],"picked":"Loop","floor":14},{"not_picked":["Fission","Core Surge"],"picked":"Reboot","floor":16},{"not_picked":["Beam Cell","Doom and Gloom"],"picked":"Ball Lightning","floor":18},{"not_picked":["Glacier","Chaos"],"picked":"Chill+1","floor":19},{"not_picked":["Double Energy","Streamline"],"picked":"Recycle","floor":21},{"not_picked":["Melter","Turbo"],"picked":"Self Repair","floor":23},{"not_picked":["Beam Cell","Steam"],"picked":"Cold Snap","floor":24},{"not_picked":["FTL","Force Field+1"],"picked":"Hologram","floor":27},{"not_picked":["Conserve Battery","Redo"],"picked":"Heatsinks+1","floor":29},{"not_picked":["Chill","Redo","Force Field"],"picked":"SKIP","floor":30},{"not_picked":["Barrage+1","Aggregate"],"picked":"Sweeping Beam","floor":31},{"not_picked":["Hyperbeam","Amplify"],"picked":"Electrodynamics","floor":33},{"not_picked":["Streamline+1","Force Field+1"],"picked":"Glacier","floor":35},{"not_picked":["Conserve Battery+1","Reboot"],"picked":"Turbo","floor":36},{"not_picked":["Steam+1","Lockon"],"picked":"Redo+1","floor":38},{"not_picked":["Streamline","Turbo"],"picked":"Beam Cell+1","floor":40},{"not_picked":["Redo","Beam Cell","Compile Driver+1"],"picked":"SKIP","floor":41},{"not_picked":["Stack","Gash+1"],"picked":"Beam Cell+1","floor":42},{"not_picked":["Rip and Tear+1","Electrodynamics","Multi-Cast","Coolheaded"],"picked":"SKIP","floor":44},{"not_picked":["Heatsinks","Turbo","Sweeping Beam"],"picked":"Cold Snap+1","floor":45},{"not_picked":["Gash","Lockon+1","Cold Snap+1","Coolheaded+1"],"picked":"SKIP","floor":48}],"player_experience":152283,"relics_obtained":[{"floor":6,"key":"Bottled Tornado"},{"floor":9,"key":"Sundial"},{"floor":11,"key":"InkBottle"},{"floor":13,"key":"Odd Mushroom"},{"floor":23,"key":"Art of War"},{"floor":26,"key":"Boot"},{"floor":29,"key":"Letter Opener"},{"floor":34,"key":"Happy Flower"},{"floor":34,"key":"Matryoshka"},{"floor":34,"key":"Pocketwatch"},{"floor":40,"key":"Dead Branch"},{"floor":42,"key":"War Paint"},{"floor":43,"key":"Strawberry"},{"floor":43,"key":"Question Card"},{"floor":44,"key":"Akabeko"}],"event_choices":[{"damage_healed":0,"gold_gain":0,"player_choice":"Donut","damage_taken":0,"max_hp_gain":5,"max_hp_loss":0,"event_name":"Big Fish","floor":3,"gold_loss":0},{"damage_healed":0,"gold_gain":0,"player_choice":"Fought Mushrooms","damage_taken":0,"max_hp_gain":0,"max_hp_loss":0,"event_name":"Mushrooms","floor":13,"gold_loss":0},{"damage_healed":0,"gold_gain":0,"cards_transformed":["Strike_B","Strike_B"],"player_choice":"Became Test Subject","damage_taken":0,"max_hp_gain":0,"max_hp_loss":0,"event_name":"Drug Dealer","floor":20,"gold_loss":0,"cards_obtained":["Barrage","Meteor Strike"]},{"damage_healed":0,"gold_gain":0,"player_choice":"Bought 2 Potions","damage_taken":0,"max_hp_gain":0,"max_hp_loss":0,"event_name":"The Woman in Blue","floor":25,"gold_loss":0},{"cards_removed":["Meteor Strike"],"damage_healed":53,"gold_gain":0,"player_choice":"Offered Rare","damage_taken":0,"max_hp_gain":10,"max_hp_loss":0,"event_name":"Bonfire Elementals","floor":28,"gold_loss":0},{"damage_healed":85,"gold_gain":0,"player_choice":"Heal","damage_taken":0,"max_hp_gain":0,"max_hp_loss":12,"event_name":"The Moai Head","floor":46,"gold_loss":0}],"is_beta":false,"boss_relics":[{"not_picked":["Black Star","Sozu"],"picked":"SlaversCollar"},{"not_picked":["Coffee Dripper","Philosopher\u0027s Stone"],"picked":"Calling Bell"}],"items_purged_floors":[2,37],"is_endless":false,"potions_floor_spawned":[4,5,12,14,18,27,30,31,33,36,40,42,48],"ascension_level":0}}