{"host":"jksa5rawk3m4gilz","time":1612120187,"event":{"mods":["BaseMod","Colored Map","Highlight Path","Minty Spire (QoL Compilation)","Quick Restart"],"gold_per_floor":[119,139,150,164,82,112,112,147,174,194,203,203,213,288,288,288,288],"floor_reached":16,"language":"ENG","playtime":522,"items_purged":[],"score":190,"play_id":"f9cdba45-d320-4877-8a12-2eaccae93c37","local_time":"20210131200947","is_ascension_mode":true,"campfire_choices":[{"floor":7,"key":"REST"},{"data":"Armaments","floor":12,"key":"SMITH"},{"floor":15,"key":"REST"}],"circlet_count":0,"master_deck":["AscendersBane","Strike_R","Strike_R","Strike_R","Strike_R","Strike_R","Defend_R","Defend_R","Defend_R","Defend_R","Bash","Blind","Combust","Carnage","Combust","Armaments+1","Panacea","Blood for Blood","Shockwave","Dramatic Entrance"],"relics":["Burning Blood","PreservedInsect","Ancient Tea Set","CeramicFish"],"acts_visited":["Exordium"],"potions_floor_usage":[],"damage_taken":[{"damage":7,"enemies":"Small Slimes","floor":1,"turns":4},{"damage":9,"enemies":"Cultist","floor":2,"turns":4},{"damage":4,"enemies":"Jaw Worm","floor":3,"turns":3},{"damage":17,"enemies":"Looter","floor":4,"turns":3},{"damage":43,"enemies":"Lagavulin","floor":6,"turns":6},{"damage":15,"enemies":"3 Sentries","floor":8,"turns":4},{"damage":9,"enemies":"Large Slime","floor":10,"turns":5},{"damage":7,"enemies":"Lots of Slimes","floor":13,"turns":2},{"damage":38,"enemies":"The Guardian","floor":16,"turns":8}],"seed_played":"-1181235140363264351","potions_obtained":[{"floor":2,"key":"Weak Potion"},{"floor":6,"key":"ElixirPotion"},{"floor":8,"key":"BlessingOfTheForge"}],"is_trial":false,"path_per_floor":["M","M","M","M","$","E","R","E","T","M","?","R","M","?","R","B"],"character_chosen":"IRONCLAD","items_purchased":["Panacea"],"campfire_rested":2,"item_purchase_floors":[5],"current_hp_per_floor":[67,64,66,55,55,18,40,31,31,28,28,28,27,16,38,0,0],"gold":288,"neow_bonus":"RANDOM_COLORLESS","is_daily":false,"chose_seed":false,"campfire_upgraded":1,"win_rate":0.0,"timestamp":1612120187,"path_taken":["M","M","M","M","$","E","R","E","T","M","?","R","?","?","R","BOSS"],"items_purchased_type":["Card"],"build_version":"2020-12-22","purchased_purges":0,"victory":false,"max_hp_per_floor":[75,75,75,75,75,75,75,75,75,75,75,75,75,75,75,75,75],"card_choices":[{"not_picked":["Purity","Discovery"],"picked":"Blind","floor":0},{"not_picked":["Ghostly Armor","Blood for Blood"],"picked":"Combust","floor":1},{"not_picked":["Inflame","Clash"],"picked":"Carnage","floor":2},{"not_picked":["Perfected Strike","Clash"],"picked":"Combust","floor":3},{"not_picked":["Shrug It Off","Sword Boomerang"],"picked":"Armaments","floor":4},{"not_picked":["Combust","Barricade"],"picked":"Blood for Blood","floor":6},{"not_picked":["Heavy Blade","Pommel Strike","Havoc"],"picked":"SKIP","floor":8},{"not_picked":["Metallicize","Shrug It Off"],"picked":"Shockwave","floor":10},{"not_picked":["Carnage","Wild Strike","Flex"],"picked":"SKIP","floor":13}],"player_experience":1810832,"relics_obtained":[{"floor":6,"key":"PreservedInsect"},{"floor":8,"key":"Ancient Tea Set"},{"floor":9,"key":"CeramicFish"}],"event_choices":[{"damage_healed":0,"gold_gain":0,"player_choice":"1 cards matched","damage_taken":0,"max_hp_gain":0,"max_hp_loss":0,"event_name":"Match and Keep!","floor":11,"gold_loss":0,"cards_obtained":["Dramatic Entrance"]},{"damage_healed":0,"gold_gain":75,"player_choice":"Gather Gold","damage_taken":11,"max_hp_gain":0,"max_hp_loss":0,"event_name":"World of Goop","floor":14,"gold_loss":0}],"is_beta":false,"boss_relics":[],"items_purged_floors":[],"is_endless":false,"potions_floor_spawned":[2,6,8],"killed_by":"The Guardian","ascension_level":14}}