{"host":"ojezjkpqju62j8xy","time":1612084779,"event":{"mods":["ATMod(°¢èªMod)","Act Like it!","Aspiration","BaseMod","Conspire","Gensokyo","Minty Spire (QoL Compilation)","Pale of the Ancients","Reliquary","Replay The Spire","Spicy Shops","StSLib","¡¾ÒÅÎï¿¨ÅÆ¡¿REMEMod","²ÐÁôÖ®Îï"],"gold_per_floor":[110,121,121,121,121,152,152,183,206,206,222,222,286,43,43,43,43],"floor_reached":16,"language":"ZHS","playtime":404,"items_purged":[],"score":219,"play_id":"18967420-c646-4c33-a893-39fe3a73d9ed","local_time":"20210131171939","is_ascension_mode":true,"campfire_choices":[{"floor":7,"key":"RECALL"},{"floor":10,"key":"REST"},{"data":"AT_EmpoweredMortalDraw","floor":12,"key":"SMITH"},{"floor":15,"key":"REST"}],"circlet_count":0,"master_deck":["AscendersBane","Strike_B","Strike_B","Strike_B","Strike_B","Defend_B","Defend_B","Defend_B","Defend_B","Zap","Dualcast","AT_EmpoweredMortalDraw+1","ReplayTheSpireMod:Calculation Training","Double Energy","Tempest","Injury","Beam Cell","Darkness","Sweeping Beam","ReplayTheSpireMod:Calculation Training","Gensokyo:TarnishedGold","Gensokyo:ScrapIron","Gensokyo:DepletedGenerator","Gensokyo:Shovel","Gensokyo:BlemishedSteel"],"relics":["Cracked Core","AT_ATBox","REME_ComplimentaryCards","Gensokyo:LunaticRedEyes","reliquary:Boomerang","Juzu Bracelet","Replay:Bottled Snecko","PreservedInsect","reliquary:ShortFuse"],"acts_visited":["Gensokyo:Gensokyo"],"potions_floor_usage":[13],"damage_taken":[{"damage":3,"enemies":"Gensokyo:Gryphon","floor":1,"turns":2},{"damage":0,"enemies":"Gensokyo:2_Kodama","floor":2,"turns":1},{"damage":22,"enemies":"Gensokyo:Cirno","floor":6,"turns":6},{"damage":15,"enemies":"Gensokyo:Mamizou","floor":8,"turns":6},{"damage":0,"enemies":"Gensokyo:3_Fairies","floor":11,"turns":3},{"damage":0,"enemies":"Gensokyo:Aya","floor":13,"turns":2},{"damage":83,"enemies":"Gensokyo:Reimu","floor":16,"turns":10}],"seed_played":"-253730453214071323","potions_obtained":[{"floor":2,"key":"BlessingOfTheForge"},{"floor":8,"key":"REME_GoldPotion"}],"is_trial":false,"path_per_floor":["M","M","?","?","?","E","R","E","T","R","M","R","E","COS","R","B"],"character_chosen":"DEFECT","items_purchased":[],"campfire_rested":2,"item_purchase_floors":[],"current_hp_per_floor":[68,68,68,68,68,46,46,31,31,54,54,54,54,54,77,0,0],"gold":43,"neow_bonus":"TEN_PERCENT_HP_BONUS","is_daily":false,"chose_seed":false,"campfire_upgraded":1,"win_rate":0.0,"timestamp":1612084779,"path_taken":["M","M","?","?","?","E","R","E","T","R","M","R","E","COS","R","BOSS"],"items_purchased_type":[],"build_version":"2020-12-22","purchased_purges":0,"victory":false,"max_hp_per_floor":[78,78,78,78,78,78,78,78,78,78,78,78,78,78,78,78,78],"card_choices":[{"not_picked":["Compile Driver","Go for the Eyes"],"picked":"Double Energy","floor":1},{"not_picked":["conspire:SharedLibrary","AT_EMC2"],"picked":"Tempest","floor":2},{"not_picked":["Coolheaded","Reboot"],"picked":"Beam Cell","floor":6},{"not_picked":["Redo","Go for the Eyes"],"picked":"Darkness","floor":8},{"not_picked":["ReplayTheSpireMod:Repulse","Steam"],"picked":"Sweeping Beam","floor":11},{"not_picked":["Redo","Chill"],"picked":"ReplayTheSpireMod:Calculation Training","floor":13}],"player_experience":1502960,"relics_obtained":[{"floor":6,"key":"Juzu Bracelet"},{"floor":8,"key":"Replay:Bottled Snecko"},{"floor":9,"key":"PreservedInsect"},{"floor":13,"key":"reliquary:ShortFuse"}],"event_choices":[],"is_beta":false,"boss_relics":[],"items_purged_floors":[],"is_endless":false,"potions_floor_spawned":[2,8],"killed_by":"Gensokyo:Reimu","ascension_level":14}}