{"host":"ek3xvuouaw6vk9if","time":1612076527,"event":{"mods":["BaseMod","BetterRewards","Downfall","Minty Spire (QoL Compilation)","Permanent Neow","Quick Restart","Relic Stats","Replay The Spire","Robot Space Explorer","Spire Arcade","StSLib","The Marked"],"gold_per_floor":[118,136,136,146,160,160,187,196,196,219,232,254,277,293,293,407,407,426,66,66,66,94,120,120,120,146,146,164,207,69,102,102,209,209,229,246,146,146,158,158,185,205,205,205,240,240,240,290,290,290],"floor_reached":51,"language":"ENG","playtime":1979,"items_purged":["RobotSpaceExplorer:Strike","RobotSpaceExplorer:Strike"],"score":928,"play_id":"1a465960-df0c-4b9a-8609-f73d5c95af46","local_time":"20210131020207","is_ascension_mode":true,"campfire_choices":[{"data":"RobotSpaceExplorer:Comet","floor":6,"key":"SMITH"},{"data":"RobotSpaceExplorer:ShockMissile","floor":15,"key":"SMITH"},{"data":"RobotSpaceExplorer:Comet","floor":24,"key":"SMITH"},{"data":"RobotSpaceExplorer:Jetpack","floor":27,"key":"SMITH"},{"data":"RobotSpaceExplorer:TrailblazerForm","floor":32,"key":"SMITH"},{"data":"RobotSpaceExplorer:Multitool","floor":40,"key":"SMITH"},{"data":"RobotSpaceExplorer:Jetpack","floor":47,"key":"SMITH"},{"data":"RobotSpaceExplorer:Jetpack","floor":49,"key":"SMITH"}],"circlet_count":0,"master_deck":["RobotSpaceExplorer:Defend","RobotSpaceExplorer:Defend","RobotSpaceExplorer:Defend","RobotSpaceExplorer:Defend","RobotSpaceExplorer:Scan","RobotSpaceExplorer:MiniLasers","RobotSpaceExplorer:Comet+1","RobotSpaceExplorer:RigExplosive","RobotSpaceExplorer:Jetpack+1","RobotSpaceExplorer:Jetpack+1","RobotSpaceExplorer:Discharger","RobotSpaceExplorer:Jetpack+1","RobotSpaceExplorer:ShockMissile+1","RobotSpaceExplorer:FreezingShield","RobotSpaceExplorer:TrailblazerForm+1","RobotSpaceExplorer:Pulsar+1","RobotSpaceExplorer:Comet+1","RobotSpaceExplorer:StarLightning","CurseOfTheBell","CurseOfTheBell","RobotSpaceExplorer:PlasmaMissile+1","RobotSpaceExplorer:Comet+1","RobotSpaceExplorer:Multitool+1","RobotSpaceExplorer:SurgingShield+1"],"relics":["RobotSpaceExplorer:RoboCore","CeramicFish","ReplayFunnel","SlaversCollar","Guardian:PocketSentry","PreservedInsect","Nunchaku","downfall:ExtraCursedBell","MealTicket","HornCleat","Pocketwatch","Anchor","DollysMirror","Replay:Kaleidoscope","Coffee Dripper","Lizard Tail","Peace Pipe","RobotSpaceExplorer:BottledGravity","Mango"],"acts_visited":["Exordium","TheCity","TheBeyond"],"potions_floor_usage":[5,7,10,10,11,12,13,16,18,22,23,23,29,33,41,42,45,48,50,50],"damage_taken":[{"damage":3,"enemies":"Small Slimes","floor":1,"turns":3},{"damage":2,"enemies":"Cultist","floor":2,"turns":4},{"damage":0,"enemies":"Jaw Worm","floor":4,"turns":4},{"damage":3,"enemies":"Red Slaver","floor":5,"turns":3},{"damage":12,"enemies":"Lagavulin","floor":7,"turns":6},{"damage":0,"enemies":"Lots of Slimes","floor":10,"turns":4},{"damage":10,"enemies":"Large Slime","floor":11,"turns":5},{"damage":0,"enemies":"3 Louse","floor":12,"turns":2},{"damage":0,"enemies":"Exordium Wildlife","floor":13,"turns":2},{"damage":0,"enemies":"Blue Slaver","floor":14,"turns":4},{"damage":19,"enemies":"The Guardian","floor":16,"turns":13},{"damage":10,"enemies":"2 Thieves","floor":18,"turns":4},{"damage":0,"enemies":"Chosen","floor":22,"turns":4},{"damage":0,"enemies":"Slavers","floor":23,"turns":6},{"damage":0,"enemies":"Gremlin Leader","floor":29,"turns":4},{"damage":10,"enemies":"Slavers","floor":31,"turns":3},{"damage":0,"enemies":"Collector","floor":33,"turns":6},{"damage":0,"enemies":"3 Darklings","floor":35,"turns":4},{"damage":0,"enemies":"Orb Walker","floor":36,"turns":3},{"damage":0,"enemies":"Transient","floor":39,"turns":5},{"damage":9,"enemies":"Sphere and 2 Shapes","floor":41,"turns":4},{"damage":8,"enemies":"Jaw Worm Horde","floor":42,"turns":3},{"damage":0,"enemies":"Reptomancer","floor":45,"turns":4},{"damage":0,"enemies":"Mind Bloom Boss Battle","floor":48,"turns":5},{"damage":5,"enemies":"Awakened One","floor":50,"turns":9}],"seed_played":"8264734707586353338","potions_obtained":[{"floor":2,"key":"BlessingOfTheForge"},{"floor":5,"key":"Regen Potion"},{"floor":10,"key":"Swift Potion"},{"floor":23,"key":"Energy Potion"},{"floor":29,"key":"RobotSpaceExplorer:PlasmaFlask"}],"is_trial":false,"path_per_floor":["M","M","?","M","M","R","E","?","T","M","M","M","M","M","R","B",null,"M","$","?","?","M","E","R","?","T","R","?","E","$","E","R","B",null,"M","M","$","?","M","R","M","M","T","?","E","T","R","?","R","B",null],"character_chosen":"RobotSpaceExplorer","items_purchased":["RobotSpaceExplorer:Comet","Guardian:PocketSentry","DollysMirror"],"campfire_rested":0,"item_purchase_floors":[19,19,30],"current_hp_per_floor":[65,63,63,63,60,60,48,48,48,48,47,47,47,47,47,28,68,58,58,58,58,58,58,58,58,58,58,58,58,68,58,58,58,68,68,68,68,68,68,68,59,51,51,51,51,51,51,65,65,60],"gold":290,"neow_bonus":"THREE_RARE_CARDS","is_daily":false,"chose_seed":false,"campfire_upgraded":8,"win_rate":0.0,"timestamp":1612076527,"path_taken":["M","M","?","M","?","R","E","?","T","M","M","?","M","?","R","BOSS","M","$","?","?","?","E","R","?","T","R","?","E","?","E","R","BOSS","M","?","$","?","?","R","M","?","T","?","E","?","R","?","R","BOSS"],"items_purchased_type":["Card","Relic","Relic"],"build_version":"2020-12-22","purchased_purges":2,"victory":true,"max_hp_per_floor":[68,68,68,68,68,68,68,68,68,68,68,68,68,68,68,68,68,68,68,68,68,68,68,68,68,68,68,68,68,68,68,68,68,68,68,68,68,68,68,68,68,68,68,68,68,68,68,82,82,82],"relic_stats":{"Peace Pipe":0,"Nunchaku":[4],"Lizard Tail":0,"counters":[25,113],"CeramicFish":126,"MealTicket":10,"PreservedInsect":141,"obtain_stats":[{"ReplayFunnel":9,"CeramicFish":7,"RobotSpaceExplorer:RoboCore":0,"Mango":48,"PreservedInsect":23,"Guardian:PocketSentry":19,"Replay:Kaleidoscope":31,"Peace Pipe":45,"SlaversCollar":17,"Nunchaku":26,"Anchor":29,"Lizard Tail":43,"HornCleat":28,"DollysMirror":30,"RobotSpaceExplorer:BottledGravity":46,"MealTicket":28,"Coffee Dripper":34,"downfall:ExtraCursedBell":28,"Pocketwatch":28},{"ReplayFunnel":5,"CeramicFish":5,"RobotSpaceExplorer:RoboCore":0,"Mango":24,"PreservedInsect":14,"Guardian:PocketSentry":12,"Replay:Kaleidoscope":16,"Peace Pipe":23,"SlaversCollar":11,"Nunchaku":14,"Anchor":15,"Lizard Tail":22,"HornCleat":14,"DollysMirror":15,"RobotSpaceExplorer:BottledGravity":23,"MealTicket":14,"Coffee Dripper":17,"downfall:ExtraCursedBell":14,"Pocketwatch":14},{"ReplayFunnel":20,"CeramicFish":20,"RobotSpaceExplorer:RoboCore":0,"Mango":104,"PreservedInsect":63,"Guardian:PocketSentry":54,"Replay:Kaleidoscope":70,"Peace Pipe":99,"SlaversCollar":50,"Nunchaku":63,"Anchor":67,"Lizard Tail":95,"HornCleat":63,"DollysMirror":67,"RobotSpaceExplorer:BottledGravity":99,"MealTicket":63,"Coffee Dripper":76,"downfall:ExtraCursedBell":63,"Pocketwatch":63}],"Pocketwatch":[24]},"card_choices":[{"not_picked":["RobotSpaceExplorer:Explosion","RobotSpaceExplorer:HighVoltage"],"picked":"RobotSpaceExplorer:Comet","floor":0},{"not_picked":["RobotSpaceExplorer:ExhaustFan","RobotSpaceExplorer:BigMissile"],"picked":"RobotSpaceExplorer:RigExplosive","floor":1},{"not_picked":["RobotSpaceExplorer:ScrapToss","RobotSpaceExplorer:ImprovisedAttack"],"picked":"RobotSpaceExplorer:Jetpack","floor":2},{"not_picked":["RobotSpaceExplorer:ScrapMissile","RobotSpaceExplorer:SurgingShield","RobotSpaceExplorer:MiniDrones"],"picked":"SKIP","floor":4},{"not_picked":["RobotSpaceExplorer:BigMissile","RobotSpaceExplorer:SurgingStrike"],"picked":"RobotSpaceExplorer:Jetpack","floor":5},{"not_picked":["RobotSpaceExplorer:MiniDrones","RobotSpaceExplorer:RigExplosive","RobotSpaceExplorer:ShockKick"],"picked":"SKIP","floor":7},{"not_picked":["RobotSpaceExplorer:SwiftStep","RobotSpaceExplorer:TurboDodge"],"picked":"RobotSpaceExplorer:Jetpack","floor":10},{"not_picked":["RobotSpaceExplorer:Ammunition","RobotSpaceExplorer:RigExplosive","RobotSpaceExplorer:FrostMissile"],"picked":"SKIP","floor":11},{"not_picked":["RobotSpaceExplorer:SwiftStep","RobotSpaceExplorer:FreezingShield"],"picked":"RobotSpaceExplorer:ShockMissile","floor":12},{"not_picked":["RobotSpaceExplorer:StunGrenade","RobotSpaceExplorer:Probe"],"picked":"RobotSpaceExplorer:FreezingShield","floor":13},{"not_picked":["RobotSpaceExplorer:Counterblock","RobotSpaceExplorer:FranticSearch","RobotSpaceExplorer:MakeshiftVolley"],"picked":"SKIP","floor":14},{"not_picked":["RobotSpaceExplorer:BlastShield","RobotSpaceExplorer:HighVoltage"],"picked":"RobotSpaceExplorer:TrailblazerForm","floor":16},{"not_picked":["RobotSpaceExplorer:Blitz","RobotSpaceExplorer:GlueShot"],"picked":"RobotSpaceExplorer:Pulsar+1","floor":18},{"not_picked":["RobotSpaceExplorer:ShovelStrike","RobotSpaceExplorer:StarDust"],"picked":"RobotSpaceExplorer:StarLightning","floor":22},{"not_picked":["RobotSpaceExplorer:DoubleBlock+1","RobotSpaceExplorer:MetalStrike","RobotSpaceExplorer:GlueShot"],"picked":"SKIP","floor":23},{"not_picked":["RobotSpaceExplorer:Probe+1","RobotSpaceExplorer:ImprovisedAttack"],"picked":"RobotSpaceExplorer:PlasmaMissile+1","floor":29},{"not_picked":["RobotSpaceExplorer:SwiftStep","RobotSpaceExplorer:ExhaustFan","RobotSpaceExplorer:Ammunition"],"picked":"SKIP","floor":31},{"not_picked":["RobotSpaceExplorer:TrailblazerForm","RobotSpaceExplorer:Blaster"],"picked":"RobotSpaceExplorer:Multitool","floor":33},{"not_picked":["RobotSpaceExplorer:ExhaustFan+1","RobotSpaceExplorer:Counterblock","RobotSpaceExplorer:MiniDrones"],"picked":"SKIP","floor":35},{"not_picked":["RobotSpaceExplorer:ScrapShield","RobotSpaceExplorer:FranticSearch","RobotSpaceExplorer:ShovelStrike"],"picked":"SKIP","floor":36},{"not_picked":["RobotSpaceExplorer:ImprovisedAttack","RobotSpaceExplorer:Electropulse+1","RobotSpaceExplorer:ShovelStrike"],"picked":"SKIP","floor":39},{"not_picked":["RobotSpaceExplorer:MakeshiftVolley","RobotSpaceExplorer:SlimeMissile"],"picked":"RobotSpaceExplorer:SurgingShield+1","floor":41},{"not_picked":["RobotSpaceExplorer:MiniDrones+1","RobotSpaceExplorer:StunGrenade+1","RobotSpaceExplorer:Blitz+1"],"picked":"SKIP","floor":42},{"not_picked":["RobotSpaceExplorer:ExhaustFan+1","RobotSpaceExplorer:ShovelStrike+1","RobotSpaceExplorer:ToxicBomb"],"picked":"SKIP","floor":45}],"player_experience":751610,"relics_obtained":[{"floor":7,"key":"CeramicFish"},{"floor":9,"key":"ReplayFunnel"},{"floor":23,"key":"PreservedInsect"},{"floor":26,"key":"Nunchaku"},{"floor":28,"key":"MealTicket"},{"floor":28,"key":"HornCleat"},{"floor":28,"key":"Pocketwatch"},{"floor":29,"key":"Anchor"},{"floor":31,"key":"Replay:Kaleidoscope"},{"floor":43,"key":"Lizard Tail"},{"floor":45,"key":"Peace Pipe"},{"floor":46,"key":"RobotSpaceExplorer:BottledGravity"},{"floor":48,"key":"Mango"}],"event_choices":[{"cards_removed":["RobotSpaceExplorer:Strike"],"damage_healed":0,"gold_gain":0,"player_choice":"Purged","damage_taken":0,"max_hp_gain":0,"max_hp_loss":0,"event_name":"Purifier","floor":3,"gold_loss":0},{"damage_healed":0,"gold_gain":0,"cards_transformed":["RobotSpaceExplorer:Strike"],"player_choice":"Transformed","damage_taken":0,"max_hp_gain":0,"max_hp_loss":0,"event_name":"Transmorgrifier","floor":8,"gold_loss":0,"cards_obtained":["RobotSpaceExplorer:Discharger"]},{"damage_healed":0,"gold_gain":0,"player_choice":"Ignored","damage_taken":0,"max_hp_gain":0,"max_hp_loss":0,"event_name":"Vampires","floor":25,"gold_loss":0},{"damage_healed":0,"gold_gain":0,"player_choice":"Bought 0 Potions","damage_taken":0,"max_hp_gain":0,"max_hp_loss":0,"event_name":"The Woman in Blue","floor":38,"gold_loss":0},{"damage_healed":0,"gold_gain":0,"player_choice":"Fight","damage_taken":0,"max_hp_gain":0,"max_hp_loss":0,"event_name":"MindBloom","floor":48,"gold_loss":0}],"is_beta":false,"boss_relics":[{"not_picked":["Velvet Choker","expansioncontent:StudyCardRelic"],"picked":"SlaversCollar"},{"not_picked":["RobotSpaceExplorer:TurboCore","Pandora\u0027s Box"],"picked":"Coffee Dripper"}],"items_purged_floors":[19,37],"is_endless":false,"potions_floor_spawned":[2,5,10,12,16,22,23,29,31,39,42],"ascension_level":1}}