{"host":"qswkx8hggytna0kc","time":1612102153,"event":{"mods":["Aspiration","BaseMod","BetterRewards","Colored Map","Colored Powertips","Highlight Path","Hubris","Mimic Mod","Minty Spire (QoL Compilation)","MostiFishMod","Quick Restart","Replay The Spire","StSLib","SuperFastMode"],"gold_per_floor":[116,133,133,144,164,198,38,38,38,38,69,88,106,141,141,238,238,258,258,278,203,223,250,250,277,304,304,304,334,234,253,253,348,348,360,380,400,414,433,433,458,458,497,497,510,510,527,553,553,553,553,553,728,753,753],"floor_reached":56,"language":"ZHS","playtime":1126,"items_purged":["Defend_R","Defend_R","Strike_R"],"score":2412,"play_id":"2862ba46-110f-4749-8864-cdb6178f9de1","local_time":"20210131220913","is_ascension_mode":true,"campfire_choices":[{"data":"Pommel Strike","floor":8,"key":"SMITH"},{"data":"ReplayTheSpireMod:Limb From Limb","floor":10,"key":"SMITH"},{"floor":15,"key":"RECALL"},{"data":"Offering","floor":24,"key":"SMITH"},{"data":"MostiFishMod:FlyOverUtopia","floor":40,"key":"SMITH"},{"data":"MostiFishMod:RainCloud","floor":42,"key":"SMITH"},{"data":"ReplayTheSpireMod:Limb From Limb","floor":44,"key":"SMITH"},{"data":"Battle Trance","floor":46,"key":"SMITH"},{"data":"Defend_R","floor":49,"key":"PURGE"},{"data":"MostiFishMod:ButterFly","floor":52,"key":"SMITH"}],"circlet_count":0,"master_deck":["AscendersBane","Strike_R","Strike_R+1","Strike_R+1","Strike_R","Bash","Pommel Strike+1","Battle Trance+1","Clash","Pummel","ReplayTheSpireMod:Limb From Limb+1","MostiFishMod:ButterFly+1","ReplayTheSpireMod:Limb From Limb+1","Cleave","Anger","Offering+1","Anger","Reckless Charge","Pommel Strike+1","Anger","Warcry","MostiFishMod:FlyOverUtopia+1","Clash","MostiFishMod:DarkDeal","MostiFishMod:RainCloud+1","Replay:Undeath\u0027s Touch","Dropkick","Havoc+1","Anger","ReplayTheSpireMod:Limb From Limb+1","Pommel Strike+1","Perfected Strike","Warcry","Seeing Red+1","MostiFishMod:ChineseTea"],"relics":["Burning Blood","DaveBox","PatriotShield","aspiration:Lifesprig","SynthV:TestCard","aspiration:BabyByrd","Regal Pillow","Snack Pack","Replay:Rubber Ducky","Replay:Wax Seal","aspiration:SecretTechniqueScroll","Lantern","hubris:ToyBattleship","Bag of Marbles","Simple Rune","ChiXiaoBlade","Akabeko","hubris:BottledRain","hubris:NiceRug","White Beast Statue","Iron Hammer","Medical Kit","CombinedTypeHook"],"acts_visited":["Exordium","TheCity","TheBeyond","TheEnding"],"potions_floor_usage":[25,55,55],"damage_taken":[{"damage":0,"enemies":"Small Slimes","floor":1,"turns":2},{"damage":0,"enemies":"2 Louse","floor":2,"turns":1},{"damage":0,"enemies":"Jaw Worm","floor":4,"turns":1},{"damage":0,"enemies":"Red Slaver","floor":5,"turns":3},{"damage":0,"enemies":"3 Sentries","floor":6,"turns":2},{"damage":0,"enemies":"Gremlin Nob","floor":11,"turns":2},{"damage":0,"enemies":"Exordium Wildlife","floor":12,"turns":1},{"damage":0,"enemies":"Large Slime","floor":13,"turns":3},{"damage":0,"enemies":"Lagavulin","floor":14,"turns":1},{"damage":0,"enemies":"Fading Forest","floor":16,"turns":6},{"damage":4,"enemies":"Shell Parasite","floor":18,"turns":2},{"damage":6,"enemies":"Chosen","floor":20,"turns":1},{"damage":14,"enemies":"Snake Plant","floor":22,"turns":2},{"damage":6,"enemies":"Replay:Snechameleon","floor":23,"turns":2},{"damage":0,"enemies":"Slavers","floor":25,"turns":2},{"damage":0,"enemies":"Gremlin Leader","floor":29,"turns":1},{"damage":4,"enemies":"Shelled Parasite and Fungi","floor":31,"turns":1},{"damage":4,"enemies":"hubris:MusketHawk","floor":33,"turns":1},{"damage":10,"enemies":"3 Darklings","floor":35,"turns":1},{"damage":6,"enemies":"Orb Walker","floor":36,"turns":1},{"damage":0,"enemies":"4 Shapes","floor":37,"turns":1},{"damage":0,"enemies":"Sphere and 2 Shapes","floor":38,"turns":1},{"damage":0,"enemies":"3 Darklings","floor":39,"turns":1},{"damage":4,"enemies":"Giant Head","floor":41,"turns":1},{"damage":10,"enemies":"Transient","floor":43,"turns":2},{"damage":4,"enemies":"Transient","floor":45,"turns":1},{"damage":4,"enemies":"Writhing Mass","floor":47,"turns":1},{"damage":4,"enemies":"Nemesis","floor":48,"turns":1},{"damage":9,"enemies":"Awakened One","floor":50,"turns":2},{"damage":0,"enemies":"hubris:Merchant","floor":53,"turns":2},{"damage":4,"enemies":"Shield and Spear","floor":54,"turns":1},{"damage":98,"enemies":"The Heart","floor":55,"turns":4}],"seed_played":"4534713984326943268","potions_obtained":[{"floor":6,"key":"EssenceOfSteel"},{"floor":11,"key":"PowerPotion"},{"floor":25,"key":"Fruit Juice"},{"floor":31,"key":"Swift Potion"},{"floor":53,"key":"BloodPotion"}],"is_trial":false,"path_per_floor":["M","M","?","M","M","E","$","R","T","R","E","M","M","E","R","B",null,"M","?","M","?","M","E","R","E","T","?","?","E","$","M","R_BF","B",null,"M","M","M","M","M","R","E","R","MIM","R","M","R","M","E","R_BF","B",null,"R","$","E","B",null],"character_chosen":"IRONCLAD","items_purchased":["MostiFishMod:ButterFly"],"campfire_rested":0,"item_purchase_floors":[7],"current_hp_per_floor":[78,80,80,80,80,80,80,80,80,80,80,80,80,80,80,80,80,80,80,80,80,72,76,76,85,85,85,85,85,85,85,85,85,85,85,85,85,85,85,85,85,85,85,85,85,85,85,85,85,85,85,85,85,85,30],"gold":753,"neow_bonus":"RANDOM_COMMON_RELIC","is_daily":false,"chose_seed":false,"campfire_upgraded":8,"win_rate":0.0,"timestamp":1612102153,"path_taken":["M","M","?","M","M","E","$","R","T","R","E","M","M","E","R","BOSS","M","?","M","?","M","E","R","E","T","?","?","E","$","?","R_BF","BOSS","M","M","M","M","M","R","E","R","MIM","R","M","R","M","E","R_BF","BOSS","R","$","E","BOSS"],"items_purchased_type":["Card"],"build_version":"2020-12-22","purchased_purges":3,"victory":true,"max_hp_per_floor":[80,80,80,80,80,80,80,80,80,80,80,80,80,80,80,80,80,80,80,80,80,80,80,80,85,85,85,85,85,85,85,85,85,85,85,85,85,85,85,85,85,85,85,85,85,85,85,85,85,85,85,85,85,85,85],"card_choices":[{"not_picked":["Wild Strike","Rampage"],"picked":"Pommel Strike","floor":1},{"not_picked":["Body Slam","Shrug It Off","Armaments","True Grit"],"picked":"Battle Trance","floor":2},{"not_picked":["Rampage","Run Through","Havoc","Intimidate"],"picked":"Clash","floor":4},{"not_picked":["True Grit","Sword Boomerang","Iron Wave","Ghostly Armor"],"picked":"Pummel","floor":5},{"not_picked":["Uppercut","Massacre","MostiFishMod:WingOfPhoenix","Spot Weakness"],"picked":"ReplayTheSpireMod:Limb From Limb","floor":6},{"not_picked":["Power Through","hubris:ReadiedAction","Run Through","Feel No Pain"],"picked":"ReplayTheSpireMod:Limb From Limb","floor":11},{"not_picked":["MostiFishMod:#F4004","Thunderclap","ReplayTheSpireMod:Corrosion Curse","Iron Wave"],"picked":"Cleave","floor":12},{"not_picked":["Disarm","ReplayTheSpireMod:LeadingStrike","Ghostly Armor","ReplayTheSpireMod:Limb From Limb"],"picked":"Anger","floor":13},{"not_picked":["Flame Barrier","Second Wind","Dropkick","Shrug It Off","Body Slam"],"picked":"SKIP","floor":14},{"not_picked":["MostiFishMod:NewArrival","Double Tap","Feed","hubris:StunningStrike"],"picked":"Offering","floor":16},{"not_picked":["Clothesline","Twin Strike+1","hubris:ReadiedAction","Iron Wave"],"picked":"Anger","floor":18},{"not_picked":["Rampage+1","True Grit","Iron Wave","Heavy Blade"],"picked":"Reckless Charge","floor":20},{"not_picked":["Twin Strike+1","True Grit","Thunderclap","Sword Boomerang+1"],"picked":"Pommel Strike+1","floor":22},{"not_picked":["Wild Strike","hubris:SharpeningStone","Massacre","Body Slam"],"picked":"Anger","floor":23},{"not_picked":["Wild Strike","Hemokinesis+1","MostiFishMod:HellRitual","Shockwave+1"],"picked":"Warcry","floor":25},{"not_picked":["Intimidate","Havoc","Blood for Blood+1","Run Through+1"],"picked":"MostiFishMod:FlyOverUtopia","floor":29},{"not_picked":["Run Through","Armaments","Pommel Strike","Havoc"],"picked":"Clash","floor":31},{"not_picked":["Limit Break","Barricade","Eclipse","Berserk"],"picked":"MostiFishMod:RainCloud","floor":33},{"not_picked":["Iron Wave+1","Body Slam+1","Metallicize+1","Wild Strike+1"],"picked":"Replay:Undeath\u0027s Touch","floor":35},{"not_picked":["ReplayTheSpireMod:Muscle Training+1","Body Slam","Flex","Inflame+1","True Grit+1"],"picked":"SKIP","floor":36},{"not_picked":["Perfected Strike+1","Wild Strike","ReplayTheSpireMod:Stacked","Burning Pact"],"picked":"Dropkick","floor":37},{"not_picked":["ReplayTheSpireMod:Limb From Limb","Flame Barrier","Sever Soul+1","Shockwave+1","ReplayTheSpireMod:Corrosion Curse+1"],"picked":"SKIP","floor":38},{"not_picked":["Body Slam","Barricade","Cleave","Thunderclap+1"],"picked":"Havoc+1","floor":39},{"not_picked":["hubris:ReadiedAction","Exhume","Bloodletting","Disarm+1"],"picked":"Anger","floor":41},{"not_picked":["Cleave+1","Wild Strike","Replay:Undeath\u0027s Touch","Body Slam"],"picked":"ReplayTheSpireMod:Limb From Limb+1","floor":45},{"not_picked":["Hemokinesis","ReplayTheSpireMod:Strike From Hell+1","hubris:ReadiedAction","Iron Wave+1"],"picked":"Pommel Strike+1","floor":47},{"not_picked":["Warcry","Power Through+1","Armaments","Exhume"],"picked":"Perfected Strike","floor":48},{"not_picked":[],"picked":"Warcry","floor":53},{"not_picked":[],"picked":"Seeing Red+1","floor":53},{"not_picked":["Cleave"],"picked":"SKIP","floor":53},{"not_picked":["Iron Wave"],"picked":"SKIP","floor":53},{"not_picked":["Life Link"],"picked":"SKIP","floor":53},{"not_picked":["Replay:Bootleg Shield Generator"],"picked":"SKIP","floor":53},{"not_picked":["Apotheosis"],"picked":"SKIP","floor":53},{"not_picked":["Sword Boomerang","Dropkick+1","Thunderclap+1","Clash"],"picked":"MostiFishMod:ChineseTea","floor":54}],"player_experience":388746,"relics_obtained":[{"floor":1,"key":"SynthV:TestCard"},{"floor":6,"key":"Regal Pillow"},{"floor":9,"key":"Snack Pack"},{"floor":11,"key":"Replay:Rubber Ducky"},{"floor":14,"key":"Replay:Wax Seal"},{"floor":23,"key":"Lantern"},{"floor":25,"key":"hubris:ToyBattleship"},{"floor":26,"key":"Bag of Marbles"},{"floor":29,"key":"Simple Rune"},{"floor":41,"key":"Akabeko"},{"floor":48,"key":"hubris:BottledRain"},{"floor":53,"key":"White Beast Statue"},{"floor":53,"key":"Iron Hammer"},{"floor":53,"key":"Medical Kit"},{"floor":54,"key":"CombinedTypeHook"}],"event_choices":[{"damage_healed":0,"gold_gain":0,"player_choice":"Ignored","damage_taken":0,"max_hp_gain":0,"max_hp_loss":0,"event_name":"Ghosts","floor":19,"gold_loss":0},{"cards_removed":["Defend_R"],"damage_healed":0,"gold_gain":0,"player_choice":"Gave Gold","damage_taken":0,"max_hp_gain":0,"max_hp_loss":0,"event_name":"Beggar","floor":21,"gold_loss":75},{"damage_healed":0,"gold_gain":0,"player_choice":"Ignored","damage_taken":0,"max_hp_gain":0,"max_hp_loss":0,"event_name":"Vampires","floor":27,"gold_loss":0},{"damage_healed":0,"gold_gain":0,"player_choice":"1 cards matched","damage_taken":0,"max_hp_gain":0,"max_hp_loss":0,"event_name":"Match and Keep!","floor":32,"gold_loss":0,"cards_obtained":["MostiFishMod:DarkDeal"]}],"is_beta":false,"boss_relics":[{"not_picked":["aspiration:WatcherSkillbook","hubris:ScarierMask"],"picked":"aspiration:SecretTechniqueScroll"},{"not_picked":["hubris:RunicObelisk","ExusiaiGun"],"picked":"ChiXiaoBlade"}],"items_purged_floors":[7,30,53],"is_endless":false,"potions_floor_spawned":[6,11,12,13,14,20,22,23,25,31,36,41,45,48,54],"ascension_level":11}}