{"host":"1xo5g347e5o4auts","time":1612083892,"event":{"mods":["BaseMod","Minty Spire (QoL Compilation)","Permanent Neow","StSLib"],"gold_per_floor":[118,129,144,158,169,200,200,231,258,258,283,283,34,34,34,34,34],"floor_reached":16,"language":"ENG","playtime":393,"items_purged":[],"score":240,"play_id":"e02209f4-10e9-4969-ba02-1545a5816401","local_time":"20210131110452","is_ascension_mode":true,"campfire_choices":[{"data":"SandsOfTime","floor":7.0,"key":"SMITH"},{"data":"FollowUp","floor":10.0,"key":"SMITH"},{"data":"LikeWater","floor":12.0,"key":"SMITH"},{"data":"Wish","floor":15.0,"key":"SMITH"}],"circlet_count":0,"master_deck":["AscendersBane","Strike_P","Strike_P+1","Strike_P","Strike_P+1","Defend_P","Defend_P","Defend_P","Defend_P","Eruption","Vigilance","CurseOfTheBell","BowlingBash","LikeWater+1","SandsOfTime+1","FearNoEvil","FollowUp+1","Wish+1","Vault","Scrawl","Adaptation"],"relics":["Calling Bell","Anchor","Question Card","GoldenEye","Pen Nib","Boot","Whetstone","Tiny Chest","Medical Kit","PreservedInsect"],"acts_visited":["Exordium"],"potions_floor_usage":[],"damage_taken":[{"damage":0.0,"enemies":"Jaw Worm","floor":1.0,"turns":3.0},{"damage":0.0,"enemies":"Small Slimes","floor":2.0,"turns":3.0},{"damage":0.0,"enemies":"Cultist","floor":3.0,"turns":3.0},{"damage":0.0,"enemies":"3 Louse","floor":4.0,"turns":2.0},{"damage":0.0,"enemies":"Red Slaver","floor":5.0,"turns":4.0},{"damage":8.0,"enemies":"Gremlin Nob","floor":6.0,"turns":3.0},{"damage":28.0,"enemies":"3 Sentries","floor":8.0,"turns":10.0},{"damage":1.0,"enemies":"Lagavulin","floor":11.0,"turns":8.0},{"damage":0,"enemies":"The Guardian","floor":16,"turns":2}],"seed_played":"2774478143706963977","potions_obtained":[{"floor":3.0,"key":"Explosive Potion"},{"floor":4.0,"key":"Swift Potion"},{"floor":5.0,"key":"Dexterity Potion"}],"is_trial":false,"path_per_floor":["M","M","M","M","M","E","R","E","T","R","E","R","$","?","R","B"],"character_chosen":"WATCHER","items_purchased":["Medical Kit","Adaptation"],"campfire_rested":0,"item_purchase_floors":[13,13],"current_hp_per_floor":[61,61,61,61,61,53,53,25,25,25,24,24,24,13,13,13,13],"gold":34,"neow_bonus":"BOSS_RELIC","is_daily":false,"chose_seed":false,"campfire_upgraded":4,"win_rate":0.0,"timestamp":1612083892,"path_taken":["M","M","M","M","M","E","R","E","T","R","E","R","$","?","R","BOSS"],"items_purchased_type":["Relic","Card"],"build_version":"2020-12-22","purchased_purges":0,"victory":false,"max_hp_per_floor":[68,68,68,68,68,68,68,68,68,68,68,68,68,68,68,68,68],"card_choices":[{"not_picked":["MentalFortress","EmptyMind","InnerPeace"],"picked":"BowlingBash","floor":1.0},{"not_picked":["ClearTheMind","WaveOfTheHand","SashWhip"],"picked":"LikeWater","floor":2.0},{"not_picked":["EmptyMind","Vengeance","CutThroughFate"],"picked":"SandsOfTime","floor":3.0},{"not_picked":["Indignation","Evaluate","Halt"],"picked":"FearNoEvil","floor":4.0},{"not_picked":["Worship","Prostrate","Halt"],"picked":"FollowUp","floor":5.0},{"not_picked":["CutThroughFate","MentalFortress","Collect"],"picked":"Wish","floor":6.0},{"not_picked":["BowlingBash","CrushJoints","EmptyBody"],"picked":"Vault","floor":8.0},{"not_picked":["Halt","FlurryOfBlows","Collect"],"picked":"Scrawl","floor":11.0}],"player_experience":1398392,"relics_obtained":[{"floor":0.0,"key":"Anchor"},{"floor":0.0,"key":"Question Card"},{"floor":0.0,"key":"GoldenEye"},{"floor":6.0,"key":"Pen Nib"},{"floor":8.0,"key":"Boot"},{"floor":9.0,"key":"Whetstone"},{"floor":11.0,"key":"Tiny Chest"}],"event_choices":[{"damage_healed":0.0,"max_hp_gain":0.0,"max_hp_loss":0.0,"gold_gain":0.0,"event_name":"Scrap Ooze","player_choice":"Success","floor":14.0,"gold_loss":0.0,"damage_taken":11.0,"relics_obtained":["PreservedInsect"]}],"is_beta":false,"boss_relics":[],"items_purged_floors":[],"is_endless":false,"potions_floor_spawned":[3,4,5],"killed_by":"The Guardian","ascension_level":20}}