{"host":"qvcm5n1ry1q9iv9x","time":1612114020,"event":{"mods":["Act Like it!","BaseMod","BetterRewards","Colored Map","Colored Powertips","Downfall","Friendly Minions","Highlight Path","Minty Spire (QoL Compilation)","Quick Restart","Relic Sorter","Shop Mod","StSLib"],"gold_per_floor":[99,199,218,234,409,237,260,272,272,303,303,337,347,367,380,483,483,483,483,493,502,524,544,544,553,598,634,663,192,211,52,63,174,183,83,108,130,189,216,216,216,216,243,266,302,335,15,70,94,94,94,94],"floor_reached":50,"language":"ZHS","playtime":3486,"items_purged":["Doubt","downfall:Bewildered","Parasite"],"score":656,"play_id":"3eab5201-cf3d-4f75-b541-0e3f2e4d5f5a","local_time":"20210201012700","is_ascension_mode":false,"campfire_choices":[{"data":"Slimebound:SelfFormingGoo","floor":1.0,"key":"SMITH"},{"data":"Slimebound:GoopSpray","floor":9.0,"key":"SMITH"},{"data":"Slimebound:SlimeSlap","floor":11.0,"key":"SMITH"},{"data":"Slimebound:MassFeed","floor":18.0,"key":"SMITH"},{"data":"RitualDagger","floor":35.0,"key":"SMITH"},{"floor":42.0,"key":"RECALL"}],"circlet_count":0,"master_deck":["Slimebound:Tackle+1","Slimebound:Split","Slimebound:CorrosiveSpit","Slimebound:FlameTackle","Slimebound:PrepareCrush","Slimebound:DisruptingSlam+1","Slimebound:SplitLeeching","Slimebound:SelfFormingGoo+1","Slimebound:LeechLife","Slimebound:MegaLick","Slimebound:Repurpose","Slimebound:GoopSpray+1","Slimebound:SamplingLick","Slimebound:Dissolve","Slimebound:SlimeBrawl","Slimebound:SlimeSlap+1","Slimebound:GoopTackle","Slimebound:TongueLash","Slimebound:SplitAcid","Slimebound:LeechingTouch","Slimebound:MassFeed+1","RitualDagger+1","Slimebound:RejuvenatingLick","Slimebound:RainOfGoop","Bite","Bite","Bite","Bite","Bite","Slimebound:MinionMaster","Slimebound:Schlurp+1","Slimebound:RainOfGoop+1","Good Instincts","Slimebound:Schlurp+1","Slimebound:Replication","Slimebound:WasteNot","CurseOfTheBell","Slimebound:RollThrough+1","Slimebound:SamplingLick","Slimebound:SplitMire+1","expansioncontent:YouAreMine","expansioncontent:LastStand","expansioncontent:YouAreMine","Slimebound:FormOfPuddle+1","Slimebound:LevelUp+1","Slimebound:SamplingLick+1","Slimebound:SlimeBarrage+1","Slimebound:Schlurp+1","expansioncontent:Chronoboost","Slimebound:RallyTheTroops","Slimebound:RallyTheTroops"],"relics":["Pandora\u0027s Box","Whetstone","Pear","Blue Candle","SacredBark","CeramicFish","Meat on the Bone","sneckomod:BabySnecko","Bronze Scales","Mango","Toy Ornithopter","Calling Bell","Akabeko","Slimebound:MaxSlimesRelic","FossilizedHelix","downfall:HeartBlessingGreen","Prayer Wheel","The Courier","Mercury Hourglass","Question Card","White Beast Statue","Strawberry","Calipers"],"acts_visited":["Exordium","TheCity","TheBeyond"],"potions_floor_usage":[50,50],"damage_taken":[{"damage":2.0,"enemies":"Jaw Worm","floor":3.0,"turns":3.0},{"damage":2.0,"enemies":"Small Slimes","floor":4.0,"turns":3.0},{"damage":5.0,"enemies":"downfall:FleeingMerchant","floor":6.0,"turns":4.0},{"damage":3.0,"enemies":"Cultist","floor":8.0,"turns":2.0},{"damage":26.0,"enemies":"Gremlin Nob","floor":10.0,"turns":4.0},{"damage":9.0,"enemies":"3 Sentries","floor":12.0,"turns":6.0},{"damage":13.0,"enemies":"Red Slaver","floor":13.0,"turns":4.0},{"damage":0.0,"enemies":"Large Slime","floor":14.0,"turns":2.0},{"damage":11.0,"enemies":"2 Fungi Beasts","floor":15.0,"turns":3.0},{"damage":22.0,"enemies":"SI_SHIV_ARCHETYPE","floor":16.0,"turns":7.0},{"damage":30.0,"enemies":"Shell Parasite","floor":20.0,"turns":6.0},{"damage":17.0,"enemies":"Chosen","floor":22.0,"turns":5.0},{"damage":17.0,"enemies":"Snecko","floor":23.0,"turns":4.0},{"damage":47.0,"enemies":"Book of Stabbing","floor":27.0,"turns":5.0},{"damage":18.0,"enemies":"Snake Plant","floor":28.0,"turns":3.0},{"damage":10.0,"enemies":"downfall:FleeingMerchant","floor":29.0,"turns":4.0},{"damage":33.0,"enemies":"Shelled Parasite and Fungi","floor":30.0,"turns":4.0},{"damage":20.0,"enemies":"downfall:FleeingMerchant","floor":31.0,"turns":4.0},{"damage":34.0,"enemies":"Snecko","floor":32.0,"turns":7.0},{"damage":84.0,"enemies":"WA_ARCHETYPE_CALM","floor":33.0,"turns":9.0},{"damage":25.0,"enemies":"3 Darklings","floor":36.0,"turns":6.0},{"damage":9.0,"enemies":"3 Shapes","floor":37.0,"turns":4.0},{"damage":10.0,"enemies":"3 Shapes","floor":38.0,"turns":8.0},{"damage":15.0,"enemies":"Writhing Mass","floor":39.0,"turns":7.0},{"damage":54.0,"enemies":"Spire Growth","floor":44.0,"turns":7.0},{"damage":32.0,"enemies":"Nemesis","floor":45.0,"turns":9.0},{"damage":28.0,"enemies":"Transient","floor":46.0,"turns":5.0},{"damage":0.0,"enemies":"downfall:FleeingMerchant","floor":47.0,"turns":1.0},{"damage":41.0,"enemies":"2 Orb Walkers","floor":48.0,"turns":6.0},{"damage":9.0,"enemies":"Writhing Mass","floor":49.0,"turns":3.0},{"damage":122,"enemies":"DF_ARCHETYPE_ORBS","floor":50,"turns":9}],"seed_played":"-685478269728542435","potions_obtained":[{"floor":3.0,"key":"Explosive Potion"},{"floor":4.0,"key":"Slimebound:ThreeZeroPotion"},{"floor":14.0,"key":"Energy Potion"},{"floor":16.0,"key":"bronze:BurnAndBuffPotion"},{"floor":30.0,"key":"GamblersBrew"},{"floor":48.0,"key":"Fire Potion"},{"floor":49.0,"key":"FearPotion"}],"is_trial":false,"path_per_floor":["R","?","M","M","?","$","T","M","R","E","R","E","M","M","M","B",null,"R","?","M","?","M","M","T","?","?","E","M","$","M","$","M","B",null,"R","M","M","?","M","?","T","R","?","M","E","M","$","?","M","B"],"character_chosen":"SLIMEBOUND","items_purchased":["Slimebound:Dissolve","Mango","Good Instincts","Toy Ornithopter","expansioncontent:Chronoboost","Slimebound:RallyTheTroops","White Beast Statue","Strawberry","FairyPotion"],"campfire_rested":0,"item_purchase_floors":[6,29,29,31,47,47,47,47,47],"current_hp_per_floor":[65,65,65,63,63,63,63,65,65,49,49,50,63,63,56,34,75,75,75,49,43,50,37,37,37,37,18,18,40,29,53,39,32,78,78,57,60,72,78,78,78,78,68,26,32,22,41,38,46,0,0,0],"gold":94,"neow_bonus":"BOSS_RELIC","is_daily":false,"chose_seed":false,"campfire_upgraded":5,"win_rate":0.0,"timestamp":1612114020,"path_taken":["R","?","M","M","?","$","T","?","R","E","R","E","M","?","M","BOSS","R","?","M","?","M","M","T","?","?","E","M","$","M","?","M","BOSS","R","M","M","?","M","?","T","R","?","?","E","M","$","?","M","BOSS"],"items_purchased_type":["Card","Relic","Card","Relic","Card","Card","Relic","Relic","Potion"],"build_version":"2020-12-22","purchased_purges":3,"victory":false,"max_hp_per_floor":[65,65,65,65,65,65,65,65,65,75,75,75,75,75,75,75,75,75,75,79,79,83,87,87,87,60,60,60,74,74,74,78,78,78,78,82,90,90,90,90,90,90,90,90,94,94,98,98,98,98,98,98],"card_choices":[{"not_picked":["Slimebound:BestDefense","Slimebound:Schlurp"],"picked":"Slimebound:Repurpose","floor":3.0},{"not_picked":["Slimebound:RollThrough","Slimebound:SplitBruiser"],"picked":"Slimebound:GoopSpray","floor":4.0},{"not_picked":["Slimebound:SplitBruiser","Slimebound:GoopSpray"],"picked":"Slimebound:SamplingLick","floor":6.0},{"not_picked":["Slimebound:Grow","Slimebound:SplitLeeching"],"picked":"Slimebound:SlimeBrawl","floor":8.0},{"not_picked":["Slimebound:Schlurp","Slimebound:RollThrough"],"picked":"Slimebound:SlimeSlap","floor":10.0},{"not_picked":["Slimebound:SlimeBrawl","Slimebound:PressTheAttack"],"picked":"Slimebound:GoopTackle","floor":12.0},{"not_picked":["Slimebound:FormOfPuddle","Slimebound:SlimeSpikes"],"picked":"Slimebound:TongueLash","floor":13.0},{"not_picked":["Slimebound:GoopSpray","Slimebound:ComboTackle"],"picked":"Slimebound:SplitAcid","floor":14.0},{"not_picked":["Slimebound:ItLooksTasty","Slimebound:DisruptingSlam"],"picked":"Slimebound:LeechingTouch","floor":15.0},{"not_picked":["Slimebound:SelfFormingGoo","Slimebound:Overexert"],"picked":"Slimebound:MassFeed","floor":16.0},{"not_picked":["Slimebound:DisruptingSlam","Slimebound:Grow","Slimebound:LeechEnergy+1"],"picked":"SKIP","floor":20.0},{"not_picked":["Slimebound:SlimeSpikes","Slimebound:GoopTackle"],"picked":"Slimebound:RejuvenatingLick","floor":22.0},{"not_picked":["Slimebound:HauntingLick","Slimebound:RejuvenatingLick"],"picked":"Slimebound:RainOfGoop","floor":23.0},{"not_picked":["Slimebound:HauntingLick","Slimebound:GrowthPunch"],"picked":"Slimebound:MinionMaster","floor":27.0},{"not_picked":["Slimebound:LevelUp","Slimebound:SlimeTap+1"],"picked":"Slimebound:Schlurp+1","floor":28.0},{"not_picked":["Slimebound:ViciousTackle","Slimebound:LevelUp"],"picked":"Slimebound:RainOfGoop+1","floor":29.0},{"not_picked":["Slimebound:FinishingTackle","Slimebound:GrowthPunch"],"picked":"Slimebound:Schlurp+1","floor":30.0},{"not_picked":["Slimebound:SplitBruiser+1","Slimebound:ComboTackle"],"picked":"Slimebound:Replication","floor":31.0},{"not_picked":["Slimebound:SplitAcid","Slimebound:ForwardTackle","Slimebound:GoopTackle+1"],"picked":"SKIP","floor":32.0},{"not_picked":["Slimebound:MinionMaster","Slimebound:SelfFormingGoo"],"picked":"Slimebound:WasteNot","floor":33.0},{"not_picked":["Slimebound:GoopTackle","Slimebound:LivingWall+1"],"picked":"Slimebound:RollThrough+1","floor":36.0},{"not_picked":["Slimebound:GoopTackle+1","Slimebound:LivingWall+1"],"picked":"Slimebound:SamplingLick","floor":37.0},{"not_picked":["Slimebound:ForwardTackle+1","Slimebound:SplitAcid"],"picked":"Slimebound:SplitMire+1","floor":38.0},{"not_picked":["Slimebound:ItLooksTasty+1","Slimebound:FlameTackle+1","Slimebound:SplitMire+1"],"picked":"SKIP","floor":39.0},{"not_picked":["Slimebound:PressTheAttack","Slimebound:FinishingTackle","Slimebound:Prepare+1"],"picked":"SKIP","floor":39.0},{"not_picked":["expansioncontent:LastStand","expansioncontent:InvincibleStrength"],"picked":"expansioncontent:YouAreMine","floor":43.0},{"not_picked":["expansioncontent:HyperBeam","expansioncontent:DecaShield"],"picked":"expansioncontent:LastStand","floor":43.0},{"not_picked":["expansioncontent:DecaShield","expansioncontent:Hexaburn"],"picked":"expansioncontent:YouAreMine","floor":43.0},{"not_picked":["Slimebound:SplitBruiser","Slimebound:DisruptingSlam+1"],"picked":"Slimebound:FormOfPuddle+1","floor":44.0},{"not_picked":["Slimebound:Schlurp","Slimebound:Gluttony","Slimebound:Prepare+1"],"picked":"SKIP","floor":44.0},{"not_picked":["Slimebound:Schlurp","Slimebound:Gluttony","Slimebound:Prepare+1"],"picked":"SKIP","floor":44.0},{"not_picked":["Slimebound:MinionMaster","Slimebound:SplitBruiser+1"],"picked":"Slimebound:LevelUp+1","floor":45.0},{"not_picked":["Slimebound:SlimeBarrage","Slimebound:SplitBruiser","Slimebound:GoopTackle+1"],"picked":"Slimebound:SamplingLick+1","floor":46.0},{"not_picked":["Slimebound:SplitMire","Slimebound:Grow","Slimebound:FinishingTackle"],"picked":"Slimebound:SlimeBarrage+1","floor":46.0},{"not_picked":["Slimebound:SlimeSpikes","Slimebound:SlimeBrawl","Slimebound:LeechingTouch"],"picked":"Slimebound:Schlurp+1","floor":47.0},{"not_picked":["Slimebound:AcidTongue+1","Slimebound:RollThrough","Slimebound:ItLooksTasty+1"],"picked":"Slimebound:RallyTheTroops","floor":49.0},{"not_picked":["Slimebound:BestDefense","Slimebound:Schlurp+1","Slimebound:SlimeSpikes+1","Slimebound:SlimeBrawl"],"picked":"SKIP","floor":49.0}],"player_experience":144443,"relics_obtained":[{"floor":7.0,"key":"Whetstone"},{"floor":10.0,"key":"Pear"},{"floor":12.0,"key":"Blue Candle"},{"floor":24.0,"key":"Meat on the Bone"},{"floor":27.0,"key":"Bronze Scales"},{"floor":34.0,"key":"Akabeko"},{"floor":34.0,"key":"Slimebound:MaxSlimesRelic"},{"floor":34.0,"key":"FossilizedHelix"},{"floor":38.0,"key":"Prayer Wheel"},{"floor":40.0,"key":"The Courier"},{"floor":41.0,"key":"Mercury Hourglass"},{"floor":45.0,"key":"Question Card"},{"floor":48.0,"key":"Calipers"}],"event_choices":[{"damage_healed":0.0,"max_hp_gain":0.0,"max_hp_loss":27.0,"gold_gain":0.0,"event_name":"Vampires","player_choice":"Became a vampire","floor":26.0,"gold_loss":0.0,"damage_taken":0.0,"cards_obtained":["Bite","Bite","Bite","Bite","Bite"]},{"damage_healed":0.0,"max_hp_gain":0.0,"max_hp_loss":0.0,"gold_gain":0.0,"event_name":"Mysterious Sphere","player_choice":"Fight","floor":48.0,"gold_loss":0.0,"damage_taken":0.0}],"is_beta":false,"boss_relics":[{"not_picked":["Velvet Choker","Slimebound:TarBlob"],"picked":"SacredBark"},{"not_picked":["Fusion Hammer","Runic Dome"],"picked":"Calling Bell"}],"items_purged_floors":[6,29,47],"is_endless":false,"potions_floor_spawned":[3,4,14,16,22,23,30,32,38,39,44,48,49],"killed_by":"DF_ARCHETYPE_ORBS","ascension_level":0}}