{"host":"qgrlfjrqk9z96gfi","time":1612051213,"event":{"mods":["BaseMod","Block Reminder","Colored Map","Custom Start","DeckTracker","Minty Spire (QoL Compilation)"],"gold_per_floor":[114,9,26,26,26,62,81,81,107,141,156,177,52,76,76,175,175,191,191,191,191,91,91,91,91],"floor_reached":24,"language":"ENG","playtime":585,"items_purged":["Strike_G","Storm of Steel"],"score":458,"play_id":"e7506d1d-4d90-4729-9e69-0bf29a1364fa","local_time":"20210130140013","is_ascension_mode":true,"campfire_choices":[{"data":"Envenom","floor":8.0,"key":"SMITH"},{"data":"Noxious Fumes","floor":15.0,"key":"SMITH"},{"floor":23.0,"key":"REST"}],"circlet_count":0,"master_deck":["AscendersBane","Survivor","Neutralize","Poisoned Stab","Blade Dance","Eviscerate","Endless Agony","Envenom+1","Noxious Fumes+1","Terror","Dodge and Roll","Deflect","Cloak And Dagger","Burst","Corpse Explosion","Masterful Stab","Bullet Time","Tactician","Poisoned Stab","Doppelganger","All Out Attack","Bane","All Out Attack","Dodge and Roll"],"relics":["Ring of the Snake","NeowsBlessing","Golden Idol","Anchor","Bag of Preparation","Happy Flower","Pandora\u0027s Box","Nilry\u0027s Codex"],"acts_visited":["Exordium","TheCity"],"potions_floor_usage":[],"damage_taken":[{"damage":0.0,"enemies":"Small Slimes","floor":1.0,"turns":1.0},{"damage":0.0,"enemies":"Jaw Worm","floor":3.0,"turns":1.0},{"damage":0.0,"enemies":"3 Sentries","floor":6.0,"turns":1.0},{"damage":0.0,"enemies":"Cultist","floor":7.0,"turns":3.0},{"damage":8.0,"enemies":"Gremlin Nob","floor":10.0,"turns":3.0},{"damage":0.0,"enemies":"Red Slaver","floor":11.0,"turns":3.0},{"damage":0.0,"enemies":"2 Fungi Beasts","floor":12.0,"turns":3.0},{"damage":11.0,"enemies":"Large Slime","floor":14.0,"turns":6.0},{"damage":18.0,"enemies":"The Guardian","floor":16.0,"turns":10.0},{"damage":0.0,"enemies":"Chosen","floor":18.0,"turns":3.0},{"damage":50,"enemies":"Book of Stabbing","floor":24,"turns":4}],"seed_played":"-8251649526608076533","potions_obtained":[{"floor":3.0,"key":"SteroidPotion"},{"floor":10.0,"key":"Swift Potion"},{"floor":14.0,"key":"SteroidPotion"}],"is_trial":false,"path_per_floor":["M","$","M","?","?","E","M","R","T","E","M","M","$","M","R","B",null,"M","?","?","?","$","R","E"],"character_chosen":"THE_SILENT","items_purchased":["Blade Dance","Eviscerate","Cloak And Dagger"],"campfire_rested":1,"item_purchase_floors":[2,2,13],"current_hp_per_floor":[59,59,59,59,50,50,50,50,50,42,42,42,42,31,31,13,48,48,27,27,27,27,45,0,0],"gold":91,"neow_bonus":"THREE_ENEMY_KILL","is_daily":false,"chose_seed":false,"campfire_upgraded":2,"win_rate":0.0,"timestamp":1612051213,"path_taken":["M","$","M","?","?","E","M","R","T","E","M","?","?","M","R","BOSS","M","?","?","?","$","R","E"],"items_purchased_type":["Card","Card","Card"],"build_version":"2020-12-22","purchased_purges":2,"victory":false,"max_hp_per_floor":[66,66,66,60,60,60,60,60,60,60,60,60,60,60,60,60,60,60,60,60,60,60,60,60,60],"card_choices":[{"not_picked":["PiercingWail","Sucker Punch"],"picked":"Poisoned Stab","floor":1.0},{"not_picked":["Quick Slash","Flying Knee"],"picked":"Endless Agony","floor":3.0},{"not_picked":["Poisoned Stab","Burst"],"picked":"Envenom","floor":6.0},{"not_picked":["Slice","Choke"],"picked":"Noxious Fumes","floor":7.0},{"not_picked":["Acrobatics","Concentrate"],"picked":"Terror","floor":10.0},{"not_picked":["Distraction","Terror"],"picked":"Dodge and Roll","floor":11.0},{"not_picked":["Dodge and Roll","Flying Knee"],"picked":"Deflect","floor":12.0},{"not_picked":["Cloak And Dagger","Slice"],"picked":"Burst","floor":14.0},{"not_picked":["Unload","Night Terror"],"picked":"Corpse Explosion","floor":16.0},{"not_picked":["Bouncing Flask","Deadly Poison"],"picked":"Dodge and Roll","floor":18.0}],"player_experience":1085894,"relics_obtained":[{"floor":6.0,"key":"Anchor"},{"floor":9.0,"key":"Bag of Preparation"},{"floor":10.0,"key":"Happy Flower"},{"floor":19.0,"key":"Nilry\u0027s Codex"}],"event_choices":[{"damage_healed":0.0,"max_hp_gain":0.0,"max_hp_loss":6.0,"gold_gain":0.0,"event_name":"Golden Idol","player_choice":"Lose Max HP","floor":4.0,"gold_loss":0.0,"damage_taken":0.0,"relics_obtained":["Golden Idol"]},{"damage_healed":0.0,"max_hp_gain":0.0,"max_hp_loss":0.0,"gold_gain":0.0,"event_name":"Wheel of Change","player_choice":"Damaged","floor":5.0,"gold_loss":0.0,"damage_taken":9.0},{"damage_healed":0.0,"max_hp_gain":0.0,"max_hp_loss":0.0,"gold_gain":0.0,"event_name":"Cursed Tome","player_choice":"Obtained Book","floor":19.0,"gold_loss":0.0,"damage_taken":21.0},{"damage_healed":0.0,"max_hp_gain":0.0,"max_hp_loss":0.0,"gold_gain":0.0,"event_name":"Beggar","player_choice":"Ignored","floor":20.0,"gold_loss":0.0,"damage_taken":0.0},{"damage_healed":0.0,"max_hp_gain":0.0,"max_hp_loss":0.0,"gold_gain":0.0,"event_name":"The Mausoleum","player_choice":"Ignored","floor":21.0,"gold_loss":0.0,"damage_taken":0.0}],"is_beta":false,"boss_relics":[{"not_picked":["SacredBark","Snecko Eye"],"picked":"Pandora\u0027s Box"}],"items_purged_floors":[13,22],"is_endless":false,"potions_floor_spawned":[3,10,11,14],"killed_by":"Book of Stabbing","ascension_level":20}}