{"host":"yx5rao87132cy5xq","time":1612119090,"event":{"mods":["2.2 Compatiblity","AchievementEnabler","BaseMod","Bestiary","Colored Map","Colored Powertips","Minty Spire (QoL Compilation)","Quick Restart","Relic Stats","Slay-I","SuperFastMode"],"gold_per_floor":[111,111,76,95,95,123,123,123,123,123,155,155,170,187,187,259,259,273,273,290,316,326,326,340,354,407,407,407],"floor_reached":27,"language":"ENG","playtime":1453,"items_purged":[],"score":401,"play_id":"a0974f94-c445-4531-9d44-d0423accb256","local_time":"20210131195130","is_ascension_mode":true,"campfire_choices":[{"data":"Bludgeon","floor":7.0,"key":"SMITH"},{"floor":10.0,"key":"REST"},{"data":"Flame Barrier","floor":15.0,"key":"SMITH"},{"data":"Barricade","floor":23,"key":"SMITH"}],"circlet_count":0,"master_deck":["AscendersBane","Strike_R","Strike_R","Strike_R","Defend_R","Defend_R","Defend_R","Defend_R","Bash","Flame Barrier+1","Uppercut+1","Bludgeon+1","Metallicize","Infernal Blade","True Grit","Barricade+1","Iron Wave","Shrug It Off","Normality","Wild Strike","Flame Barrier","True Grit+1","Injury"],"relics":["Runic Cube","Lantern","Nunchaku","The Courier","Tiny Chest","Cursed Key","Potion Belt","Happy Flower"],"acts_visited":["Exordium","TheCity"],"potions_floor_usage":[],"damage_taken":[{"damage":4.0,"enemies":"Small Slimes","floor":1.0,"turns":4.0},{"damage":0.0,"enemies":"Jaw Worm","floor":4.0,"turns":6.0},{"damage":28.0,"enemies":"Lagavulin","floor":6.0,"turns":8.0},{"damage":8.0,"enemies":"Gremlin Nob","floor":11.0,"turns":3.0},{"damage":0.0,"enemies":"2 Louse","floor":13.0,"turns":3.0},{"damage":6.0,"enemies":"Large Slime","floor":14.0,"turns":5.0},{"damage":25.0,"enemies":"Hexaghost","floor":16.0,"turns":11.0},{"damage":1,"enemies":"3 Byrds","floor":18,"turns":6},{"damage":0,"enemies":"Chosen","floor":20,"turns":4},{"damage":17,"enemies":"Centurion and Healer","floor":22,"turns":6},{"damage":22,"enemies":"Snake Plant","floor":24,"turns":4},{"damage":14,"enemies":"3 Cultists","floor":25,"turns":6},{"damage":0,"enemies":"Book of Stabbing","floor":27,"turns":1}],"seed_played":"-4385875639063068148","potions_obtained":[{"floor":6.0,"key":"Fire Potion"},{"floor":11.0,"key":"Swift Potion"},{"floor":13.0,"key":"Dexterity Potion"},{"floor":22,"key":"AttackPotion"}],"is_trial":false,"path_per_floor":["M","?","?","M","?","E","R","?","T","R","E","$","M","M","R","B",null,"M","?","M","T","M","R","M","M","T","E"],"character_chosen":"IRONCLAD","items_purchased":[],"campfire_rested":1,"item_purchase_floors":[],"current_hp_per_floor":[64,46,64,64,64,36,36,36,36,58,50,50,50,44,44,19,61,60,60,60,60,43,43,21,7,7,7,7],"gold":407,"neow_bonus":"BOSS_RELIC","is_daily":false,"chose_seed":false,"campfire_upgraded":3,"win_rate":0.0,"timestamp":1612119090,"path_taken":["M","?","?","M","?","E","R","?","T","R","E","$","?","M","R","BOSS","M","?","?","?","M","R","M","?","T","E"],"items_purchased_type":[],"build_version":"2020-12-22","purchased_purges":0,"victory":false,"max_hp_per_floor":[75,75,75,75,75,75,75,75,75,75,75,75,75,75,75,75,75,75,75,75,75,75,75,75,75,75,75,75],"relic_stats":{"Nunchaku":[6],"Happy Flower":[0],"counters":[13,67],"Tiny Chest":1,"Cursed Key":2,"obtain_stats":[{"Potion Belt":21,"Lantern":2,"Nunchaku":6,"Happy Flower":26,"Tiny Chest":11,"The Courier":9,"Cursed Key":17,"Burning Blood":0,"Runic Cube":0},{"Potion Belt":9,"Lantern":1,"Nunchaku":3,"Happy Flower":12,"Tiny Chest":4,"The Courier":3,"Cursed Key":7,"Burning Blood":0,"Runic Cube":0},{"Potion Belt":50,"Lantern":4,"Nunchaku":18,"Happy Flower":66,"Tiny Chest":21,"The Courier":18,"Cursed Key":40,"Burning Blood":0,"Runic Cube":0}],"Runic Cube":[23]},"card_choices":[{"not_picked":["True Grit","Shrug It Off"],"picked":"Flame Barrier","floor":1.0},{"not_picked":["Warcry","Havoc"],"picked":"Uppercut","floor":4.0},{"not_picked":["Searing Blow","Clothesline"],"picked":"Bludgeon","floor":6.0},{"not_picked":["Feed","True Grit"],"picked":"Metallicize","floor":11.0},{"not_picked":["Clash","Body Slam"],"picked":"Infernal Blade","floor":13.0},{"not_picked":["Pommel Strike","Uppercut"],"picked":"True Grit","floor":14.0},{"not_picked":["Double Tap","Brutality"],"picked":"Barricade","floor":16.0},{"not_picked":["Rampage+1","Clash"],"picked":"Iron Wave","floor":18},{"not_picked":["Sword Boomerang","Cleave"],"picked":"Shrug It Off","floor":20},{"not_picked":["Thunderclap","Clash"],"picked":"Wild Strike","floor":22},{"not_picked":["Berserk","Dropkick"],"picked":"Flame Barrier","floor":24},{"not_picked":["Perfected Strike","Headbutt"],"picked":"True Grit+1","floor":25}],"player_experience":946805,"relics_obtained":[{"floor":6.0,"key":"Nunchaku"},{"floor":9.0,"key":"The Courier"},{"floor":11.0,"key":"Tiny Chest"},{"floor":21,"key":"Potion Belt"},{"floor":26,"key":"Happy Flower"}],"event_choices":[{"damage_healed":0.0,"max_hp_gain":0.0,"max_hp_loss":0.0,"gold_gain":0.0,"event_name":"Scrap Ooze","player_choice":"Success","floor":2.0,"gold_loss":0.0,"damage_taken":18.0,"relics_obtained":["Lantern"]},{"damage_healed":18.0,"max_hp_gain":0.0,"max_hp_loss":0.0,"gold_gain":0.0,"event_name":"The Cleric","player_choice":"Healed","floor":3.0,"gold_loss":35.0,"damage_taken":0.0},{"damage_healed":0.0,"max_hp_gain":0.0,"max_hp_loss":0.0,"gold_gain":0.0,"event_name":"Living Wall","player_choice":"Grow","floor":5.0,"gold_loss":0.0,"damage_taken":0.0,"cards_upgraded":["Uppercut"]},{"cards_removed":["Strike_R"],"damage_healed":0.0,"max_hp_gain":0.0,"max_hp_loss":0.0,"gold_gain":0.0,"event_name":"Bonfire Elementals","player_choice":"Offered Basic","floor":8.0,"gold_loss":0.0,"damage_taken":0.0},{"cards_removed":["Strike_R"],"damage_healed":0,"gold_gain":0,"player_choice":"Purged","damage_taken":0,"max_hp_gain":0,"max_hp_loss":0,"event_name":"Purifier","floor":19,"gold_loss":0}],"is_beta":false,"boss_relics":[{"not_picked":["Pandora\u0027s Box","Fusion Hammer"],"picked":"Cursed Key"}],"items_purged_floors":[],"is_endless":false,"potions_floor_spawned":[6,11,13,16,20,22],"killed_by":"Book of Stabbing","ascension_level":16}}