{"host":"kmigwsj5rrfnig2m","time":1612097263,"event":{"mods":["BaseMod","Downfall","Minty Spire (QoL Compilation)","Relic Stats","StSLib"],"gold_per_floor":[99,99,199,16,16,65,65,96,142,178,237,291,364,364,383,383,383,383],"floor_reached":16,"language":"ENG","playtime":998,"items_purged":[],"score":120,"play_id":"b3c38eaf-02d8-411c-8f28-d78cd51a0aff","local_time":"20210131074743","is_ascension_mode":false,"campfire_choices":[{"data":"bronze:Goto","floor":1,"key":"SMITH"}],"circlet_count":0,"master_deck":["bronze:Strike","bronze:Strike","bronze:Strike","bronze:Strike","bronze:Defend","bronze:Defend","bronze:Defend","bronze:Defend","bronze:Replicate","bronze:Goto+1","bronze:DelayedGuard","bronze:WildBeam","HandOfGreed","bronze:WhirlingStrike","bronze:CloningBeam","bronze:MaxOutput","bronze:BronzeArmor","bronze:BronzeOrb","bronze:BuggyMess","bronze:Philosophize","bronze:CleanCode","bronze:Safeguard"],"relics":["bronze:BronzeCore","downfall:HeartsMalice","Calipers","Blue Candle","Bottled Lightning","Toy Ornithopter"],"acts_visited":["Exordium"],"potions_floor_usage":[16,16,16],"damage_taken":[{"damage":0,"enemies":"2 Louse","floor":2,"turns":1},{"damage":0,"enemies":"downfall:FleeingMerchant","floor":4,"turns":1},{"damage":0,"enemies":"Cultist","floor":5,"turns":1},{"damage":10,"enemies":"Gremlin Nob","floor":6,"turns":3},{"damage":1,"enemies":"Jaw Worm","floor":8,"turns":3},{"damage":17,"enemies":"Lagavulin","floor":9,"turns":7},{"damage":4,"enemies":"Blue Slaver","floor":10,"turns":4},{"damage":0,"enemies":"3 Louse","floor":11,"turns":5},{"damage":0,"enemies":"2 Fungi Beasts","floor":12,"turns":4},{"damage":22,"enemies":"3 Sentries","floor":13,"turns":8},{"damage":2,"enemies":"Red Slaver","floor":15,"turns":4},{"damage":47,"enemies":"IC_STATUS_ARCHETYPE","floor":16,"turns":8}],"seed_played":"-1732558638920734229","potions_obtained":[{"floor":6,"key":"bronze:FreeFunctionsPotion"},{"floor":8,"key":"Weak Potion"},{"floor":12,"key":"Swift Potion"},{"floor":15,"key":"Fruit Juice"}],"is_trial":false,"path_per_floor":["R","M","?","$","M","E","T","M","E","M","M","M","E","?","M","B"],"character_chosen":"THE_AUTOMATON","items_purchased":["HandOfGreed"],"campfire_rested":0,"item_purchase_floors":[4],"current_hp_per_floor":[70,70,70,70,70,60,60,59,42,38,38,38,16,16,14,0,0,0],"gold":383,"neow_bonus":"THREE_ENEMY_KILL","is_daily":false,"chose_seed":false,"campfire_upgraded":1,"win_rate":0.0,"timestamp":1612097263,"path_taken":["R","M","?","?","M","E","T","?","E","M","M","M","E","?","M","BOSS"],"items_purchased_type":["Card"],"build_version":"2020-12-22","purchased_purges":0,"victory":false,"max_hp_per_floor":[70,70,70,70,70,70,70,70,70,70,70,70,70,70,70,75,75,75],"relic_stats":{"counters":[12,46],"Blue Candle":[0],"obtain_stats":[{"bronze:BronzeCore":0,"Calipers":6,"Blue Candle":7,"downfall:HeartsMalice":0,"Bottled Lightning":9,"Toy Ornithopter":13},{"bronze:BronzeCore":0,"Calipers":4,"Blue Candle":4,"downfall:HeartsMalice":0,"Bottled Lightning":6,"Toy Ornithopter":10},{"bronze:BronzeCore":0,"Calipers":3,"Blue Candle":3,"downfall:HeartsMalice":0,"Bottled Lightning":13,"Toy Ornithopter":34}],"Toy Ornithopter":15},"card_choices":[{"not_picked":["bronze:Overload","bronze:Safeguard"],"picked":"bronze:DelayedGuard","floor":2},{"not_picked":["bronze:WhirlingStrike","bronze:Invalidate"],"picked":"bronze:WildBeam","floor":4},{"not_picked":["bronze:Return","bronze:ForLoop"],"picked":"bronze:WhirlingStrike","floor":5},{"not_picked":["bronze:Turbo","bronze:FineTuning"],"picked":"bronze:CloningBeam","floor":6},{"not_picked":["bronze:Deprecate","bronze:BitShift"],"picked":"bronze:MaxOutput","floor":8},{"not_picked":["bronze:Shell","bronze:ItsAFeature"],"picked":"bronze:BronzeArmor","floor":9},{"not_picked":["bronze:DelayedSlice","bronze:FineTuning"],"picked":"bronze:BronzeOrb","floor":10},{"not_picked":["bronze:Allocate","bronze:WhirlingStrike"],"picked":"bronze:BuggyMess","floor":11},{"not_picked":["bronze:DelayedSlice","bronze:ChildClass"],"picked":"bronze:Philosophize","floor":12},{"not_picked":["bronze:Shell","bronze:DarkDash"],"picked":"bronze:CleanCode","floor":13},{"not_picked":["bronze:DelayedSlice","bronze:Shield"],"picked":"bronze:Safeguard","floor":15}],"player_experience":210602,"relics_obtained":[{"floor":6,"key":"Calipers"},{"floor":7,"key":"Blue Candle"},{"floor":9,"key":"Bottled Lightning"},{"floor":13,"key":"Toy Ornithopter"}],"event_choices":[],"is_beta":false,"boss_relics":[],"items_purged_floors":[],"is_endless":false,"potions_floor_spawned":[6,8,12,15],"killed_by":"IC_STATUS_ARCHETYPE","ascension_level":0}}