{"host":"xkyjkr020mio9edy","time":1612133412,"event":{"mods":["AchievementEnabler","BaseMod","Block Reminder","Clockwork Mod","Colored Map","Colored Powertips","DeckTracker","Downfall","Glutton Mod","Gold Saver","Hubris","Minty Spire (QoL Compilation)","Permanent Neow","Quick Restart","Rare Cards Sparkle","Relic Filter Mod","Replay The Spire","StSLib","The Blue Laboratory","The Bug Knight","The Jungle","The Necromancer","TheHeartMod","Wandering Minibosses"],"gold_per_floor":[50730,50757,50757,50769,50769,50769,50154,50154,50206,50206,50206,50240,50309,50336,50336,50441,50441,50395,49902,49952,49968,49495,49495,49545,49610,49661,49661,49661],"floor_reached":27,"language":"ENG","playtime":1013,"items_purged":["ReplayTheSpireMod:Splinters"],"score":239,"play_id":"85ef2bf4-128c-426a-b3fc-dfa7f3373e11","local_time":"20210131175012","is_ascension_mode":true,"campfire_choices":[{"floor":6,"key":"RECALL"},{"floor":8,"key":"DIG"},{"floor":10,"key":"DIG"},{"floor":15,"key":"DIG"},{"floor":23,"key":"REST"}],"circlet_count":0,"master_deck":["Defend_G","Defend_G","Defend_G","Defend_G","Defend_G","Survivor+1","Neutralize","Dramatic Entrance","All Out Attack","Caltrops","Hidden Blade","Dark Shackles","Caltrops","Poison Darts","Distraction","Atom Bomb","Blade Dance","Caltrops","Deadly Poison","Magnetism","Dagger Spray","Slimebound:Tackle+1","Slimebound:Tackle+1","Slimebound:Tackle+1","Deadly Poison","Accuracy"],"relics":["Ring of the Serpent","Replay:Kaleidoscope","Shovel","Sling","Snack Pack","Bronze Scales","SsserpentHead","Darkstone Periapt","Pet Ghost","Calipers","BargainBundle","Lantern","Replay:Mystery Machine","ReplayTheSpireMod:Ninjato","Toolbox","Regal Pillow"],"acts_visited":["Exordium","TheCity"],"potions_floor_usage":[12,18,18],"damage_taken":[{"damage":0,"enemies":"Small Slimes","floor":1,"turns":2},{"damage":2,"enemies":"Jaw Worm","floor":4,"turns":3},{"damage":13,"enemies":"Gremlin Nob","floor":12,"turns":3},{"damage":0,"enemies":"2 Louse","floor":13,"turns":1},{"damage":10,"enemies":"3 Sentries","floor":14,"turns":5},{"damage":24,"enemies":"Hexaghost","floor":16,"turns":8},{"damage":44,"enemies":"2 Thieves","floor":18,"turns":5},{"damage":21,"enemies":"3 Byrds","floor":21,"turns":3},{"damage":9,"enemies":"3 Cultists","floor":25,"turns":3},{"damage":41,"enemies":"Slavers","floor":27,"turns":2}],"seed_played":"4873616533912485713","potions_obtained":[{"floor":1,"key":"blueLaboratory:HorrorPotion"},{"floor":12,"key":"Regen Potion"},{"floor":13,"key":"champ:CounterPotion"},{"floor":18,"key":"blueLaboratory:BottleOfRum"},{"floor":24,"key":"blueLaboratory:CorrosionFlask"}],"is_trial":false,"path_per_floor":["M","?","?","M","?","R","$","R","T","R","?","E","M","E","R","B",null,"M","$","?","M","$","R","?","M","T","E"],"character_chosen":"THE_SILENT","items_purchased":["Shovel","Sling","Dark Shackles","Caltrops","Deadly Poison","BargainBundle","Lantern","Replay:Mystery Machine","Magnetism","blueLaboratory:CorrosionFlask","Dagger Spray","ReplayTheSpireMod:Ninjato","Toolbox","Deadly Poison"],"campfire_rested":1,"item_purchase_floors":[7,7,7,19,19,19,19,19,19,19,19,22,22,22],"current_hp_per_floor":[70,70,70,68,71,71,71,71,71,71,71,60,62,54,54,32,73,43,43,43,22,22,43,43,38,38,0,0],"gold":49661,"neow_bonus":"RANDOM_COLORLESS","is_daily":false,"chose_seed":false,"campfire_upgraded":0,"win_rate":0.0,"timestamp":1612133412,"path_taken":["M","?","?","M","?","R","$","R","T","R","?","E","?","E","R","BOSS","M","$","?","M","$","R","?","?","T","E"],"items_purchased_type":["Relic","Relic","Card","Card","Card","Relic","Relic","Relic","Card","Potion","Card","Relic","Relic","Card"],"build_version":"2020-12-22","purchased_purges":1,"victory":false,"max_hp_per_floor":[70,70,70,70,73,73,73,73,73,73,73,73,73,73,73,73,73,73,73,73,73,73,73,73,73,73,73,73],"card_choices":[{"not_picked":["hubris:Insight","Panacea"],"picked":"Dramatic Entrance","floor":0},{"not_picked":["Footwork","Catalyst"],"picked":"All Out Attack","floor":1},{"not_picked":["Deflect","hubris:TrickCloak"],"picked":"Caltrops","floor":2},{"not_picked":["ReplayTheSpireMod:Exploit Weakness","Flying Knee"],"picked":"Hidden Blade","floor":4},{"not_picked":["Dodge and Roll","Cloak And Dagger"],"picked":"Caltrops","floor":12},{"not_picked":["Reflex","Flying Knee"],"picked":"Poison Darts","floor":13},{"not_picked":["Expertise","Dodge and Roll"],"picked":"Distraction","floor":14},{"not_picked":["Wraith Form v2","Venomology"],"picked":"Atom Bomb","floor":16},{"not_picked":["Slice","Prepared"],"picked":"Blade Dance","floor":18},{"not_picked":["Bane","Storm of Steel","Dagger Throw+1"],"picked":"SKIP","floor":21},{"not_picked":["Deflect","Poisoned Stab+1"],"picked":"Accuracy","floor":25}],"player_experience":157445,"relics_obtained":[{"floor":2,"key":"Replay:Kaleidoscope"},{"floor":8,"key":"Snack Pack"},{"floor":10,"key":"Bronze Scales"},{"floor":12,"key":"Darkstone Periapt"},{"floor":14,"key":"Pet Ghost"},{"floor":15,"key":"Calipers"},{"floor":26,"key":"Regal Pillow"}],"event_choices":[{"damage_healed":0,"gold_gain":0,"player_choice":"Trade","damage_taken":0,"relics_obtained":["SsserpentHead"],"max_hp_gain":0,"max_hp_loss":0,"event_name":"FaceTrader","floor":11,"gold_loss":0},{"damage_healed":0,"gold_gain":0,"player_choice":"Got Potions","damage_taken":0,"max_hp_gain":0,"max_hp_loss":0,"event_name":"Lab","floor":24,"gold_loss":0}],"is_beta":false,"boss_relics":[{"not_picked":["hubris:TerracottaHorce","Coffee Dripper"],"picked":"Ring of the Serpent"}],"items_purged_floors":[7],"is_endless":false,"potions_floor_spawned":[1,12,13,18,25],"killed_by":"Slavers","ascension_level":2}}