{"host":"6xsbn6ynqlzwllfm","time":1612095406,"event":{"mods":["2.2 Compatiblity","BaseMod","Bestiary","Colored Map","Colored Powertips","Curses Come First","Highlight Path","Keyboard Shortcuts","Minty Spire (QoL Compilation)","Relic Stats","Slay the Relics Exporter","StSLib","SuperFastMode"],"gold_per_floor":[117,131,131,151,76,76,109,109,109,127,127,158,175,204,204,283,283,299,311,311,327,9,38,38,54,54,73,73,86,120,130,130,205,205,222,222,236,252,252,252],"floor_reached":39,"language":"ENG","playtime":1369,"items_purged":["Strike_P"],"score":940,"play_id":"9968e99a-a6d0-47c6-8cec-0cf5cc362c0b","local_time":"20210131071646","is_ascension_mode":true,"campfire_choices":[{"data":"Wallop","floor":6.0,"key":"SMITH"},{"data":"FollowUp","floor":8.0,"key":"SMITH"},{"data":"MentalFortress","floor":15.0,"key":"SMITH"},{"floor":24.0,"key":"REST"},{"floor":28.0,"key":"REST"},{"floor":32.0,"key":"REST"}],"circlet_count":0,"master_deck":["AscendersBane","Strike_P+1","Strike_P+1","Defend_P","Defend_P+1","Defend_P","Defend_P","Eruption+1","Vigilance","Wallop+1","BowlingBash","FollowUp+1","MentalFortress+1","CutThroughFate","Sanctity","Vault","DeceiveReality","BattleHymn+1","FlurryOfBlows","Fasting2","FlurryOfBlows","FlurryOfBlows","Tantrum+1","BattleHymn","SpiritShield","Perseverance+1","Vault","Sanctity","Collect+1"],"relics":["PureWater","NeowsBlessing","Kunai","Whetstone","Pocketwatch","Peace Pipe","Sozu","ClockworkSouvenir","Vajra","Ice Cream","Frozen Egg 2","Black Star"],"acts_visited":["Exordium","TheCity","TheBeyond"],"potions_floor_usage":[],"damage_taken":[{"damage":0.0,"enemies":"Small Slimes","floor":1.0,"turns":1.0},{"damage":0.0,"enemies":"Jaw Worm","floor":2.0,"turns":1.0},{"damage":0.0,"enemies":"Cultist","floor":4.0,"turns":1.0},{"damage":0.0,"enemies":"3 Sentries","floor":7.0,"turns":4.0},{"damage":6.0,"enemies":"Exordium Wildlife","floor":10.0,"turns":3.0},{"damage":2.0,"enemies":"Gremlin Nob","floor":12.0,"turns":3.0},{"damage":0.0,"enemies":"Looter","floor":13.0,"turns":2.0},{"damage":1.0,"enemies":"3 Sentries","floor":14.0,"turns":4.0},{"damage":7.0,"enemies":"The Guardian","floor":16.0,"turns":12.0},{"damage":0.0,"enemies":"Spheric Guardian","floor":18.0,"turns":3.0},{"damage":7.0,"enemies":"Shell Parasite","floor":19.0,"turns":5.0},{"damage":11.0,"enemies":"Centurion and Healer","floor":21.0,"turns":4.0},{"damage":6.0,"enemies":"Book of Stabbing","floor":23.0,"turns":4.0},{"damage":15.0,"enemies":"Snake Plant","floor":25.0,"turns":4.0},{"damage":1.0,"enemies":"Snecko","floor":27.0,"turns":5.0},{"damage":0.0,"enemies":"3 Cultists","floor":29.0,"turns":3.0},{"damage":19.0,"enemies":"Gremlin Leader","floor":30.0,"turns":3.0},{"damage":10.0,"enemies":"Snake Plant","floor":31.0,"turns":3.0},{"damage":28,"enemies":"Automaton","floor":33,"turns":6},{"damage":18,"enemies":"3 Shapes","floor":35,"turns":6},{"damage":26,"enemies":"Orb Walker","floor":37,"turns":3},{"damage":12,"enemies":"Transient","floor":38,"turns":6},{"damage":40,"enemies":"Jaw Worm Horde","floor":39,"turns":2}],"seed_played":"3392460474091299942","potions_obtained":[{"floor":2.0,"key":"Strength Potion"},{"floor":4.0,"key":"Strength Potion"},{"floor":10.0,"key":"DistilledChaos"},{"floor":13.0,"key":"LiquidMemories"}],"is_trial":false,"path_per_floor":["M","M","?","M","$","R","E","R","T","M","?","E","M","E","R","B",null,"M","M","?","M","$","E","R","M","T","M","R","M","E","M","R","B",null,"M","?","M","M","M"],"character_chosen":"WATCHER","items_purchased":["ClockworkSouvenir","Fasting2","FlurryOfBlows"],"campfire_rested":3,"item_purchase_floors":[22,22,22],"current_hp_per_floor":[61,61,54,54,54,54,54,54,54,48,28,26,26,25,25,18,56,56,49,30,19,19,13,34,19,19,18,39,39,20,10,31,3,56,38,73,47,35,0,0],"gold":252,"neow_bonus":"THREE_ENEMY_KILL","is_daily":false,"chose_seed":false,"campfire_upgraded":3,"win_rate":0.0,"timestamp":1612095406,"path_taken":["M","M","?","M","$","R","E","R","T","M","?","E","?","E","R","BOSS","M","M","?","M","$","E","R","M","T","M","R","M","E","M","R","BOSS","M","?","M","M","M"],"items_purchased_type":["Relic","Card","Card"],"build_version":"2020-12-22","purchased_purges":1,"victory":false,"max_hp_per_floor":[68,68,68,68,68,68,68,68,68,68,68,68,68,68,68,68,68,68,68,73,73,73,73,73,73,73,73,73,73,73,73,73,73,73,73,73,73,73,73,73],"relic_stats":{"Peace Pipe":0,"Sozu":5,"counters":[23,88],"Black Star":0,"Kunai":[42],"Whetstone":["Strike_P","Strike_P"],"obtain_stats":[{"Peace Pipe":14,"Sozu":17,"Ice Cream":26,"NeowsBlessing":0,"Vajra":23,"Black Star":34,"Kunai":7,"Whetstone":9,"PureWater":0,"Frozen Egg 2":30,"Pocketwatch":12,"ClockworkSouvenir":22},{"Peace Pipe":8,"Sozu":9,"Ice Cream":14,"NeowsBlessing":0,"Vajra":13,"Black Star":19,"Kunai":4,"Whetstone":4,"PureWater":0,"Frozen Egg 2":17,"Pocketwatch":6,"ClockworkSouvenir":12},{"Peace Pipe":19,"Sozu":31,"Ice Cream":51,"NeowsBlessing":0,"Vajra":47,"Black Star":71,"Kunai":7,"Whetstone":7,"PureWater":0,"Frozen Egg 2":62,"Pocketwatch":13,"ClockworkSouvenir":43}],"Pocketwatch":[48]},"card_choices":[{"not_picked":["EmptyFist","Collect"],"picked":"Wallop","floor":1.0},{"not_picked":["Crescendo","Collect"],"picked":"BowlingBash","floor":2.0},{"not_picked":["EmptyBody","Vengeance"],"picked":"FollowUp","floor":4.0},{"not_picked":["ForeignInfluence","CutThroughFate"],"picked":"MentalFortress","floor":7.0},{"not_picked":["Prostrate","FollowUp"],"picked":"CutThroughFate","floor":10.0},{"not_picked":["Indignation","JustLucky"],"picked":"Sanctity","floor":14.0},{"not_picked":["LessonLearned","Blasphemy"],"picked":"Vault","floor":16.0},{"not_picked":["Evaluate","SashWhip"],"picked":"DeceiveReality","floor":18.0},{"not_picked":["Consecrate","Crescendo"],"picked":"BattleHymn+1","floor":19.0},{"not_picked":["Evaluate","SignatureMove"],"picked":"FlurryOfBlows","floor":21.0},{"not_picked":["FlyingSleeves","Worship"],"picked":"FlurryOfBlows","floor":23.0},{"not_picked":["Protect","Collect"],"picked":"Tantrum+1","floor":25.0},{"not_picked":["MentalFortress","FearNoEvil"],"picked":"BattleHymn","floor":29.0},{"not_picked":["Adaptation+1","FlurryOfBlows"],"picked":"SpiritShield","floor":30.0},{"not_picked":["Crescendo","EmptyBody"],"picked":"Perseverance+1","floor":31.0},{"not_picked":["Blasphemy","Alpha"],"picked":"Vault","floor":33},{"not_picked":["FlurryOfBlows+1","ClearTheMind"],"picked":"Sanctity","floor":35},{"not_picked":["ClearTheMind","WheelKick+1"],"picked":"Collect+1","floor":38}],"player_experience":1343729,"relics_obtained":[{"floor":7.0,"key":"Kunai"},{"floor":9.0,"key":"Whetstone"},{"floor":12.0,"key":"Pocketwatch"},{"floor":14.0,"key":"Peace Pipe"},{"floor":23.0,"key":"Vajra"},{"floor":26.0,"key":"Ice Cream"},{"floor":30.0,"key":"Frozen Egg 2"}],"event_choices":[{"cards_removed":["Strike_P"],"damage_healed":0.0,"max_hp_gain":0.0,"max_hp_loss":0.0,"gold_gain":0.0,"event_name":"Golden Wing","player_choice":"Card Removal","floor":3.0,"gold_loss":0.0,"damage_taken":7.0},{"damage_healed":0.0,"max_hp_gain":0.0,"max_hp_loss":0.0,"gold_gain":0.0,"event_name":"Shining Light","player_choice":"Entered Light","floor":11.0,"gold_loss":0.0,"damage_taken":20.0,"cards_upgraded":["Eruption","Defend_P"]},{"damage_healed":0.0,"max_hp_gain":5.0,"max_hp_loss":0.0,"gold_gain":0.0,"event_name":"Forgotten Altar","player_choice":"Shed Blood","floor":20.0,"gold_loss":0.0,"damage_taken":24.0},{"damage_healed":35,"gold_gain":0,"player_choice":"Full Heal","damage_taken":0,"max_hp_gain":0,"max_hp_loss":0,"event_name":"Wheel of Change","floor":36,"gold_loss":0}],"is_beta":false,"boss_relics":[{"not_picked":["SlaversCollar","Pandora\u0027s Box"],"picked":"Sozu"},{"not_picked":["VioletLotus","Calling Bell"],"picked":"Black Star"}],"items_purged_floors":[5],"is_endless":false,"potions_floor_spawned":[2,4,10,13,14,19,27,29,30,38],"killed_by":"Jaw Worm Horde","ascension_level":20}}