{"host":"7eytxr1oawi6r5nr","time":1612129209,"event":{"mods":["BaseMod","Better Third Choice","Curses Come First","Dark Map","Hermit","Hubris","Ironclad Rager","Minty Spire (QoL Compilation)","Permanent Neow","Quick Restart","Rare Cards Sparkle","Relic Filter Mod","Reliquary","Replay The Spire","Shade Mod","StSLib","The Cursed","The Disciple","The Dragon Tamer","The Forsaken","The Hayseed","The IronCluck","The Runesmith","The Servant 0.9.4","TheSurvivalist","Weighted Paths","Wide Potions"],"gold_per_floor":[109,109,125,135,135,135,166,166,166,198,198,198,43,74,74,173,173,98,98,98,98,98,98,98,98,98,98,98,98],"floor_reached":28,"language":"ENG","playtime":1482,"items_purged":["theForsaken:TheForsaken_Strike"],"score":277,"play_id":"3870357b-543f-4539-8395-9b8eb60cde64","local_time":"20210131214009","is_ascension_mode":true,"campfire_choices":[{"data":"theForsaken:Preservation","floor":6,"key":"SMITH"},{"data":"theForsaken:Smite","floor":8,"key":"SMITH"},{"floor":11,"key":"REST"},{"data":"theForsaken:Horror","floor":15,"key":"SMITH"},{"floor":23,"key":"REST"},{"data":"theForsaken:TearsOfSunlight","floor":27,"key":"SMITH"}],"circlet_count":0,"master_deck":["theForsaken:TheForsaken_Strike","theForsaken:TheForsaken_Strike","theForsaken:TheForsaken_Defend","theForsaken:TheForsaken_Defend","theForsaken:TheForsaken_Defend","theForsaken:TheForsaken_Defend","theForsaken:Smite+1","theForsaken:Penitence+1","theForsaken:Preservation+1","theForsaken:SolarFlare+1","theForsaken:ShieldCharge","theForsaken:BountifulSunlight","theForsaken:DarkBargain","theForsaken:Horror+1","theForsaken:TearsOfSunlight+1","theForsaken:PanicDive","theForsaken:SiphonStrike+1","theForsaken:ScorchingSunlight+1"],"relics":["theForsaken:JudgementScales","NlothsMask","reliquary:IridiumChain","Juzu Bracelet","Molten Egg 2","Ectoplasm","ReplayFunnel","hubris:Towel","Happy Flower"],"acts_visited":["Exordium","TheCity"],"potions_floor_usage":[10,20],"damage_taken":[{"damage":4,"enemies":"2 Louse","floor":1,"turns":6},{"damage":0,"enemies":"Cultist","floor":3,"turns":4},{"damage":0,"enemies":"Small Slimes","floor":4,"turns":2},{"damage":17,"enemies":"3 Sentries","floor":7,"turns":6},{"damage":21,"enemies":"Gremlin Nob","floor":10,"turns":5},{"damage":4,"enemies":"3 Sentries","floor":14,"turns":7},{"damage":48,"enemies":"Slime Boss","floor":16,"turns":10},{"damage":35,"enemies":"2 Thieves","floor":18,"turns":5},{"damage":16,"enemies":"Chosen","floor":19,"turns":6},{"damage":29,"enemies":"3 Cultists","floor":20,"turns":5},{"damage":32,"enemies":"Replay:Snechameleon","floor":24,"turns":10}],"seed_played":"5081552064155403872","potions_obtained":[{"floor":2,"key":"SneckoOil"},{"floor":2,"key":"Dexterity Potion"},{"floor":2,"key":"Fire Potion"},{"floor":4,"key":"FairyPotion"},{"floor":10,"key":"Fire Potion"},{"floor":24,"key":"Explosive Potion"}],"is_trial":false,"path_per_floor":["M","?","M","M","?","R","E","R","T","E","R","?","$","E","R","B",null,"M","M","M","?","?","R","E","?","T","R","$"],"character_chosen":"THE_FORSAKEN","items_purchased":["theForsaken:DarkBargain"],"campfire_rested":2,"item_purchase_floors":[13],"current_hp_per_floor":[65,65,65,65,65,65,48,48,48,32,51,38,38,44,44,18,65,35,47,26,26,26,45,64,64,64,64,64,64],"gold":98,"neow_bonus":"THREE_CARDS","is_daily":false,"chose_seed":false,"campfire_upgraded":4,"win_rate":0.0,"timestamp":1612129209,"path_taken":["M","?","M","?","?","R","E","R","T","E","R","?","$","E","R","BOSS","M","M","M","?","?","R","E","?","T","R","$"],"items_purchased_type":["Card"],"build_version":"2020-12-22","purchased_purges":1,"victory":false,"max_hp_per_floor":[65,65,65,65,65,65,65,65,65,65,65,65,65,65,65,65,65,65,65,65,65,65,65,65,65,65,65,65,65],"card_choices":[{"not_picked":["theForsaken:BlindFaith","theForsaken:AncientWords"],"picked":"theForsaken:Preservation","floor":0.0},{"not_picked":["theForsaken:PanicDive","theForsaken:HymnOfPatience"],"picked":"theForsaken:SolarFlare","floor":1},{"not_picked":["theForsaken:Devotion","theForsaken:FatRoll"],"picked":"theForsaken:ShieldCharge","floor":3},{"not_picked":["theForsaken:AncientWords","theForsaken:CorruptedWord","theForsaken:Devotion"],"picked":"SKIP","floor":4},{"not_picked":["theForsaken:DivineGuidance","theForsaken:NobleSacrifice","theForsaken:HymnOfPatience"],"picked":"SKIP","floor":7},{"not_picked":["theForsaken:WordsOfPestilence","theForsaken:QuickAttack"],"picked":"theForsaken:BountifulSunlight","floor":10},{"not_picked":["theForsaken:SolarFlare+1","theForsaken:QuickAttack+1"],"picked":"theForsaken:Horror","floor":14},{"not_picked":["theForsaken:Purification+1","theForsaken:FountainOfLife"],"picked":"theForsaken:TearsOfSunlight","floor":16},{"not_picked":["theForsaken:FatRoll+1","theForsaken:WordOfPower+1","theForsaken:ChargeAttack+1"],"picked":"SKIP","floor":18},{"not_picked":["theForsaken:NobleSacrifice","theForsaken:Backlash","theForsaken:RainingSunlight+1"],"picked":"SKIP","floor":19},{"not_picked":["theForsaken:AncientWords","theForsaken:ShieldCharge+1","theForsaken:LightRoll"],"picked":"SKIP","floor":20},{"not_picked":["theForsaken:ChargeAttack+1","theForsaken:ShieldBash+1"],"picked":"theForsaken:ScorchingSunlight+1","floor":24}],"player_experience":186599,"relics_obtained":[{"floor":7,"key":"reliquary:IridiumChain"},{"floor":10,"key":"Juzu Bracelet"},{"floor":14,"key":"Molten Egg 2"},{"floor":24,"key":"ReplayFunnel"},{"floor":26,"key":"Happy Flower"}],"event_choices":[{"damage_healed":0,"gold_gain":0,"player_choice":"Got Potions","damage_taken":0,"max_hp_gain":0,"max_hp_loss":0,"event_name":"Lab","floor":2,"gold_loss":0},{"damage_healed":0,"gold_gain":0,"player_choice":"Trade","damage_taken":0,"relics_obtained":["NlothsMask"],"max_hp_gain":0,"max_hp_loss":0,"event_name":"FaceTrader","floor":5,"gold_loss":0},{"damage_healed":51,"gold_gain":0,"player_choice":"Upgrade","damage_taken":13,"max_hp_gain":0,"max_hp_loss":65,"event_name":"betterThird:BetterShining","floor":12,"gold_loss":0,"cards_upgraded":["theForsaken:SolarFlare","theForsaken:Penitence"]},{"damage_healed":0,"gold_gain":0,"player_choice":"Read","damage_taken":0,"max_hp_gain":0,"max_hp_loss":0,"event_name":"The Library","floor":21,"gold_loss":0,"cards_obtained":["theForsaken:PanicDive"]},{"damage_healed":0,"gold_gain":0,"cards_transformed":["theForsaken:TheForsaken_Strike"],"player_choice":"Transformed","damage_taken":0,"max_hp_gain":0,"max_hp_loss":0,"event_name":"Transmorgrifier","floor":22,"gold_loss":0,"cards_obtained":["theForsaken:SiphonStrike"]}],"is_beta":false,"boss_relics":[{"not_picked":["reliquary:Craggleroot","Astrolabe"],"picked":"Ectoplasm"}],"items_purged_floors":[13],"is_endless":false,"potions_floor_spawned":[4,10,14,16,19,24],"ascension_level":2}}