{"host":"zfh44j5h77tkupss","time":1612118318,"event":{"mods":["AchievementEnabler","BaseMod","Bestiary","Better Skull","Better Third Choice","Better Vampires","Colored Map","Colored Powertips","Highlight Path","Minty Spire (QoL Compilation)","Permanent Neow","Quick Restart","Rare Cards Sparkle","Relic Stats","StSLib"],"gold_per_floor":[13,13,26,4,4,37,55,55,78,92,120,137,168,180,180,279,279,298,331,109,109,126,126,152,52,52,72,102,120,120,130,130,226,226,242,342,356,66,81,113,38,72,97,97,123,35,35,35,35,35],"floor_reached":51,"language":"ENG","playtime":5470,"items_purged":["Strike_G","Defend_G","Defend_G","Defend_G"],"score":1071,"play_id":"2acbcd9c-2d60-4aba-9cef-0b81a5272ad5","local_time":"20210131193838","is_ascension_mode":true,"campfire_choices":[{"floor":8,"key":"REST"},{"floor":15,"key":"REST"},{"floor":23,"key":"REST"},{"floor":30,"key":"REST"},{"data":"Phantasmal Killer","floor":32,"key":"SMITH"},{"data":"Reflex","floor":44,"key":"SMITH"},{"data":"Neutralize","floor":47,"key":"SMITH"},{"data":"Blur","floor":49,"key":"SMITH"}],"circlet_count":0,"master_deck":["Survivor","Neutralize+1","Cloak And Dagger","Dagger Throw+1","Prepared","All Out Attack","Tools of the Trade","Footwork","Reflex+1","Phantasmal Killer+1","Heel Hook+1","Blur+1","Noxious Fumes+1","Noxious Fumes+1","Prepared","Terror"],"relics":["Ring of the Snake","Tingsha","PreservedInsect","Nunchaku","HornCleat","InkBottle","Busted Crown","Red Mask","Blood Vial","Kunai","Boot","Pantograph","Empty Cage","Membership Card","Regal Pillow","Singing Bowl","Ornamental Fan","Ancient Tea Set","Whetstone","TheAbacus"],"acts_visited":["Exordium","TheCity","TheBeyond"],"potions_floor_usage":[13,16,22,28,31],"damage_taken":[{"damage":0,"enemies":"Small Slimes","floor":1,"turns":4},{"damage":2,"enemies":"Cultist","floor":3,"turns":4},{"damage":31,"enemies":"Gremlin Nob","floor":6,"turns":5},{"damage":0,"enemies":"2 Louse","floor":7,"turns":2},{"damage":1,"enemies":"Gremlin Gang","floor":10,"turns":3},{"damage":14,"enemies":"3 Sentries","floor":11,"turns":5},{"damage":0,"enemies":"Exordium Wildlife","floor":12,"turns":3},{"damage":2,"enemies":"Gremlin Nob","floor":13,"turns":4},{"damage":0,"enemies":"Looter","floor":14,"turns":2},{"damage":31,"enemies":"Hexaghost","floor":16,"turns":12},{"damage":9,"enemies":"Chosen","floor":18,"turns":5},{"damage":34,"enemies":"Masked Bandits","floor":19,"turns":5},{"damage":0,"enemies":"2 Thieves","floor":22,"turns":4},{"damage":6,"enemies":"Slavers","floor":24,"turns":5},{"damage":0,"enemies":"3 Cultists","floor":27,"turns":5},{"damage":2,"enemies":"Book of Stabbing","floor":28,"turns":5},{"damage":2,"enemies":"Cultist and Chosen","floor":29,"turns":5},{"damage":0,"enemies":"Snecko","floor":31,"turns":4},{"damage":40,"enemies":"Automaton","floor":33,"turns":9},{"damage":0,"enemies":"Orb Walker","floor":35,"turns":3},{"damage":8,"enemies":"3 Darklings","floor":37,"turns":4},{"damage":0,"enemies":"Spire Growth","floor":39,"turns":5},{"damage":7,"enemies":"Nemesis","floor":40,"turns":5},{"damage":0,"enemies":"Giant Head","floor":42,"turns":5},{"damage":0,"enemies":"Nemesis","floor":45,"turns":4},{"damage":14,"enemies":"Donu and Deca","floor":50,"turns":6}],"seed_played":"80355875747118309","potions_obtained":[{"floor":6,"key":"Strength Potion"},{"floor":11,"key":"Ancient Potion"},{"floor":12,"key":"SkillPotion"},{"floor":13,"key":"ColorlessPotion"},{"floor":16,"key":"Energy Potion"},{"floor":22,"key":"Explosive Potion"},{"floor":27,"key":"Block Potion"},{"floor":29,"key":"SpeedPotion"},{"floor":35,"key":"GhostInAJar"},{"floor":42,"key":"SmokeBomb"},{"floor":45,"key":"PowerPotion"}],"is_trial":false,"path_per_floor":["M","?","M","$","?","E","M","R","T","M","E","M","E","M","R","B",null,"M","?","$","?","M","R","E","$","T","M","E","M","R","M","R","B",null,"M","?","M","$","M","E","$","E","T","R","E","$","R","?","R","B",null],"character_chosen":"THE_SILENT","items_purchased":["Prepared","Blood Vial","Membership Card","Regal Pillow","TheAbacus","Prepared"],"campfire_rested":4,"item_purchase_floors":[4,20,38,38,46,46],"current_hp_per_floor":[63,63,61,61,61,30,30,51,51,50,36,36,34,34,55,24,59,50,16,16,16,18,39,35,35,35,37,37,37,58,60,60,30,60,62,62,56,56,58,53,53,57,57,57,59,59,59,59,59,58],"gold":35,"neow_bonus":"ONE_RARE_RELIC","is_daily":false,"chose_seed":false,"campfire_upgraded":4,"win_rate":0.0,"timestamp":1612118318,"path_taken":["M","?","M","$","?","E","M","R","T","?","E","?","E","M","R","BOSS","M","?","$","?","M","R","E","$","T","M","E","M","R","?","R","BOSS","M","?","M","$","?","E","$","E","T","R","E","$","R","?","R","BOSS"],"items_purchased_type":["Card","Relic","Relic","Relic","Relic","Card"],"build_version":"2020-12-22","purchased_purges":4,"victory":true,"max_hp_per_floor":[70,70,70,70,70,70,70,70,70,70,70,70,70,70,70,70,70,70,70,70,70,70,70,70,70,70,70,70,70,70,70,70,70,70,70,70,70,70,70,70,70,72,72,72,72,72,72,72,72,72],"relic_stats":{"Regal Pillow":0,"Singing Bowl":2,"counters":[26,123],"Tingsha":[746],"PreservedInsect":354,"Whetstone":["Heel Hook","Dagger Throw"],"Boot":[92],"Blood Vial":24,"Nunchaku":[29],"Busted Crown":30,"TheAbacus":[48],"Ornamental Fan":[32],"Pantograph":23,"Kunai":[40],"obtain_stats":[{"Regal Pillow":38,"Singing Bowl":40,"Tingsha":0,"PreservedInsect":6,"Whetstone":45,"Boot":26,"Empty Cage":34,"Ancient Tea Set":43,"Blood Vial":20,"Nunchaku":9,"HornCleat":11,"Busted Crown":17,"TheAbacus":46,"Ornamental Fan":42,"Pantograph":28,"Red Mask":19,"Kunai":24,"Membership Card":38,"InkBottle":13,"Ring of the Snake":0},{"Regal Pillow":21,"Singing Bowl":23,"Tingsha":0,"PreservedInsect":3,"Whetstone":25,"Boot":14,"Empty Cage":19,"Ancient Tea Set":24,"Blood Vial":12,"Nunchaku":4,"HornCleat":6,"Busted Crown":10,"TheAbacus":25,"Ornamental Fan":24,"Pantograph":16,"Red Mask":12,"Kunai":14,"Membership Card":21,"InkBottle":8,"Ring of the Snake":0},{"Regal Pillow":98,"Singing Bowl":108,"Tingsha":0,"PreservedInsect":13,"Whetstone":117,"Boot":63,"Empty Cage":91,"Ancient Tea Set":113,"Blood Vial":54,"Nunchaku":15,"HornCleat":23,"Busted Crown":44,"TheAbacus":117,"Ornamental Fan":113,"Pantograph":73,"Red Mask":54,"Kunai":63,"Membership Card":98,"InkBottle":30,"Ring of the Snake":0}],"InkBottle":[53],"Ring of the Snake":[52]},"card_choices":[{"not_picked":["Blade Dance","Deflect"],"picked":"Cloak And Dagger","floor":1},{"not_picked":["Backflip","Leg Sweep"],"picked":"Dagger Throw","floor":3},{"not_picked":["Outmaneuver","Bouncing Flask"],"picked":"All Out Attack","floor":6},{"not_picked":["Well Laid Plans","Dagger Spray"],"picked":"Tools of the Trade","floor":7},{"not_picked":["Sucker Punch","Choke"],"picked":"Footwork","floor":10},{"not_picked":["Blur","Acrobatics"],"picked":"Reflex","floor":11},{"not_picked":["Backflip","Poisoned Stab","Bane"],"picked":"SKIP","floor":12},{"not_picked":["Endless Agony","Flying Knee","Distraction"],"picked":"SKIP","floor":13},{"not_picked":["Riddle With Holes","Bouncing Flask","Blade Dance"],"picked":"SKIP","floor":14},{"not_picked":["Doppelganger","Night Terror"],"picked":"Phantasmal Killer","floor":16},{"not_picked":["Crippling Poison"],"picked":"SKIP","floor":18},{"not_picked":[],"picked":"Blur","floor":22},{"not_picked":["Acrobatics"],"picked":"SKIP","floor":24},{"not_picked":["Dagger Spray"],"picked":"SKIP","floor":27},{"not_picked":["Endless Agony"],"picked":"SKIP","floor":28},{"not_picked":["Sucker Punch+1"],"picked":"SKIP","floor":29},{"not_picked":["Expertise"],"picked":"SKIP","floor":31},{"not_picked":["Poisoned Stab+1"],"picked":"SKIP","floor":35},{"not_picked":["Blade Dance+1"],"picked":"SKIP","floor":37},{"not_picked":["Setup+1"],"picked":"SKIP","floor":39},{"not_picked":[],"picked":"Noxious Fumes+1","floor":40},{"not_picked":["Deflect"],"picked":"Singing Bowl","floor":42},{"not_picked":[],"picked":"Noxious Fumes+1","floor":45}],"player_experience":326874,"relics_obtained":[{"floor":6,"key":"PreservedInsect"},{"floor":9,"key":"Nunchaku"},{"floor":11,"key":"HornCleat"},{"floor":13,"key":"InkBottle"},{"floor":19,"key":"Red Mask"},{"floor":24,"key":"Kunai"},{"floor":26,"key":"Boot"},{"floor":28,"key":"Pantograph"},{"floor":40,"key":"Singing Bowl"},{"floor":42,"key":"Ornamental Fan"},{"floor":43,"key":"Ancient Tea Set"},{"floor":45,"key":"Whetstone"}],"event_choices":[{"cards_removed":["Defend_G"],"damage_healed":0,"gold_gain":0,"player_choice":"Forget","damage_taken":0,"max_hp_gain":0,"max_hp_loss":0,"event_name":"Living Wall","floor":2,"gold_loss":0},{"cards_removed":["Strike_G"],"damage_healed":0,"gold_gain":0,"player_choice":"Offered Basic","damage_taken":0,"max_hp_gain":0,"max_hp_loss":0,"event_name":"Bonfire Elementals","floor":5,"gold_loss":0},{"damage_healed":0,"gold_gain":0,"player_choice":"Fought Bandits","damage_taken":0,"max_hp_gain":0,"max_hp_loss":0,"event_name":"Masked Bandits","floor":19,"gold_loss":0},{"damage_healed":0,"gold_gain":0,"cards_transformed":["Strike_G"],"player_choice":"Transformed","damage_taken":0,"max_hp_gain":0,"max_hp_loss":0,"event_name":"Transmorgrifier","floor":21,"gold_loss":0,"cards_obtained":["Heel Hook"]},{"damage_healed":0,"gold_gain":100,"player_choice":"Pray","damage_taken":0,"max_hp_gain":0,"max_hp_loss":0,"event_name":"Golden Shrine","floor":36,"gold_loss":0},{"damage_healed":0,"gold_gain":0,"cards_transformed":["Defend_G"],"player_choice":"Transformed","damage_taken":0,"max_hp_gain":0,"max_hp_loss":0,"event_name":"Transmorgrifier","floor":48,"gold_loss":0,"cards_obtained":["Terror"]}],"is_beta":false,"boss_relics":[{"not_picked":["WristBlade","SacredBark"],"picked":"Busted Crown"},{"not_picked":["Snecko Eye","Astrolabe"],"picked":"Empty Cage"}],"items_purged_floors":[20,25,38,41],"is_endless":false,"potions_floor_spawned":[6,11,12,13,16,19,22,27,29,35,37,42,45],"ascension_level":7}}