{"host":"1pkwkj8mkn7raipg","time":1612077447,"event":{"mods":["BaseMod","LagranYue(拉格朗・月)","Minty Spire (QoL Compilation)","Replay The Spire","StSLib","TestMod"],"gold_per_floor":[113,113,188,206,221,221,233,233,233,233,243,208,63,83,83,83,83],"floor_reached":16,"language":"ZHS","playtime":379,"items_purged":[],"score":120,"play_id":"7a2620f0-0b9d-4680-a5d3-cc7adfbed9de","local_time":"20210131151727","is_ascension_mode":true,"campfire_choices":[{"data":"Zap","floor":6,"key":"SMITH"},{"data":"Dualcast","floor":8,"key":"SMITH"},{"data":"Redo","floor":15,"key":"SMITH"}],"circlet_count":0,"master_deck":["Strike_B","Strike_B","Strike_B","Defend_B","Defend_B","Defend_B","Defend_B","Zap+1","Dualcast+1","Strike_B","LagranYue:BasePowerCard","All For One+1","Chill+1","Sweeping Beam","Beam Cell","Redo+1"],"relics":["Cracked Core","LagranYue:RandomDrawCardRelic","testmod-Fortitude","testmod-TestBox","Replay:WaspNest","Guide Book"],"acts_visited":["Exordium"],"potions_floor_usage":[7],"damage_taken":[{"damage":14.0,"enemies":"Jaw Worm","floor":1.0,"turns":3.0},{"damage":1,"enemies":"Small Slimes","floor":4,"turns":3},{"damage":4,"enemies":"Cultist","floor":5,"turns":3},{"damage":16,"enemies":"Large Slime","floor":7,"turns":2},{"damage":1,"enemies":"Looter","floor":11,"turns":3},{"damage":9,"enemies":"Blue Slaver","floor":14,"turns":3},{"damage":29,"enemies":"The Guardian","floor":16,"turns":7}],"seed_played":"335770959176496497","potions_obtained":[{"floor":1.0,"key":"testmod-SpacePotion"},{"floor":5,"key":"DistilledChaos"}],"is_trial":false,"path_per_floor":["M","?","?","M","M","R","M","R","T","?","M","?","$","M","R","B"],"character_chosen":"DEFECT","items_purchased":["Guide Book"],"campfire_rested":0,"item_purchase_floors":[13],"current_hp_per_floor":[54,54,47,46,42,42,26,26,26,19,18,36,36,27,27,0,0],"gold":83,"neow_bonus":"THREE_RARE_CARDS","is_daily":false,"chose_seed":false,"campfire_upgraded":3,"win_rate":0.0,"timestamp":1612077447,"path_taken":["M","?","?","?","M","R","M","R","T","?","M","?","$","M","R","BOSS"],"items_purchased_type":["Relic"],"build_version":"2020-12-22","purchased_purges":0,"victory":false,"max_hp_per_floor":[75,75,75,75,75,75,75,75,75,75,75,75,75,75,75,75,75],"card_choices":[{"not_picked":["Amplify","Biased Cognition"],"picked":"All For One","floor":0.0},{"not_picked":["Chaos","Undo"],"picked":"Chill","floor":1.0},{"not_picked":["Sunder","BasicCrystalCard"],"picked":"Sweeping Beam","floor":4},{"not_picked":["Stack","Fusion"],"picked":"Beam Cell","floor":5},{"not_picked":["Time Bomb","Skim","Conserve Battery"],"picked":"SKIP","floor":7},{"not_picked":["Streamline","Ball Lightning","Reinforced Body"],"picked":"SKIP","floor":11},{"not_picked":["Stack","ReplayTheSpireMod:Calculation Training"],"picked":"Redo","floor":14}],"player_experience":387492,"relics_obtained":[{"floor":9,"key":"Replay:WaspNest"}],"event_choices":[{"damage_healed":0.0,"max_hp_gain":0.0,"max_hp_loss":0.0,"gold_gain":0.0,"event_name":"给自己的盒子","player_choice":"Swap Relic","floor":2.0,"relics_lost":["testmod-TestBox"],"gold_loss":0.0,"damage_taken":0.0,"relics_obtained":["testmod-TestBox"]},{"damage_healed":0,"gold_gain":75,"player_choice":"Touch","damage_taken":7,"max_hp_gain":0,"max_hp_loss":0,"event_name":"FaceTrader","floor":3,"gold_loss":0},{"cards_removed":["Strike_B"],"damage_healed":0,"gold_gain":0,"player_choice":"Card Removal","damage_taken":7,"max_hp_gain":0,"max_hp_loss":0,"event_name":"Golden Wing","floor":10,"gold_loss":0},{"damage_healed":18,"gold_gain":0,"player_choice":"Healed","damage_taken":0,"max_hp_gain":0,"max_hp_loss":0,"event_name":"The Cleric","floor":12,"gold_loss":35}],"is_beta":false,"boss_relics":[],"items_purged_floors":[],"is_endless":false,"potions_floor_spawned":[1,5],"killed_by":"The Guardian","ascension_level":6}}