{"host":"qmnyg5dk1o6rw6mz","time":1612083772,"event":{"mods":["100% Spire Juice","2.2 Compatiblity","AchievementEnabler","Act Like it!","Aspiration","Astrologer","BaseMod","Beaked The Cultist","Better Altar","Better Match","Better Note","Better Sensory Stone","Better Skull","Better Third Choice","Better Vampires","Block Reminder","CapriCore","Challenge The Spire","ChefMod","Colored Map","Colored Powertips","Conspire","Defuse TimeMaze Blight","Disable Question Mark Monsters","Displayed Cursed Tome","Downfall","Energized Spire","Fox Events","Gensokyo","GifTheSpireLib","Hermit","Highlight Path","HornydragonMod","Hubris","Infinite Spire","Jedi Mod","Koishi","KomeijiMod","Mari Mod (Legacy)","Mari\u0027s V1 Patch","Marisa¡]Ãú«B¡@Å]²z¨F¡^","Marked Mod","Minty Spire (QoL Compilation)","Monster B Gone","Pale of the Ancients","Permanent Neow","Prisma Mod","Quick Restart","Reimu¡]³Õ???¡^","Relic Filter","Reliquary","Replay The Spire","SIMod","StSLib","Synergy Search","The Alterego","The Bug Knight","The Construct","The Cursed","The Dragon Tamer","The Gatherer","The Hayseed","The Immortal","The Poker Player","The Problem Sleuth","The Runesmith","The Showman","Unceasing Turn Reminder","Wide Potions","Yuri Mod","thorton"],"gold_per_floor":[116,116,127,141,153,153,181,200,200,232,232,232,507,507,518,531,531,531,531],"floor_reached":18,"language":"ENG","playtime":557,"items_purged":[],"score":124,"play_id":"bc7e19d0-22c7-4459-98e7-5960e8008dd6","local_time":"20210131170252","is_ascension_mode":false,"campfire_choices":[{"data":"Eruption","floor":6,"key":"SMITH"},{"data":"Alpha","floor":14,"key":"SMITH"},{"data":"Consecrate","floor":17,"key":"SMITH"}],"circlet_count":0,"master_deck":["Strike_P","Strike_P","Strike_P","Strike_P","Defend_P","Defend_P","Defend_P","Eruption+1","Vigilance","Consecrate+1","FlyingSleeves","Evaluate","Alpha+1","Prostrate","Regret","EmptyFist"],"relics":["PureWater","reliquary:Boomerang","aspiration:EmptySkull","reliquary:SilkGlove"],"acts_visited":["Exordium"],"potions_floor_usage":[5,8,10,15],"damage_taken":[{"damage":7,"enemies":"Small Slimes","floor":1,"turns":4},{"damage":2,"enemies":"infinitespire:Voidling","floor":3,"turns":2},{"damage":0,"enemies":"2 Louse","floor":4,"turns":1},{"damage":7,"enemies":"Exordium Thugs","floor":5,"turns":2},{"damage":3,"enemies":"Replay:BlueRogue","floor":7,"turns":5},{"damage":2,"enemies":"Looter","floor":8,"turns":3},{"damage":2,"enemies":"Lagavulin","floor":10,"turns":5},{"damage":17,"enemies":"Red Slaver","floor":15,"turns":4},{"damage":15,"enemies":"Blue Slaver","floor":16,"turns":4},{"damage":24,"enemies":"Fading Forest","floor":18,"turns":3}],"seed_played":"7463511665424656601","potions_obtained":[{"floor":1,"key":"LiquidMemories"},{"floor":3,"key":"MarkedMod:BlackLotusJuice"},{"floor":7,"key":"GamblersBrew"},{"floor":8,"key":"RedTea"}],"is_trial":false,"path_per_floor":["M","?","M","M","M","R","E","M","T","E","PTL","PTL","?","R","M","M","R","B"],"character_chosen":"WATCHER","items_purchased":[],"campfire_rested":0,"item_purchase_floors":[],"current_hp_per_floor":[65,72,70,70,63,63,60,58,58,56,56,56,56,56,39,24,24,0,0],"gold":531,"neow_bonus":"REMOVE_CARD","is_daily":false,"chose_seed":false,"campfire_upgraded":3,"win_rate":0.0,"timestamp":1612083772,"path_taken":["M","?","?","M","M","R","E","M","T","E","PTL","PTL","?","R","?","M","R","BOSS"],"items_purchased_type":[],"build_version":"2020-12-22","purchased_purges":0,"victory":false,"max_hp_per_floor":[72,72,72,72,72,72,72,72,72,72,72,72,72,72,72,72,72,72,72],"card_choices":[{"not_picked":["CrushJoints","CutThroughFate"],"picked":"Consecrate","floor":1},{"not_picked":["Evaluate","Study"],"picked":"FlyingSleeves","floor":3},{"not_picked":["FollowUp","Fasting2","Crescendo"],"picked":"SKIP","floor":4},{"not_picked":["Collect","Replay:ManipulateFuture"],"picked":"Evaluate","floor":5},{"not_picked":["ThirdEye","Replay:Battleflow"],"picked":"Alpha","floor":7},{"not_picked":["MentalFortress","Worship","ThirdEye"],"picked":"SKIP","floor":8},{"not_picked":["TalkToTheHand","FlurryOfBlows"],"picked":"Prostrate","floor":10},{"not_picked":["MarkedMod:Acupuncture","ThirdEye","Halt"],"picked":"SKIP","floor":15},{"not_picked":["Wireheading","MarkedMod:Acupuncture"],"picked":"EmptyFist","floor":16}],"player_experience":249782,"relics_obtained":[{"floor":7,"key":"reliquary:Boomerang"},{"floor":9,"key":"aspiration:EmptySkull"},{"floor":10,"key":"reliquary:SilkGlove"}],"event_choices":[{"damage_healed":0,"gold_gain":275,"player_choice":"Desecrate","damage_taken":0,"max_hp_gain":0,"max_hp_loss":0,"event_name":"Golden Shrine","floor":13,"gold_loss":0,"cards_obtained":["Regret"]}],"is_beta":false,"boss_relics":[],"items_purged_floors":[],"is_endless":false,"potions_floor_spawned":[1,3,7,8],"killed_by":"Fading Forest","ascension_level":0}}