{"host":"gbbz8f5svnnpwo8d","time":1612053388,"event":{"mods":["AchievementEnabler","AlwaysNeverKeys","BaseMod","Bestiary","Better Altar","Better Match","Better Note","Better Sensory Stone","Better Silent Start","Better Skull","Better Third Choice","Better Vampires","Better-Laid Plans","BetterRewards","Block Reminder","Colored Map","Colored Powertips","Curses Come First","Dark Map","Displayed Cursed Tome","GifTheSpireLib","Minty Spire (QoL Compilation)","MonsterHotkey","Permanent Neow","Potion Indicator Mod","Quick Restart","Random Character Button","Rare Cards Sparkle","Relic Stats","Shop Mod","Spicy Shops","Spire Birthday Party","StSLib","Transform Curses"],"gold_per_floor":[118,134,154,165,176,176,187,187,187,198,198,215,215,234,234,331,331,341,341,352,33,33,63,76,76,76,76,92,92,28,62,62,165,165,176,176,226,238,290,290,290,301,301,39,0,17,17,43,43,43,43,43,12,39,39,39],"floor_reached":55,"language":"ENG","playtime":2824,"items_purged":["Strike_R","Strike_R"],"score":1029,"play_id":"50b6b995-6c0c-49c1-a600-f00ff59f2f38","local_time":"20210130173628","is_ascension_mode":false,"campfire_choices":[{"floor":6.0,"key":"REST"},{"floor":11.0,"key":"REST"},{"data":"Inflame","floor":13.0,"key":"SMITH"},{"data":"Metallicize","floor":15.0,"key":"SMITH"},{"data":"Rupture","floor":25.0,"key":"SMITH"},{"data":"Fire Breathing","floor":32.0,"key":"SMITH"},{"floor":40.0,"key":"REST"},{"data":"Double Tap","floor":47.0,"key":"SMITH"},{"floor":49.0,"key":"REST"},{"floor":52.0,"key":"DIG"}],"circlet_count":0,"master_deck":["Strike_R","Strike_R","Strike_R","Defend_R","Defend_R","Defend_R","Defend_R","Bash","Fire Breathing+1","Fire Breathing+1","Feed","Rupture+1","Offering","Wild Strike+1","Headbutt","Double Tap+1","Wild Strike","Disarm","Wild Strike","Immolate","Inflame+1","Metallicize+1","Impervious","Metallicize+1","Power Through","Combust+1","Dual Wield+1","Writhe","Metallicize","Metallicize+1","Exhume+1","Bloodletting+1","Madness+1","Madness+1","Sword Boomerang","Injury","Warcry+1","Jack Of All Trades+1","Rage+1","Sword Boomerang+1","Ghostly Armor+1"],"relics":["Black Blood","Mummified Hand","DollysMirror","Ginger","Pen Nib","Question Card","PreservedInsect","Membership Card","Letter Opener","Toy Ornithopter","Juzu Bracelet","Oddly Smooth Stone","Toxic Egg 2","Kunai","Lee\u0027s Waffle","Tiny Chest","Busted Crown","Calipers","FossilizedHelix","Shuriken","Shovel","Bag of Preparation","Lantern","Bag of Marbles","Red Mask","The Courier","Eternal Feather","Happy Flower"],"acts_visited":["Exordium","TheCity","TheBeyond","TheEnding"],"potions_floor_usage":[55],"damage_taken":[{"damage":2.0,"enemies":"Small Slimes","floor":1.0,"turns":4.0},{"damage":0.0,"enemies":"2 Louse","floor":2.0,"turns":1.0},{"damage":7.0,"enemies":"Cultist","floor":3.0,"turns":3.0},{"damage":14.0,"enemies":"Red Slaver","floor":4.0,"turns":2.0},{"damage":12.0,"enemies":"Exordium Thugs","floor":5.0,"turns":3.0},{"damage":0.0,"enemies":"Large Slime","floor":7.0,"turns":4.0},{"damage":8.0,"enemies":"3 Louse","floor":10.0,"turns":3.0},{"damage":0.0,"enemies":"Looter","floor":12.0,"turns":1.0},{"damage":18.0,"enemies":"Gremlin Gang","floor":14.0,"turns":3.0},{"damage":43.0,"enemies":"Hexaghost","floor":16.0,"turns":6.0},{"damage":12.0,"enemies":"Shell Parasite","floor":18.0,"turns":5.0},{"damage":0.0,"enemies":"Chosen","floor":20.0,"turns":4.0},{"damage":13.0,"enemies":"Book of Stabbing","floor":23.0,"turns":3.0},{"damage":15.0,"enemies":"3 Cultists","floor":24.0,"turns":5.0},{"damage":35.0,"enemies":"Shelled Parasite and Fungi","floor":28.0,"turns":3.0},{"damage":18.0,"enemies":"Gremlin Leader","floor":31.0,"turns":8.0},{"damage":43.0,"enemies":"Champ","floor":33.0,"turns":11.0},{"damage":36.0,"enemies":"Orb Walker","floor":35.0,"turns":5.0},{"damage":26.0,"enemies":"Mind Bloom Boss Battle","floor":37.0,"turns":7.0},{"damage":8.0,"enemies":"3 Shapes","floor":38.0,"turns":4.0},{"damage":49.0,"enemies":"2 Orb Walkers","floor":39.0,"turns":5.0},{"damage":0.0,"enemies":"Transient","floor":42.0,"turns":5.0},{"damage":33.0,"enemies":"Spire Growth","floor":46.0,"turns":4.0},{"damage":58.0,"enemies":"Reptomancer","floor":48.0,"turns":5.0},{"damage":45.0,"enemies":"Time Eater","floor":50.0,"turns":11.0},{"damage":50,"enemies":"Shield and Spear","floor":54,"turns":7},{"damage":84,"enemies":"The Heart","floor":55,"turns":6}],"seed_played":"196553902187094821","potions_obtained":[{"floor":5.0,"key":"DistilledChaos"},{"floor":7.0,"key":"SteroidPotion"},{"floor":12.0,"key":"BloodPotion"},{"floor":14.0,"key":"BlessingOfTheForge"},{"floor":16.0,"key":"Weak Potion"},{"floor":18.0,"key":"CultistPotion"},{"floor":20.0,"key":"Fruit Juice"},{"floor":31.0,"key":"SpeedPotion"},{"floor":33.0,"key":"Dexterity Potion"},{"floor":37.0,"key":"Strength Potion"},{"floor":39.0,"key":"ColorlessPotion"},{"floor":42.0,"key":"Regen Potion"},{"floor":48.0,"key":"SkillPotion"}],"is_trial":false,"path_per_floor":["M","M","M","M","M","R","M","?","T","M","R","M","R","M","R","B",null,"M","?","M","$","?","E","M","R","T","?","M","T","$","E","R","B",null,"M","?","?","M","?","R","T","M","T","$","?","M","R","E","R","B",null,"R","$","E","B"],"character_chosen":"IRONCLAD","items_purchased":["Mummified Hand","Fire Breathing","DollysMirror","Pen Nib","Question Card","Feed","Rupture","Offering","Membership Card","Letter Opener","Lee\u0027s Waffle","Metallicize","Bag of Preparation","Lantern","Bag of Marbles","Warcry+1","Jack Of All Trades+1","Dexterity Potion"],"campfire_rested":4,"item_purchase_floors":[0,0,0,0,0,0,0,0,21,21,30,30,44,44,44,44,44,53],"current_hp_per_floor":[39,45,44,39,36,62,68,50,50,48,74,80,80,71,71,52,92,92,92,92,92,49,68,68,68,68,68,48,48,110,104,104,78,110,86,72,58,65,41,75,75,92,92,92,92,71,71,45,79,51,116,116,116,78,0,0],"gold":39,"neow_bonus":"","is_daily":false,"chose_seed":false,"campfire_upgraded":5,"win_rate":0.0,"timestamp":1612053388,"path_taken":["M","M","M","M","M","R","M","?","T","M","R","M","R","M","R","BOSS","M","?","M","$","?","E","M","R","T","?","M","?","$","E","R","BOSS","M","?","?","M","?","R","?","M","T","?","?","M","R","E","R","BOSS","R","$","E","BOSS"],"items_purchased_type":["Relic","Card","Relic","Relic","Relic","Card","Card","Card","Relic","Relic","Relic","Card","Relic","Relic","Relic","Card","Card","Potion"],"build_version":"2020-12-22","purchased_purges":2,"victory":false,"max_hp_per_floor":[83,83,83,86,89,89,89,89,89,89,89,89,89,92,92,92,92,92,92,92,92,92,97,100,100,100,100,103,103,110,110,110,110,110,110,110,110,113,116,116,116,116,116,116,116,116,116,116,116,116,116,116,116,116,116,116],"relic_stats":{"Lee\u0027s Waffle":62,"Happy Flower":[53],"counters":[78,375],"Black Blood":430,"Eternal Feather":0,"Pen Nib":[38],"PreservedInsect":327,"Juzu Bracelet":2,"Bag of Preparation":[10],"Ginger":[17],"Letter Opener":[80],"Question Card":25,"Busted Crown":66,"Shovel":1,"Mummified Hand":[152],"Shuriken":[10],"Tiny Chest":1,"Kunai":[13],"obtain_stats":[{"Ice Cream":0,"Calipers":37,"Gremlin Horn":25,"CeramicFish":44,"Whetstone":6,"Ginger":0,"Centennial Puzzle":48,"DollysMirror":53,"Kunai":29,"Toxic Egg 2":26,"MerchantsRug":0,"Girya":0,"Pear":46,"Happy Flower":26,"Oddly Smooth Stone":53,"Eternal Feather":52,"Pen Nib":54,"Charon\u0027s Ashes":53,"Letter Opener":53,"Question Card":30,"Shuriken":41,"Bird Faced Urn":0,"Bronze Scales":42,"Mark of Pain":34,"StrikeDummy":54,"Meat on the Bone":24,"Lantern":44,"reliquary:Firecrackers":43,"Black Blood":17,"StoneCalendar":37,"Incense Burner":0,"Juzu Bracelet":8,"Bag of Preparation":44,"Burning Blood":0,"ClockworkSouvenir":45,"Shovel":0,"Mummified Hand":0,"Gambling Chip":40,"Pantograph":52,"Tiny Chest":31,"reliquary:RoseTintedGlasses":45,"Red Mask":45,"InkBottle":27,"Red Skull":27,"Paper Frog":13,"Potion Belt":43,"Lee\u0027s Waffle":30,"Self Forming Clay":40,"PreservedInsect":31,"The Courier":48,"Odd Mushroom":13,"Busted Crown":17,"Art of War":9,"reliquary:TuningFork":31,"Bag of Marbles":44,"Membership Card":0,"Bottled Lightning":49,"TungstenRod":9,"FossilizedHelix":26,"Toy Ornithopter":22},{"Ice Cream":0,"Calipers":70,"Gremlin Horn":38,"CeramicFish":46,"Whetstone":4,"Ginger":51,"Centennial Puzzle":48,"DollysMirror":49,"Kunai":66,"Toxic Egg 2":65,"MerchantsRug":0,"Girya":24,"Pear":19,"Happy Flower":11,"Oddly Smooth Stone":49,"Eternal Feather":76,"Pen Nib":23,"Charon\u0027s Ashes":49,"Letter Opener":22,"Question Card":40,"Shuriken":72,"Bird Faced Urn":0,"Bronze Scales":46,"Mark of Pain":14,"StrikeDummy":50,"Meat on the Bone":38,"Lantern":73,"reliquary:Firecrackers":46,"Black Blood":61,"StoneCalendar":43,"Incense Burner":0,"Juzu Bracelet":5,"Bag of Preparation":73,"Burning Blood":0,"ClockworkSouvenir":46,"Shovel":24,"Mummified Hand":51,"Gambling Chip":18,"Pantograph":49,"Tiny Chest":67,"reliquary:RoseTintedGlasses":46,"Red Mask":73,"InkBottle":11,"Red Skull":38,"Paper Frog":32,"Potion Belt":19,"Lee\u0027s Waffle":66,"Self Forming Clay":45,"PreservedInsect":40,"The Courier":75,"Odd Mushroom":7,"Busted Crown":8,"Art of War":30,"reliquary:TuningFork":40,"Bag of Marbles":73,"Membership Card":24,"Bottled Lightning":48,"TungstenRod":5,"FossilizedHelix":38,"Toy Ornithopter":63},{"Ice Cream":0,"Calipers":328,"Gremlin Horn":201,"CeramicFish":226,"Whetstone":13,"Ginger":247,"Centennial Puzzle":231,"DollysMirror":237,"Kunai":297,"Toxic Egg 2":294,"MerchantsRug":0,"Girya":164,"Pear":113,"Happy Flower":58,"Oddly Smooth Stone":237,"Eternal Feather":362,"Pen Nib":150,"Charon\u0027s Ashes":237,"Letter Opener":139,"Question Card":207,"Shuriken":337,"Bird Faced Urn":0,"Bronze Scales":226,"Mark of Pain":80,"StrikeDummy":240,"Meat on the Bone":201,"Lantern":342,"reliquary:Firecrackers":226,"Black Blood":277,"StoneCalendar":215,"Incense Burner":0,"Juzu Bracelet":21,"Bag of Preparation":342,"Burning Blood":0,"ClockworkSouvenir":226,"Shovel":164,"Mummified Hand":247,"Gambling Chip":108,"Pantograph":237,"Tiny Chest":305,"reliquary:RoseTintedGlasses":226,"Red Mask":342,"InkBottle":58,"Red Skull":201,"Paper Frog":181,"Potion Belt":113,"Lee\u0027s Waffle":297,"Self Forming Clay":222,"PreservedInsect":207,"The Courier":351,"Odd Mushroom":29,"Busted Crown":41,"Art of War":178,"reliquary:TuningFork":207,"Bag of Marbles":342,"Membership Card":164,"Bottled Lightning":231,"TungstenRod":21,"FossilizedHelix":201,"Toy Ornithopter":286}],"Toy Ornithopter":50},"card_choices":[{"not_picked":["Armaments","Shockwave","Sword Boomerang"],"picked":"Wild Strike","floor":1.0},{"not_picked":["Heavy Blade","Sword Boomerang","True Grit"],"picked":"Headbutt","floor":2.0},{"not_picked":["Havoc","Body Slam","Sentinel"],"picked":"Double Tap","floor":3.0},{"not_picked":["Carnage","Ghostly Armor","Havoc"],"picked":"Wild Strike","floor":4.0},{"not_picked":["Perfected Strike","Sentinel","Second Wind"],"picked":"Disarm","floor":5.0},{"not_picked":["Flex","Thunderclap","Armaments"],"picked":"Wild Strike","floor":7.0},{"not_picked":["Dual Wield","Spot Weakness","Body Slam"],"picked":"Immolate","floor":10.0},{"not_picked":["Feel No Pain","Power Through","Clothesline"],"picked":"Inflame","floor":12.0},{"not_picked":["True Grit","Dual Wield","Bloodletting"],"picked":"Metallicize","floor":14.0},{"not_picked":["Brutality","Berserk","Barricade"],"picked":"Impervious","floor":16.0},{"not_picked":["Searing Blow","Warcry+1","Cleave","Flex"],"picked":"SKIP","floor":18.0},{"not_picked":["Uppercut","Dropkick+1","Searing Blow","Cleave"],"picked":"SKIP","floor":20.0},{"not_picked":["Spot Weakness","Thunderclap+1","Cleave"],"picked":"Power Through","floor":23.0},{"not_picked":["Flex","Warcry","Shrug It Off+1"],"picked":"Combust+1","floor":24.0},{"not_picked":["Inflame","Double Tap+1","Sword Boomerang+1"],"picked":"Dual Wield+1","floor":28.0},{"not_picked":["Infernal Blade+1","True Grit+1","Demon Form"],"picked":"Metallicize+1","floor":31.0},{"not_picked":["Demon Form","Brutality","Berserk"],"picked":"Exhume+1","floor":33.0},{"not_picked":["Feel No Pain+1"],"picked":"Bloodletting+1","floor":35.0},{"not_picked":["Clash+1","Rampage"],"picked":"SKIP","floor":38.0},{"not_picked":["Cleave"],"picked":"Sword Boomerang","floor":39.0},{"not_picked":["Carnage","Clothesline"],"picked":"SKIP","floor":42.0},{"not_picked":["Iron Wave"],"picked":"Rage+1","floor":46.0},{"not_picked":["Twin Strike+1"],"picked":"Sword Boomerang+1","floor":48.0},{"not_picked":["Clothesline+1"],"picked":"Ghostly Armor+1","floor":54}],"player_experience":3650060,"relics_obtained":[{"floor":9.0,"key":"PreservedInsect"},{"floor":23.0,"key":"Oddly Smooth Stone"},{"floor":26.0,"key":"Toxic Egg 2"},{"floor":29.0,"key":"Kunai"},{"floor":31.0,"key":"Tiny Chest"},{"floor":37.0,"key":"Calipers"},{"floor":39.0,"key":"FossilizedHelix"},{"floor":41.0,"key":"Shuriken"},{"floor":43.0,"key":"Shovel"},{"floor":48.0,"key":"The Courier"},{"floor":52.0,"key":"Eternal Feather"},{"floor":54,"key":"Happy Flower"}],"event_choices":[{"damage_healed":68.0,"max_hp_gain":0.0,"max_hp_loss":89.0,"gold_gain":0.0,"event_name":"betterThird:BetterShining","player_choice":"Upgrade","floor":8.0,"gold_loss":0.0,"damage_taken":18.0,"cards_upgraded":["Wild Strike","Fire Breathing"]},{"damage_healed":0.0,"max_hp_gain":0.0,"max_hp_loss":0.0,"gold_gain":0.0,"event_name":"Duplicator","player_choice":"Copied","floor":19.0,"gold_loss":0.0,"damage_taken":0.0,"cards_obtained":["Metallicize"]},{"damage_healed":0.0,"max_hp_gain":0.0,"max_hp_loss":0.0,"gold_gain":0.0,"event_name":"betterSkull:BetterSkull","player_choice":"RE RE ","floor":22.0,"gold_loss":0.0,"damage_taken":47.0,"cards_upgraded":[],"relics_obtained":["Toy Ornithopter","Juzu Bracelet"]},{"cards_removed":["Strike_R"],"damage_healed":0.0,"max_hp_gain":0.0,"max_hp_loss":0.0,"gold_gain":0.0,"event_name":"betterNote:BetterNote","player_choice":"Give","floor":27.0,"gold_loss":0.0,"damage_taken":0.0,"cards_obtained":["Strike_B"]},{"damage_healed":0.0,"max_hp_gain":0.0,"max_hp_loss":0.0,"gold_gain":0.0,"event_name":"Winding Halls","player_choice":"Embrace Madness","floor":36.0,"gold_loss":0.0,"damage_taken":14.0,"cards_obtained":["Madness","Madness"]},{"damage_healed":0.0,"max_hp_gain":0.0,"max_hp_loss":0.0,"gold_gain":0.0,"event_name":"MindBloom","player_choice":"Fight","floor":37.0,"gold_loss":0.0,"damage_taken":0.0},{"damage_healed":0.0,"max_hp_gain":0.0,"max_hp_loss":0.0,"gold_gain":0.0,"event_name":"Mysterious Sphere","player_choice":"Fight","floor":39.0,"gold_loss":0.0,"damage_taken":0.0},{"damage_healed":0.0,"max_hp_gain":0.0,"max_hp_loss":0.0,"gold_gain":0.0,"event_name":"Tomb of Lord Red Mask","player_choice":"Paid","floor":45.0,"gold_loss":39.0,"damage_taken":0.0,"relics_obtained":["Red Mask"]}],"is_beta":false,"boss_relics":[{"not_picked":["Runic Cube","Philosopher\u0027s Stone"],"picked":"Black Blood"},{"not_picked":["Calling Bell","Pandora\u0027s Box"],"picked":"Busted Crown"}],"items_purged_floors":[21,44],"is_endless":false,"potions_floor_spawned":[5,7,12,14,16,18,20,31,33,37,39,42,48],"killed_by":"The Heart","ascension_level":0}}