{"host":"l029r2dqxfiqiq5i","time":1612079959,"event":{"mods":["Act Like it!","BaseMod","Decade(王小明)","Minty Spire (QoL Compilation)","StSLib","篝火指南"],"gold_per_floor":[109,128,128,138,138,169,169,169,169,169,181,197,232,307,307,403,403,403,403,417,430,444,444,476,476,476,490,490,258,258,258],"floor_reached":30,"language":"ZHS","playtime":1814,"items_purged":["Decade_Attack"],"score":288,"play_id":"168922a9-5e5b-45f3-ad79-1fb106e5643e","local_time":"20210131155919","is_ascension_mode":false,"campfire_choices":[{"data":"Blade_Beat","floor":7,"key":"SMITH"},{"data":"DenO_Gun","floor":15,"key":"SMITH"},{"data":"KamenRide","floor":23,"key":"SMITH"},{"data":"FormRideTitan","floor":25,"key":"SMITH"},{"data":"UnarmedAttack3","floor":28,"key":"SMITH"}],"circlet_count":0,"master_deck":["Decade_Attack","Decade_Attack","KamenRide+1","Decade_SpecialSkill","Decade_Defend","Decade_Defend","Decade_Defend","Blade_Beat+1","DenO_Gun+1","FormRideDragon","NMDAZYYGL","Blade_Mach","Kuuga_GouramAttack","RideBooker","UnarmedAttack5","Kuuga_Rising","Decade_Illusion+1","FormRideTitan+1","DenO_Sword+1","UnarmedAttack3+1","UnarmedAttack1"],"relics":["Decadriver","TOEIDeficitBill","Bird Faced Urn","Ice Cream","Oddly Smooth Stone","Black Star","Red Mask","Sling"],"acts_visited":["Exordium","TheCity"],"potions_floor_usage":[11],"damage_taken":[{"damage":8,"enemies":"Jaw Worm","floor":1,"turns":3},{"damage":4,"enemies":"Cultist","floor":2,"turns":5},{"damage":7,"enemies":"2 Louse","floor":4,"turns":3},{"damage":0,"enemies":"Looter","floor":5,"turns":1},{"damage":0,"enemies":"Lagavulin","floor":6,"turns":1},{"damage":6,"enemies":"Large Slime","floor":8,"turns":2},{"damage":24,"enemies":"Exordium Thugs","floor":11,"turns":4},{"damage":5,"enemies":"Lots of Slimes","floor":12,"turns":3},{"damage":0,"enemies":"Gremlin Nob","floor":13,"turns":2},{"damage":8,"enemies":"Slime Boss","floor":16,"turns":7},{"damage":7,"enemies":"Spheric Guardian","floor":18,"turns":3},{"damage":17,"enemies":"3 Byrds","floor":20,"turns":6},{"damage":16,"enemies":"Sentry and Sphere","floor":21,"turns":4},{"damage":0,"enemies":"Centurion and Healer","floor":22,"turns":5},{"damage":38,"enemies":"Masked Bandits","floor":24,"turns":5},{"damage":44,"enemies":"3 Cultists","floor":27,"turns":5},{"damage":0,"enemies":"Slavers","floor":30,"turns":1}],"seed_played":"6219195307760129750","potions_obtained":[{"floor":4,"key":"Fire Potion"},{"floor":11,"key":"FairyPotion"},{"floor":13,"key":"Regen Potion"},{"floor":16,"key":"LiquidBronze"},{"floor":22,"key":"SteroidPotion"}],"is_trial":false,"path_per_floor":["M","M","?","M","M","E","R","M","T","?","M","M","E","?","R","B",null,"M","?","M","M","M","R","?","R","T","M","R","$","E"],"character_chosen":"Decade","items_purchased":["Sling"],"campfire_rested":0,"item_purchase_floors":[29],"current_hp_per_floor":[74,77,70,68,68,68,68,69,69,69,52,47,47,36,36,50,77,70,70,68,62,62,62,24,24,24,13,13,13,13,13],"gold":258,"neow_bonus":"TEN_PERCENT_HP_BONUS","is_daily":false,"chose_seed":false,"campfire_upgraded":5,"win_rate":0.0,"timestamp":1612079959,"path_taken":["M","M","?","M","M","E","R","M","T","?","M","?","E","?","R","BOSS","M","?","M","M","M","R","?","R","T","M","R","$","E"],"items_purchased_type":["Relic"],"build_version":"2020-12-22","purchased_purges":1,"victory":false,"max_hp_per_floor":[77,77,77,77,77,77,77,77,77,77,77,77,77,77,77,77,77,77,77,77,77,77,77,77,77,77,77,77,77,77,77],"card_choices":[{"not_picked":["FormRideBasshaa","DenO_Gun"],"picked":"Blade_Beat","floor":1},{"not_picked":["Blade_Kick","KamenRideDecade"],"picked":"DenO_Gun","floor":1},{"not_picked":["FormRideGaruru","Hibiki_Attack1"],"picked":"FormRideDragon","floor":2},{"not_picked":["FormRideGaruru","Kiva_Frozen"],"picked":"NMDAZYYGL","floor":2},{"not_picked":["Blade_Kick","Blade_Beat","Decade_Defend3"],"picked":"SKIP","floor":4},{"not_picked":["KamenRideKiva","AutoVajin","UnarmedAttack6"],"picked":"SKIP","floor":4},{"not_picked":["Hibiki_Attack3","UnarmedAttack6"],"picked":"Blade_Mach","floor":5},{"not_picked":["Kiva_Swallow","PhotonAcceleration","FormRideStorm"],"picked":"SKIP","floor":6},{"not_picked":["Hibiki_Attack2","KamenRideBlade","RideBooker_Skill_1"],"picked":"SKIP","floor":8},{"not_picked":["Hibiki_Attack3","UnarmedAttack8"],"picked":"Kuuga_GouramAttack","floor":11},{"not_picked":["Decade_Dash2","FormRideFlame"],"picked":"RideBooker","floor":12},{"not_picked":["FormRideDragon","UnarmedAttack1"],"picked":"UnarmedAttack5","floor":12},{"not_picked":["Decade_Dash1","Decade_Invisible","FormRideDragon"],"picked":"SKIP","floor":13},{"not_picked":["KamenRideRyuki","Kuuga_GouramAttack","UnarmedAttack4"],"picked":"SKIP","floor":13},{"not_picked":["NMDAZYYGL","Kabuto_ClockUp"],"picked":"Kuuga_Rising","floor":16},{"not_picked":["UnarmedAttack5","FormRideFlame"],"picked":"Decade_Illusion+1","floor":18},{"not_picked":["DenO_Rod","Decade_Dash1","FormRideStorm"],"picked":"SKIP","floor":20},{"not_picked":["FormRideDragon","FormRideBasshaa","UnarmedAttack1"],"picked":"SKIP","floor":20},{"not_picked":["Kiva_Eat","Hibiki_Attack3+1"],"picked":"FormRideTitan","floor":21},{"not_picked":["Decade_Illusion","UnarmedAttack8"],"picked":"DenO_Sword+1","floor":22},{"not_picked":["UnarmedAttack4","Blade_Kick"],"picked":"UnarmedAttack3","floor":24},{"not_picked":["KamenRideDenO+1","FormRideDogga"],"picked":"UnarmedAttack1","floor":27},{"not_picked":["UnarmedAttack6","Blade_Kick","RideBooker"],"picked":"SKIP","floor":27}],"player_experience":183616,"relics_obtained":[{"floor":6,"key":"Bird Faced Urn"},{"floor":9,"key":"Ice Cream"},{"floor":13,"key":"Oddly Smooth Stone"},{"floor":24,"key":"Red Mask"}],"event_choices":[{"cards_removed":["Decade_Attack"],"damage_healed":0,"gold_gain":0,"player_choice":"Card Removal","damage_taken":7,"max_hp_gain":0,"max_hp_loss":0,"event_name":"Golden Wing","floor":3,"gold_loss":0},{"damage_healed":0,"gold_gain":0,"player_choice":"Bought 0 Potions","damage_taken":0,"max_hp_gain":0,"max_hp_loss":0,"event_name":"The Woman in Blue","floor":10,"gold_loss":0},{"damage_healed":0,"gold_gain":75,"player_choice":"Gather Gold","damage_taken":11,"max_hp_gain":0,"max_hp_loss":0,"event_name":"World of Goop","floor":14,"gold_loss":0},{"cards_removed":["Decade_Defend"],"damage_healed":0,"gold_gain":0,"player_choice":"Elegance","damage_taken":0,"max_hp_gain":0,"max_hp_loss":0,"event_name":"Back to Basics","floor":19,"gold_loss":0},{"damage_healed":0,"gold_gain":0,"player_choice":"Fought Bandits","damage_taken":0,"max_hp_gain":0,"max_hp_loss":0,"event_name":"Masked Bandits","floor":24,"gold_loss":0}],"is_beta":false,"boss_relics":[{"not_picked":["Calling Bell","Philosopher\u0027s Stone"],"picked":"Black Star"}],"items_purged_floors":[29],"is_endless":false,"potions_floor_spawned":[4,11,13,16,20,22],"killed_by":"Slavers","ascension_level":0}}