{"host":"h3ybbam5olp21xet","time":1612121266,"event":{"mods":["BaseMod","BetterRewards","Downfall","Hermit","Hubris","Infinite Spire","Minty Spire (QoL Compilation)","Replay The Spire","StSLib","The Bug Knight","The Cursed"],"gold_per_floor":[119,194,13,13,31,31,42,42,89,89,0,0,0,28,28,152,152,184,218,133,36,63,63,104,104,104,137,177,209,209,209,209,348,348,376,376,450,509,509,509,537,585,612,672,682,682],"floor_reached":45,"language":"ENG","playtime":2185,"items_purged":[],"score":513,"play_id":"94815ffd-efc9-4929-ab07-e46f8289898b","local_time":"20210131132746","is_ascension_mode":false,"campfire_choices":[{"floor":6,"key":"REST"},{"data":"TheCursedMod:CircleOfFlame","floor":10,"key":"SMITH"},{"data":"TheCursedMod:CleanUpWorkshop","floor":13,"key":"SMITH"},{"data":"TheCursedMod:Grudge","floor":15,"key":"SMITH"},{"floor":23,"key":"REST"},{"floor":30,"key":"REST"},{"data":"infinitespire:NeuralNetwork","floor":40,"key":"SMITH"}],"circlet_count":0,"master_deck":["TheCursedMod:CursedWand","TheCursedMod:CleanUpWorkshop+1","TheCursedMod:Dregs","TheCursedMod:CircleOfFlame+1","TheCursedMod:CursedMace","TheCursedMod:CircleOfBlood","TheCursedMod:CursedBlade","TheCursedMod:SoulReap+1","TheCursedMod:Wield","TheCursedMod:SurpriseAttack","TheCursedMod:CursedBoomerang","TheCursedMod:Grudge+1","TheCursedMod:ShockAndAwe","TheCursedMod:CircleOfFocus+1","TheCursedMod:EmpowerCircles+1","TheCursedMod:TacticalStrike+1","TheCursedMod:CircleOfCorruption","TheCursedMod:SpitefulPlan+1","TheCursedMod:CircleOfWindfury","TheCursedMod:TacticalStrike","TheCursedMod:ManaBullet+1","TheCursedMod:CursedSpellbook","TheCursedMod:CircleOfBlood","TheCursedMod:CursedRelics","TheCursedMod:EmpowerCircles","TheCursedMod:CircleOfFlame","TheCursedMod:CircleOfAmplification","Delirium","ReplayTheSpireMod:Splinters","infinitespire:NeuralNetwork+1","TheCursedMod:VoidForm","TheCursedMod:Stretching","TheCursedMod:VoidForm","TheCursedMod:SpreadPlague","TheCursedMod:Neurasthenia","TheCursedMod:CursedBlade","TheCursedMod:CursedBoomerang+1","TheCursedMod:Mangle+1","Amnesia","TheCursedMod:CircleOfWindfury","TheCursedMod:Torture+1","TheCursedMod:Wield+1","TheCursedMod:TacticalStrike","TheCursedMod:StunningStrike","TheCursedMod:SpitefulPlan+1","TheCursedMod:SpitefulStrike+1"],"relics":["TheCursedMod:BlackMagic101","Replay:Rubber Ducky","hubris:OldNail","hubris:Towel","Replay:Bandana","Astrolabe","infinitespire:PuzzleCube","Prayer Wheel","Pandora\u0027s Box","Ring of Chaos","ReplayTheSpireMod:Ring of Exchange","infinitespire:Joker Card","hubris:ToyBattleship","Bag of Marbles","hubris:Metronome"],"acts_visited":["Exordium","TheCity","TheBeyond"],"potions_floor_usage":[18,29,33,37,42,42,42,44,45],"damage_taken":[{"damage":0,"enemies":"2 Louse","floor":1,"turns":3},{"damage":8,"enemies":"Jaw Worm","floor":5,"turns":3},{"damage":5,"enemies":"Small Slimes","floor":7,"turns":3},{"damage":7,"enemies":"Exordium Thugs","floor":14,"turns":4},{"damage":41,"enemies":"Fading Forest","floor":16,"turns":11},{"damage":10,"enemies":"2 Thieves","floor":18,"turns":3},{"damage":4,"enemies":"Spheric Guardian","floor":19,"turns":3},{"damage":28,"enemies":"Snake Plant","floor":22,"turns":3},{"damage":24,"enemies":"Shelled Parasite and Fungi","floor":24,"turns":4},{"damage":29,"enemies":"Snecko","floor":27,"turns":5},{"damage":11,"enemies":"Centurion and Healer","floor":28,"turns":3},{"damage":18,"enemies":"Snake Plant","floor":29,"turns":4},{"damage":1,"enemies":"Collector","floor":33,"turns":6},{"damage":18,"enemies":"Orb Walker","floor":35,"turns":3},{"damage":18,"enemies":"Mind Bloom Boss Battle","floor":37,"turns":4},{"damage":3,"enemies":"3 Darklings","floor":38,"turns":3},{"damage":21,"enemies":"Maw","floor":41,"turns":5},{"damage":3,"enemies":"Reptomancer","floor":42,"turns":4},{"damage":97,"enemies":"Nightmare","floor":44,"turns":6},{"damage":11,"enemies":"Jaw Worm Horde","floor":45,"turns":1}],"seed_played":"1038200548943016203","potions_obtained":[{"floor":2,"key":"Weak Potion"},{"floor":5,"key":"PowerPotion"},{"floor":7,"key":"Adrenaline Potion"},{"floor":12,"key":"infinitespire:BlackPotion"},{"floor":22,"key":"Elixir"},{"floor":37,"key":"Reflective Coating"},{"floor":38,"key":"EntropicBrew"}],"is_trial":false,"path_per_floor":["M","?","$","?","M","R","M","?","T","R","$","?","R","M","R","B",null,"M","M","?","$","M","R","M","?","T","M","M","M","R","?","R","B",null,"M","?","?","M","?","R","M","E","T","NM","M"],"character_chosen":"THE_CURSED","items_purchased":["hubris:OldNail","TheCursedMod:CursedBlade","TheCursedMod:SurpriseAttack","TheCursedMod:CursedBoomerang","TheCursedMod:CircleOfWindfury","TheCursedMod:TacticalStrike"],"campfire_rested":3,"item_purchase_floors":[3,3,11,11,21,21],"current_hp_per_floor":[75,45,45,45,43,65,67,75,75,75,75,75,75,75,75,42,75,65,63,63,63,48,70,53,53,53,33,37,32,54,54,75,75,75,65,65,58,72,72,72,60,69,69,2,0,0],"gold":682,"neow_bonus":"RANDOM_COLORLESS","is_daily":false,"chose_seed":false,"campfire_upgraded":4,"win_rate":0.0,"timestamp":1612121266,"path_taken":["M","?","$","?","M","R","?","?","T","R","?","?","R","M","R","BOSS","M","M","?","$","M","R","M","?","T","M","M","?","R","?","R","BOSS","M","?","?","M","?","R","M","E","T","NM","M"],"items_purchased_type":["Relic","Card","Card","Card","Card","Card"],"build_version":"2020-12-22","purchased_purges":0,"victory":false,"max_hp_per_floor":[75,75,75,75,75,75,75,75,75,75,75,75,75,75,75,75,75,75,75,75,75,75,75,75,75,75,75,75,75,75,75,75,75,75,75,75,75,75,75,75,75,75,75,75,75,75],"card_choices":[{"not_picked":["Purity","Dark Shackles"],"picked":"ReplayTheSpireMod:Uncanny Aura","floor":0},{"not_picked":["TheCursedMod:RapidMovement","TheCursedMod:Stigma"],"picked":"TheCursedMod:CircleOfFlame","floor":1},{"not_picked":["TheCursedMod:CircleOfFocus","TheCursedMod:SpitefulPray"],"picked":"TheCursedMod:CursedMace","floor":2},{"not_picked":["TheCursedMod:TroublousMinions","TheCursedMod:WearCloak"],"picked":"TheCursedMod:CircleOfBlood","floor":2},{"not_picked":["TheCursedMod:VitalStrike","TheCursedMod:Torture"],"picked":"TheCursedMod:SoulReap","floor":5},{"not_picked":["TheCursedMod:WearCloak","TheCursedMod:CursedMace"],"picked":"TheCursedMod:Wield","floor":7},{"not_picked":["TheCursedMod:WearCloak","TheCursedMod:TroublousMinions"],"picked":"TheCursedMod:Grudge","floor":14},{"not_picked":["TheCursedMod:DemonicPact","TheCursedMod:DarkBarrier"],"picked":"TheCursedMod:ShockAndAwe","floor":16},{"not_picked":["TheCursedMod:PrepareRite","TheCursedMod:WearCloak"],"picked":"TheCursedMod:CircleOfCorruption","floor":18},{"not_picked":["TheCursedMod:CursedMace","TheCursedMod:SpreadPlague"],"picked":"TheCursedMod:SpitefulPlan+1","floor":19},{"not_picked":["TheCursedMod:Obscuration","TheCursedMod:VitalStrike"],"picked":"TheCursedMod:ManaBullet+1","floor":22},{"not_picked":["TheCursedMod:FleshFromBone","TheCursedMod:SmokeScreen+1"],"picked":"TheCursedMod:CursedSpellbook","floor":24},{"not_picked":["TheCursedMod:CursedBoomerang","TheCursedMod:Evocation"],"picked":"TheCursedMod:CircleOfFlame","floor":27},{"not_picked":["TheCursedMod:CircleOfFocus","TheCursedMod:Obscuration"],"picked":"TheCursedMod:CircleOfBlood","floor":27},{"not_picked":["TheCursedMod:Stigma","TheCursedMod:FleshFromBone"],"picked":"TheCursedMod:CursedRelics","floor":28},{"not_picked":["TheCursedMod:RapidMovement+1","TheCursedMod:CursedSpellbook"],"picked":"TheCursedMod:EmpowerCircles","floor":28},{"not_picked":["TheCursedMod:VitalStrike","TheCursedMod:ManaBullet"],"picked":"TheCursedMod:CircleOfFlame","floor":29},{"not_picked":["TheCursedMod:RapidMovement","TheCursedMod:RavingStaff"],"picked":"TheCursedMod:CircleOfAmplification","floor":29},{"not_picked":["infinitespire:Oblivion","infinitespire:TheBestDefense"],"picked":"infinitespire:NeuralNetwork","floor":31},{"not_picked":["TheCursedMod:DarkBarrier","TheCursedMod:NeowsMight"],"picked":"TheCursedMod:VoidForm","floor":33},{"not_picked":["TheCursedMod:Stigma+1","TheCursedMod:Wield+1"],"picked":"TheCursedMod:CursedBoomerang+1","floor":35},{"not_picked":["TheCursedMod:FleshFromBone","TheCursedMod:Obscuration"],"picked":"TheCursedMod:Mangle+1","floor":35},{"not_picked":["TheCursedMod:RavingStaff","TheCursedMod:Grudge+1"],"picked":"TheCursedMod:CircleOfWindfury","floor":37},{"not_picked":["TheCursedMod:Stretching+1","TheCursedMod:AshesToAshes+1"],"picked":"TheCursedMod:Torture+1","floor":38},{"not_picked":["TheCursedMod:FuryStrike","TheCursedMod:CircleOfFlame+1"],"picked":"TheCursedMod:Wield+1","floor":38},{"not_picked":["TheCursedMod:VitalStrike+1","TheCursedMod:CursedBlade"],"picked":"TheCursedMod:TacticalStrike","floor":41},{"not_picked":["TheCursedMod:Torture","TheCursedMod:ReleasedStrength"],"picked":"TheCursedMod:StunningStrike","floor":41},{"not_picked":["TheCursedMod:Wield","TheCursedMod:CursedRelics"],"picked":"TheCursedMod:SpitefulPlan+1","floor":42},{"not_picked":["TheCursedMod:Neurasthenia","TheCursedMod:AbyssShockwave"],"picked":"TheCursedMod:SpitefulStrike+1","floor":44}],"player_experience":636638,"relics_obtained":[{"floor":2,"key":"Replay:Rubber Ducky"},{"floor":9,"key":"Replay:Bandana"},{"floor":26,"key":"Prayer Wheel"},{"floor":36,"key":"Ring of Chaos"},{"floor":36,"key":"ReplayTheSpireMod:Ring of Exchange"},{"floor":37,"key":"infinitespire:Joker Card"},{"floor":42,"key":"hubris:ToyBattleship"},{"floor":43,"key":"Bag of Marbles"},{"floor":44,"key":"hubris:Metronome"}],"event_choices":[{"cards_removed":["ReplayTheSpireMod:Uncanny Aura"],"damage_healed":8,"gold_gain":0,"player_choice":"Offered Uncommon","damage_taken":0,"max_hp_gain":0,"max_hp_loss":0,"event_name":"Bonfire Elementals","floor":8,"gold_loss":0},{"damage_healed":0,"gold_gain":0,"player_choice":"Got Potions","damage_taken":0,"max_hp_gain":0,"max_hp_loss":0,"event_name":"Lab","floor":12,"gold_loss":0},{"damage_healed":0,"gold_gain":0,"player_choice":"Obtained Relic","damage_taken":0,"relics_obtained":["infinitespire:PuzzleCube"],"max_hp_gain":0,"max_hp_loss":0,"event_name":"Addict","floor":20,"gold_loss":85},{"damage_healed":0,"gold_gain":0,"player_choice":"Ignored","damage_taken":0,"max_hp_gain":0,"max_hp_loss":0,"event_name":"Fountain of Cleansing","floor":25,"gold_loss":0},{"damage_healed":0,"gold_gain":0,"player_choice":"Fight","damage_taken":0,"max_hp_gain":0,"max_hp_loss":0,"event_name":"MindBloom","floor":37,"gold_loss":0},{"cards_removed":["TheCursedMod:CircleOfFlame"],"damage_healed":0,"gold_gain":0,"player_choice":"Removed Skill","damage_taken":0,"max_hp_gain":0,"max_hp_loss":0,"event_name":"Falling","floor":39,"gold_loss":0}],"is_beta":false,"boss_relics":[{"not_picked":["Fusion Hammer","hubris:RunicObelisk"],"picked":"Astrolabe"},{"not_picked":["Busted Crown","hubris:ScarierMask"],"picked":"Pandora\u0027s Box"}],"items_purged_floors":[],"is_endless":true,"potions_floor_spawned":[5,7,22,24,37,38],"killed_by":"Jaw Worm Horde","ascension_level":0}}