{"host":"p4zwdb2o9iawjdqa","time":1612055091,"event":{"mods":["BaseMod","BetterRewards","Hubris","Minty Spire (QoL Compilation)","Replay The Spire","Shop Mod","StSLib"],"gold_per_floor":[111,111,129,204,224,253,263,275,302,302,302,337,348,380,380,455,455,468,483,41,59,59,59,93,18,43,43,43],"floor_reached":27,"language":"ENG","playtime":1197,"items_purged":[],"score":514,"play_id":"7644ba2a-b343-44cc-a6bf-421804049cb4","local_time":"20210130170451","is_ascension_mode":true,"campfire_choices":[{"floor":10,"key":"REST"},{"data":"Blade Dance","floor":15,"key":"SMITH"},{"data":"After Image","floor":23,"key":"SMITH"}],"circlet_count":0,"master_deck":["AscendersBane","Defend_G+1","Defend_G","Defend_G","Defend_G","Defend_G+1","Survivor","Neutralize","Bouncing Flask","Hidden Blade","Blade Dance+1","Accuracy","PiercingWail","After Image+1","After Image+1","Phantasmal Killer","Sneak Up","Quick Slash","Storm of Steel","hubris:SlightOfHand+1","hubris:Sniper+1","Eviscerate+1","Hidden Blade","Acrobatics+1","PiercingWail","Blade Dance"],"relics":["Ring of the Snake","NeowsBlessing","Anchor","Simple Rune","Shuriken","Ornamental Fan","MerchantsRug","Toy Ornithopter"],"acts_visited":["Exordium","TheCity"],"potions_floor_usage":[12,14,14,24,24],"damage_taken":[{"damage":0.0,"enemies":"Jaw Worm","floor":1.0,"turns":1.0},{"damage":0.0,"enemies":"Cultist","floor":3.0,"turns":1.0},{"damage":0.0,"enemies":"2 Louse","floor":5.0,"turns":1.0},{"damage":17.0,"enemies":"Gremlin Nob","floor":6.0,"turns":5.0},{"damage":3.0,"enemies":"Blue Slaver","floor":7.0,"turns":3.0},{"damage":4,"enemies":"Red Slaver","floor":8,"turns":6},{"damage":1,"enemies":"3 Sentries","floor":12,"turns":8},{"damage":2,"enemies":"Exordium Wildlife","floor":13,"turns":5},{"damage":0,"enemies":"Lagavulin","floor":14,"turns":6},{"damage":29,"enemies":"Slime Boss","floor":16,"turns":10},{"damage":16,"enemies":"Spheric Guardian","floor":18,"turns":6},{"damage":0,"enemies":"Shell Parasite","floor":19,"turns":2},{"damage":3,"enemies":"Centurion and Healer","floor":21,"turns":5},{"damage":27,"enemies":"Gremlin Leader","floor":24,"turns":7},{"damage":7,"enemies":"Shelled Parasite and Fungi","floor":27,"turns":4}],"seed_played":"4696590534896874161","potions_obtained":[{"floor":5.0,"key":"Weak Potion"},{"floor":6.0,"key":"Block Potion"},{"floor":7.0,"key":"Block Potion"},{"floor":13,"key":"Reflective Coating"},{"floor":19,"key":"Swift Potion"},{"floor":21,"key":"SkillPotion"}],"is_trial":false,"path_per_floor":["M","?","M","?","M","E","M","M","T","R","?","E","M","E","R","B",null,"M","M","$","M","?","R","E","?","T","M"],"character_chosen":"THE_SILENT","items_purchased":["Ornamental Fan","MerchantsRug","PiercingWail"],"campfire_rested":1,"item_purchase_floors":[20,20,20],"current_hp_per_floor":[59,55,55,44,44,27,24,20,20,39,39,38,36,36,36,7,51,35,35,35,32,32,32,5,5,5,0,0],"gold":43,"neow_bonus":"THREE_ENEMY_KILL","is_daily":false,"chose_seed":false,"campfire_upgraded":2,"win_rate":0.0,"timestamp":1612055091,"path_taken":["M","?","?","?","M","E","M","M","T","R","?","E","M","E","R","BOSS","M","M","$","M","?","R","E","?","T","M"],"items_purchased_type":["Relic","Relic","Card"],"build_version":"2020-12-22","purchased_purges":0,"victory":false,"max_hp_per_floor":[66,66,66,66,66,66,66,66,66,66,66,66,66,66,66,66,66,66,66,66,66,66,66,66,66,66,66,66],"card_choices":[{"not_picked":["Acrobatics","Riddle With Holes"],"picked":"Bouncing Flask","floor":1.0},{"not_picked":["Backflip","Reflex"],"picked":"Hidden Blade","floor":3.0},{"not_picked":["Acrobatics","Dagger Throw"],"picked":"Blade Dance","floor":5.0},{"not_picked":["Bane","Dagger Spray"],"picked":"Accuracy","floor":6.0},{"not_picked":["ReplayTheSpireMod:Shiv Toss","Blur"],"picked":"PiercingWail","floor":7.0},{"not_picked":["ReplayTheSpireMod:Tripwire","Expertise"],"picked":"After Image","floor":8},{"not_picked":["Catalyst","Slice"],"picked":"Phantasmal Killer","floor":12},{"not_picked":["Sucker Punch","PiercingWail"],"picked":"Sneak Up","floor":13},{"not_picked":["Deadly Poison","Footwork"],"picked":"Quick Slash","floor":14},{"not_picked":["Venomology","Night Terror"],"picked":"Storm of Steel","floor":16},{"not_picked":["Acrobatics","Finisher"],"picked":"Hidden Blade","floor":18},{"not_picked":["Prepared","Flying Knee"],"picked":"Acrobatics+1","floor":19},{"not_picked":["Skewer","Finisher","Poisoned Stab"],"picked":"SKIP","floor":21},{"not_picked":["Poisoned Stab","Prepared+1"],"picked":"Blade Dance","floor":24}],"player_experience":335864,"relics_obtained":[{"floor":6.0,"key":"Anchor"},{"floor":9,"key":"Simple Rune"},{"floor":14,"key":"Shuriken"},{"floor":24,"key":"Toy Ornithopter"}],"event_choices":[{"damage_healed":0.0,"max_hp_gain":0.0,"max_hp_loss":0.0,"gold_gain":0.0,"event_name":"The Woman in Blue","player_choice":"Bought 0 Potions","floor":2.0,"gold_loss":0.0,"damage_taken":0.0},{"damage_healed":0.0,"max_hp_gain":0.0,"max_hp_loss":0.0,"gold_gain":75.0,"event_name":"World of Goop","player_choice":"Gather Gold","floor":4.0,"gold_loss":0.0,"damage_taken":11.0},{"damage_healed":0,"gold_gain":0,"cards_transformed":["Strike_G"],"player_choice":"Transformed","damage_taken":0,"max_hp_gain":0,"max_hp_loss":0,"event_name":"Transmorgrifier","floor":11,"gold_loss":0,"cards_obtained":["After Image"]},{"cards_removed":["Strike_G"],"damage_healed":0,"gold_gain":0,"player_choice":"Gave Gold","damage_taken":0,"max_hp_gain":0,"max_hp_loss":0,"event_name":"Beggar","floor":25,"gold_loss":75}],"is_beta":false,"boss_relics":[{"not_picked":["ReplayTheSpireMod:DimensionalGlitch","Snecko Eye"],"picked":"Astrolabe"}],"items_purged_floors":[],"is_endless":false,"potions_floor_spawned":[5,6,7,13,19,21],"killed_by":"Shelled Parasite and Fungi","ascension_level":17}}