{"host":"95i1gxnztdrdyvhi","time":1612134723,"event":{"mods":["AchievementEnabler","Act Like it!","BaseMod","Downfall","Minty Spire (QoL Compilation)","Quick Restart","StSLib"],"gold_per_floor":[99,119,139,157,157,157,157,176,190,190,190,190],"floor_reached":10,"language":"ENG","playtime":533,"items_purged":[],"score":60,"play_id":"60b31444-d9c9-4f28-9e58-66f45151b9c6","local_time":"20210131231203","is_ascension_mode":false,"campfire_choices":[{"data":"bronze:TinkerersToolbox","floor":1,"key":"SMITH"},{"data":"bronze:Iterate","floor":6,"key":"SMITH"}],"circlet_count":0,"master_deck":["bronze:Strike","bronze:Strike","bronze:Defend","bronze:Defend","bronze:Defend","bronze:Defend","bronze:Replicate","bronze:Goto","bronze:Iterate+1","bronze:TinkerersToolbox+1","bronze:Invalidate+1","bronze:Iterate"],"relics":["bronze:BronzeCore","Ornamental Fan"],"acts_visited":["Exordium"],"potions_floor_usage":[],"damage_taken":[{"damage":0,"enemies":"Cultist","floor":2,"turns":3},{"damage":6,"enemies":"Jaw Worm","floor":3,"turns":3},{"damage":0,"enemies":"2 Louse","floor":4,"turns":2},{"damage":8,"enemies":"Lots of Slimes","floor":8,"turns":5},{"damage":9,"enemies":"Red Slaver","floor":9,"turns":2},{"damage":5,"enemies":"Gremlin Nob","floor":10,"turns":3}],"seed_played":"114684415077186685","potions_obtained":[{"floor":2,"key":"EssenceOfSteel"},{"floor":3,"key":"PowerPotion"},{"floor":8,"key":"hexamod:SoulburnPotion"}],"is_trial":false,"path_per_floor":["R","M","M","M","?","R","T","M","M","E"],"character_chosen":"THE_AUTOMATON","items_purchased":[],"campfire_rested":0,"item_purchase_floors":[],"current_hp_per_floor":[49,49,43,43,43,43,43,35,26,21,21,21],"gold":190,"neow_bonus":"TRANSFORM_TWO_CARDS","is_daily":false,"chose_seed":false,"campfire_upgraded":2,"win_rate":0.0,"timestamp":1612134723,"path_taken":["R","M","M","?","?","R","T","?","M","E"],"items_purchased_type":[],"build_version":"2020-12-22","purchased_purges":0,"victory":false,"max_hp_per_floor":[70,70,70,70,70,70,70,70,70,70,70,70],"card_choices":[{"not_picked":["bronze:ItsAFeature","bronze:Frontload","bronze:BuggyMess"],"picked":"SKIP","floor":2},{"not_picked":["bronze:DigitalCarnage","bronze:Flail"],"picked":"bronze:Invalidate","floor":3},{"not_picked":["bronze:Branch","bronze:Frontload","bronze:Boost"],"picked":"SKIP","floor":4},{"not_picked":["bronze:BitShift","bronze:Allocate"],"picked":"bronze:Iterate","floor":8},{"not_picked":["bronze:Frontload","bronze:Separator","bronze:BurnOut"],"picked":"SKIP","floor":9}],"player_experience":847108,"relics_obtained":[{"floor":7,"key":"Ornamental Fan"}],"event_choices":[],"is_beta":false,"boss_relics":[],"items_purged_floors":[],"is_endless":false,"potions_floor_spawned":[2,3,8],"killed_by":"Gremlin Nob","ascension_level":0}}