{"host":"g2yp6paluzgljz05","time":1612084406,"event":{"mods":["BaseMod","Bestiary","Colored Powertips","DeckTracker","Highlight Path","Minty Spire (QoL Compilation)","Quick Restart"],"gold_per_floor":[115,65,76,37,37,37,67,87,159,159,159,192,192,211,211,334,334,334,274,274,274,274,274,274,274,274,152,67,43,43,43,43,43,43,43,43,43,43,43,43,43,43,43,43,43,43,43,43],"floor_reached":47,"language":"ENG","playtime":2131,"items_purged":["Injury"],"score":831,"play_id":"12259520-d6a5-4015-a058-310e3447911e","local_time":"20210131201326","is_ascension_mode":true,"campfire_choices":[{"data":"Rampage","floor":6,"key":"SMITH"},{"data":"Whirlwind","floor":11,"key":"SMITH"},{"data":"Havoc","floor":15,"key":"SMITH"},{"data":"True Grit","floor":30,"key":"SMITH"},{"floor":32,"key":"REST"},{"data":"Body Slam","floor":44,"key":"SMITH"},{"floor":46,"key":"REST"}],"circlet_count":0,"master_deck":["Strike_R","Strike_R+1","Strike_R+1","Defend_R+1","Defend_R+1","Defend_R","Defend_R","Bash+1","Heavy Blade+1","Ghostly Armor","Rampage+1","Whirlwind+1","Impervious","Havoc+1","Shrug It Off","Berserk","Shrug It Off+1","Necronomicurse","Body Slam+1","Brutality","Body Slam+1","Warcry","True Grit+1","Shrug It Off","Fiend Fire","Pommel Strike+1","Writhe","Parasite"],"relics":["Burning Blood","NeowsBlessing","Whetstone","HornCleat","Golden Idol","Prayer Wheel","War Paint","Ectoplasm","Necronomicon","Old Coin","Anchor","MawBank","Paper Frog","Busted Crown","Mango","Meat on the Bone"],"acts_visited":["Exordium","TheCity","TheBeyond"],"potions_floor_usage":[16,16,33,33,33,36,37],"damage_taken":[{"damage":0,"enemies":"Jaw Worm","floor":1,"turns":1},{"damage":0,"enemies":"2 Louse","floor":3,"turns":1},{"damage":0,"enemies":"3 Sentries","floor":7,"turns":1},{"damage":6,"enemies":"Cultist","floor":8,"turns":3},{"damage":14,"enemies":"Gremlin Nob","floor":12,"turns":4},{"damage":24,"enemies":"Large Slime","floor":14,"turns":5},{"damage":33,"enemies":"The Guardian","floor":16,"turns":9},{"damage":0,"enemies":"3 Byrds","floor":18,"turns":4},{"damage":0,"enemies":"2 Thieves","floor":19,"turns":4},{"damage":4,"enemies":"Snecko","floor":22,"turns":3},{"damage":0,"enemies":"Slavers","floor":23,"turns":1},{"damage":34,"enemies":"Chosen and Byrds","floor":25,"turns":5},{"damage":0,"enemies":"Gremlin Leader","floor":31,"turns":3},{"damage":47,"enemies":"Collector","floor":33,"turns":5},{"damage":0,"enemies":"Orb Walker","floor":35,"turns":2},{"damage":25,"enemies":"3 Shapes","floor":37,"turns":3},{"damage":38,"enemies":"Maw","floor":38,"turns":5},{"damage":21,"enemies":"Nemesis","floor":40,"turns":5},{"damage":11,"enemies":"Sphere and 2 Shapes","floor":41,"turns":3},{"damage":10,"enemies":"Writhing Mass","floor":45,"turns":5},{"damage":79,"enemies":"Giant Head","floor":47,"turns":6}],"seed_played":"8703541045666153448","potions_obtained":[{"floor":7,"key":"Weak Potion"},{"floor":8,"key":"Weak Potion"},{"floor":14,"key":"ColorlessPotion"},{"floor":16,"key":"PowerPotion"},{"floor":22,"key":"Dexterity Potion"},{"floor":36,"key":"FearPotion"},{"floor":36,"key":"Fruit Juice"},{"floor":36,"key":"Swift Potion"},{"floor":37,"key":"DistilledChaos"},{"floor":40,"key":"DistilledChaos"},{"floor":45,"key":"Energy Potion"}],"is_trial":false,"path_per_floor":["M","?","M","$","?","R","E","M","T","?","R","E","T","M","R","B",null,"M","M","?","?","M","E","?","M","T","$","?","$","R","E","R","B",null,"M","?","M","M","?","E","M","$","T","R","M","R","E"],"character_chosen":"IRONCLAD","items_purchased":["Rampage","True Grit","Shrug It Off"],"campfire_rested":2,"item_purchase_floors":[4,27,29],"current_hp_per_floor":[78,78,80,80,64,64,70,70,70,70,70,62,62,44,44,17,64,70,76,60,60,62,68,68,40,40,40,40,40,40,46,70,29,67,73,78,59,27,48,47,42,42,42,42,50,79,0,0],"gold":43,"neow_bonus":"THREE_ENEMY_KILL","is_daily":false,"chose_seed":false,"campfire_upgraded":5,"win_rate":0.0,"timestamp":1612084406,"path_taken":["M","?","M","$","?","R","E","M","T","?","R","E","?","?","R","BOSS","M","M","?","?","?","E","?","M","T","$","?","$","R","E","R","BOSS","M","?","?","?","?","E","M","$","T","R","M","R","E"],"items_purchased_type":["Card","Card","Card"],"build_version":"2020-12-22","purchased_purges":1,"victory":false,"max_hp_per_floor":[80,80,80,80,80,80,80,80,80,80,80,80,80,80,80,80,80,80,80,80,80,80,80,80,80,80,80,80,80,80,80,80,80,80,80,85,85,85,85,99,99,99,99,99,99,99,99,99],"card_choices":[{"not_picked":["Armaments","Evolve"],"picked":"Heavy Blade","floor":1},{"not_picked":["Wild Strike","Pommel Strike"],"picked":"Ghostly Armor","floor":3},{"not_picked":["Sword Boomerang","Armaments"],"picked":"Whirlwind","floor":7},{"not_picked":["Sword Boomerang","Cleave"],"picked":"Impervious","floor":8},{"not_picked":["True Grit","Body Slam"],"picked":"Havoc","floor":12},{"not_picked":["Entrench","True Grit"],"picked":"Shrug It Off","floor":14},{"not_picked":["Perfected Strike","Clash","Heavy Blade"],"picked":"SKIP","floor":14},{"not_picked":["Double Tap","Impervious"],"picked":"Berserk","floor":16},{"not_picked":["Flex+1","Cleave+1"],"picked":"Shrug It Off+1","floor":18},{"not_picked":["Twin Strike","Anger+1","Reckless Charge+1"],"picked":"SKIP","floor":18},{"not_picked":["Iron Wave","Heavy Blade+1","Searing Blow"],"picked":"SKIP","floor":19},{"not_picked":["Hemokinesis+1","Pummel","Clash+1"],"picked":"SKIP","floor":19},{"not_picked":["Wild Strike","Heavy Blade","Thunderclap+1"],"picked":"SKIP","floor":22},{"not_picked":["Brutality","Thunderclap","Twin Strike"],"picked":"SKIP","floor":22},{"not_picked":["Thunderclap","Twin Strike"],"picked":"Brutality","floor":22},{"not_picked":["Wild Strike","Heavy Blade","Thunderclap+1"],"picked":"SKIP","floor":22},{"not_picked":["Shrug It Off","Entrench","Pommel Strike"],"picked":"SKIP","floor":23},{"not_picked":["True Grit+1","Reckless Charge+1"],"picked":"Body Slam+1","floor":25},{"not_picked":["Disarm+1","Uppercut"],"picked":"Warcry","floor":25},{"not_picked":["Thunderclap","Intimidate","Armaments"],"picked":"SKIP","floor":31},{"not_picked":["Limit Break","Exhume"],"picked":"Fiend Fire","floor":33},{"not_picked":[],"picked":"Pommel Strike+1","floor":35},{"not_picked":["Heavy Blade+1"],"picked":"SKIP","floor":35},{"not_picked":["Searing Blow+1"],"picked":"SKIP","floor":37},{"not_picked":["Intimidate"],"picked":"SKIP","floor":37},{"not_picked":["Clash+1"],"picked":"SKIP","floor":38},{"not_picked":["True Grit"],"picked":"SKIP","floor":38},{"not_picked":["Flex+1"],"picked":"SKIP","floor":40},{"not_picked":["True Grit"],"picked":"SKIP","floor":41},{"not_picked":["Seeing Red"],"picked":"SKIP","floor":41},{"not_picked":["Anger+1"],"picked":"SKIP","floor":45},{"not_picked":["Pummel+1"],"picked":"SKIP","floor":45}],"player_experience":288951,"relics_obtained":[{"floor":7,"key":"Whetstone"},{"floor":9,"key":"HornCleat"},{"floor":12,"key":"Prayer Wheel"},{"floor":13,"key":"War Paint"},{"floor":20,"key":"Necronomicon"},{"floor":23,"key":"Old Coin"},{"floor":26,"key":"Anchor"},{"floor":31,"key":"Paper Frog"},{"floor":40,"key":"Mango"},{"floor":43,"key":"Meat on the Bone"}],"event_choices":[{"cards_removed":["Strike_R"],"damage_healed":0,"gold_gain":0,"player_choice":"Card Removal","damage_taken":0,"max_hp_gain":0,"max_hp_loss":0,"event_name":"The Cleric","floor":2,"gold_loss":50},{"damage_healed":0,"gold_gain":0,"player_choice":"Entered Light","damage_taken":16,"max_hp_gain":0,"max_hp_loss":0,"event_name":"Shining Light","floor":5,"gold_loss":0,"cards_upgraded":["Heavy Blade","Strike_R"]},{"damage_healed":0,"gold_gain":0,"player_choice":"Take Wound","damage_taken":0,"relics_obtained":["Golden Idol"],"max_hp_gain":0,"max_hp_loss":0,"event_name":"Golden Idol","floor":10,"gold_loss":0,"cards_obtained":["Injury"]},{"damage_healed":0,"gold_gain":0,"player_choice":"Obtained Book","damage_taken":16,"max_hp_gain":0,"max_hp_loss":0,"event_name":"Cursed Tome","floor":20,"gold_loss":0},{"damage_healed":0,"gold_gain":0,"cards_transformed":["Strike_R"],"player_choice":"Transformed","damage_taken":0,"max_hp_gain":0,"max_hp_loss":0,"event_name":"Transmorgrifier","floor":21,"gold_loss":0,"cards_obtained":["Body Slam"]},{"damage_healed":0,"gold_gain":0,"player_choice":"Ignored","damage_taken":0,"max_hp_gain":0,"max_hp_loss":0,"event_name":"Ghosts","floor":24,"gold_loss":0},{"damage_healed":0,"gold_gain":0,"player_choice":"Obtained Relic","damage_taken":0,"relics_obtained":["MawBank"],"max_hp_gain":0,"max_hp_loss":0,"event_name":"Addict","floor":28,"gold_loss":85},{"damage_healed":0,"gold_gain":0,"player_choice":"Got Potions","damage_taken":0,"max_hp_gain":0,"max_hp_loss":0,"event_name":"Lab","floor":36,"gold_loss":0},{"damage_healed":21,"gold_gain":0,"player_choice":"Writhe","damage_taken":0,"max_hp_gain":0,"max_hp_loss":0,"event_name":"Winding Halls","floor":39,"gold_loss":0,"cards_obtained":["Writhe"]}],"is_beta":false,"boss_relics":[{"not_picked":["Runic Dome","Cursed Key"],"picked":"Ectoplasm"},{"not_picked":["SacredBark","SlaversCollar"],"picked":"Busted Crown"}],"items_purged_floors":[27],"is_endless":false,"potions_floor_spawned":[7,8,14,16,22,23,37,40,45],"killed_by":"Giant Head","ascension_level":8}}