{"host":"qekv59dthhdg54sz","time":1612072112,"event":{"mods":["AchievementEnabler","BaseMod","Colored Map","DeckTracker","KOR Keyword Fix","Minty Spire (QoL Compilation)","Rare Cards Sparkle","StSLib","SuperFastMode"],"gold_per_floor":[110,110,126,140,140,140,170,190,216,216,226,74,84,5,5,80,80,96,8,8,8,8,40,40,72,72,92,92,110,110,10,10,10,10],"floor_reached":33,"language":"KOR","playtime":684,"items_purged":["Strike_R","Strike_R"],"score":591,"play_id":"a7b21665-adad-406c-8b3c-5a56d4adbfe3","local_time":"20210131144832","is_ascension_mode":true,"campfire_choices":[{"data":"Rampage","floor":6.0,"key":"SMITH"},{"floor":10.0,"key":"REST"},{"floor":15.0,"key":"REST"},{"data":"Limit Break","floor":24.0,"key":"SMITH"},{"data":"Sword Boomerang","floor":28.0,"key":"SMITH"},{"floor":32.0,"key":"REST"}],"circlet_count":0,"master_deck":["AscendersBane","Defend_R","Defend_R","Defend_R","Defend_R","Bash","Limit Break+1","Sword Boomerang+1","Rampage+1","Shrug It Off","Burning Pact","Dark Embrace","Inflame","Power Through","Corruption","Carnage","Entrench","Twin Strike","Havoc","Feel No Pain","Flame Barrier"],"relics":["Burning Blood","Kunai","Charon\u0027s Ashes","Lantern","Snecko Eye","Tiny Chest","Juzu Bracelet","Letter Opener"],"acts_visited":["Exordium","TheCity"],"potions_floor_usage":[],"damage_taken":[{"damage":13.0,"enemies":"2 Louse","floor":1.0,"turns":3.0},{"damage":1.0,"enemies":"Cultist","floor":3.0,"turns":3.0},{"damage":3.0,"enemies":"Small Slimes","floor":4.0,"turns":3.0},{"damage":32.0,"enemies":"Gremlin Nob","floor":7.0,"turns":4.0},{"damage":21.0,"enemies":"Exordium Wildlife","floor":8.0,"turns":5.0},{"damage":13.0,"enemies":"Blue Slaver","floor":11.0,"turns":3.0},{"damage":21.0,"enemies":"Lots of Slimes","floor":13.0,"turns":3.0},{"damage":23.0,"enemies":"The Guardian","floor":16.0,"turns":17.0},{"damage":10.0,"enemies":"Shell Parasite","floor":18.0,"turns":3.0},{"damage":27.0,"enemies":"Book of Stabbing","floor":23.0,"turns":5.0},{"damage":7.0,"enemies":"Slavers","floor":25.0,"turns":3.0},{"damage":9.0,"enemies":"2 Thieves","floor":27.0,"turns":3.0},{"damage":0.0,"enemies":"Snecko","floor":29.0,"turns":3.0},{"damage":0.0,"enemies":"Book of Stabbing","floor":30.0,"turns":1.0},{"damage":35,"enemies":"Collector","floor":33,"turns":3}],"seed_played":"-9150333747354182558","potions_obtained":[{"floor":3.0,"key":"Dexterity Potion"},{"floor":7.0,"key":"BlessingOfTheForge"},{"floor":13.0,"key":"EssenceOfSteel"},{"floor":27.0,"key":"SmokeBomb"}],"is_trial":false,"path_per_floor":["M","?","M","M","T","R","E","M","T","R","M","$","M","$","R","B",null,"M","$","?","?","?","E","R","E","T","M","R","M","E","$","R","B"],"character_chosen":"IRONCLAD","items_purchased":["Dark Embrace","Power Through","Entrench"],"campfire_rested":3,"item_purchase_floors":[12,14,19],"current_hp_per_floor":[43,43,48,51,51,51,25,10,10,32,25,25,10,10,32,15,60,56,56,56,56,56,35,35,34,34,31,31,37,43,43,65,30,30],"gold":10,"neow_bonus":"THREE_RARE_CARDS","is_daily":false,"chose_seed":false,"campfire_upgraded":3,"win_rate":0.0,"timestamp":1612072112,"path_taken":["M","?","M","?","?","R","E","?","T","R","M","?","M","$","R","BOSS","M","$","?","?","?","E","R","E","T","M","R","M","E","$","R","BOSS"],"items_purchased_type":["Card","Card","Card"],"build_version":"2020-12-22","purchased_purges":2,"victory":false,"max_hp_per_floor":[75,75,75,75,75,75,75,75,75,75,75,75,75,75,75,75,75,75,75,75,75,75,75,75,75,75,75,75,75,75,75,75,75,75],"card_choices":[{"not_picked":["Brutality","Offering"],"picked":"Limit Break","floor":0.0},{"not_picked":["Thunderclap","Entrench"],"picked":"Sword Boomerang","floor":1.0},{"not_picked":["Cleave","Bloodletting"],"picked":"Rampage","floor":3.0},{"not_picked":["Pummel","Havoc","Anger"],"picked":"SKIP","floor":4.0},{"not_picked":["Iron Wave","Blood for Blood"],"picked":"Shrug It Off","floor":7.0},{"not_picked":["Brutality","Wild Strike"],"picked":"Burning Pact","floor":8.0},{"not_picked":["Warcry","Pommel Strike","Iron Wave"],"picked":"SKIP","floor":11.0},{"not_picked":["Armaments","Heavy Blade"],"picked":"Inflame","floor":13.0},{"not_picked":["Barricade","Reaper"],"picked":"Corruption","floor":16.0},{"not_picked":["Bloodletting","Reckless Charge"],"picked":"Carnage","floor":18.0},{"not_picked":["Warcry","Twin Strike"],"picked":"Feel No Pain","floor":23.0},{"not_picked":["Metallicize","Twin Strike"],"picked":"Flame Barrier","floor":25.0},{"not_picked":["Iron Wave+1","Havoc","Heavy Blade+1"],"picked":"SKIP","floor":27.0},{"not_picked":["Warcry","Dark Embrace","Iron Wave"],"picked":"SKIP","floor":29.0}],"player_experience":876299,"relics_obtained":[{"floor":5.0,"key":"Kunai"},{"floor":7.0,"key":"Charon\u0027s Ashes"},{"floor":9.0,"key":"Lantern"},{"floor":23.0,"key":"Tiny Chest"},{"floor":25.0,"key":"Juzu Bracelet"},{"floor":26.0,"key":"Letter Opener"}],"event_choices":[{"cards_removed":["Strike_R"],"damage_healed":0.0,"max_hp_gain":0.0,"max_hp_loss":0.0,"gold_gain":0.0,"event_name":"Purifier","player_choice":"Purged","floor":2.0,"gold_loss":0.0,"damage_taken":0.0},{"damage_healed":0.0,"max_hp_gain":0.0,"max_hp_loss":0.0,"gold_gain":0.0,"event_name":"The Mausoleum","player_choice":"Ignored","floor":20.0,"gold_loss":0.0,"damage_taken":0.0},{"damage_healed":0.0,"max_hp_gain":0.0,"max_hp_loss":0.0,"gold_gain":0.0,"cards_transformed":["Strike_R","Strike_R"],"event_name":"Drug Dealer","player_choice":"Became Test Subject","floor":22.0,"gold_loss":0.0,"damage_taken":0.0,"cards_obtained":["Twin Strike","Havoc"]}],"is_beta":false,"boss_relics":[{"not_picked":["Fusion Hammer","Runic Dome"],"picked":"Snecko Eye"}],"items_purged_floors":[12,31],"is_endless":false,"potions_floor_spawned":[3,7,13,27,30],"killed_by":"Collector","ascension_level":19}}