{"host":"at8674jmuidj9jgx","time":1612119900,"event":{"mods":["AchievementEnabler","BaseMod","Colored Map","Colored Powertips","Minty Spire (QoL Compilation)","SuperFastMode"],"gold_per_floor":[117,136,147,161,161,194,194,227,227,266,289,289,310,310,310,310,310],"floor_reached":16,"language":"ENG","playtime":841,"items_purged":[],"score":134,"play_id":"75b00033-8217-4aea-959c-82ef0055977e","local_time":"20210131220500","is_ascension_mode":true,"campfire_choices":[{"floor":7,"key":"REST"},{"data":"Acrobatics","floor":12,"key":"SMITH"},{"data":"Underhanded Strike","floor":15,"key":"SMITH"}],"circlet_count":0,"master_deck":["Strike_G","Strike_G","Strike_G","Strike_G","Strike_G","Defend_G","Defend_G","Defend_G","Defend_G","Defend_G","Survivor","Neutralize","Underhanded Strike+1","Blade Dance","Acrobatics+1","Outmaneuver","Injury","Dagger Spray","Cloak And Dagger","Prepared","Blade Dance","Neutralize"],"relics":["SlaversCollar","Golden Idol","Eternal Feather","Pear","Bottled Lightning","Bottled Flame"],"acts_visited":["Exordium"],"potions_floor_usage":[8,8,16,16],"damage_taken":[{"damage":0,"enemies":"Cultist","floor":1,"turns":4},{"damage":10,"enemies":"Jaw Worm","floor":2,"turns":5},{"damage":2,"enemies":"Small Slimes","floor":3,"turns":4},{"damage":7,"enemies":"Red Slaver","floor":4,"turns":5},{"damage":16,"enemies":"Gremlin Nob","floor":6,"turns":4},{"damage":12,"enemies":"3 Sentries","floor":8,"turns":6},{"damage":18,"enemies":"Gremlin Nob","floor":10,"turns":5},{"damage":4,"enemies":"Looter","floor":11,"turns":4},{"damage":0,"enemies":"Exordium Wildlife","floor":13,"turns":3},{"damage":67,"enemies":"The Guardian","floor":16,"turns":11}],"seed_played":"6077971734958231513","potions_obtained":[{"floor":3,"key":"Poison Potion"},{"floor":6,"key":"Fire Potion"},{"floor":8,"key":"EssenceOfSteel"},{"floor":11,"key":"SneckoOil"}],"is_trial":false,"path_per_floor":["M","M","M","M","?","E","R","E","T","E","M","R","M","?","R","B"],"character_chosen":"THE_SILENT","items_purchased":[],"campfire_rested":1,"item_purchase_floors":[],"current_hp_per_floor":[70,60,58,51,51,35,65,63,63,45,41,53,53,53,65,0,0],"gold":310,"neow_bonus":"BOSS_RELIC","is_daily":false,"chose_seed":false,"campfire_upgraded":2,"win_rate":0.0,"timestamp":1612119900,"path_taken":["M","?","M","?","?","E","R","E","T","E","M","R","M","?","R","BOSS"],"items_purchased_type":[],"build_version":"2020-12-22","purchased_purges":0,"victory":false,"max_hp_per_floor":[70,70,70,70,70,70,70,80,80,80,80,80,80,80,80,80,80],"card_choices":[{"not_picked":["Dagger Throw","Expertise"],"picked":"Underhanded Strike","floor":1},{"not_picked":["Adrenaline","All Out Attack"],"picked":"Blade Dance","floor":2},{"not_picked":["Deflect","Flying Knee"],"picked":"Acrobatics","floor":3},{"not_picked":["Poisoned Stab","Acrobatics"],"picked":"Outmaneuver","floor":4},{"not_picked":["Deadly Poison","Catalyst"],"picked":"Dagger Spray","floor":6},{"not_picked":["Deadly Poison","Leg Sweep"],"picked":"Cloak And Dagger","floor":8},{"not_picked":["Catalyst","Night Terror"],"picked":"Prepared","floor":10},{"not_picked":["Quick Slash","Slice"],"picked":"Blade Dance","floor":11},{"not_picked":["Deadly Poison","PiercingWail","Poisoned Stab"],"picked":"SKIP","floor":13}],"player_experience":125665,"relics_obtained":[{"floor":6,"key":"Eternal Feather"},{"floor":8,"key":"Pear"},{"floor":9,"key":"Bottled Lightning"},{"floor":10,"key":"Bottled Flame"}],"event_choices":[{"damage_healed":0,"gold_gain":0,"player_choice":"Take Wound","damage_taken":0,"relics_obtained":["Golden Idol"],"max_hp_gain":0,"max_hp_loss":0,"event_name":"Golden Idol","floor":5,"gold_loss":0,"cards_obtained":["Injury"]},{"damage_healed":0,"gold_gain":0,"player_choice":"1 cards matched","damage_taken":0,"max_hp_gain":0,"max_hp_loss":0,"event_name":"Match and Keep!","floor":14,"gold_loss":0,"cards_obtained":["Neutralize"]}],"is_beta":false,"boss_relics":[],"items_purged_floors":[],"is_endless":false,"potions_floor_spawned":[3,6,8,11],"killed_by":"The Guardian","ascension_level":2}}