{"host":"ayh4nqhr0ddw4ozv","time":1612134679,"event":{"mods":["BaseMod","Minty Spire (QoL Compilation)","Relic Stats","Replay The Spire","Robot Space Explorer","StSLib"],"gold_per_floor":[114,127,140,140,156,188,188,207,259,279,299,299,135,168,168,239,239,259,259,259,279,296,296,322,322,322,322,352,352,267,294,294,369,369,388,59,71,71,86,86,86,111,183,183,196,221,250,261,261,261,261,261,16,46,46],"floor_reached":56,"language":"ENG","playtime":3845,"items_purged":["Strike_R","Strike_R"],"score":2599,"play_id":"b8222612-e64f-4c5e-9c92-90cd1634da71","local_time":"20210131151119","is_ascension_mode":true,"campfire_choices":[{"data":"Hemogenesis","floor":7.0,"key":"SMITH"},{"data":"Blood for Blood","floor":12.0,"key":"SMITH"},{"data":"Double Tap","floor":15.0,"key":"SMITH"},{"floor":23.0,"key":"REST"},{"data":"Bloodletting","floor":25.0,"key":"SMITH"},{"data":"Corruption","floor":27.0,"key":"SMITH"},{"data":"ReplayTheSpireMod:LeadingStrike","floor":29.0,"key":"SMITH"},{"data":"Pommel Strike","floor":32.0,"key":"SMITH"},{"data":"Flame Barrier","floor":40.0,"key":"SMITH"},{"data":"Spot Weakness","floor":41.0,"key":"SMITH"},{"floor":44.0,"key":"RECALL"},{"data":"Offering","floor":49.0,"key":"SMITH"},{"data":"J.A.X.","floor":52.0,"key":"SMITH"}],"circlet_count":0,"master_deck":["AscendersBane","Strike_R","Defend_R","Defend_R","Defend_R","Defend_R","Bash+1","Hemogenesis+1","Battle Trance","ReplayTheSpireMod:LeadingStrike+1","Pommel Strike+1","Bloodletting+1","Double Tap+1","Combust","Blood for Blood+1","Spot Weakness+1","Corruption+1","Flame Barrier+1","J.A.X.+1","Sword Boomerang+1","Dropkick","Offering+1","Flame Barrier+1","Reaper","Master of Strategy","Master of Strategy","Shrug It Off","Dropkick+1","Shrug It Off"],"relics":["Burning Blood","WingedGreaves","Replay:Mystery Machine","Snack Pack","Runic Cube","Blue Doll","Centennial Puzzle","Meat on the Bone","Akabeko","Mirror","Replay:Grab Bag","ReplayTheSpireMod:Onyx Gauntlets","Coffee Dripper","Empty Cage","PreservedInsect","Boot","Quantum Egg","Torii","Golden Egg"],"acts_visited":["Exordium","TheCity","TheBeyond","TheEnding"],"potions_floor_usage":[55],"damage_taken":[{"damage":0.0,"enemies":"Small Slimes","floor":1.0,"turns":3.0},{"damage":6.0,"enemies":"Cultist","floor":2.0,"turns":3.0},{"damage":2.0,"enemies":"2 Louse","floor":3.0,"turns":3.0},{"damage":12.0,"enemies":"Blue Slaver","floor":5.0,"turns":5.0},{"damage":20.0,"enemies":"Replay:BlueRogue","floor":6.0,"turns":5.0},{"damage":17.0,"enemies":"Large Slime","floor":8.0,"turns":6.0},{"damage":7.0,"enemies":"Red Slaver","floor":10.0,"turns":3.0},{"damage":15.0,"enemies":"3 Louse","floor":11.0,"turns":6.0},{"damage":25.0,"enemies":"3 Sentries","floor":14.0,"turns":6.0},{"damage":50.0,"enemies":"The Guardian","floor":16.0,"turns":10.0},{"damage":14.0,"enemies":"Spheric Guardian","floor":18.0,"turns":4.0},{"damage":17.0,"enemies":"2 Thieves","floor":21.0,"turns":4.0},{"damage":24.0,"enemies":"Shelled Parasite and Fungi","floor":22.0,"turns":2.0},{"damage":30.0,"enemies":"Replay:Snechameleon","floor":24.0,"turns":4.0},{"damage":30.0,"enemies":"Slavers","floor":28.0,"turns":4.0},{"damage":7.0,"enemies":"Book of Stabbing","floor":31.0,"turns":2.0},{"damage":30.0,"enemies":"Pondfish","floor":33.0,"turns":6.0},{"damage":12.0,"enemies":"3 Shapes","floor":35.0,"turns":1.0},{"damage":3.0,"enemies":"Orb Walker","floor":37.0,"turns":2.0},{"damage":20.0,"enemies":"3 Darklings","floor":39.0,"turns":3.0},{"damage":18.0,"enemies":"Giant Head","floor":42.0,"turns":4.0},{"damage":12.0,"enemies":"Spire Growth","floor":45.0,"turns":2.0},{"damage":25.0,"enemies":"Reptomancer","floor":46.0,"turns":2.0},{"damage":12.0,"enemies":"Giant Head","floor":47.0,"turns":3.0},{"damage":29.0,"enemies":"Writhing Mass","floor":48.0,"turns":4.0},{"damage":96.0,"enemies":"Time Eater","floor":50.0,"turns":9.0},{"damage":19.0,"enemies":"Shield and Spear","floor":54.0,"turns":2.0},{"damage":102,"enemies":"The Heart","floor":55,"turns":5}],"seed_played":"-8810257987161176837","potions_obtained":[{"floor":1.0,"key":"Cursed Concoction"},{"floor":2.0,"key":"Energy Potion"},{"floor":10.0,"key":"DuplicationPotion"},{"floor":16.0,"key":"DuplicationPotion"},{"floor":21.0,"key":"SneckoOil"},{"floor":24.0,"key":"Swift Potion"},{"floor":28.0,"key":"Block Potion"},{"floor":42.0,"key":"Death Potion"}],"is_trial":false,"path_per_floor":["M","M","M","?","M","E","R","M","T","M","M","R","$","E","R","B",null,"M","?","?","M","M","R","E","R","T","R","E","R","?","E","R","B",null,"M","$","M","?","M","R","R","E","T","R","M","E","E","M","R","B",null,"R","$","E","B",null],"character_chosen":"IRONCLAD","items_purchased":["Spot Weakness","PreservedInsect","SpeedPotion","Master of Strategy","Shrug It Off","Dropkick+1"],"campfire_rested":1,"item_purchase_floors":[13,36,36,53,53,53],"current_hp_per_floor":[68,68,68,58,57,50,50,50,50,60,59,59,59,48,48,26,58,68,68,49,50,36,57,45,45,45,45,49,49,49,52,52,58,69,73,73,73,73,73,73,73,73,73,73,73,66,73,73,73,32,63,63,63,73,46],"gold":46,"neow_bonus":"THREE_RARE_CARDS","is_daily":false,"chose_seed":false,"campfire_upgraded":11,"win_rate":0.0,"timestamp":1612134679,"path_taken":["M","M","M","?","M","E","R","M","T","?","M","R","$","E","R","BOSS","M","?","?","M","M","R","E","R","T","R","E","R","?","E","R","BOSS","M","$","M","?","?","R","R","E","T","R","M","E","E","?","R","BOSS","R","$","E","BOSS"],"items_purchased_type":["Card","Relic","Potion","Card","Card","Card"],"build_version":"2020-12-22","purchased_purges":2,"victory":true,"max_hp_per_floor":[68,68,68,68,68,68,68,68,68,68,68,68,68,68,68,68,68,68,68,73,73,73,73,73,73,73,73,73,73,73,73,73,73,73,73,73,73,73,73,73,73,73,73,73,73,73,73,73,73,73,73,73,73,73,73],"relic_stats":{"Centennial Puzzle":[39],"Torii":3,"counters":[28,113],"PreservedInsect":411,"Boot":[9],"obtain_stats":[{"Golden Egg":54,"Torii":47,"Replay:Grab Bag":34,"Quantum Egg":46,"Blue Doll":24,"PreservedInsect":36,"Replay:Mystery Machine":9,"Empty Cage":34,"Boot":42,"Burning Blood":0,"Akabeko":30,"Centennial Puzzle":26,"WingedGreaves":6,"Snack Pack":14,"Coffee Dripper":34,"ReplayTheSpireMod:Onyx Gauntlets":34,"Mirror":31,"Runic Cube":17,"Meat on the Bone":28},{"Golden Egg":27,"Torii":24,"Replay:Grab Bag":17,"Quantum Egg":23,"Blue Doll":14,"PreservedInsect":18,"Replay:Mystery Machine":6,"Empty Cage":17,"Boot":21,"Burning Blood":0,"Akabeko":15,"Centennial Puzzle":14,"WingedGreaves":5,"Snack Pack":9,"Coffee Dripper":17,"ReplayTheSpireMod:Onyx Gauntlets":17,"Mirror":16,"Runic Cube":10,"Meat on the Bone":15},{"Golden Egg":108,"Torii":93,"Replay:Grab Bag":76,"Quantum Egg":90,"Blue Doll":64,"PreservedInsect":77,"Replay:Mystery Machine":25,"Empty Cage":76,"Boot":86,"Burning Blood":0,"Akabeko":68,"Centennial Puzzle":64,"WingedGreaves":19,"Snack Pack":40,"Coffee Dripper":76,"ReplayTheSpireMod:Onyx Gauntlets":76,"Mirror":70,"Runic Cube":50,"Meat on the Bone":68}],"Burning Blood":126,"Runic Cube":[113],"Meat on the Bone":12},"card_choices":[{"not_picked":["Exhume","Juggernaut"],"picked":"Hemogenesis","floor":0.0},{"not_picked":["Evolve","Warcry"],"picked":"Battle Trance","floor":1.0},{"not_picked":["Carnage","Twin Strike"],"picked":"ReplayTheSpireMod:LeadingStrike","floor":2.0},{"not_picked":["True Grit","Flex"],"picked":"Pommel Strike","floor":3.0},{"not_picked":["Clothesline","Sword Boomerang"],"picked":"Bloodletting","floor":5.0},{"not_picked":["Replay:Undeath\u0027s Touch","Dark Embrace","True Grit"],"picked":"SKIP","floor":6.0},{"not_picked":["Sever Soul","Shrug It Off"],"picked":"Double Tap","floor":8.0},{"not_picked":["Shrug It Off","Wild Strike"],"picked":"Combust","floor":10.0},{"not_picked":["Sword Boomerang","Power Through"],"picked":"Blood for Blood","floor":11.0},{"not_picked":["Rage","Perfected Strike","Wild Strike"],"picked":"SKIP","floor":14.0},{"not_picked":["Barricade","Juggernaut"],"picked":"Corruption","floor":16.0},{"not_picked":["True Grit","Cleave+1"],"picked":"Flame Barrier","floor":18.0},{"not_picked":["Shrug It Off","Heavy Blade"],"picked":"Sword Boomerang+1","floor":21.0},{"not_picked":["Flex","Thunderclap","Clash"],"picked":"SKIP","floor":22.0},{"not_picked":["Metallicize","Clash","Rampage"],"picked":"SKIP","floor":24.0},{"not_picked":["Whirlwind","Entrench+1","Sword Boomerang"],"picked":"SKIP","floor":28.0},{"not_picked":["Berserk","Headbutt"],"picked":"Dropkick","floor":31.0},{"not_picked":["Immolate","Eclipse"],"picked":"Offering","floor":33.0},{"not_picked":["Wild Strike","Sword Boomerang","Iron Wave"],"picked":"SKIP","floor":35.0},{"not_picked":["Blood for Blood","Pommel Strike","Life Link"],"picked":"SKIP","floor":37.0},{"not_picked":["Replay:Undeath\u0027s Touch","Intimidate","Searing Blow"],"picked":"SKIP","floor":39.0},{"not_picked":["Armaments+1","Life Link","Massacre"],"picked":"SKIP","floor":42.0},{"not_picked":["Fire Breathing","Sword Boomerang+1"],"picked":"Flame Barrier+1","floor":45.0},{"not_picked":["Havoc","Rampage","Thunderclap+1"],"picked":"SKIP","floor":46.0},{"not_picked":["Fire Breathing+1","Thunderclap"],"picked":"Reaper","floor":47.0},{"not_picked":["Clash","Sever Soul","Iron Wave+1"],"picked":"SKIP","floor":48.0},{"not_picked":["Pummel","Clothesline"],"picked":"Shrug It Off","floor":54.0}],"player_experience":404975,"relics_obtained":[{"floor":6.0,"key":"WingedGreaves"},{"floor":9.0,"key":"Replay:Mystery Machine"},{"floor":14.0,"key":"Snack Pack"},{"floor":24.0,"key":"Blue Doll"},{"floor":26.0,"key":"Centennial Puzzle"},{"floor":28.0,"key":"Meat on the Bone"},{"floor":31.0,"key":"Mirror"},{"floor":42.0,"key":"Boot"},{"floor":46.0,"key":"Quantum Egg"},{"floor":47.0,"key":"Torii"},{"floor":54.0,"key":"Golden Egg"}],"event_choices":[{"damage_healed":0.0,"max_hp_gain":0.0,"max_hp_loss":0.0,"gold_gain":0.0,"event_name":"Wheel of Change","player_choice":"Damaged","floor":4.0,"gold_loss":0.0,"damage_taken":10.0},{"damage_healed":0.0,"max_hp_gain":0.0,"max_hp_loss":0.0,"gold_gain":0.0,"event_name":"Drug Dealer","player_choice":"Obtain J.A.X.","floor":19.0,"gold_loss":0.0,"damage_taken":0.0,"cards_obtained":["J.A.X."]},{"damage_healed":0.0,"max_hp_gain":5.0,"max_hp_loss":0.0,"gold_gain":0.0,"event_name":"Forgotten Altar","player_choice":"Shed Blood","floor":20.0,"gold_loss":0.0,"damage_taken":24.0},{"damage_healed":0.0,"max_hp_gain":0.0,"max_hp_loss":0.0,"gold_gain":0.0,"event_name":"Addict","player_choice":"Obtained Relic","floor":30.0,"gold_loss":85.0,"damage_taken":0.0,"relics_obtained":["Akabeko"]},{"damage_healed":0.0,"max_hp_gain":0.0,"max_hp_loss":0.0,"gold_gain":0.0,"event_name":"Upgrade Shrine","player_choice":"Upgraded","floor":38.0,"gold_loss":0.0,"damage_taken":0.0,"cards_upgraded":["Bash"]}],"is_beta":false,"boss_relics":[{"not_picked":["Runic Dome","Electric Blood"],"picked":"Runic Cube"},{"not_picked":["Calling Bell","Cursed Key"],"picked":"Replay:Grab Bag"},{"not_picked":["Fusion Hammer","Velvet Choker"],"picked":"ReplayTheSpireMod:Onyx Gauntlets"},{"not_picked":["Replay:Wanted Poster","Painkiller Herb"],"picked":"Coffee Dripper"},{"not_picked":["Snecko Heart","Black Star"],"picked":"Empty Cage"}],"items_purged_floors":[13,36],"is_endless":false,"potions_floor_spawned":[1,2,5,10,16,21,24,28,39,42,46,47,48],"ascension_level":16}}