{"host":"btk6hapgokl8j5e3","time":1612132149,"event":{"mods":["BaseMod","BetterRewards","Dota2Spire","Friendly Minions","GifTheSpireLib","Minty Spire (QoL Compilation)","StSLib","The Animator","The Jungle"],"gold_per_floor":[32,47,58,58,75,75,105,122,122,122,142,67,98,116,116,217,217,231,244,49,62,72,72,100,100,179,194,194,69,69,69,69,196,196,210,230,243,263,279,314,325,325,349,349,7,21,21,40,40,40,40],"floor_reached":50,"language":"ENG","playtime":6306,"items_purged":["animator:Defend","animator:Strike","animator:Defend","animator:Strike"],"score":502,"play_id":"905384d2-d596-41be-a7a7-8322066e85e3","local_time":"20210131232909","is_ascension_mode":false,"campfire_choices":[{"data":"animator:IrohaTamaki","floor":6,"key":"SMITH"},{"data":"animator:Sora","floor":10,"key":"SMITH"},{"data":"animator:Jibril","floor":15,"key":"SMITH"},{"data":"animator:MisaKurobane","floor":23,"key":"SMITH"},{"data":"animator:YuiTsuruno","floor":25,"key":"SMITH"},{"floor":30,"key":"RECALL"},{"floor":32,"key":"REST"},{"floor":44,"key":"REST"},{"data":"animator:Patchouli","floor":47,"key":"SMITH"},{"floor":49,"key":"REST"}],"circlet_count":0,"master_deck":["animator:Strike_MadokaMagica","animator:Defend_MadokaMagica","animator:Strike","animator:IrohaTamaki+1","animator:YuiTsuruno+1","animator:OrikoMikuni","animator:YuiTsuruno","animator:Viivi","animator:SuzuneAmano","animator:Sora+1","animator:OrikoMikuni","animator:ChaikaBohdan+1","animator:YachiyoNanami","animator:Jibril+1","animator:MadokaKaname","animator:MisaKurobane+1","animator:PandorasActor","animator:Fredrika","animator:Rimuru","animator:Kyubey+1","animator:KyokoSakura","animator:NagisaMomoe","animator:SayakaMiki","animator:MamiTomoe","animator:Patchouli+1"],"relics":["animator:LivingPicture","animator:TheMissingPiece","animator:PurgingStone","animator:HallowedScabbard","Dota2Spire:EyeOfSkadi","Akabeko","Sozu","Dota2Spire:LotusOrb","Philosopher\u0027s Stone","Paper Frog","Dota2Spire:UrnOfShadows"],"acts_visited":["Exordium","TheCity","TheBeyond"],"potions_floor_usage":[16,18,50,50],"damage_taken":[{"damage":0,"enemies":"2 Louse","floor":1,"turns":4},{"damage":2,"enemies":"Cultist","floor":2,"turns":5},{"damage":1,"enemies":"Jaw Worm","floor":3,"turns":4},{"damage":0,"enemies":"2 Fungi Beasts","floor":5,"turns":3},{"damage":12,"enemies":"3 Sentries","floor":7,"turns":5},{"damage":1,"enemies":"Gremlin Gang","floor":8,"turns":4},{"damage":0,"enemies":"Lots of Slimes","floor":11,"turns":2},{"damage":0,"enemies":"2 Fungi Beasts","floor":13,"turns":2},{"damage":0,"enemies":"3 Louse","floor":14,"turns":1},{"damage":16,"enemies":"Hexaghost","floor":16,"turns":7},{"damage":0,"enemies":"3 Byrds","floor":18,"turns":3},{"damage":17,"enemies":"2 Thieves","floor":19,"turns":3},{"damage":15,"enemies":"Sentry and Sphere","floor":21,"turns":4},{"damage":14,"enemies":"Snake Plant","floor":22,"turns":4},{"damage":9,"enemies":"Book of Stabbing","floor":24,"turns":5},{"damage":0,"enemies":"3 Cultists","floor":27,"turns":3},{"damage":24,"enemies":"Champ","floor":33,"turns":7},{"damage":0,"enemies":"3 Darklings","floor":35,"turns":1},{"damage":0,"enemies":"3 Shapes","floor":36,"turns":2},{"damage":3,"enemies":"Jaw Worm Horde","floor":37,"turns":3},{"damage":0,"enemies":"4 Shapes","floor":38,"turns":3},{"damage":14,"enemies":"Writhing Mass","floor":39,"turns":4},{"damage":50,"enemies":"Reptomancer","floor":40,"turns":5},{"damage":0,"enemies":"3 Darklings","floor":41,"turns":4},{"damage":0,"enemies":"Transient","floor":46,"turns":5},{"damage":4,"enemies":"Maw","floor":48,"turns":5},{"damage":105,"enemies":"Time Eater","floor":50,"turns":8}],"seed_played":"5571546365287689625","potions_obtained":[{"floor":2,"key":"FearPotion"},{"floor":5,"key":"SpeedPotion"},{"floor":13,"key":"SteroidPotion"},{"floor":16,"key":"animator:FalseLifePotion"}],"is_trial":false,"path_per_floor":["M","M","M","?","M","R","E","M","T","R","M","$","M","M","R","B",null,"M","M","$","M","M","R","E","R","T","M","?","$","R","?","R","B",null,"M","M","M","M","M","E","M","?","T","R","$","M","R","M","R","B"],"character_chosen":"THE_ANIMATOR","items_purchased":["animator:MisaKurobane","animator:Patchouli"],"campfire_rested":3,"item_purchase_floors":[20,45],"current_hp_per_floor":[66,64,63,63,64,64,61,60,60,60,60,60,60,60,60,55,73,73,60,60,45,31,31,22,22,22,22,22,22,22,22,43,31,73,75,75,72,75,61,18,18,18,18,40,40,49,49,57,75,0,0],"gold":40,"neow_bonus":"ONE_RARE_RELIC","is_daily":false,"chose_seed":false,"campfire_upgraded":6,"win_rate":0.0,"timestamp":1612132149,"path_taken":["M","M","M","?","?","R","E","M","T","R","?","$","M","M","R","BOSS","M","M","$","M","M","R","E","R","T","M","?","$","R","?","R","BOSS","M","M","M","?","M","E","M","?","T","R","$","M","R","M","R","BOSS"],"items_purchased_type":["Card","Card"],"build_version":"2020-12-22","purchased_purges":4,"victory":false,"max_hp_per_floor":[66,66,66,66,67,67,72,72,72,72,72,72,72,72,72,73,73,73,73,73,73,73,73,73,73,73,73,73,73,73,73,73,73,73,75,75,75,75,75,75,75,75,75,75,75,75,75,75,75,75,75],"card_choices":[{"not_picked":["animator:Konayuki","animator:Millim"],"picked":"animator:OrikoMikuni","floor":1},{"not_picked":["animator:Ciel","animator:Gillette"],"picked":"animator:YuiTsuruno","floor":2},{"not_picked":["animator:Tyuule","animator:ChlammyZell"],"picked":"animator:Viivi","floor":3},{"not_picked":["animator:IrohaTamaki","animator:MamiTomoe"],"picked":"animator:SuzuneAmano","floor":5},{"not_picked":["animator:YuiTsuruno","animator:NarberalGamma"],"picked":"animator:Sora","floor":7},{"not_picked":["animator:ChlammyZell","animator:Rena"],"picked":"animator:OrikoMikuni","floor":8},{"not_picked":["animator:Cocytus","animator:DolaCouronne"],"picked":"animator:ChaikaBohdan","floor":11},{"not_picked":["animator:SayakaMiki","animator:KyokoSakura"],"picked":"animator:YachiyoNanami","floor":13},{"not_picked":["animator:Sloth","animator:Ciel"],"picked":"animator:Jibril","floor":14},{"not_picked":["animator:PinaCoLada","animator:Biyorigo"],"picked":"animator:MadokaKaname","floor":16},{"not_picked":["animator:Raven","animator:Guy","animator:ChaikaBohdan"],"picked":"SKIP","floor":18},{"not_picked":["animator:Ara","animator:Shion","animator:Scar"],"picked":"SKIP","floor":19},{"not_picked":["animator:Demiurge","animator:Entoma"],"picked":"animator:PandorasActor","floor":21},{"not_picked":["animator:Kuribayashi","animator:Bozes+1"],"picked":"animator:Fredrika","floor":22},{"not_picked":["animator:DolaCouronne+1","animator:Viivi"],"picked":"animator:Rimuru","floor":24},{"not_picked":["animator:Tyuule+1","animator:Shion","animator:ChlammyZell"],"picked":"SKIP","floor":27},{"not_picked":["animator:PinaCoLada","animator:AcuraShin"],"picked":"animator:Kyubey","floor":33},{"not_picked":["animator:OrikoMikuni","animator:YuiTsuruno"],"picked":"animator:KyokoSakura","floor":35},{"not_picked":["animator:Bozes","animator:NarberalGamma+1","animator:Demiurge"],"picked":"SKIP","floor":36},{"not_picked":["animator:Sloth+1","animator:Shizu"],"picked":"animator:NagisaMomoe","floor":37},{"not_picked":["animator:OrikoMikuni","animator:Hakurou"],"picked":"animator:SayakaMiki","floor":38},{"not_picked":["animator:YachiyoNanami","animator:OrikoMikuni"],"picked":"animator:MamiTomoe","floor":39},{"not_picked":["animator:IrohaTamaki","animator:Tyuule","animator:Biyorigo"],"picked":"SKIP","floor":40},{"not_picked":["animator:Tyuule+1","animator:UneriGinkaku","animator:Shion"],"picked":"SKIP","floor":41},{"not_picked":["animator:Hakurou+1","animator:RoryMercury","animator:DolaCouronne+1"],"picked":"SKIP","floor":46}],"player_experience":374703,"relics_obtained":[{"floor":7,"key":"Dota2Spire:EyeOfSkadi"},{"floor":9,"key":"Akabeko"},{"floor":24,"key":"Dota2Spire:LotusOrb"},{"floor":40,"key":"Paper Frog"},{"floor":43,"key":"Dota2Spire:UrnOfShadows"}],"event_choices":[{"cards_removed":["animator:Defend"],"damage_healed":0,"gold_gain":0,"player_choice":"Purged","damage_taken":0,"max_hp_gain":0,"max_hp_loss":0,"event_name":"Purifier","floor":4,"gold_loss":0},{"damage_healed":0,"gold_gain":0,"player_choice":"Ignored","damage_taken":0,"max_hp_gain":0,"max_hp_loss":0,"event_name":"Cursed Tome","floor":28,"gold_loss":0},{"damage_healed":0,"gold_gain":0,"player_choice":"Upgraded","damage_taken":0,"max_hp_gain":0,"max_hp_loss":0,"event_name":"Upgrade Shrine","floor":31,"gold_loss":0,"cards_upgraded":["animator:ChaikaBohdan"]},{"damage_healed":0,"gold_gain":0,"player_choice":"Upgraded","damage_taken":0,"max_hp_gain":0,"max_hp_loss":0,"event_name":"Upgrade Shrine","floor":42,"gold_loss":0,"cards_upgraded":["animator:Kyubey"]}],"is_beta":false,"boss_relics":[{"not_picked":["Pandora\u0027s Box","Ectoplasm"],"picked":"Sozu"},{"not_picked":["Calling Bell","Tiny House"],"picked":"Philosopher\u0027s Stone"}],"items_purged_floors":[12,20,29,45],"is_endless":false,"potions_floor_spawned":[2,5,13,16,19,22,33,35,39,41],"killed_by":"Time Eater","ascension_level":0}}