{"host":"2tgyrzvaa7l04o2e","time":1612116961,"event":{"mods":["BaseMod","Highlight Path","Minty Spire (QoL Compilation)","Permanent Neow","Relic Stats"],"gold_per_floor":[109,109,109,123,22,50,50,75,125,125,125],"floor_reached":10,"language":"ENG","playtime":339,"items_purged":["Strike_R"],"score":118,"play_id":"d5617777-646a-4c9c-abca-96829348d3f6","local_time":"20210131191601","is_ascension_mode":true,"campfire_choices":[],"circlet_count":0,"master_deck":["AscendersBane","Strike_R","Strike_R+1","Strike_R","Defend_R","Defend_R","Defend_R","Defend_R+1","Bash","Rampage","Pummel","Pommel Strike","Twin Strike","True Grit+1","Shockwave+1"],"relics":["Burning Blood","Tiny Chest","Toxic Egg 2","WingedGreaves","Ornamental Fan","Red Skull"],"acts_visited":["Exordium"],"potions_floor_usage":[6,10],"damage_taken":[{"damage":0,"enemies":"Small Slimes","floor":1,"turns":3},{"damage":10,"enemies":"2 Louse","floor":4,"turns":2},{"damage":32,"enemies":"Gremlin Nob","floor":6,"turns":4},{"damage":30,"enemies":"3 Sentries","floor":8,"turns":9},{"damage":10,"enemies":"Lagavulin","floor":10,"turns":3}],"seed_played":"-4459146272373454811","potions_obtained":[{"floor":4,"key":"FearPotion"},{"floor":8,"key":"ColorlessPotion"}],"is_trial":false,"path_per_floor":["M","?","?","M","$","E","T","E","T","E"],"character_chosen":"IRONCLAD","items_purchased":["Twin Strike"],"campfire_rested":0,"item_purchase_floors":[5],"current_hp_per_floor":[78,62,62,58,58,32,32,8,8,0,0],"gold":125,"neow_bonus":"RANDOM_COMMON_RELIC","is_daily":false,"chose_seed":false,"campfire_upgraded":0,"win_rate":0.0,"timestamp":1612116961,"path_taken":["M","?","?","?","$","E","?","E","T","E"],"items_purchased_type":["Card"],"build_version":"2020-12-22","purchased_purges":1,"victory":false,"max_hp_per_floor":[80,80,80,80,80,80,80,80,80,80,80],"relic_stats":{"counters":[5,21],"Ornamental Fan":[4],"Tiny Chest":1,"obtain_stats":[{"Ornamental Fan":8,"Tiny Chest":0,"WingedGreaves":7,"Toxic Egg 2":6,"Burning Blood":0,"Red Skull":9},{"Ornamental Fan":4,"Tiny Chest":0,"WingedGreaves":3,"Toxic Egg 2":3,"Burning Blood":0,"Red Skull":4},{"Ornamental Fan":18,"Tiny Chest":0,"WingedGreaves":9,"Toxic Egg 2":9,"Burning Blood":0,"Red Skull":18}],"Burning Blood":24},"card_choices":[{"not_picked":["Wild Strike","Pommel Strike"],"picked":"Rampage","floor":1},{"not_picked":["Reckless Charge","Shrug It Off"],"picked":"Pommel Strike","floor":4},{"not_picked":["Iron Wave","Clothesline"],"picked":"True Grit+1","floor":6},{"not_picked":["Anger","Demon Form"],"picked":"Shockwave+1","floor":8}],"player_experience":688437,"relics_obtained":[{"floor":6,"key":"Toxic Egg 2"},{"floor":7,"key":"WingedGreaves"},{"floor":8,"key":"Ornamental Fan"},{"floor":9,"key":"Red Skull"}],"event_choices":[{"damage_healed":0,"gold_gain":0,"player_choice":"Entered Light","damage_taken":16,"max_hp_gain":0,"max_hp_loss":0,"event_name":"Shining Light","floor":2,"gold_loss":0,"cards_upgraded":["Defend_R","Strike_R"]},{"damage_healed":0,"gold_gain":0,"cards_transformed":["Strike_R"],"player_choice":"Transformed","damage_taken":0,"max_hp_gain":0,"max_hp_loss":0,"event_name":"Transmorgrifier","floor":3,"gold_loss":0,"cards_obtained":["Pummel"]}],"is_beta":false,"boss_relics":[],"items_purged_floors":[5],"is_endless":false,"potions_floor_spawned":[4,8],"killed_by":"Lagavulin","ascension_level":12}}