{"host":"anox4050deqdcqoh","time":1612078373,"event":{"mods":["BaseMod","Colored Map","Highlight Path","Minty Spire (QoL Compilation)","Quick Restart","Rare Cards Sparkle","everything is the same but u backflip on backflip"],"gold_per_floor":[109,109,129,140,153,183,183,197,221,260,272,284,313,335,347,359,359],"floor_reached":16,"language":"ENG","playtime":3366,"items_purged":[],"score":133,"play_id":"40692d96-7b75-4b18-b576-e08115103001","local_time":"20210131023253","is_ascension_mode":true,"campfire_choices":[{"floor":7,"key":"REST"},{"floor":11,"key":"REST"},{"floor":15,"key":"REST"}],"circlet_count":0,"master_deck":["Strike_R","Strike_R","Strike_R","Strike_R","Strike_R","Defend_R","Defend_R","Defend_R","Defend_R","Bash","Hemokinesis","Twin Strike","Battle Trance","Sever Soul","Dual Wield","Flame Barrier","Headbutt","Iron Wave"],"relics":["Burning Blood","Unceasing Top","Bronze Scales","MawBank","Omamori"],"acts_visited":["Exordium"],"potions_floor_usage":[10,12,14,16],"damage_taken":[{"damage":5,"enemies":"Small Slimes","floor":1,"turns":4},{"damage":4,"enemies":"Jaw Worm","floor":3,"turns":3},{"damage":0,"enemies":"2 Louse","floor":4,"turns":2},{"damage":17,"enemies":"Gremlin Gang","floor":5,"turns":3},{"damage":44,"enemies":"3 Sentries","floor":6,"turns":7},{"damage":25,"enemies":"Exordium Thugs","floor":8,"turns":4},{"damage":34,"enemies":"Lagavulin","floor":10,"turns":6},{"damage":2,"enemies":"Exordium Wildlife","floor":12,"turns":3},{"damage":5,"enemies":"Looter","floor":13,"turns":4},{"damage":13,"enemies":"3 Louse","floor":14,"turns":2},{"damage":82,"enemies":"Hexaghost","floor":16,"turns":12}],"seed_played":"-554011962306140842","potions_obtained":[{"floor":4,"key":"SteroidPotion"},{"floor":6,"key":"Fire Potion"},{"floor":8,"key":"SmokeBomb"},{"floor":14,"key":"BloodPotion"}],"is_trial":false,"path_per_floor":["M","?","M","M","M","E","R","M","T","E","R","M","M","M","R","B"],"character_chosen":"IRONCLAD","items_purchased":[],"campfire_rested":3,"item_purchase_floors":[],"current_hp_per_floor":[88,76,78,84,73,35,61,42,42,14,40,44,45,38,64,0,0],"gold":359,"neow_bonus":"TEN_PERCENT_HP_BONUS","is_daily":false,"chose_seed":false,"campfire_upgraded":0,"win_rate":0.0,"timestamp":1612078373,"path_taken":["M","?","M","M","M","E","R","M","T","E","R","M","M","M","R","BOSS"],"items_purchased_type":[],"build_version":"2020-12-22","purchased_purges":0,"victory":false,"max_hp_per_floor":[88,88,88,88,88,88,88,88,88,88,88,88,88,88,88,88,88],"card_choices":[{"not_picked":["Clothesline","Clash"],"picked":"Hemokinesis","floor":1},{"not_picked":["Combust","Headbutt"],"picked":"Twin Strike","floor":3},{"not_picked":["Shrug It Off","Disarm"],"picked":"Battle Trance","floor":4},{"not_picked":["Limit Break","Metallicize"],"picked":"Sever Soul","floor":5},{"not_picked":["Perfected Strike","Armaments"],"picked":"Dual Wield","floor":6},{"not_picked":["Warcry","Armaments"],"picked":"Flame Barrier","floor":8},{"not_picked":["Rage","Heavy Blade"],"picked":"Headbutt","floor":10},{"not_picked":["Heavy Blade","True Grit"],"picked":"Iron Wave","floor":13},{"not_picked":["True Grit","Anger","Rampage"],"picked":"SKIP","floor":14}],"player_experience":418078,"relics_obtained":[{"floor":6,"key":"Bronze Scales"},{"floor":9,"key":"MawBank"},{"floor":10,"key":"Omamori"}],"event_choices":[{"damage_healed":0,"gold_gain":0,"player_choice":"Success","damage_taken":12,"relics_obtained":["Unceasing Top"],"max_hp_gain":0,"max_hp_loss":0,"event_name":"Scrap Ooze","floor":2,"gold_loss":0}],"is_beta":false,"boss_relics":[],"items_purged_floors":[],"is_endless":false,"potions_floor_spawned":[4,6,8,12,14],"killed_by":"Hexaghost","ascension_level":3}}