{"host":"2l3i55whvwk76mom","time":1612057419,"event":{"mods":["BaseMod","Googly Eyes","Hermit","Hubris","Minty Spire (QoL Compilation)","Replay The Spire","StSLib","The Cursed","The Disciple","The Hierophant","The Jungle","The Necromancer"],"gold_per_floor":[111,124,199,211,238,238,265,265,312,312,312,341,356,64,64,166,166,186,205,205,205,205,205],"floor_reached":22,"language":"ENG","playtime":860,"items_purged":[],"score":269,"play_id":"8f039dc9-70ed-46f6-bd41-ebd56ef62d43","local_time":"20210130174339","is_ascension_mode":true,"campfire_choices":[{"data":"Spot Weakness","floor":6,"key":"SMITH"},{"floor":8,"key":"REST"},{"data":"ReplayTheSpireMod:Muscle Training","floor":10,"key":"SMITH"},{"data":"Eclipse","floor":15,"key":"SMITH"}],"circlet_count":0,"master_deck":["Strike_R+1","Strike_R+1","Defend_R","Defend_R","Defend_R","Defend_R","Bash+1","ReplayTheSpireMod:Muscle Training+1","Spot Weakness+1","Run Through","Disarm","Brutality","Eclipse+1","Iron Wave","Power Through+1","Rupture+1","Feel No Pain+1","ReplayTheSpireMod:Muscle Training+1","Armaments+1"],"relics":["Burning Blood","Art of War","hubris:SlimyHat","hubris:TenFootPole","Simple Rune","Lee\u0027s Waffle","Gremlin Food","Astrolabe"],"acts_visited":["Exordium","TheCity"],"potions_floor_usage":[7,7],"damage_taken":[{"damage":1,"enemies":"Cultist","floor":1,"turns":3},{"damage":8,"enemies":"Jaw Worm","floor":2,"turns":3},{"damage":10,"enemies":"2 Louse","floor":4,"turns":3},{"damage":27,"enemies":"3 Sentries","floor":7,"turns":8},{"damage":26,"enemies":"Lagavulin","floor":12,"turns":7},{"damage":30,"enemies":"Gremlin Gang","floor":13,"turns":5},{"damage":66,"enemies":"Slime Boss","floor":16,"turns":11},{"damage":40,"enemies":"3 Byrds","floor":18,"turns":5},{"damage":24,"enemies":"Chosen","floor":19,"turns":5},{"damage":25,"enemies":"Sentry and Sphere","floor":22,"turns":3}],"seed_played":"7969083289423318553","potions_obtained":[{"floor":2,"key":"ColorlessPotion"},{"floor":4,"key":"Block Potion"}],"is_trial":false,"path_per_floor":["M","M","?","M","T","R","E","R","T","R","?","E","M","$","R","B",null,"M","M","?","?","M"],"character_chosen":"IRONCLAD","items_purchased":["Lee\u0027s Waffle","Gremlin Food"],"campfire_rested":1,"item_purchase_floors":[14,14],"current_hp_per_floor":[77,75,64,60,60,60,39,63,63,63,63,43,19,87,87,27,72,38,20,20,20,0,0],"gold":205,"neow_bonus":"UPGRADE_CARD","is_daily":false,"chose_seed":false,"campfire_upgraded":3,"win_rate":0.0,"timestamp":1612057419,"path_taken":["M","M","?","M","?","R","E","R","T","R","?","E","M","$","R","BOSS","M","?","?","?","M"],"items_purchased_type":["Relic","Relic"],"build_version":"2020-12-22","purchased_purges":0,"victory":false,"max_hp_per_floor":[80,80,80,80,80,80,80,80,80,80,80,80,80,87,87,87,87,87,87,87,87,87,87],"card_choices":[{"not_picked":["Clash","Rupture"],"picked":"ReplayTheSpireMod:Muscle Training","floor":1},{"not_picked":["Thunderclap","Pommel Strike"],"picked":"Spot Weakness","floor":2},{"not_picked":["Life Link","Abandon"],"picked":"Run Through","floor":4},{"not_picked":["Warcry","Iron Wave"],"picked":"Disarm","floor":7},{"not_picked":["Replay:Undeath\u0027s Touch","Warcry"],"picked":"Eclipse","floor":12},{"not_picked":["Sword Boomerang","Perfected Strike"],"picked":"Iron Wave","floor":13},{"not_picked":["Eclipse","Replay:Many Hands"],"picked":"Barricade","floor":16},{"not_picked":["Fire Breathing","Searing Blow"],"picked":"ReplayTheSpireMod:Muscle Training+1","floor":18},{"not_picked":["Pommel Strike","Shrug It Off"],"picked":"Armaments+1","floor":19}],"player_experience":342418,"relics_obtained":[{"floor":5,"key":"Art of War"},{"floor":7,"key":"hubris:SlimyHat"},{"floor":9,"key":"hubris:TenFootPole"},{"floor":12,"key":"Simple Rune"}],"event_choices":[{"damage_healed":0,"gold_gain":75,"player_choice":"Gather Gold","damage_taken":11,"max_hp_gain":0,"max_hp_loss":0,"event_name":"World of Goop","floor":3,"gold_loss":0},{"damage_healed":0,"gold_gain":0,"cards_transformed":["Strike_R"],"player_choice":"Transformed","damage_taken":0,"max_hp_gain":0,"max_hp_loss":0,"event_name":"Transmorgrifier","floor":11,"gold_loss":0,"cards_obtained":["Brutality"]},{"damage_healed":0,"gold_gain":0,"player_choice":"Ignored","damage_taken":0,"max_hp_gain":0,"max_hp_loss":0,"event_name":"Beggar","floor":21,"gold_loss":0}],"is_beta":false,"boss_relics":[{"not_picked":["Replay:Bronze Core","Ring of Chaos"],"picked":"Astrolabe"}],"items_purged_floors":[],"is_endless":false,"potions_floor_spawned":[2,4],"killed_by":"Sentry and Sphere","ascension_level":8}}