{"host":"pyelotildgrd5mks","time":1612104128,"event":{"mods":["BaseMod","Downfall","Minty Spire (QoL Compilation)","Quick Restart","StSLib"],"gold_per_floor":[99,99,99,99,99,99,99,113,113,124,299,299,209,209,228,228,228,228],"floor_reached":16,"language":"ZHS","playtime":414,"items_purged":["Doubt"],"score":86,"play_id":"5ae84577-28b2-4154-854a-3ec514e09b20","local_time":"20210131224208","is_ascension_mode":false,"campfire_choices":[{"data":"bronze:Goto","floor":1.0,"key":"SMITH"},{"data":"bronze:CutThrough","floor":9.0,"key":"SMITH"},{"data":"bronze:Iterate","floor":12.0,"key":"SMITH"}],"circlet_count":0,"master_deck":["bronze:Strike+1","bronze:Strike+1","bronze:Strike","bronze:Defend","bronze:Defend","bronze:Defend","bronze:Defend+1","bronze:Replicate","bronze:Goto+1","bronze:Iterate+1","bronze:Shell","bronze:CutThrough+1","bronze:BronzeOrb","bronze:MaxOutput","downfall:Malfunctioning"],"relics":["bronze:BronzeCore","downfall:HeartsMalice","downfall:ShatteredFragment","Eternal Feather"],"acts_visited":["Exordium"],"potions_floor_usage":[],"damage_taken":[{"damage":0.0,"enemies":"Small Slimes","floor":2.0,"turns":1.0},{"damage":0.0,"enemies":"2 Louse","floor":5.0,"turns":1.0},{"damage":0.0,"enemies":"Cultist","floor":6.0,"turns":1.0},{"damage":7.0,"enemies":"Large Slime","floor":8.0,"turns":6.0},{"damage":0.0,"enemies":"2 Fungi Beasts","floor":10.0,"turns":2.0},{"damage":0.0,"enemies":"downfall:FleeingMerchant","floor":13.0,"turns":4.0},{"damage":0,"enemies":"Exordium Wildlife","floor":15,"turns":2},{"damage":56,"enemies":"DF_ARCHETYPE_STREAMLINE","floor":16,"turns":9}],"seed_played":"7432666847251529253","potions_obtained":[{"floor":10.0,"key":"LiquidBronze"},{"floor":15,"key":"Energy Potion"}],"is_trial":false,"path_per_floor":["R","M","?","?","M","M","T","M","R","M","?","R","$","?","M","B"],"character_chosen":"THE_AUTOMATON","items_purchased":[],"campfire_rested":0,"item_purchase_floors":[],"current_hp_per_floor":[70,70,49,49,49,49,49,42,48,48,48,57,57,57,57,1,1,1],"gold":228,"neow_bonus":"THREE_ENEMY_KILL","is_daily":false,"chose_seed":false,"campfire_upgraded":3,"win_rate":0.0,"timestamp":1612104128,"path_taken":["R","M","?","?","M","?","T","M","R","M","?","R","$","?","M","BOSS"],"items_purchased_type":[],"build_version":"2020-12-22","purchased_purges":1,"victory":false,"max_hp_per_floor":[70,70,70,70,70,70,70,70,70,70,70,70,70,70,70,70,70,70],"card_choices":[{"not_picked":["bronze:BronzeArmor","bronze:GetLatest"],"picked":"bronze:Iterate","floor":2.0},{"not_picked":["bronze:WildBeam","bronze:Fortify","bronze:CutThrough"],"picked":"SKIP","floor":5.0},{"not_picked":["bronze:WildBeam","bronze:BuggyMess"],"picked":"bronze:CutThrough","floor":6.0},{"not_picked":["bronze:DigitalCarnage","bronze:Overheat"],"picked":"bronze:BronzeOrb","floor":8.0},{"not_picked":["bronze:Terminator","bronze:Constructor"],"picked":"bronze:MaxOutput","floor":10.0},{"not_picked":["bronze:Frontload","bronze:OilSpill","bronze:Flail"],"picked":"SKIP","floor":13},{"not_picked":["bronze:BuggyMess","bronze:WhirlingStrike","bronze:FollowUp"],"picked":"SKIP","floor":15}],"player_experience":677467,"relics_obtained":[{"floor":7.0,"key":"Eternal Feather"}],"event_choices":[],"is_beta":false,"boss_relics":[],"items_purged_floors":[13],"is_endless":false,"potions_floor_spawned":[10,15],"killed_by":"DF_ARCHETYPE_STREAMLINE","ascension_level":0}}