{"host":"htqwg582tjjtn9p7","time":1612088592,"event":{"mods":["2.2 Compatiblity","AchievementEnabler","Act Like it!","Aspiration","BaseMod","Better Third Choice","Colored Map","Conspire","Curses Come First","Displayed Cursed Tome","Energized Spire","Force Act Four","Fox Events","GifTheSpireLib","Hermit","Highlight Path","JesterMod","Mad Scientist","Minty Spire (QoL Compilation)","Pale of the Ancients","Permanent Neow","Random Character Button","Relic Stats","Reliquary","Replay The Spire","Robot Space Explorer","Somnambulant","Spicy Shops","Spikes Relics","StSLib","Stuff the Spire","The Blue Laboratory","The Bug Knight","The Forsaken","The Gatherer","The Judge","The Jungle","The Marked","The Runesmith","The Servant 0.9.4","Uncapped"],"gold_per_floor":[115,128,13,24,24,56,6,31,31,44,60,73,73,105,105,179,179,196,206,206,206,206,206],"floor_reached":21,"language":"ENG","playtime":1165,"items_purged":[],"score":352,"play_id":"a74158ad-4983-4dc0-a282-5c9f11374a8e","local_time":"20210131112312","is_ascension_mode":true,"metric_token":2641,"campfire_choices":[{"floor":13,"key":"REST"},{"floor":15,"key":"REST"}],"circlet_count":0,"master_deck":["AscendersBane","Gatherer:Strike_Gatherer","Gatherer:Strike_Gatherer","Gatherer:Strike_Gatherer","Gatherer:Strike_Gatherer","Gatherer:Strike_Gatherer","Gatherer:Defend_Gatherer","Gatherer:Defend_Gatherer","Gatherer:Defend_Gatherer","Gatherer:Defend_Gatherer","Gatherer:Defend_Gatherer","Gatherer:Centralize","Gatherer:FlowerWhip","Amnesia","Gatherer:MiningStrike","Gatherer:Snatch","Gatherer:Snatch","Gatherer:FlowerShield","Gatherer:BalancedGrowth","Gatherer:Enchant","Gatherer:FragileHammer","Gatherer:BambuSword","Gatherer:MiningStrike","Gatherer:FlowerFalling","Gatherer:RecoveryHerb","Gatherer:RecoveryHerb","Gatherer:LuckyClover+1","Gatherer:AlchemyTrial","Gatherer:MiningStrike"],"relics":["Gatherer:AlchemyBag","Replay:Multitool","reliquary:Stiletto","Dream Catcher","Turnip","Golden Egg","Black Star","GremlinMask"],"acts_visited":["Exordium","TheCity"],"potions_floor_usage":[6,8,10,11,16],"damage_taken":[{"damage":5,"enemies":"Cultist","floor":1,"turns":4},{"damage":0,"enemies":"2 Louse","floor":2,"turns":3},{"damage":1,"enemies":"Small Slimes","floor":4,"turns":4},{"damage":10,"enemies":"3 Sentries","floor":6,"turns":7},{"damage":24,"enemies":"Lagavulin","floor":8,"turns":6},{"damage":0,"enemies":"Looter","floor":10,"turns":2},{"damage":7,"enemies":"Blue Slaver","floor":11,"turns":3},{"damage":0,"enemies":"Exordium Wildlife","floor":12,"turns":4},{"damage":24,"enemies":"3 Sentries","floor":14,"turns":5},{"damage":23,"enemies":"The Guardian","floor":16,"turns":14},{"damage":19,"enemies":"Shell Parasite","floor":18,"turns":6},{"damage":36,"enemies":"Chosen","floor":19,"turns":8},{"damage":0,"enemies":"Snake Plant","floor":21,"turns":1}],"seed_played":"-1573388880764950646","potions_obtained":[{"floor":1,"key":"BottledMiracle"},{"floor":2,"key":"SteroidPotion"},{"floor":10,"key":"Poison Potion"},{"floor":14,"key":"SkillPotion"},{"floor":19,"key":"Elixir"}],"is_trial":false,"path_per_floor":["M","M","$","M","$","E","$","E","T","M","M","M","R","E","R","B",null,"M","M","?","M"],"character_chosen":"THE_GATHERER","items_purchased":["Gatherer:Snatch","Gatherer:FlowerShield","Energy Potion"],"campfire_rested":2,"item_purchase_floors":[3,3,7],"current_hp_per_floor":[55,55,55,54,54,44,44,20,20,20,13,13,33,9,29,18,55,40,13,13,13,13,13],"gold":206,"neow_bonus":"ONE_RARE_RELIC","is_daily":false,"chose_seed":false,"campfire_upgraded":0,"win_rate":0.0,"timestamp":1612088592,"path_taken":["M","?","?","?","$","E","$","E","T","M","M","M","R","E","R","BOSS","M","M","?","M"],"items_purchased_type":["Card","Card","Potion"],"build_version":"2020-12-22","purchased_purges":0,"victory":false,"max_hp_per_floor":[67,67,67,67,67,67,67,67,67,67,67,67,67,67,67,67,67,67,67,67,67,67,67],"relic_stats":{"Dream Catcher":2,"counters":[13,67],"Turnip":[1],"Black Star":0,"obtain_stats":[{"Golden Egg":14,"Dream Catcher":8,"GremlinMask":20,"reliquary:Stiletto":6,"Turnip":9,"Replay:Multitool":0,"Black Star":17,"Gatherer:AlchemyBag":0},{"Golden Egg":9,"Dream Catcher":5,"GremlinMask":12,"reliquary:Stiletto":4,"Turnip":5,"Replay:Multitool":0,"Black Star":10,"Gatherer:AlchemyBag":0},{"Golden Egg":38,"Dream Catcher":24,"GremlinMask":66,"reliquary:Stiletto":18,"Turnip":24,"Replay:Multitool":0,"Black Star":52,"Gatherer:AlchemyBag":0}]},"card_choices":[{"not_picked":["Gatherer:Convert","Gatherer:GatherMaterial"],"picked":"Gatherer:MiningStrike","floor":1},{"not_picked":["Gatherer:TacticalStrike","Gatherer:BigPouch"],"picked":"Gatherer:Snatch","floor":2},{"not_picked":["Gatherer:Duplicator","Gatherer:FlowerPower"],"picked":"Gatherer:BalancedGrowth","floor":4},{"not_picked":["Gatherer:Duality","Gatherer:BalancedGrowth"],"picked":"Gatherer:Enchant","floor":6},{"not_picked":["Gatherer:ScentOfRosmari","Gatherer:SealedBomb"],"picked":"Gatherer:FragileHammer","floor":8},{"not_picked":["Gatherer:ScentOfRosmari","Gatherer:ScherryThrow"],"picked":"Gatherer:BambuSword","floor":10},{"not_picked":["Gatherer:WitheringStrike","Gatherer:QuickSynthesis"],"picked":"Gatherer:MiningStrike","floor":11},{"not_picked":["Gatherer:AcidicSpray","Gatherer:BigPouch"],"picked":"Gatherer:FlowerFalling","floor":12},{"not_picked":["Gatherer:Duplicator","Gatherer:UpgradeBag"],"picked":"Gatherer:RecoveryHerb","floor":14},{"not_picked":["Gatherer:Convert","Gatherer:Duplicator"],"picked":"Gatherer:RecoveryHerb","floor":15},{"not_picked":["Gatherer:ScrollOfPurity","Gatherer:FlamingBottle"],"picked":"Gatherer:LuckyClover","floor":16},{"not_picked":["Gatherer:AromaProtection","Gatherer:RecoveryHerb"],"picked":"Gatherer:AlchemyTrial","floor":18},{"not_picked":["Gatherer:EchoOfNature","Gatherer:TacticalStrike"],"picked":"Gatherer:MiningStrike","floor":19}],"player_experience":1990584,"relics_obtained":[{"floor":6,"key":"reliquary:Stiletto"},{"floor":8,"key":"Dream Catcher"},{"floor":9,"key":"Turnip"},{"floor":14,"key":"Golden Egg"}],"event_choices":[{"damage_healed":0,"gold_gain":0,"player_choice":"Trade","damage_taken":0,"relics_obtained":["GremlinMask"],"max_hp_gain":0,"max_hp_loss":0,"event_name":"FaceTrader","floor":20,"gold_loss":0}],"is_beta":false,"boss_relics":[{"not_picked":["Replay:Drink Me","aspiration:DefectSkillbook"],"picked":"Black Star"}],"items_purged_floors":[],"is_endless":false,"potions_floor_spawned":[1,2,4,10,14,19],"killed_by":"Snake Plant","ascension_level":15}}