{"host":"yy1cu9q9bsxhflzi","time":1612112119,"event":{"mods":["BaseMod","DeckTracker","Minty Spire (QoL Compilation)","Quick Restart","StSLib","everything is the same but u backflip on backflip"],"gold_per_floor":[112,122,141,141,141,185,185,204,204,238,238,278,84,104,104,194,194,218,218,238,251,265,265,308,308,308,322,376,391,391,414,414,509,509,529,529,1,0,15,15,35,35,59,59,59],"floor_reached":44,"language":"KOR","playtime":1696,"items_purged":["Defend_G","Flechettes"],"score":1075,"play_id":"029b9e23-0b2d-4433-9133-8786879f9f1e","local_time":"20210201015519","is_ascension_mode":true,"campfire_choices":[{"data":"Outmaneuver","floor":7.0,"key":"SMITH"},{"data":"Well Laid Plans","floor":15.0,"key":"SMITH"},{"floor":23.0,"key":"REST"},{"floor":25,"key":"REST"},{"floor":30,"key":"REST"},{"data":"Reflex","floor":32,"key":"SMITH"},{"data":"Defend_G+1","floor":40,"key":"PURGE"},{"data":"Survivor+1","floor":42,"key":"PURGE"}],"circlet_count":0,"master_deck":["AscendersBane","A Thousand Cuts+1","A Thousand Cuts+1","A Thousand Cuts+1","A Thousand Cuts+1","A Thousand Cuts+1","Backflip","Outmaneuver+1","Night Terror","Wraith Form v2","Reflex+1","Well Laid Plans+1","PiercingWail","CurseOfTheBell","Deflect","Concentrate","Acrobatics","After Image","Prepared","Footwork"],"relics":["Ring of the Snake","Mummified Hand","Golden Idol","Nunchaku","Oddly Smooth Stone","War Paint","Calling Bell","Pear","Regal Pillow","Peace Pipe","Bag of Marbles","TungstenRod","Boot","Coffee Dripper","Lizard Tail","Red Mask","Orichalcum"],"acts_visited":["Exordium","TheCity","TheBeyond"],"potions_floor_usage":[24],"damage_taken":[{"damage":1.0,"enemies":"Small Slimes","floor":1.0,"turns":3.0},{"damage":0.0,"enemies":"Jaw Worm","floor":2.0,"turns":4.0},{"damage":2.0,"enemies":"2 Louse","floor":3.0,"turns":2.0},{"damage":7.0,"enemies":"3 Sentries","floor":6.0,"turns":3.0},{"damage":1.0,"enemies":"2 Fungi Beasts","floor":8.0,"turns":2.0},{"damage":22.0,"enemies":"Gremlin Nob","floor":10.0,"turns":4.0},{"damage":6.0,"enemies":"3 Sentries","floor":12.0,"turns":3.0},{"damage":0.0,"enemies":"Exordium Wildlife","floor":14.0,"turns":4.0},{"damage":0.0,"enemies":"The Guardian","floor":16.0,"turns":7.0},{"damage":13.0,"enemies":"Chosen","floor":18.0,"turns":6.0},{"damage":17.0,"enemies":"2 Thieves","floor":20.0,"turns":3.0},{"damage":2.0,"enemies":"Centurion and Healer","floor":21.0,"turns":4.0},{"damage":25.0,"enemies":"Snake Plant","floor":22.0,"turns":5.0},{"damage":35,"enemies":"Book of Stabbing","floor":24,"turns":4},{"damage":0,"enemies":"Snecko","floor":27,"turns":3},{"damage":35,"enemies":"Centurion and Healer","floor":29,"turns":4},{"damage":5,"enemies":"Snake Plant","floor":31,"turns":4},{"damage":17,"enemies":"Champ","floor":33,"turns":8},{"damage":52,"enemies":"3 Darklings","floor":35,"turns":5},{"damage":12,"enemies":"Orb Walker","floor":39,"turns":3},{"damage":0,"enemies":"Spire Growth","floor":41,"turns":3},{"damage":0,"enemies":"Reptomancer","floor":44,"turns":2}],"seed_played":"-3655857756022907504","potions_obtained":[{"floor":1.0,"key":"Ancient Potion"},{"floor":3.0,"key":"SkillPotion"},{"floor":14.0,"key":"Regen Potion"},{"floor":16.0,"key":"Strength Potion"},{"floor":21.0,"key":"Strength Potion"},{"floor":22.0,"key":"PowerPotion"},{"floor":24,"key":"SteroidPotion"}],"is_trial":true,"path_per_floor":["M","M","M","?","?","E","R","M","T","E","T","E","$","M","R","B",null,"M","?","M","M","M","R","E","R","T","M","T","M","R","M","R","B",null,"M","?","$","?","M","R","M","R","T","E"],"character_chosen":"THE_SILENT","items_purchased":["Reflex","Well Laid Plans","Footwork","Lizard Tail"],"campfire_rested":3,"item_purchase_floors":[13,13,37,37],"current_hp_per_floor":[58,58,56,56,49,42,42,41,41,19,19,13,13,13,13,25,61,48,48,31,29,4,40,5,41,41,41,41,6,42,37,37,20,58,6,6,6,6,33,33,33,33,33,33,33],"gold":59,"neow_bonus":"","is_daily":false,"chose_seed":false,"campfire_upgraded":3,"win_rate":0.0,"timestamp":1612112119,"path_taken":["M","M","M","?","?","E","R","M","T","E","?","E","$","M","R","BOSS","M","?","M","M","M","R","E","R","T","M","?","M","R","M","R","BOSS","M","?","$","?","M","R","M","R","T","E"],"items_purchased_type":["Card","Card","Card","Relic"],"build_version":"2020-12-22","purchased_purges":2,"victory":false,"max_hp_per_floor":[66,66,66,60,60,60,60,60,60,60,60,60,60,60,60,60,70,70,70,70,70,70,70,70,70,70,70,70,70,70,70,70,70,70,70,66,66,66,66,66,66,66,66,66,66],"card_choices":[{"not_picked":["Skewer","Riddle With Holes","All Out Attack"],"picked":"SKIP","floor":1.0},{"not_picked":["Deflect","Poisoned Stab"],"picked":"Backflip","floor":2.0},{"not_picked":["Backflip","Underhanded Strike","Bouncing Flask"],"picked":"SKIP","floor":3.0},{"not_picked":["Deflect","Accuracy"],"picked":"Outmaneuver","floor":6.0},{"not_picked":["Dagger Throw","Finisher"],"picked":"Night Terror","floor":8.0},{"not_picked":["Deadly Poison","Quick Slash"],"picked":"Wraith Form v2","floor":10.0},{"not_picked":["Poisoned Stab","Dodge and Roll","Envenom"],"picked":"SKIP","floor":12.0},{"not_picked":["Dagger Throw","Flying Knee"],"picked":"PiercingWail","floor":14.0},{"not_picked":["Dagger Spray","Finisher","Bane+1"],"picked":"SKIP","floor":18.0},{"not_picked":["Heel Hook","Outmaneuver","Riddle With Holes"],"picked":"SKIP","floor":20.0},{"not_picked":["Slice","Poisoned Stab","Underhanded Strike+1"],"picked":"SKIP","floor":21.0},{"not_picked":["Flying Knee","Grand Finale"],"picked":"Concentrate","floor":22.0},{"not_picked":["Backflip","Sucker Punch","Distraction"],"picked":"SKIP","floor":24},{"not_picked":["Catalyst","Leg Sweep"],"picked":"Acrobatics","floor":27},{"not_picked":["Setup","Blade Dance","Acrobatics"],"picked":"SKIP","floor":29},{"not_picked":["Quick Slash","Dagger Spray+1","PiercingWail"],"picked":"SKIP","floor":31},{"not_picked":["Night Terror","Unload"],"picked":"After Image","floor":33},{"not_picked":["Backflip","Heel Hook"],"picked":"Prepared","floor":35},{"not_picked":["Slice","Underhanded Strike","Backflip"],"picked":"SKIP","floor":39},{"not_picked":["Sucker Punch+1","Deflect","Blade Dance"],"picked":"SKIP","floor":41}],"player_experience":3895129,"relics_obtained":[{"floor":6.0,"key":"Nunchaku"},{"floor":11.0,"key":"Oddly Smooth Stone"},{"floor":12.0,"key":"War Paint"},{"floor":17.0,"key":"Pear"},{"floor":17.0,"key":"Regal Pillow"},{"floor":17.0,"key":"Peace Pipe"},{"floor":24,"key":"Bag of Marbles"},{"floor":26,"key":"TungstenRod"},{"floor":28,"key":"Boot"},{"floor":43,"key":"Orichalcum"}],"event_choices":[{"damage_healed":0.0,"max_hp_gain":0.0,"max_hp_loss":6.0,"gold_gain":0.0,"event_name":"Golden Idol","player_choice":"Lose Max HP","floor":4.0,"gold_loss":0.0,"damage_taken":0.0,"relics_obtained":["Golden Idol"]},{"cards_removed":["Defend_G"],"damage_healed":0.0,"max_hp_gain":0.0,"max_hp_loss":0.0,"gold_gain":0.0,"event_name":"Golden Wing","player_choice":"Card Removal","floor":5.0,"gold_loss":0.0,"damage_taken":7.0},{"damage_healed":0.0,"max_hp_gain":0.0,"max_hp_loss":0.0,"gold_gain":0.0,"cards_transformed":["Defend_G","Defend_G"],"event_name":"Drug Dealer","player_choice":"Became Test Subject","floor":19.0,"gold_loss":0.0,"damage_taken":0.0,"cards_obtained":["Flechettes","Deflect"]},{"damage_healed":0,"gold_gain":0,"player_choice":"Max HP","damage_taken":0,"max_hp_gain":0,"max_hp_loss":4,"event_name":"Winding Halls","floor":36,"gold_loss":0},{"damage_healed":0,"gold_gain":0,"player_choice":"Paid","damage_taken":0,"relics_obtained":["Red Mask"],"max_hp_gain":0,"max_hp_loss":0,"event_name":"Tomb of Lord Red Mask","floor":38,"gold_loss":1}],"is_beta":false,"boss_relics":[{"not_picked":["Ectoplasm","Busted Crown"],"picked":"Calling Bell"},{"not_picked":["Velvet Choker","Runic Pyramid"],"picked":"Coffee Dripper"}],"items_purged_floors":[13,37],"is_endless":false,"potions_floor_spawned":[1,3,14,16,21,22,24,27,31,41],"killed_by":"Reptomancer","ascension_level":20}}