{"host":"sd43e7bfckslw1n5","time":1612069672,"event":{"mods":["BaseMod","Colored Powertips","Hermit","Minty Spire (QoL Compilation)","StSLib","Steal the Spire","The Wild Card"],"gold_per_floor":[109,284,6,6,18,48,68,68,68,68,399,399,410,427,427,524,524,535,554,568,15,15,15,15,15],"floor_reached":24,"language":"ENG","playtime":1921,"items_purged":[],"score":231,"play_id":"b5f4350c-299c-4f29-9e69-7f28bef708e0","local_time":"20210130230752","is_ascension_mode":false,"campfire_choices":[{"floor":8.0,"key":"RECALL"},{"data":"hermit:Covet","floor":10.0,"key":"SMITH"},{"floor":12.0,"key":"REST"},{"data":"hermit:GoldenBullet","floor":15.0,"key":"SMITH"},{"floor":23,"key":"REST"}],"circlet_count":0,"master_deck":["hermit:Strike_Hermit","hermit:Strike_Hermit","hermit:Strike_Hermit","hermit:Strike_Hermit","hermit:Defend_Hermit","hermit:Defend_Hermit","hermit:Defend_Hermit","hermit:Defend_Hermit","hermit:Snapshot","hermit:Covet+1","hermit:Vantage","Doubt","hermit:TrackingShot","hermit:Snipe+1","hermit:ItchyTrigger","hermit:Dive+1","hermit:BigShot","hermit:GoldenBullet+1","hermit:EternalForm","hermit:PistolWhip","hermit:HighCaliber+1","hermit:CursedWeapon","Blind+1","hermit:Brawl","hermit:CursedWeapon","hermit:Vantage+1"],"relics":["hermit:Momento","NeowsBlessing","Toxic Egg 2","Mercury Hourglass","Ornamental Fan","Old Coin","Black Star","Shuriken"],"acts_visited":["Exordium","TheCity"],"potions_floor_usage":[24],"damage_taken":[{"damage":0.0,"enemies":"2 Louse","floor":1.0,"turns":1.0},{"damage":0.0,"enemies":"Jaw Worm","floor":5.0,"turns":1.0},{"damage":0.0,"enemies":"Gremlin Nob","floor":6.0,"turns":1.0},{"damage":1.0,"enemies":"Cultist","floor":7.0,"turns":3.0},{"damage":33.0,"enemies":"Lagavulin","floor":11.0,"turns":6.0},{"damage":10.0,"enemies":"Blue Slaver","floor":13.0,"turns":4.0},{"damage":0.0,"enemies":"3 Louse","floor":14.0,"turns":2.0},{"damage":47.0,"enemies":"The Guardian","floor":16.0,"turns":13.0},{"damage":19.0,"enemies":"Spheric Guardian","floor":18.0,"turns":6.0},{"damage":34.0,"enemies":"Chosen","floor":19.0,"turns":7.0},{"damage":21,"enemies":"Snake Plant","floor":20,"turns":4},{"damage":23,"enemies":"Gremlin Leader","floor":24,"turns":1}],"seed_played":"-1364636295805866572","potions_obtained":[{"floor":5.0,"key":"BlessingOfTheForge"},{"floor":11.0,"key":"Ancient Potion"},{"floor":20,"key":"EssenceOfSteel"}],"is_trial":false,"path_per_floor":["M","?","$","?","M","E","M","R","T","R","E","R","M","M","R","B",null,"M","M","M","$","?","R","E"],"character_chosen":"HERMIT","items_purchased":["Toxic Egg 2","hermit:Headshot","Shuriken","Blind+1","hermit:Brawl","hermit:CursedWeapon","hermit:Vantage+1"],"campfire_rested":2,"item_purchase_floors":[3,3,21,21,21,21,21],"current_hp_per_floor":[75,75,75,75,75,75,74,74,74,74,41,63,53,53,53,6,75,56,22,1,1,1,23,0,0],"gold":15,"neow_bonus":"THREE_ENEMY_KILL","is_daily":false,"chose_seed":false,"campfire_upgraded":2,"win_rate":0.0,"timestamp":1612069672,"path_taken":["M","?","$","?","M","E","M","R","T","R","E","R","M","?","R","BOSS","M","M","M","$","?","R","E"],"items_purchased_type":["Relic","Card","Relic","Card","Card","Card","Card"],"build_version":"2020-12-22","purchased_purges":0,"victory":false,"max_hp_per_floor":[75,75,75,75,75,75,75,75,75,75,75,75,75,75,75,75,75,75,75,75,75,75,75,75,75],"card_choices":[{"not_picked":["hermit:NoHoldsBarred","hermit:Feint"],"picked":"hermit:Vantage","floor":1.0},{"not_picked":["hermit:ItchyTrigger","hermit:BigShot"],"picked":"hermit:TrackingShot","floor":5.0},{"not_picked":["hermit:CalledShot","hermit:TrackingShot"],"picked":"hermit:Snipe+1","floor":6.0},{"not_picked":["hermit:Determination","hermit:TrackingShot"],"picked":"hermit:ItchyTrigger","floor":7.0},{"not_picked":["hermit:Showdown","hermit:Vantage+1"],"picked":"hermit:Dive+1","floor":11.0},{"not_picked":["hermit:Misfire","hermit:Scavenge+1"],"picked":"hermit:BigShot","floor":13.0},{"not_picked":["hermit:Quickdraw","hermit:Glare+1"],"picked":"hermit:GoldenBullet","floor":14.0},{"not_picked":["hermit:OverwhelmingPower","hermit:FinalCanter"],"picked":"hermit:EternalForm","floor":16.0},{"not_picked":["hermit:Virtue+1","hermit:Roulette+1"],"picked":"hermit:PistolWhip","floor":18.0},{"not_picked":["hermit:TrackingShot","hermit:Desperado"],"picked":"hermit:HighCaliber+1","floor":19.0},{"not_picked":["hermit:Virtue+1","hermit:Feint+1"],"picked":"hermit:CursedWeapon","floor":20}],"player_experience":73628,"relics_obtained":[{"floor":6.0,"key":"Ornamental Fan"},{"floor":11.0,"key":"Old Coin"}],"event_choices":[{"damage_healed":0.0,"max_hp_gain":0.0,"max_hp_loss":0.0,"gold_gain":175.0,"event_name":"Liars Game","player_choice":"AGREE","floor":2.0,"gold_loss":0.0,"damage_taken":0.0,"cards_obtained":["Doubt"]},{"cards_removed":["hermit:Headshot"],"damage_healed":0.0,"max_hp_gain":0.0,"max_hp_loss":0.0,"gold_gain":0.0,"event_name":"WeMeetAgain","player_choice":"Gave Card","floor":4.0,"gold_loss":0.0,"damage_taken":0.0,"relics_obtained":["Mercury Hourglass"]}],"is_beta":false,"boss_relics":[{"not_picked":["Snecko Eye","Tiny House"],"picked":"Black Star"}],"items_purged_floors":[],"is_endless":false,"potions_floor_spawned":[5,11,20],"killed_by":"Gremlin Leader","ascension_level":0}}