{"host":"usru02jcpe2a942d","time":1612062043,"event":{"mods":["Act Like it!","BaseMod","Colored Powertips","Friendly Minions","GifTheSpireLib","Highlight Path","Hubris","Infinite Spire","Jedi Mod","Minty Spire (QoL Compilation)","MostiFishMod","Pale of the Ancients","Quick Restart","Relic Stats","RumiaBox-露米娅的神秘盒子","StSLib","Yuri Mod","noobMod","【遗物卡牌】REMEMod","篝火指南"],"gold_per_floor":[119,119,131,131,158,158,186,186,186,186,249,249,263,263,263,416,416,440,440,481,91,91,91,185,185,210,289,434,518,568,589,589,749,749,783,783,856,856,905,905,924,1257,1257,1267,703,703,794,873,69,109],"floor_reached":51,"language":"ZHS","playtime":1536,"items_purged":["yuri:yuriStrike","yuri:yuriDefend"],"score":987,"play_id":"659a3154-5889-41eb-a5b3-772ab15c2863","local_time":"20210131110043","is_ascension_mode":false,"campfire_choices":[{"data":"Secret Weapon","floor":6,"key":"SMITH"},{"floor":8,"key":"RECALL"},{"data":"yuri:BookBlue","floor":15,"key":"SMITH"},{"data":"yuri:DuplicateCode","floor":23,"key":"SMITH"},{"data":"yuri:Suicide","floor":25,"key":"SMITH"},{"data":"yuri:DuplicateCode","floor":32,"key":"SMITH"},{"data":"Dramatic Entrance","floor":40,"key":"SMITH"}],"circlet_count":0,"master_deck":["yuri:yuriStrike","yuri:yuriStrike","yuri:yuriStrike+1","yuri:yuriDefend","yuri:yuriDefend","yuri:yuriDefend","yuri:yuriDefend","yuri:Oolong","yuri:yuriStab","Secret Weapon+1","yuri:WickedSlash+1","yuri:Stare","yuri:BookBlue+1","yuri:HoldBackCorrupt","yuri:DuplicateCode+1","yuri:StealPen+1","yuri:StealPen+1","yuri:ReactiveMadnessCorrupt","yuri:DuplicateCode+1","yuri:BookGreen+1","yuri:ArmBrace+1","yuri:MirrorInsanity","yuri:DeepBreathingCorrupt+1","yuri:SeeingDouble+1","yuri:SelfHarm+1","Dramatic Entrance+1","MostiFishMod:SupremeArchaeology","Panacea","yuri:Skip+1","yuri:WickedSlash","yuri:DragonForm","yuri:RepairCode","yuri:TeaSet+1"],"relics":["yuri:BloodyKnife","DaveBox","ice","REME_ComplimentaryCards","ImprovedEquipment","SynthV:TestCard","hubris:Icosahedron","REME_PuzzleBoxRelic","hubris:MobiusCoin","The Courier","hubris:Towel","SoulBox","Ccalipers","MagicDraw3","Pantograph","Happy Flower","jedi:shrinkray","Omamori","jedi:crownofsimplicity","ChiXiaoBlade","FeatherPendant","Letter Opener","infinitespire:Lucky Rock","Whetstone","SSSystem","Centennial Puzzle","TungstenRod","GodSword1","Torii","Strawberry"],"acts_visited":["Exordium","TheCity","TheBeyond"],"potions_floor_usage":[16,19,33],"damage_taken":[{"damage":4,"enemies":"Cultist","floor":1,"turns":3},{"damage":9,"enemies":"Small Slimes","floor":3,"turns":4},{"damage":14,"enemies":"3 Sentries","floor":7,"turns":4},{"damage":2,"enemies":"2 Louse","floor":11,"turns":2},{"damage":28,"enemies":"2 Fungi Beasts","floor":13,"turns":3},{"damage":44,"enemies":"Hexaghost","floor":16,"turns":4},{"damage":0,"enemies":"Shell Parasite","floor":18,"turns":2},{"damage":6,"enemies":"3 Byrds","floor":20,"turns":3},{"damage":0,"enemies":"Cultist and Chosen","floor":24,"turns":3},{"damage":7,"enemies":"Nightmare","floor":27,"turns":4},{"damage":0,"enemies":"Centurion and Healer","floor":28,"turns":3},{"damage":37,"enemies":"REME_1_Revenger","floor":29,"turns":3},{"damage":0,"enemies":"Sentry and Sphere","floor":31,"turns":2},{"damage":0,"enemies":"Automaton","floor":33,"turns":3},{"damage":0,"enemies":"3 Darklings","floor":35,"turns":2},{"damage":0,"enemies":"3 Shapes","floor":37,"turns":2},{"damage":16,"enemies":"Transient","floor":39,"turns":4},{"damage":0,"enemies":"3 Darklings","floor":41,"turns":1},{"damage":6,"enemies":"Maw","floor":44,"turns":3},{"damage":14,"enemies":"Transient","floor":47,"turns":3},{"damage":0,"enemies":"3 Darklings","floor":48,"turns":1},{"damage":0,"enemies":"Time Eater","floor":50,"turns":4}],"seed_played":"-2808828283055121473","potions_obtained":[{"floor":1,"key":"DuplicationPotion"},{"floor":3,"key":"FearPotion"},{"floor":13,"key":"REME_GoldPotion"},{"floor":18,"key":"Strength Potion"},{"floor":19,"key":"jedi:mysterypotion"},{"floor":19,"key":"CultistPotion"},{"floor":20,"key":"Dexterity Potion"},{"floor":33,"key":"Strength Potion"},{"floor":39,"key":"jedi:mysterypotion"}],"is_trial":false,"path_per_floor":["M","?","M","?","T","R","E","R","T","?","M","?","M","?","R","B",null,"M","?","M","$","AVR","R","M","R","T","NM","M","E","T","M","R","B",null,"M","?","M","?","M","R","M","?","T","M","R","?","M","M","R","B",null],"character_chosen":"YURI","items_purchased":["Ccalipers","MagicDraw3","yuri:StealPen","infinitespire:Lucky Rock","Whetstone","SSSystem","Centennial Puzzle","TungstenRod","GodSword1","Torii","Strawberry"],"campfire_rested":0,"item_purchase_floors":[21,21,21,45,45,45,45,49,49,49,49],"current_hp_per_floor":[85,85,79,79,79,79,69,69,69,69,67,45,80,80,80,40,96,96,96,98,98,98,98,98,98,98,98,102,96,96,102,102,132,132,132,99,99,89,126,126,126,126,126,126,126,126,147,147,154,182],"gold":109,"neow_bonus":"TEN_PERCENT_HP_BONUS","is_daily":false,"chose_seed":false,"campfire_upgraded":6,"win_rate":0.0,"timestamp":1612062043,"path_taken":["M","?","M","?","?","R","E","R","T","?","M","?","?","?","R","BOSS","M","?","?","?","AVR","R","M","R","T","NM","M","E","?","M","R","BOSS","M","?","?","?","M","R","M","?","T","?","R","?","?","M","R","BOSS"],"items_purchased_type":["Relic","Relic","Card","Relic","Relic","Relic","Relic","Relic","Relic","Relic","Relic"],"build_version":"2020-12-22","purchased_purges":2,"victory":true,"max_hp_per_floor":[88,88,88,88,88,88,88,88,88,88,88,88,89,89,89,96,96,97,97,113,113,113,113,115,115,115,122,124,127,127,127,127,132,132,132,99,99,99,126,126,126,126,126,129,129,129,147,147,154,182],"relic_stats":{"Centennial Puzzle":[3],"Happy Flower":[11],"Torii":0,"counters":[22,63],"Pantograph":25,"Letter Opener":[111],"Whetstone":["yuri:StealPen","yuri:yuriStrike"],"obtain_stats":[{"DaveBox":0,"Torii":49,"SSSystem":45,"SoulBox":17,"ice":0,"jedi:command_boss":36,"Whetstone":45,"MagicDraw3":21,"jedi:shrinkray":27,"Centennial Puzzle":45,"hubris:Icosahedron":2,"Ccalipers":21,"Pantograph":22,"Strawberry":49,"hubris:MobiusCoin":7,"Happy Flower":26,"Golden Idol":12,"ImprovedEquipment":0,"yuri:yuriKnife":0,"yuri:BloodyKnife":13,"The Courier":9,"Omamori":29,"jedi:crownofsimplicity":30,"Letter Opener":43,"infinitespire:Lucky Rock":45,"hubris:Towel":10,"SynthV:TestCard":1,"FeatherPendant":36,"ChiXiaoBlade":34,"REME_PuzzleBoxRelic":5,"TungstenRod":49,"REME_ComplimentaryCards":0,"GodSword1":49},{"DaveBox":0,"Torii":21,"SSSystem":19,"SoulBox":6,"ice":0,"jedi:command_boss":15,"Whetstone":19,"MagicDraw3":8,"jedi:shrinkray":10,"Centennial Puzzle":19,"hubris:Icosahedron":1,"Ccalipers":8,"Pantograph":8,"Strawberry":21,"hubris:MobiusCoin":3,"Happy Flower":9,"Golden Idol":4,"ImprovedEquipment":0,"yuri:yuriKnife":0,"yuri:BloodyKnife":5,"The Courier":3,"Omamori":12,"jedi:crownofsimplicity":12,"Letter Opener":18,"infinitespire:Lucky Rock":19,"hubris:Towel":3,"SynthV:TestCard":1,"FeatherPendant":15,"ChiXiaoBlade":14,"REME_PuzzleBoxRelic":2,"TungstenRod":21,"REME_ComplimentaryCards":0,"GodSword1":21},{"DaveBox":0,"Torii":59,"SSSystem":55,"SoulBox":20,"ice":0,"jedi:command_boss":45,"Whetstone":55,"MagicDraw3":25,"jedi:shrinkray":32,"Centennial Puzzle":55,"hubris:Icosahedron":3,"Ccalipers":25,"Pantograph":25,"Strawberry":59,"hubris:MobiusCoin":11,"Happy Flower":28,"Golden Idol":13,"ImprovedEquipment":0,"yuri:yuriKnife":0,"yuri:BloodyKnife":15,"The Courier":11,"Omamori":38,"jedi:crownofsimplicity":38,"Letter Opener":52,"infinitespire:Lucky Rock":55,"hubris:Towel":11,"SynthV:TestCard":3,"FeatherPendant":45,"ChiXiaoBlade":43,"REME_PuzzleBoxRelic":7,"TungstenRod":59,"REME_ComplimentaryCards":0,"GodSword1":59}],"TungstenRod":0},"card_choices":[{"not_picked":["yuri:ThrowBook","yuri:yuriHeavyStrike","yuri:MPose"],"picked":"SKIP","floor":1},{"not_picked":["yuri:DejaVu","yuri:TPose","yuri:yuriQuickStrike","yuri:BrokenCode"],"picked":"yuri:HoldBack","floor":3},{"not_picked":["yuri:MPose","yuri:Stare","yuri:Spin","yuri:UnstableStrike"],"picked":"yuri:Suicide","floor":7},{"not_picked":["yuri:GlitchedStrike","yuri:ChibiInvasion","yuri:BrokenCode","yuri:ThrowingKnives"],"picked":"yuri:Stare","floor":11},{"not_picked":["yuri:Skip","yuri:ReloadGame","yuri:TPose","yuri:MPose"],"picked":"yuri:BookBlue","floor":13},{"not_picked":["yuri:ExploitStrike","yuri:RemoveSafetyChecks","yuri:DisableStrike","yuri:Virus"],"picked":"yuri:DuplicateCode","floor":16},{"not_picked":["yuri:DebugCard","yuri:CorruptHitbox","yuri:HeavierStrike","yuri:Stalk+1"],"picked":"yuri:StealPen+1","floor":18},{"not_picked":["yuri:GlitchedStrike","yuri:InsanityDefense+1","yuri:BookBlue","yuri:MPose"],"picked":"yuri:ReactiveMadness","floor":20},{"not_picked":["yuri:GlitchedStrike","yuri:yuriHeavyStrike","yuri:HeavierStrike+1","yuri:CalmingAura"],"picked":"yuri:Suicide","floor":24},{"not_picked":["yuri:ArmBrace+1","yuri:SelfHarm","yuri:ConsumeGlitch","yuri:MultiDip"],"picked":"yuri:DuplicateCode","floor":27},{"not_picked":["yuri:GlitchedStrike+1","yuri:Stalk","yuri:Skip","yuri:DebugCard"],"picked":"yuri:BookGreen+1","floor":28},{"not_picked":["yuri:yuriHeavyStrike+1","yuri:TPose+1","yuri:MPose","yuri:MultiDip"],"picked":"yuri:DeepBreathing+1","floor":29},{"not_picked":["yuri:Stalk","yuri:HeavierStrike","yuri:yuriQuickStrike","yuri:CorruptHitbox"],"picked":"yuri:ArmBrace+1","floor":31},{"not_picked":["yuri:DistillInsanity","yuri:RelentlessStrikes","yuri:Virus","yuri:GlitchRemove"],"picked":"yuri:MirrorInsanity","floor":33},{"not_picked":["yuri:ReactiveMadness","yuri:RecklessStrike+1","yuri:HeavierStrike","yuri:ThrowingKnives"],"picked":"yuri:SeeingDouble+1","floor":35},{"not_picked":["yuri:yuriQuickStrike","yuri:DebugCard","yuri:yuriHeavyStrike+1","yuri:ThrowBook"],"picked":"yuri:SelfHarm+1","floor":37},{"not_picked":["REME_ProfessionalPlagiarism","Dark Shackles","REME_TwoStrings","Secret Weapon"],"picked":"Dramatic Entrance","floor":38},{"not_picked":["Forethought","Blind","Enlightenment","hubris:Ssssneak"],"picked":"MostiFishMod:SupremeArchaeology","floor":38},{"not_picked":["Mind Blast","Blind","PanicButton","Good Instincts"],"picked":"Panacea","floor":38},{"not_picked":["yuri:ChibiInvasion","yuri:AdaptiveAI+1","yuri:SeeingDouble","yuri:SturdyUniform"],"picked":"yuri:Skip+1","floor":39},{"not_picked":["yuri:SeeingDouble","yuri:GlitchedStrike","yuri:GreenTea+1","yuri:HeavierStrike+1"],"picked":"yuri:WickedSlash","floor":41},{"not_picked":["yuri:DeepBreathing","yuri:MPose","yuri:WickedSlash","yuri:ThrowBook"],"picked":"yuri:DragonForm","floor":44},{"not_picked":["yuri:Spin+1","yuri:SeeingDouble+1","yuri:SturdyUniform","yuri:RepairCode+1"],"picked":"yuri:TeaSet+1","floor":47},{"not_picked":["yuri:Skip+1","yuri:MirrorInsanity","yuri:Stare+1","yuri:BookBlue","yuri:yuriHeavyStrike+1"],"picked":"SKIP","floor":48}],"player_experience":239160,"relics_obtained":[{"floor":1,"key":"SynthV:TestCard"},{"floor":5,"key":"REME_PuzzleBoxRelic"},{"floor":7,"key":"hubris:MobiusCoin"},{"floor":9,"key":"The Courier"},{"floor":26,"key":"Happy Flower"},{"floor":27,"key":"jedi:shrinkray"},{"floor":29,"key":"Omamori"},{"floor":30,"key":"jedi:crownofsimplicity"},{"floor":43,"key":"Letter Opener"}],"event_choices":[{"damage_healed":0,"gold_gain":0,"player_choice":"Take Damage","damage_taken":22,"relics_obtained":["Golden Idol"],"max_hp_gain":0,"max_hp_loss":0,"event_name":"Golden Idol","floor":12,"gold_loss":0},{"damage_healed":0,"gold_gain":0,"player_choice":"Forge","damage_taken":0,"max_hp_gain":0,"max_hp_loss":0,"event_name":"Accursed Blacksmith","floor":14,"gold_loss":0,"cards_upgraded":["yuri:WickedSlash"]},{"damage_healed":0,"gold_gain":0,"player_choice":"Got Potions","damage_taken":0,"max_hp_gain":0,"max_hp_loss":0,"event_name":"Lab","floor":19,"gold_loss":0},{"damage_healed":0,"gold_gain":0,"player_choice":"Memory 3","damage_taken":10,"max_hp_gain":0,"max_hp_loss":0,"event_name":"SensoryStone","floor":38,"gold_loss":0},{"damage_healed":0,"gold_gain":333,"player_choice":"Gave Idol","damage_taken":0,"max_hp_gain":0,"max_hp_loss":0,"event_name":"The Moai Head","floor":42,"relics_lost":["Golden Idol"],"gold_loss":0},{"damage_healed":0,"gold_gain":0,"cards_transformed":["yuri:yuriStrike"],"player_choice":"Transformed","damage_taken":0,"max_hp_gain":0,"max_hp_loss":0,"event_name":"Transmorgrifier","floor":46,"gold_loss":0,"cards_obtained":["yuri:RepairCode"]}],"is_beta":false,"boss_relics":[{"not_picked":["hubris:HollowSoul","hubris:VirtuousBlindfold"],"picked":"SoulBox"},{"not_picked":["hubris:TerracottaHorce","infinitespire:Cupcake"],"picked":"ChiXiaoBlade"}],"items_purged_floors":[21,45],"is_endless":false,"potions_floor_spawned":[1,3,13,18,20,24,33,37,39,47,48],"ascension_level":0}}