{"host":"zqowyf7xxb4s9ib0","time":1612135857,"event":{"mods":["BaseMod","Better Note","Colored Map","Colored Powertips","Downfall","Highlight Path","Minty Spire (QoL Compilation)","Permanent Neow","Quick Restart","StSLib"],"gold_per_floor":[99,119,130,130,130,130,130,148,178,78,18,18,36,136,152,152,152,152],"floor_reached":16,"language":"ENG","playtime":700,"items_purged":[],"score":105,"play_id":"bafafef3-8ea6-4166-b3da-60125e0d9a8d","local_time":"20210131153057","is_ascension_mode":true,"campfire_choices":[{"data":"sneckomod:Unknown","floor":1,"key":"SMITH"},{"floor":6,"key":"RECALL"},{"data":"sneckomod:Unknown0Cost","floor":10,"key":"SMITH"},{"data":"sneckomod:WideSting","floor":12,"key":"SMITH"}],"circlet_count":0,"master_deck":["sneckomod:Strike","sneckomod:Strike","sneckomod:Strike","sneckomod:Defend","sneckomod:Defend","sneckomod:Defend","sneckomod:TailWhip","sneckomod:SnekBite","sneckomod:Unknown+1","sneckomod:Unknown+1","sneckomod:Unknown1Cost","sneckomod:Unknown0Cost","sneckomod:UnknownWeak","sneckomod:Unknown0Cost+1","sneckomod:SerpentIdol","sneckomod:WideSting+1","sneckomod:UnknownDraw"],"relics":["sneckomod:SneckoSoul","downfall:ShatteredFragment","Oddly Smooth Stone","MealTicket","downfall:HeartBlessingRed"],"acts_visited":["Exordium"],"potions_floor_usage":[14],"damage_taken":[{"damage":0,"enemies":"Small Slimes","floor":2,"turns":3},{"damage":1,"enemies":"Jaw Worm","floor":3,"turns":3},{"damage":0,"enemies":"2 Louse","floor":8,"turns":2},{"damage":27,"enemies":"3 Sentries","floor":9,"turns":7},{"damage":0,"enemies":"downfall:FleeingMerchant","floor":11,"turns":4},{"damage":4,"enemies":"Lots of Slimes","floor":13,"turns":2},{"damage":10,"enemies":"Lots of Slimes","floor":14,"turns":4},{"damage":3,"enemies":"Red Slaver","floor":15,"turns":2},{"damage":39,"enemies":"SI_SHIV_ARCHETYPE","floor":16,"turns":5}],"seed_played":"7549767501715516038","potions_obtained":[{"floor":2,"key":"Strength Potion"},{"floor":9,"key":"SkillPotion"},{"floor":14,"key":"CultistPotion"}],"is_trial":false,"path_per_floor":["R","M","M","?","?","R","T","M","E","R","$","R","M","?","M","B"],"character_chosen":"THE_SNECKO","items_purchased":["sneckomod:WideSting"],"campfire_rested":0,"item_purchase_floors":[11],"current_hp_per_floor":[90,90,89,89,68,68,68,68,41,41,56,56,52,42,39,0,0,0],"gold":152,"neow_bonus":"UPGRADE_CARD","is_daily":false,"chose_seed":false,"campfire_upgraded":3,"win_rate":0.0,"timestamp":1612135857,"path_taken":["R","M","M","?","?","R","T","M","E","R","?","R","M","?","M","BOSS"],"items_purchased_type":["Card"],"build_version":"2020-12-22","purchased_purges":0,"victory":false,"max_hp_per_floor":[90,90,90,90,90,90,90,90,90,90,90,90,90,90,90,90,90,90],"card_choices":[{"not_picked":["sneckomod:UnknownCommonSkill","sneckomod:UnknownCommonAttack"],"picked":"sneckomod:Unknown1Cost","floor":2},{"not_picked":["sneckomod:Nope","sneckomod:UnknownStrike"],"picked":"sneckomod:Unknown0Cost","floor":3},{"not_picked":["sneckomod:IronFang","sneckomod:QuickBite"],"picked":"sneckomod:UnknownWeak","floor":8},{"not_picked":["sneckomod:DiceBlock","sneckomod:Nope"],"picked":"sneckomod:Unknown0Cost","floor":9},{"not_picked":["sneckomod:DiceCrush","sneckomod:UnknownBlock"],"picked":"sneckomod:SerpentIdol","floor":11},{"not_picked":["sneckomod:Rotation","sneckomod:SoulRoll","sneckomod:UnlimitedRolls"],"picked":"SKIP","floor":13},{"not_picked":["sneckomod:MasterEye","sneckomod:QuickBite"],"picked":"sneckomod:UnknownDraw","floor":14},{"not_picked":["sneckomod:WideSting","sneckomod:QuickMove","sneckomod:SerpentIdol"],"picked":"SKIP","floor":15}],"player_experience":527002,"relics_obtained":[{"floor":7,"key":"Oddly Smooth Stone"},{"floor":9,"key":"MealTicket"}],"event_choices":[],"is_beta":false,"boss_relics":[],"items_purged_floors":[],"is_endless":false,"potions_floor_spawned":[2,9,14],"killed_by":"SI_SHIV_ARCHETYPE","ascension_level":1}}