{"host":"lly094a91h6n5nv5","time":1612092523,"event":{"mods":["AchievementEnabler","BaseMod","Colored Map","Minty Spire (QoL Compilation)"],"gold_per_floor":[99,99,99,99,99,99,99,99,99,99,99,99,99,99,99,99,99,99,39,39,39,39,39,39,39,39,39,39,39,39,39,39,39,39,39,39,39,39,39,39,39],"floor_reached":40,"language":"ENG","playtime":3742,"items_purged":[],"score":522,"play_id":"f10dfcaf-3b18-4edf-ba58-cd05a10248c3","local_time":"20210131052843","is_ascension_mode":true,"campfire_choices":[{"data":"Worship","floor":11.0,"key":"SMITH"},{"data":"TalkToTheHand","floor":15.0,"key":"SMITH"},{"data":"WaveOfTheHand","floor":24,"key":"SMITH"},{"floor":28,"key":"REST"},{"floor":30,"key":"REST"},{"data":"Perseverance","floor":32,"key":"SMITH"}],"circlet_count":0,"master_deck":["Eruption","Vigilance+1","CrushJoints","Worship+1","WheelKick","Meditate+1","TalkToTheHand+1","Swivel","Conclude","Halt","SandsOfTime","DeceiveReality","TalkToTheHand","Brilliance","Perseverance+1","Protect","WaveOfTheHand+1","CrushJoints+1","Pray","SashWhip","Protect","RitualDagger+1","TalkToTheHand+1","Wallop","Brilliance","WheelKick+1"],"relics":["Ectoplasm","Toy Ornithopter","Ornamental Fan","Art of War","Nunchaku","War Paint","Pandora\u0027s Box","Pear","Coffee Dripper"],"acts_visited":["Exordium","TheCity","TheBeyond"],"potions_floor_usage":[19,23,33,33,37,40,40],"damage_taken":[{"damage":3.0,"enemies":"Small Slimes","floor":1.0,"turns":4.0},{"damage":0.0,"enemies":"2 Louse","floor":2.0,"turns":2.0},{"damage":4.0,"enemies":"Jaw Worm","floor":4.0,"turns":2.0},{"damage":2.0,"enemies":"Gremlin Nob","floor":6.0,"turns":3.0},{"damage":14.0,"enemies":"3 Sentries","floor":7.0,"turns":4.0},{"damage":4.0,"enemies":"Lagavulin","floor":8.0,"turns":6.0},{"damage":4.0,"enemies":"Red Slaver","floor":10.0,"turns":2.0},{"damage":0.0,"enemies":"2 Fungi Beasts","floor":12.0,"turns":2.0},{"damage":0.0,"enemies":"3 Louse","floor":13.0,"turns":1.0},{"damage":8.0,"enemies":"Gremlin Nob","floor":14.0,"turns":3.0},{"damage":3.0,"enemies":"The Guardian","floor":16.0,"turns":9.0},{"damage":0.0,"enemies":"Spheric Guardian","floor":18.0,"turns":3.0},{"damage":11,"enemies":"2 Thieves","floor":19,"turns":4},{"damage":1,"enemies":"3 Cultists","floor":22,"turns":6},{"damage":43,"enemies":"Slavers","floor":23,"turns":9},{"damage":10,"enemies":"Snake Plant","floor":27,"turns":4},{"damage":20,"enemies":"Cultist and Chosen","floor":29,"turns":8},{"damage":2,"enemies":"Centurion and Healer","floor":31,"turns":4},{"damage":6,"enemies":"Collector","floor":33,"turns":7},{"damage":1,"enemies":"3 Shapes","floor":35,"turns":4},{"damage":22,"enemies":"Orb Walker","floor":37,"turns":5},{"damage":36,"enemies":"Transient","floor":38,"turns":5},{"damage":0,"enemies":"Maw","floor":39,"turns":8},{"damage":51,"enemies":"Reptomancer","floor":40,"turns":2}],"seed_played":"8501717656652150413","potions_obtained":[{"floor":1.0,"key":"SteroidPotion"},{"floor":6.0,"key":"Weak Potion"},{"floor":7.0,"key":"SkillPotion"},{"floor":16.0,"key":"Swift Potion"},{"floor":19,"key":"PowerPotion"},{"floor":22,"key":"Dexterity Potion"},{"floor":33,"key":"Swift Potion"},{"floor":38,"key":"StancePotion"},{"floor":39,"key":"PowerPotion"}],"is_trial":false,"path_per_floor":["M","M","?","M","?","E","?","E","T","M","R","M","M","E","R","B",null,"M","M","?","?","M","E","R","?","T","M","R","M","R","M","R","B",null,"M","?","M","M","M","E"],"character_chosen":"WATCHER","items_purchased":[],"campfire_rested":2,"item_purchase_floors":[],"current_hp_per_floor":[69,69,69,65,65,63,49,50,50,46,46,46,46,38,38,35,72,72,66,60,60,59,31,31,15,15,5,31,11,37,35,35,39,87,86,86,65,29,29,0,0],"gold":39,"neow_bonus":"BOSS_RELIC","is_daily":false,"chose_seed":false,"campfire_upgraded":4,"win_rate":0.0,"timestamp":1612092523,"path_taken":["M","M","?","M","?","E","?","E","T","M","R","M","M","E","R","BOSS","M","M","?","?","?","E","R","?","T","M","R","M","R","M","R","BOSS","M","?","M","?","M","E"],"items_purchased_type":[],"build_version":"2020-12-22","purchased_purges":0,"victory":false,"max_hp_per_floor":[72,72,72,72,72,72,72,72,72,72,72,72,72,72,72,72,72,72,72,72,72,72,82,82,87,87,87,87,87,87,87,87,87,87,87,87,87,87,87,87,87],"card_choices":[{"not_picked":["Meditate","Prostrate"],"picked":"CrushJoints","floor":1.0},{"not_picked":["Pray","EmptyBody"],"picked":"Worship","floor":2.0},{"not_picked":["ClearTheMind","Wireheading"],"picked":"WheelKick","floor":4.0},{"not_picked":["Scrawl","FlyingSleeves"],"picked":"Meditate","floor":6.0},{"not_picked":["WreathOfFlame","SashWhip"],"picked":"TalkToTheHand","floor":7.0},{"not_picked":["Evaluate","EmptyFist"],"picked":"Swivel","floor":8.0},{"not_picked":["Evaluate","PathToVictory"],"picked":"Conclude","floor":10.0},{"not_picked":["SashWhip","Indignation"],"picked":"Halt","floor":12.0},{"not_picked":["Scrawl","JustLucky"],"picked":"SandsOfTime","floor":13.0},{"not_picked":["EmptyFist","BattleHymn"],"picked":"DeceiveReality","floor":14.0},{"not_picked":["Study","WheelKick+1"],"picked":"Protect","floor":18.0},{"not_picked":["FearNoEvil+1","Evaluate","DeceiveReality"],"picked":"SKIP","floor":19},{"not_picked":["Study+1","FlyingSleeves","CrushJoints"],"picked":"SKIP","floor":22},{"not_picked":["PathToVictory","CarveReality"],"picked":"TalkToTheHand+1","floor":23},{"not_picked":["SignatureMove+1","Sanctity"],"picked":"Wallop","floor":27},{"not_picked":["MentalFortress","Worship","Fasting2"],"picked":"SKIP","floor":29},{"not_picked":["ClearTheMind","Wireheading","Conclude"],"picked":"SKIP","floor":31},{"not_picked":["Alpha","SpiritShield"],"picked":"Brilliance","floor":33},{"not_picked":["CrushJoints","ClearTheMind","CutThroughFate"],"picked":"SKIP","floor":35},{"not_picked":["Wallop","FlyingSleeves+1","Fasting2"],"picked":"SKIP","floor":37},{"not_picked":["EmptyFist+1","BattleHymn","Halt"],"picked":"SKIP","floor":38},{"not_picked":["Conclude","SashWhip+1"],"picked":"WheelKick+1","floor":39}],"player_experience":87657,"relics_obtained":[{"floor":6.0,"key":"Toy Ornithopter"},{"floor":7.0,"key":"Ornamental Fan"},{"floor":8.0,"key":"Art of War"},{"floor":9.0,"key":"Nunchaku"},{"floor":14.0,"key":"War Paint"},{"floor":23,"key":"Pear"}],"event_choices":[{"damage_healed":0.0,"max_hp_gain":0.0,"max_hp_loss":0.0,"gold_gain":0.0,"event_name":"The Cleric","player_choice":"Leave","floor":3.0,"gold_loss":0.0,"damage_taken":0.0},{"damage_healed":0.0,"max_hp_gain":0.0,"max_hp_loss":0.0,"gold_gain":0.0,"event_name":"Golden Idol","player_choice":"Ignored","floor":5.0,"gold_loss":0.0,"damage_taken":0.0},{"damage_healed":0.0,"max_hp_gain":0.0,"max_hp_loss":0.0,"gold_gain":30.0,"event_name":"Dead Adventurer","player_choice":"Searched \u00272\u0027 times","floor":7.0,"gold_loss":0.0,"damage_taken":0.0},{"damage_healed":0,"gold_gain":0,"player_choice":"Joined the Cult","damage_taken":6,"max_hp_gain":0,"max_hp_loss":0,"event_name":"Nest","floor":20,"gold_loss":0,"cards_obtained":["RitualDagger"]},{"damage_healed":0,"gold_gain":0,"player_choice":"Upgraded","damage_taken":0,"max_hp_gain":0,"max_hp_loss":0,"event_name":"Upgrade Shrine","floor":21,"gold_loss":0,"cards_upgraded":["RitualDagger"]},{"damage_healed":0,"gold_gain":0,"player_choice":"Shed Blood","damage_taken":21,"max_hp_gain":5,"max_hp_loss":0,"event_name":"Forgotten Altar","floor":25,"gold_loss":0},{"damage_healed":0,"gold_gain":0,"player_choice":"Upgraded","damage_taken":0,"max_hp_gain":0,"max_hp_loss":0,"event_name":"Upgrade Shrine","floor":36,"gold_loss":0,"cards_upgraded":["CrushJoints"]}],"is_beta":false,"boss_relics":[{"not_picked":["Black Star","Empty Cage"],"picked":"Pandora\u0027s Box"},{"not_picked":["Runic Pyramid","Calling Bell"],"picked":"Coffee Dripper"}],"items_purged_floors":[],"is_endless":false,"potions_floor_spawned":[1,6,7,16,19,22,33,38,39],"killed_by":"Reptomancer","ascension_level":3}}