{"host":"Troy","time":1612120338,"event":{"mods":["BaseMod","Colored Map","Highlight Path","Minty Spire (QoL Compilation)","Permanent Neow"],"gold_per_floor":[113,132,45,45,45,45,55,55,55,74,93,118,118,128,128,202,202,213,213,138,138,138,138,170,170,170,170,170],"floor_reached":27,"language":"ENG","playtime":1130,"items_purged":["Strike_G"],"score":458,"play_id":"f444b1b7-bc62-4192-86de-9b783ae389c3","local_time":"20210131141218","is_ascension_mode":true,"campfire_choices":[{"floor":6.0,"key":"REST"},{"data":"Adrenaline","floor":8.0,"key":"SMITH"},{"data":"Corpse Explosion","floor":13.0,"key":"SMITH"},{"floor":15.0,"key":"REST"},{"data":"Crippling Poison","floor":23,"key":"SMITH"},{"data":"Bouncing Flask","floor":25,"key":"SMITH"}],"circlet_count":0,"master_deck":["AscendersBane","Strike_G","Strike_G","Strike_G","Strike_G","Defend_G","Defend_G","Defend_G","Defend_G","Defend_G","Survivor","Neutralize","Corpse Explosion+1","Poisoned Stab","Noxious Fumes","Bouncing Flask+1","Crippling Poison+1","Adrenaline+1","Grand Finale","Concentrate","Malaise","Leg Sweep+1","Acrobatics","Writhe","Prepared"],"relics":["Ring of the Snake","Mango","Coffee Dripper","The Specimen","Anchor","Bottled Tornado"],"acts_visited":["Exordium","TheCity"],"potions_floor_usage":[],"damage_taken":[{"damage":12.0,"enemies":"Small Slimes","floor":1.0,"turns":6.0},{"damage":7.0,"enemies":"Cultist","floor":2.0,"turns":5.0},{"damage":3.0,"enemies":"2 Louse","floor":7.0,"turns":2.0},{"damage":1.0,"enemies":"Blue Slaver","floor":10.0,"turns":4.0},{"damage":0.0,"enemies":"Gremlin Gang","floor":11.0,"turns":1.0},{"damage":14.0,"enemies":"3 Sentries","floor":12.0,"turns":4.0},{"damage":8.0,"enemies":"Exordium Wildlife","floor":14.0,"turns":4.0},{"damage":39.0,"enemies":"Slime Boss","floor":16.0,"turns":7.0},{"damage":7.0,"enemies":"Spheric Guardian","floor":18.0,"turns":4.0},{"damage":49,"enemies":"Book of Stabbing","floor":24,"turns":6},{"damage":18,"enemies":"Slavers","floor":27,"turns":3}],"seed_played":"-2039540468575460893","potions_obtained":[{"floor":7.0,"key":"AttackPotion"},{"floor":11.0,"key":"Fire Potion"},{"floor":12.0,"key":"SkillPotion"}],"is_trial":false,"path_per_floor":["M","M","$","?","$","R","M","R","T","M","M","E","R","M","R","B",null,"M","?","$","?","?","R","E","R","T","E"],"character_chosen":"THE_SILENT","items_purchased":["Bouncing Flask"],"campfire_rested":2,"item_purchase_floors":[3],"current_hp_per_floor":[32,25,25,25,25,44,41,41,41,40,40,40,40,32,56,17,64,57,57,57,57,57,57,8,8,8,0,0],"gold":170,"neow_bonus":"THREE_RARE_CARDS","is_daily":false,"chose_seed":false,"campfire_upgraded":4,"win_rate":0.0,"timestamp":1612120338,"path_taken":["M","M","$","?","$","R","M","R","T","?","M","E","R","M","R","BOSS","M","?","$","?","?","R","E","R","T","E"],"items_purchased_type":["Card"],"build_version":"2020-12-18","purchased_purges":1,"victory":false,"max_hp_per_floor":[66,66,66,66,66,66,66,66,66,66,66,80,80,80,80,80,80,80,80,80,80,80,80,80,80,80,80,80],"card_choices":[{"not_picked":["Malaise","A Thousand Cuts"],"picked":"Corpse Explosion","floor":0.0},{"not_picked":["Accuracy","Sucker Punch"],"picked":"Poisoned Stab","floor":1.0},{"not_picked":["Terror","Blade Dance"],"picked":"Noxious Fumes","floor":2.0},{"not_picked":["Deflect","Acrobatics","Slice"],"picked":"SKIP","floor":7.0},{"not_picked":["Prepared","Underhanded Strike"],"picked":"Grand Finale","floor":10.0},{"not_picked":["PiercingWail","Footwork"],"picked":"Concentrate","floor":11.0},{"not_picked":["Concentrate","Poisoned Stab","Blade Dance"],"picked":"SKIP","floor":12.0},{"not_picked":["Quick Slash","Slice","Cloak And Dagger"],"picked":"SKIP","floor":14.0},{"not_picked":["Storm of Steel","Doppelganger"],"picked":"Malaise","floor":16.0},{"not_picked":["Accuracy","Quick Slash+1"],"picked":"Leg Sweep+1","floor":18.0},{"not_picked":["Dagger Spray","Deflect","All Out Attack"],"picked":"SKIP","floor":24}],"player_experience":4120666,"relics_obtained":[{"floor":12.0,"key":"Mango"},{"floor":24,"key":"Anchor"},{"floor":26,"key":"Bottled Tornado"}],"event_choices":[{"damage_healed":0.0,"max_hp_gain":0.0,"max_hp_loss":0.0,"gold_gain":0.0,"event_name":"Match and Keep!","player_choice":"2 cards matched","floor":4.0,"gold_loss":0.0,"damage_taken":0.0,"cards_obtained":["Crippling Poison","Adrenaline"]},{"damage_healed":0.0,"max_hp_gain":0.0,"max_hp_loss":0.0,"gold_gain":0.0,"event_name":"The Library","player_choice":"Read","floor":19.0,"gold_loss":0.0,"damage_taken":0.0,"cards_obtained":["Acrobatics"]},{"damage_healed":0.0,"max_hp_gain":0.0,"max_hp_loss":0.0,"gold_gain":0.0,"event_name":"The Mausoleum","player_choice":"Opened","floor":21.0,"gold_loss":0.0,"damage_taken":0.0,"relics_obtained":["The Specimen"],"cards_obtained":["Writhe"]},{"damage_healed":0,"gold_gain":0,"player_choice":"1 cards matched","damage_taken":0,"max_hp_gain":0,"max_hp_loss":0,"event_name":"Match and Keep!","floor":22,"gold_loss":0,"cards_obtained":["Prepared"]}],"is_beta":true,"boss_relics":[{"not_picked":["Sozu","Philosopher\u0027s Stone"],"picked":"Coffee Dripper"}],"items_purged_floors":[20],"is_endless":false,"potions_floor_spawned":[7,11,12],"killed_by":"Slavers","ascension_level":20}}