{"host":"facnppb4175fcpe2","time":1612094518,"event":{"mods":["AchievementEnabler","BaseMod","Colored Map","Colored Powertips","Highlight Path","Minty Spire (QoL Compilation)","Quick Restart","Rare Cards Sparkle","Relic Stats","StSLib","SuperFastMode"],"gold_per_floor":[118,138,158,169,180,180,215,215,239,267,284,303,303,332,332,437,437,447,189,199,49,59,87,87,104,104,134,134,160,160,173,173,173,173],"floor_reached":33,"language":"ZHS","playtime":947,"items_purged":[],"score":411,"play_id":"fdc13082-9bd1-4f92-bad0-a6b02dc00992","local_time":"20210131200158","is_ascension_mode":true,"campfire_choices":[{"data":"Metallicize","floor":6.0,"key":"SMITH"},{"data":"Armaments","floor":13.0,"key":"SMITH"},{"data":"Body Slam","floor":15,"key":"SMITH"},{"data":"Body Slam","floor":24,"key":"SMITH"},{"data":"Ghostly Armor","floor":28,"key":"SMITH"},{"data":"Defend_R","floor":32,"key":"SMITH"}],"circlet_count":0,"master_deck":["Strike_R","Strike_R","Strike_R","Strike_R","Strike_R","Defend_R","Defend_R","Defend_R","Defend_R+1","Bash","Body Slam+1","Armaments+1","Metallicize+1","Ghostly Armor+1","Impervious","Body Slam+1"],"relics":["Burning Blood","Incense Burner","Bronze Scales","Vajra","Omamori","Orichalcum","Velvet Choker","Matryoshka","Happy Flower","Darkstone Periapt","Eternal Feather","The Courier","Champion Belt","White Beast Statue"],"acts_visited":["Exordium","TheCity"],"potions_floor_usage":[23,25,31,33,33],"damage_taken":[{"damage":8.0,"enemies":"Jaw Worm","floor":1.0,"turns":4.0},{"damage":1.0,"enemies":"Cultist","floor":2.0,"turns":4.0},{"damage":7.0,"enemies":"Small Slimes","floor":3.0,"turns":4.0},{"damage":1.0,"enemies":"3 Louse","floor":4.0,"turns":5.0},{"damage":0.0,"enemies":"2 Fungi Beasts","floor":5.0,"turns":4.0},{"damage":13.0,"enemies":"Gremlin Nob","floor":7.0,"turns":5.0},{"damage":15.0,"enemies":"Lagavulin","floor":10.0,"turns":9.0},{"damage":0.0,"enemies":"Exordium Wildlife","floor":11.0,"turns":5.0},{"damage":14.0,"enemies":"3 Louse","floor":12.0,"turns":3.0},{"damage":6,"enemies":"3 Sentries","floor":14,"turns":10},{"damage":27,"enemies":"The Guardian","floor":16,"turns":15},{"damage":5,"enemies":"Shell Parasite","floor":18,"turns":4},{"damage":3,"enemies":"Chosen","floor":20,"turns":4},{"damage":4,"enemies":"Shelled Parasite and Fungi","floor":22,"turns":8},{"damage":50,"enemies":"Book of Stabbing","floor":23,"turns":6},{"damage":15,"enemies":"Snake Plant","floor":25,"turns":5},{"damage":16,"enemies":"Slavers","floor":27,"turns":4},{"damage":10,"enemies":"Book of Stabbing","floor":29,"turns":4},{"damage":6,"enemies":"Centurion and Healer","floor":31,"turns":4},{"damage":0,"enemies":"Automaton","floor":33,"turns":3}],"seed_played":"8505600182020358937","potions_obtained":[{"floor":2.0,"key":"SmokeBomb"},{"floor":3.0,"key":"Regen Potion"},{"floor":14,"key":"Dexterity Potion"},{"floor":20,"key":"SteroidPotion"},{"floor":22,"key":"BloodPotion"},{"floor":23,"key":"GamblersBrew"},{"floor":27,"key":"SpeedPotion"},{"floor":29,"key":"FearPotion"},{"floor":31,"key":"ColorlessPotion"}],"is_trial":false,"path_per_floor":["M","M","M","M","M","R","E","?","T","E","M","M","R","E","R","B",null,"M","$","M","$","M","E","R","M","T","E","R","E","?","M","R","B"],"character_chosen":"IRONCLAD","items_purchased":["Matryoshka","Happy Flower"],"campfire_rested":0,"item_purchase_floors":[19,21],"current_hp_per_floor":[54,59,58,63,69,69,62,80,80,71,77,69,69,69,69,48,72,73,73,76,76,78,34,34,37,37,27,36,32,32,32,41,41,41],"gold":173,"neow_bonus":"ONE_RARE_RELIC","is_daily":false,"chose_seed":false,"campfire_upgraded":6,"win_rate":0.0,"timestamp":1612094518,"path_taken":["M","M","M","M","M","R","E","?","T","E","M","M","R","E","R","BOSS","M","$","M","$","M","E","R","M","T","E","R","E","?","M","R","BOSS"],"items_purchased_type":["Relic","Relic"],"build_version":"2020-12-22","purchased_purges":0,"victory":false,"max_hp_per_floor":[80,80,80,80,80,80,80,80,80,80,80,80,80,80,80,80,80,80,80,80,80,80,80,80,80,80,80,80,80,80,80,80,80,80],"relic_stats":{"Darkstone Periapt":0,"Happy Flower":[11],"counters":[20,110],"Bronze Scales":[309],"Eternal Feather":18,"Champion Belt":[2],"Orichalcum":[36],"obtain_stats":[{"Darkstone Periapt":23,"Happy Flower":21,"Vajra":9,"Velvet Choker":17,"Eternal Feather":26,"The Courier":26,"Incense Burner":0,"Omamori":10,"Orichalcum":14,"Burning Blood":0,"White Beast Statue":29,"Matryoshka":19,"Bronze Scales":7,"Champion Belt":27},{"Darkstone Periapt":15,"Happy Flower":13,"Vajra":6,"Velvet Choker":11,"Eternal Feather":16,"The Courier":16,"Incense Burner":0,"Omamori":7,"Orichalcum":10,"Burning Blood":0,"White Beast Statue":18,"Matryoshka":12,"Bronze Scales":6,"Champion Belt":17},{"Darkstone Periapt":90,"Happy Flower":76,"Vajra":26,"Velvet Choker":68,"Eternal Feather":95,"The Courier":95,"Incense Burner":0,"Omamori":35,"Orichalcum":53,"Burning Blood":0,"White Beast Statue":103,"Matryoshka":72,"Bronze Scales":26,"Champion Belt":99}],"Burning Blood":114},"card_choices":[{"not_picked":["Clothesline","Wild Strike","Flame Barrier"],"picked":"SKIP","floor":1.0},{"not_picked":["Cleave","Twin Strike"],"picked":"Body Slam","floor":2.0},{"not_picked":["Sword Boomerang","Iron Wave"],"picked":"Armaments","floor":3.0},{"not_picked":["Bloodletting","Carnage","Armaments"],"picked":"SKIP","floor":4.0},{"not_picked":["Anger","Warcry"],"picked":"Metallicize","floor":5.0},{"not_picked":["Iron Wave","Spot Weakness"],"picked":"Ghostly Armor","floor":7.0},{"not_picked":["Dark Embrace","Heavy Blade"],"picked":"Ghostly Armor","floor":10.0},{"not_picked":["Warcry","Rupture","Fire Breathing"],"picked":"SKIP","floor":11.0},{"not_picked":["Hemokinesis","Dual Wield","Blood for Blood"],"picked":"SKIP","floor":12.0},{"not_picked":["Twin Strike","Second Wind","Flex"],"picked":"SKIP","floor":14},{"not_picked":["Feed","Brutality"],"picked":"Impervious","floor":16},{"not_picked":["Clothesline","Cleave","Sword Boomerang+1"],"picked":"SKIP","floor":18},{"not_picked":["Searing Blow+1","Second Wind","Havoc+1"],"picked":"SKIP","floor":20},{"not_picked":["Wild Strike+1","True Grit"],"picked":"Body Slam","floor":22},{"not_picked":["Pommel Strike+1","Armaments+1","Bloodletting+1"],"picked":"SKIP","floor":23},{"not_picked":["Iron Wave+1","Wild Strike","Heavy Blade"],"picked":"SKIP","floor":25},{"not_picked":["Fiend Fire","Warcry","Havoc+1"],"picked":"SKIP","floor":27},{"not_picked":["Headbutt+1","Wild Strike+1","Sentinel"],"picked":"SKIP","floor":29},{"not_picked":["Ghostly Armor+1","Clash+1","Dark Embrace"],"picked":"SKIP","floor":31}],"player_experience":101949,"relics_obtained":[{"floor":7.0,"key":"Bronze Scales"},{"floor":9.0,"key":"Vajra"},{"floor":10.0,"key":"Omamori"},{"floor":14,"key":"Orichalcum"},{"floor":23,"key":"Darkstone Periapt"},{"floor":26,"key":"Eternal Feather"},{"floor":26,"key":"The Courier"},{"floor":27,"key":"Champion Belt"},{"floor":29,"key":"White Beast Statue"}],"event_choices":[{"cards_removed":["Ghostly Armor"],"damage_healed":18.0,"max_hp_gain":0.0,"max_hp_loss":0.0,"gold_gain":0.0,"event_name":"Bonfire Elementals","player_choice":"Offered Uncommon","floor":8.0,"gold_loss":0.0,"damage_taken":0.0},{"damage_healed":0,"gold_gain":0,"player_choice":"0 cards matched","damage_taken":0,"max_hp_gain":0,"max_hp_loss":0,"event_name":"Match and Keep!","floor":30,"gold_loss":0,"cards_obtained":[]}],"is_beta":false,"boss_relics":[{"not_picked":["Empty Cage","Mark of Pain"],"picked":"Velvet Choker"}],"items_purged_floors":[],"is_endless":false,"potions_floor_spawned":[2,3,14,20,22,23,27,29,31],"killed_by":"Automaton","ascension_level":5}}