{"host":"d4km6p8r92tm3vpl","time":1612116585,"event":{"mods":["AchievementEnabler","BaseMod","Colored Map","Colored Powertips","DeckTracker","Minty Spire (QoL Compilation)","Relic Stats","StSLib"],"gold_per_floor":[109,109,34,54,73,73,96,135,135,135,135,158,158,158],"floor_reached":13,"language":"ENG","playtime":470,"items_purged":["Normality"],"score":140,"play_id":"6f5c2710-d18c-45ef-bc7a-172c35ccb44c","local_time":"20210131130945","is_ascension_mode":true,"campfire_choices":[{"data":"Deadly Poison","floor":6,"key":"SMITH"},{"floor":10,"key":"REST"}],"circlet_count":0,"master_deck":["AscendersBane","Strike_G","Strike_G","Strike_G","Strike_G","Defend_G","Defend_G","Defend_G","Defend_G","Survivor","Neutralize","Leg Sweep","Acrobatics","Deadly Poison+1","Quick Slash","Flying Knee","Skewer","Malaise","Calculated Gamble"],"relics":["Ring of the Snake","Golden Idol","The Courier","Lizard Tail"],"acts_visited":["Exordium"],"potions_floor_usage":[],"damage_taken":[{"damage":0,"enemies":"2 Louse","floor":1,"turns":4},{"damage":0,"enemies":"Jaw Worm","floor":4,"turns":4},{"damage":0,"enemies":"Small Slimes","floor":5,"turns":4},{"damage":5,"enemies":"3 Louse","floor":7,"turns":4},{"damage":39,"enemies":"3 Sentries","floor":8,"turns":12},{"damage":10,"enemies":"2 Fungi Beasts","floor":12,"turns":3},{"damage":22,"enemies":"Gremlin Nob","floor":13,"turns":5}],"seed_played":"8490939280145999827","potions_obtained":[{"floor":7,"key":"Strength Potion"},{"floor":8,"key":"SteroidPotion"}],"is_trial":false,"path_per_floor":["M","?","$","M","M","R","M","E","T","R","?","M","E"],"character_chosen":"THE_SILENT","items_purchased":[],"campfire_rested":1,"item_purchase_floors":[],"current_hp_per_floor":[63,63,63,63,63,63,58,19,19,38,43,33,11,11],"gold":158,"neow_bonus":"TRANSFORM_TWO_CARDS","is_daily":false,"chose_seed":false,"campfire_upgraded":1,"win_rate":0.0,"timestamp":1612116585,"path_taken":["M","?","$","M","M","R","M","E","T","R","?","M","E"],"items_purchased_type":[],"build_version":"2020-12-22","purchased_purges":1,"victory":false,"max_hp_per_floor":[70,65,65,65,65,65,65,65,65,65,70,70,70,70],"relic_stats":{"Lizard Tail":0,"counters":[7,36],"Golden Idol":26,"obtain_stats":[{"Lizard Tail":9,"Golden Idol":2,"The Courier":8,"Ring of the Snake":0},{"Lizard Tail":5,"Golden Idol":1,"The Courier":5,"Ring of the Snake":0},{"Lizard Tail":28,"Golden Idol":4,"The Courier":28,"Ring of the Snake":0}],"Ring of the Snake":[14]},"card_choices":[{"not_picked":["Quick Slash","Bane"],"picked":"Deadly Poison","floor":1},{"not_picked":["Footwork","Leg Sweep"],"picked":"Quick Slash","floor":4},{"not_picked":["Underhanded Strike","Dodge and Roll"],"picked":"Flying Knee","floor":5},{"not_picked":["Cloak And Dagger","Backflip"],"picked":"Skewer","floor":7},{"not_picked":["Malaise","Setup","Cloak And Dagger"],"picked":"SKIP","floor":8},{"not_picked":["Setup","Cloak And Dagger"],"picked":"Malaise","floor":8},{"not_picked":["Terror","Flechettes"],"picked":"Calculated Gamble","floor":12}],"player_experience":837948,"relics_obtained":[{"floor":8,"key":"The Courier"},{"floor":9,"key":"Lizard Tail"}],"event_choices":[{"damage_healed":0,"gold_gain":0,"player_choice":"Lose Max HP","damage_taken":0,"relics_obtained":["Golden Idol"],"max_hp_gain":0,"max_hp_loss":5,"event_name":"Golden Idol","floor":2,"gold_loss":0},{"damage_healed":0,"gold_gain":0,"player_choice":"Donut","damage_taken":0,"max_hp_gain":5,"max_hp_loss":0,"event_name":"Big Fish","floor":11,"gold_loss":0}],"is_beta":false,"boss_relics":[],"items_purged_floors":[3],"is_endless":false,"potions_floor_spawned":[7,8,12],"killed_by":"Gremlin Nob","ascension_level":13}}