{"host":"nx6t4q2fc0vdue7l","time":1612085987,"event":{"mods":["2.2 Compatiblity","BaseMod","Minty Spire (QoL Compilation)"],"gold_per_floor":[109,109,109,119,67,67,82,111,138,167,180,192,209,219,219,315,315,329,348,348,348],"floor_reached":20,"language":"ENG","playtime":809,"items_purged":[],"score":197,"play_id":"bf5ff455-210d-48dc-843f-a0568622c51c","local_time":"20210131103947","is_ascension_mode":true,"campfire_choices":[{"data":"White Noise","floor":6,"key":"SMITH"},{"data":"Redo","floor":15,"key":"SMITH"}],"circlet_count":0,"master_deck":["Strike_B","Strike_B","Strike_B","Defend_B","Defend_B","Defend_B","Defend_B","Zap","Dualcast","Storm","White Noise+1","Coolheaded","Doom and Gloom","Sweeping Beam","Redo+1","Creative AI","Redo"],"relics":["Cracked Core","NeowsBlessing","Omamori","Toy Ornithopter","Smiling Mask","SlaversCollar"],"acts_visited":["Exordium","TheCity"],"potions_floor_usage":[11,16,18],"damage_taken":[{"damage":0,"enemies":"Small Slimes","floor":1,"turns":1},{"damage":0,"enemies":"2 Louse","floor":4,"turns":1},{"damage":0,"enemies":"Cultist","floor":7,"turns":1},{"damage":4,"enemies":"3 Sentries","floor":8,"turns":3},{"damage":13,"enemies":"Lagavulin","floor":10,"turns":7},{"damage":3,"enemies":"Exordium Wildlife","floor":11,"turns":4},{"damage":5,"enemies":"2 Fungi Beasts","floor":12,"turns":3},{"damage":9,"enemies":"Large Slime","floor":13,"turns":6},{"damage":7,"enemies":"Blue Slaver","floor":14,"turns":3},{"damage":23,"enemies":"Slime Boss","floor":16,"turns":7},{"damage":34,"enemies":"3 Byrds","floor":18,"turns":4},{"damage":5,"enemies":"Spheric Guardian","floor":19,"turns":3},{"damage":55,"enemies":"Chosen and Byrds","floor":20,"turns":8}],"seed_played":"9028327679959687196","potions_obtained":[{"floor":4,"key":"ColorlessPotion"},{"floor":7,"key":"FearPotion"},{"floor":12,"key":"Strength Potion"},{"floor":13,"key":"SneckoOil"},{"floor":14,"key":"Explosive Potion"},{"floor":16,"key":"Strength Potion"}],"is_trial":false,"path_per_floor":["M","?","?","M","$","R","M","E","T","E","M","M","M","M","R","B",null,"M","M","M"],"character_chosen":"DEFECT","items_purchased":["Coolheaded"],"campfire_rested":0,"item_purchase_floors":[5],"current_hp_per_floor":[75,75,80,80,80,80,80,76,76,63,65,60,51,44,44,26,80,51,46,0,0],"gold":348,"neow_bonus":"THREE_ENEMY_KILL","is_daily":false,"chose_seed":false,"campfire_upgraded":2,"win_rate":0.0,"timestamp":1612085987,"path_taken":["M","?","?","M","$","R","M","E","T","E","M","M","M","M","R","BOSS","M","M","M"],"items_purchased_type":["Card"],"build_version":"2020-12-22","purchased_purges":0,"victory":false,"max_hp_per_floor":[75,75,80,80,80,80,80,80,80,80,80,80,80,80,80,80,80,80,80,80,80],"card_choices":[{"not_picked":["Steam","Undo"],"picked":"Storm","floor":1},{"not_picked":["Redo","Doom and Gloom"],"picked":"White Noise","floor":4},{"not_picked":["Go for the Eyes","Reinforced Body"],"picked":"Doom and Gloom","floor":7},{"not_picked":["Barrage","Conserve Battery"],"picked":"Sweeping Beam","floor":8},{"not_picked":["Scrape","FTL","Coolheaded"],"picked":"SKIP","floor":10},{"not_picked":["Turbo","Heatsinks","Aggregate"],"picked":"SKIP","floor":11},{"not_picked":["All For One","Rip and Tear","Turbo"],"picked":"SKIP","floor":12},{"not_picked":["Blizzard","Streamline","Conserve Battery"],"picked":"SKIP","floor":13},{"not_picked":["Glacier","Turbo"],"picked":"Redo","floor":14},{"not_picked":["Echo Form","Thunder Strike"],"picked":"Creative AI","floor":16},{"not_picked":["Ball Lightning","Conserve Battery"],"picked":"Redo","floor":18},{"not_picked":["Force Field","Auto Shields","Turbo"],"picked":"SKIP","floor":19}],"player_experience":324628,"relics_obtained":[{"floor":8,"key":"Omamori"},{"floor":9,"key":"Toy Ornithopter"},{"floor":10,"key":"Smiling Mask"}],"event_choices":[{"cards_removed":["Strike_B"],"damage_healed":0,"gold_gain":0,"player_choice":"Forget","damage_taken":0,"max_hp_gain":0,"max_hp_loss":0,"event_name":"Living Wall","floor":2,"gold_loss":0},{"damage_healed":0,"gold_gain":0,"player_choice":"Donut","damage_taken":0,"max_hp_gain":5,"max_hp_loss":0,"event_name":"Big Fish","floor":3,"gold_loss":0}],"is_beta":false,"boss_relics":[{"not_picked":["Empty Cage","Tiny House"],"picked":"SlaversCollar"}],"items_purged_floors":[],"is_endless":false,"potions_floor_spawned":[4,7,12,13,14,16],"killed_by":"Chosen and Byrds","ascension_level":1}}