{"host":"laht7omblfcukqgz","time":1612088780,"event":{"mods":["Act Like it!","Astrologer","BaseMod","Beaked The Cultist","Colored Map","Colored Powertips","Gensokyo","GifTheSpireLib","HololiveMod","KinomotoSakuraMod(ñÿîVñ{?)","MarisaÅiñ∂âJÅ@ñÇóùçπÅj","Minty Spire (QoL Compilation)","Prisma Mod","StSLib","The Cursed"],"gold_per_floor":[85,85,103,103,28,83,83,83,83,13,30,47,67,10,10,127,127,154,454,475,725,1050,1050,1390,1170,1170,867,915,927,738,738,738,865,865,881,881,881,903,903,965,965,804,804,497,497,507,524,553,553,577,577,577,49,95,130],"floor_reached":56,"language":"JPN","playtime":10544,"items_purged":[],"score":1368,"play_id":"81a78d79-0fc6-4ce6-8d2c-987ac232151e","local_time":"20210131192620","is_ascension_mode":false,"campfire_choices":[{"floor":15,"key":"RECALL"},{"data":"Hololive_CallSakuraMiko","floor":23,"key":"SMITH"},{"data":"Hololive_CallManoAloe","floor":32,"key":"SMITH"},{"data":"Hololive_CallSpadeEcho","floor":41,"key":"SMITH"},{"data":"Hololive_DiamondStrike","floor":49,"key":"PURGE"},{"data":"Hololive_CallArtia","floor":52,"key":"SMITH"}],"circlet_count":0,"master_deck":["Hololive_Sequa","Hololive_CallAmaneKanata+1","Hololive_CallAmaneKanata","Hololive_CallMoonaHoshinova","Hololive_CallSakuraMiko+1","Hololive_CallInugamiKorone","Hololive_CallOkamiMio","Hololive_Thief","Hololive_CandyCastle","Hololive_CallShiranuiFlare+1","Gensokyo:CrescentMoonSlash","Hololive_LuckPotion","Hololive_Psychosis","Hololive_Breathe","Hololive_StrengthChampion","Hololive_CallYukihanaLamy","Gensokyo:RPG","Hololive_StarCraft","Hololive_CallUruhaRushia+1","Hololive_Rebirth+1","Hololive_CallRoboco+1","Hololive_CallTokinoSora","Hololive_CallAZKi","Hololive_CallManoAloe+1","Hololive_CallAiraniIofifteen+1","Hololive_CallMurasakiShion","Hololive_CallDoris","Hololive_CallRosalyn","Hololive_CallAkaiHaato","Hololive_IdolExercise","Hololive_FlyingPonyTail+1","Hololive_CallSpadeEcho+1","Hololive_HuntDinosaur","Hololive_Rebirth+1","Hololive_Breathe","Hololive_FlyingPonyTail","Hololive_CallArtia+1","Hololive_Spy"],"relics":["Hololive_TheStar","Astrolabe","Gambling Chip","Peace Pipe","Old Coin","Ancient Tea Set","White Beast Statue","Thread and Needle","Gensokyo:ChorusOfJoy","Black Star","Omamori","Kunai","Potion Belt","DollysMirror","Darkstone Periapt","Hololive_FriedShrimpLion","Bag of Preparation","Gensokyo:EmptyGrave","Letter Opener","Lizard Tail","Lantern","InkBottle"],"acts_visited":["Exordium","Gensokyo:Gensokyo","Gensokyo:Gensokyoer","TheEnding"],"potions_floor_usage":[28,47,48,55,55,55],"damage_taken":[{"damage":0,"enemies":"Gensokyo:Gryphon","floor":1,"turns":3},{"damage":0,"enemies":"Gensokyo:Python","floor":3,"turns":3},{"damage":0,"enemies":"Gensokyo:Cirno","floor":6,"turns":7},{"damage":0,"enemies":"Gensokyo:2_Kodama","floor":11,"turns":1},{"damage":0,"enemies":"Gensokyo:Kitsune","floor":12,"turns":3},{"damage":0,"enemies":"Gensokyo:CorruptedTreant","floor":13,"turns":3},{"damage":0,"enemies":"Gensokyo:Kokoro","floor":16,"turns":6},{"damage":0,"enemies":"Gensokyo:2_Gloops","floor":18,"turns":4},{"damage":0,"enemies":"Gensokyo:2_Gloops","floor":19,"turns":7},{"damage":0,"enemies":"Gensokyo:3_Dogs","floor":20,"turns":6},{"damage":0,"enemies":"Gensokyo:Tenshi","floor":24,"turns":5},{"damage":0,"enemies":"Gensokyo:Swordslinger","floor":28,"turns":3},{"damage":0,"enemies":"Gensokyo:3_Gloops","floor":29,"turns":5},{"damage":0,"enemies":"Gensokyo:Eternal_Rivals","floor":33,"turns":12},{"damage":0,"enemies":"Gensokyo:3_Bats","floor":35,"turns":5},{"damage":0,"enemies":"Gensokyo:AncientGuardian","floor":38,"turns":4},{"damage":0,"enemies":"Gensokyo:Marisa","floor":40,"turns":7},{"damage":0,"enemies":"Gensokyo:Sharpion","floor":46,"turns":4},{"damage":0,"enemies":"Gensokyo:4_Bats","floor":47,"turns":4},{"damage":0,"enemies":"Gensokyo:Dusk_and_Dawn","floor":48,"turns":4},{"damage":14,"enemies":"Gensokyo:Scarlet_Devils","floor":50,"turns":10},{"damage":1,"enemies":"Shield and Spear","floor":54,"turns":5},{"damage":31,"enemies":"The Heart","floor":55,"turns":10}],"seed_played":"8592059838176106351","potions_obtained":[{"floor":11,"key":"AttackPotion"},{"floor":12,"key":"PowerPotion"},{"floor":18,"key":"AttackPotion"},{"floor":28,"key":"FearPotion"},{"floor":29,"key":"DistilledChaos"},{"floor":40,"key":"SteroidPotion"},{"floor":46,"key":"Explosive Potion"},{"floor":47,"key":"EssenceOfSteel"},{"floor":48,"key":"SmokeBomb"},{"floor":54,"key":"SkillPotion"}],"is_trial":false,"path_per_floor":["M","$","M","?","$","E","?","?","T","?","M","M","M","COS","R","B",null,"M","?","M","?","?","R","E","$","T","$","M","M","$","?","R","B",null,"M","?","?","M","?","E","R","COS","T","$","?","M","M","M","R","B",null,"R","$","E","B",null],"character_chosen":"Hololive_HololiveCharacter","items_purchased":["Hololive_CandyCastle","Hololive_CallMurasakiShion","Ancient Tea Set","Thread and Needle","Hololive_CallAkaiHaato","Hololive_IdolExercise","Hololive_FriedShrimpLion","Bag of Preparation","Letter Opener","Lizard Tail"],"campfire_rested":0,"item_purchase_floors":[5,25,25,27,30,30,44,44,53,53],"current_hp_per_floor":[38,38,38,38,38,48,41,41,41,41,41,41,41,41,41,41,48,48,48,48,46,46,46,46,46,46,46,46,46,46,46,46,46,46,46,46,40,40,40,40,40,40,40,40,40,40,40,43,43,29,43,43,43,42,11],"gold":130,"neow_bonus":"TEN_PERCENT_HP_BONUS","is_daily":false,"chose_seed":false,"campfire_upgraded":4,"win_rate":0.0,"timestamp":1612088780,"path_taken":["M","$","M","?","$","E","?","?","T","?","M","M","?","COS","R","BOSS","M","?","M","?","?","R","E","$","T","?","M","?","$","?","R","BOSS","M","?","?","M","?","E","R","COS","T","?","?","M","M","?","R","BOSS","R","$","E","BOSS"],"items_purchased_type":["Card","Card","Relic","Relic","Card","Card","Relic","Relic","Relic","Relic"],"build_version":"2020-12-22","purchased_purges":0,"victory":true,"max_hp_per_floor":[38,38,38,38,38,48,48,48,48,48,48,48,48,48,48,48,48,48,48,48,46,46,46,46,46,46,46,46,46,46,46,46,46,46,46,46,46,46,46,46,46,46,46,46,43,43,43,43,43,43,43,43,43,43,43],"card_choices":[{"not_picked":["Hololive_RevenueBasedLive","Hololive_HuntDinosaur","Hololive_Rebound"],"picked":"Hololive_CallOkamiMio","floor":1},{"not_picked":["Hololive_StrengthChampion","Hololive_CallShiranuiFlare","Hololive_Psychosis"],"picked":"Hololive_Thief","floor":3},{"not_picked":["Hololive_ASMR","Hololive_CallOzoraSubaru","Hololive_FlyingPonyTail"],"picked":"Hololive_CallShiranuiFlare","floor":6},{"not_picked":["Hololive_CallMinatoAqua","Hololive_Trident","Hololive_Sequa"],"picked":"Hololive_LuckPotion","floor":8},{"not_picked":["Hololive_ManjiGathering","Hololive_Sequa","Hololive_CallCivia"],"picked":"Hololive_Psychosis","floor":8},{"not_picked":["Hololive_Watashimo","Hololive_CocoNews","Hololive_HuntDinosaur"],"picked":"Hololive_Breathe","floor":11},{"not_picked":["Hololive_FlyingPonyTail","Hololive_Psychosis","Hololive_RevenueBasedLive"],"picked":"Hololive_StrengthChampion","floor":12},{"not_picked":["Hololive_RevenueBasedLive","Hololive_Rebound","Hololive_CallYogiri"],"picked":"Hololive_CallYukihanaLamy","floor":13},{"not_picked":["Hololive_FlareMind","Hololive_Nanodesu","Hololive_OpenUp"],"picked":"Hololive_StarCraft","floor":16},{"not_picked":["Hololive_CandyCastle","Hololive_CocoNews+1","Hololive_Rebound"],"picked":"Hololive_CallTokinoSora","floor":18},{"not_picked":["Hololive_Rebound","Hololive_HuntDinosaur","Hololive_Psychosis"],"picked":"Hololive_CallAZKi","floor":19},{"not_picked":["Hololive_CallSpadeEcho","Hololive_RevenueBasedLive","Hololive_StrengthChampion"],"picked":"Hololive_CallManoAloe","floor":20},{"not_picked":["Hololive_Sequa+1","Hololive_OvertimeWork","Hololive_Drill"],"picked":"Hololive_CallAiraniIofifteen+1","floor":24},{"not_picked":["Hololive_CallMomosuzuNene+1","Hololive_Drill","Hololive_CallAkaiHaato"],"picked":"Hololive_CallDoris","floor":28},{"not_picked":["Hololive_RevenueBasedLive","Hololive_OvertimeWork","Hololive_LuckPotion"],"picked":"Hololive_CallRosalyn","floor":29},{"not_picked":["Hololive_AWSL","Hololive_Thief","Hololive_BeCareful"],"picked":"Hololive_DiamondStrike","floor":33},{"not_picked":["Hololive_CocoNews","Hololive_LuckPotion+1","Hololive_OvertimeWork"],"picked":"Hololive_FlyingPonyTail+1","floor":35},{"not_picked":["Hololive_Trident","Hololive_Drill+1","Hololive_LuckPotion+1"],"picked":"Hololive_CallSpadeEcho","floor":38},{"not_picked":["Hololive_Trident+1","Hololive_OvertimeWork","Hololive_CallFriendA"],"picked":"Hololive_HuntDinosaur","floor":40},{"not_picked":["Hololive_Rebound","Hololive_CallShiranuiFlare","Hololive_MaximGun"],"picked":"Hololive_Breathe","floor":46},{"not_picked":["Hololive_Trident","Hololive_Psychosis+1","Hololive_HuntDinosaur+1"],"picked":"Hololive_FlyingPonyTail","floor":47},{"not_picked":["Hololive_CandyCastle+1","Hololive_StrengthChampion","Hololive_Spy"],"picked":"Hololive_CallArtia","floor":48},{"not_picked":["Hololive_CallManoAloe","Hololive_IdolExercise","Hololive_OvertimeWork+1"],"picked":"Hololive_Spy","floor":54}],"player_experience":114171,"relics_obtained":[{"floor":6,"key":"Pear"},{"floor":19,"key":"Gambling Chip"},{"floor":19,"key":"Peace Pipe"},{"floor":24,"key":"Old Coin"},{"floor":26,"key":"White Beast Statue"},{"floor":40,"key":"Kunai"},{"floor":40,"key":"Potion Belt"},{"floor":43,"key":"Darkstone Periapt"},{"floor":54,"key":"Lantern"},{"floor":54,"key":"InkBottle"}],"event_choices":[],"is_beta":false,"boss_relics":[{"not_picked":["Cursed Key","Hololive_TopUpMoneyS"],"picked":"Astrolabe"},{"not_picked":["Snecko Eye","Sozu"],"picked":"Black Star"}],"items_purged_floors":[],"is_endless":false,"potions_floor_spawned":[11,12,18,20,28,29,33,35,38,40,46,47,48,54],"ascension_level":0}}