{"host":"640uue19m79c7wbt","time":1612111271,"event":{"mods":["BaseMod","Colored Map","Googly Eyes","Highlight Path","Minty Spire (QoL Compilation)","Quick Restart","StSLib"],"gold_per_floor":[112,112,112,128,128,157,157,232,232,232,265,279,279,4,4,78,78,96,11,11,11,28,28,56,56,56,106,126,126,146,62,62,62,62],"floor_reached":33,"language":"ENG","playtime":1136,"items_purged":[],"score":597,"play_id":"62460bff-e80c-43cc-9af1-660f3dc97909","local_time":"20210131114111","is_ascension_mode":true,"campfire_choices":[{"floor":7.0,"key":"REST"},{"floor":13.0,"key":"REST"},{"data":"Caltrops","floor":15.0,"key":"SMITH"},{"data":"Night Terror","floor":23.0,"key":"SMITH"},{"floor":25.0,"key":"REST"},{"floor":32.0,"key":"REST"}],"circlet_count":0,"master_deck":["AscendersBane","Strike_G","Strike_G","Strike_G","Strike_G","Strike_G","Defend_G+1","Defend_G","Defend_G","Defend_G","Defend_G","Survivor+1","Neutralize","Backstab","Leg Sweep","Caltrops+1","Dagger Throw","Night Terror+1","Underhanded Strike","Dagger Spray","Calculated Gamble","Underhanded Strike","Burst","Caltrops"],"relics":["Ring of the Snake","NeowsBlessing","StoneCalendar","Bottled Flame","Darkstone Periapt","HornCleat","Juzu Bracelet","White Beast Statue","SlaversCollar","Ice Cream","Centennial Puzzle","MealTicket"],"acts_visited":["Exordium","TheCity"],"potions_floor_usage":[33],"damage_taken":[{"damage":0.0,"enemies":"Jaw Worm","floor":1.0,"turns":1.0},{"damage":0.0,"enemies":"2 Louse","floor":4.0,"turns":2.0},{"damage":0.0,"enemies":"Gremlin Nob","floor":6.0,"turns":1.0},{"damage":5.0,"enemies":"3 Sentries","floor":11.0,"turns":7.0},{"damage":0.0,"enemies":"Cultist","floor":12.0,"turns":4.0},{"damage":9.0,"enemies":"The Guardian","floor":16.0,"turns":11.0},{"damage":15.0,"enemies":"Chosen","floor":18.0,"turns":7.0},{"damage":2.0,"enemies":"Shell Parasite","floor":22.0,"turns":7.0},{"damage":36.0,"enemies":"Gremlin Leader","floor":24.0,"turns":7.0},{"damage":15.0,"enemies":"Sentry and Sphere","floor":28.0,"turns":5.0},{"damage":0.0,"enemies":"Book of Stabbing","floor":29.0,"turns":1.0},{"damage":2.0,"enemies":"Centurion and Healer","floor":30.0,"turns":7.0},{"damage":64,"enemies":"Automaton","floor":33,"turns":12}],"seed_played":"9221731354049339276","potions_obtained":[{"floor":3.0,"key":"Explosive Potion"},{"floor":3.0,"key":"Dexterity Potion"},{"floor":4.0,"key":"DistilledChaos"},{"floor":11.0,"key":"DuplicationPotion"},{"floor":12.0,"key":"SmokeBomb"},{"floor":16.0,"key":"Regen Potion"},{"floor":18.0,"key":"Dexterity Potion"},{"floor":22.0,"key":"AttackPotion"},{"floor":24.0,"key":"CunningPotion"},{"floor":28.0,"key":"BlessingOfTheForge"},{"floor":30.0,"key":"EssenceOfSteel"}],"is_trial":false,"path_per_floor":["M","?","?","M","?","E","R","?","T","T","E","M","R","$","R","B",null,"M","?","?","$","M","R","E","R","T","?","M","E","M","$","R","B"],"character_chosen":"THE_SILENT","items_purchased":["White Beast Statue","Caltrops"],"campfire_rested":4,"item_purchase_floors":[14,31],"current_hp_per_floor":[59,33,33,33,13,13,32,21,21,21,16,16,35,35,35,26,56,54,54,54,54,52,52,16,35,35,35,20,20,18,33,52,0,0],"gold":62,"neow_bonus":"THREE_ENEMY_KILL","is_daily":false,"chose_seed":false,"campfire_upgraded":2,"win_rate":0.0,"timestamp":1612111271,"path_taken":["M","?","?","?","?","E","R","?","T","?","E","M","R","?","R","BOSS","M","?","?","?","M","R","E","R","T","?","M","E","M","$","R","BOSS"],"items_purchased_type":["Relic","Card"],"build_version":"2020-12-22","purchased_purges":0,"victory":false,"max_hp_per_floor":[66,66,66,66,66,66,66,66,66,66,66,66,66,66,66,66,66,66,66,66,66,66,66,66,66,66,66,66,66,66,66,66,66,66],"card_choices":[{"not_picked":["Dodge and Roll","Deadly Poison","Quick Slash"],"picked":"SKIP","floor":1.0},{"not_picked":["Footwork","Reflex"],"picked":"Backstab","floor":4.0},{"not_picked":["Prepared","Flying Knee"],"picked":"Leg Sweep","floor":6.0},{"not_picked":["Cloak And Dagger","Reflex"],"picked":"Caltrops","floor":11.0},{"not_picked":["Deadly Poison","Reflex"],"picked":"Dagger Throw","floor":12.0},{"not_picked":["After Image","Phantasmal Killer"],"picked":"Night Terror","floor":16.0},{"not_picked":["Skewer","Bane+1"],"picked":"Underhanded Strike","floor":18.0},{"not_picked":["Blade Dance","Backstab"],"picked":"Dagger Spray","floor":22.0},{"not_picked":["Dagger Spray","Deflect"],"picked":"Calculated Gamble","floor":24.0},{"not_picked":["Quick Slash","Catalyst"],"picked":"Underhanded Strike","floor":28.0},{"not_picked":["Footwork","Calculated Gamble+1"],"picked":"Burst","floor":30.0}],"player_experience":648735,"relics_obtained":[{"floor":6.0,"key":"Bottled Flame"},{"floor":9.0,"key":"Darkstone Periapt"},{"floor":10.0,"key":"HornCleat"},{"floor":11.0,"key":"Juzu Bracelet"},{"floor":24.0,"key":"Centennial Puzzle"},{"floor":26.0,"key":"MealTicket"}],"event_choices":[{"damage_healed":0.0,"max_hp_gain":0.0,"max_hp_loss":0.0,"gold_gain":0.0,"event_name":"Scrap Ooze","player_choice":"Success","floor":2.0,"gold_loss":0.0,"damage_taken":26.0,"relics_obtained":["StoneCalendar"]},{"damage_healed":0.0,"max_hp_gain":0.0,"max_hp_loss":0.0,"gold_gain":0.0,"event_name":"Lab","player_choice":"Got Potions","floor":3.0,"gold_loss":0.0,"damage_taken":0.0},{"damage_healed":0.0,"max_hp_gain":0.0,"max_hp_loss":0.0,"gold_gain":0.0,"event_name":"Shining Light","player_choice":"Entered Light","floor":5.0,"gold_loss":0.0,"damage_taken":20.0,"cards_upgraded":["Defend_G","Survivor"]},{"damage_healed":0.0,"max_hp_gain":0.0,"max_hp_loss":0.0,"gold_gain":75.0,"event_name":"World of Goop","player_choice":"Gather Gold","floor":8.0,"gold_loss":0.0,"damage_taken":11.0},{"damage_healed":0.0,"max_hp_gain":0.0,"max_hp_loss":0.0,"gold_gain":0.0,"event_name":"Addict","player_choice":"Obtained Relic","floor":19.0,"gold_loss":85.0,"damage_taken":0.0,"relics_obtained":["Ice Cream"]},{"damage_healed":0.0,"max_hp_gain":0.0,"max_hp_loss":0.0,"gold_gain":0.0,"event_name":"Vampires","player_choice":"Ignored","floor":20.0,"gold_loss":0.0,"damage_taken":0.0},{"damage_healed":0.0,"max_hp_gain":0.0,"max_hp_loss":0.0,"gold_gain":50.0,"event_name":"Nest","player_choice":"Stole From Cult","floor":27.0,"gold_loss":0.0,"damage_taken":0.0}],"is_beta":false,"boss_relics":[{"not_picked":["Black Star","Astrolabe"],"picked":"SlaversCollar"}],"items_purged_floors":[],"is_endless":false,"potions_floor_spawned":[4,6,11,12,16,18,22,24,28,29,30],"killed_by":"Automaton","ascension_level":18}}