{"host":"o3b7ow6d1xe49css","time":1612124220,"event":{"mods":["Act Like it!","Aspiration","BaseMod","Bestiary","Better Altar","Better Match","Better Note","Better Sensory Stone","Better Skull","Better Third Choice","Colored Powertips","Conspire","Energized Spire","Force Act Four","GifTheSpireLib","Halation","Hermit","Hubris","Infinite Spire","Lobotomy","Minty Spire (QoL Compilation)","Quick Restart","Rare Cards Sparkle","Relic Filter Mod","Reliquary","Replay The Spire","Spicy Shops","Spikes Relics","Spire Arcade","StSLib","Stuff the Spire","The Blue Laboratory","Wandering Minibosses"],"gold_per_floor":[110,128,144,144,155,155,187,187,210,235,235,247,258,290,290,386,386,398,398,398],"floor_reached":19,"language":"ENG","playtime":869,"items_purged":[],"score":268,"play_id":"03d891b6-0c57-4943-a24d-1ad874f37a80","local_time":"20210131111700","daily_mods":["Heirloom","Flight"],"is_ascension_mode":true,"campfire_choices":[{"data":"hermit:Snipe","floor":6,"key":"SMITH"},{"data":"hermit:Determination","floor":8,"key":"SMITH"},{"data":"hermit:RoundhouseKick","floor":11,"key":"SMITH"},{"floor":15,"key":"REST"}],"circlet_count":0,"master_deck":["hermit:Strike_Hermit","hermit:Strike_Hermit","hermit:Strike_Hermit","hermit:Strike_Hermit","hermit:Defend_Hermit","hermit:Defend_Hermit","hermit:Defend_Hermit","hermit:Defend_Hermit","hermit:Snapshot","hermit:Covet","hermit:Snipe+1","Scorched","hermit:Glare","OldLady","OSAHOGD","hermit:Determination+1","UniverseFragment","hermit:Ricochet","hermit:RoundhouseKick+1","hermit:EyeOfTheStorm","hermit:Gestalt"],"relics":["hermit:Momento","Ring of Chaos","halation:Trompette","CogitoBucket","hubris:Towel","Prayer Wheel","hubris:FunFungus","SkinProphecy","reliquary:FerryPass","reliquary:Ember"],"acts_visited":["Exordium","TheCity"],"potions_floor_usage":[10,10,14,14,18],"damage_taken":[{"damage":2,"enemies":"Jaw Worm","floor":1,"turns":3},{"damage":0,"enemies":"Cultist","floor":2,"turns":4},{"damage":3,"enemies":"Small Slimes","floor":3,"turns":2},{"damage":8,"enemies":"Blue Slaver","floor":5,"turns":2},{"damage":12,"enemies":"Gremlin Nob","floor":7,"turns":3},{"damage":15,"enemies":"3 Sentries","floor":10,"turns":5},{"damage":25,"enemies":"Gremlin Gang","floor":12,"turns":3},{"damage":0,"enemies":"2 Fungi Beasts","floor":13,"turns":2},{"damage":0,"enemies":"Lagavulin","floor":14,"turns":3},{"damage":22,"enemies":"The Guardian","floor":16,"turns":9},{"damage":5,"enemies":"2 Thieves","floor":18,"turns":3},{"damage":15,"enemies":"3 Byrds","floor":19,"turns":2}],"seed_played":"7976537905425035415","potions_obtained":[{"floor":3,"key":"blueLaboratory:NullPotion"},{"floor":5,"key":"blueLaboratory:PhilterOfMotion"},{"floor":10,"key":"Venom Potion"},{"floor":12,"key":"FearPotion"},{"floor":16,"key":"LiquidMemories"},{"floor":18,"key":"blueLaboratory:PolymorphPotion"}],"is_trial":true,"path_per_floor":["M","M","M","?","M","R","E","R","T","E","R","M","M","E","R","B",null,"M","M"],"character_chosen":"HERMIT","items_purchased":[],"campfire_rested":1,"item_purchase_floors":[],"current_hp_per_floor":[73,73,70,70,62,62,50,50,50,35,35,10,6,3,26,2,61,52,32,32],"gold":398,"neow_bonus":"","is_daily":false,"chose_seed":false,"campfire_upgraded":3,"win_rate":0.0,"timestamp":1612124220,"path_taken":["M","M","M","?","M","R","E","R","T","E","R","M","?","E","R","BOSS","M","M"],"items_purchased_type":[],"build_version":"2020-12-22","purchased_purges":0,"victory":false,"max_hp_per_floor":[75,75,75,75,75,75,75,75,75,75,75,75,77,79,79,81,81,83,87,87],"card_choices":[{"not_picked":["WhiteNight","VoidDream","HeroicMonk"],"picked":"Singing Bowl","floor":1},{"not_picked":["hermit:ItchyTrigger","hermit:Combo"],"picked":"hermit:Snipe","floor":1},{"not_picked":["Bloodbath","BeautyBeast"],"picked":"Scorched","floor":2},{"not_picked":["hermit:Manifest","hermit:Maintenance"],"picked":"hermit:Glare","floor":2},{"not_picked":["BlackSwan","SnowQueen","SpiderBud"],"picked":"Singing Bowl","floor":3},{"not_picked":["PunishingBird","ShyLook"],"picked":"OldLady","floor":3},{"not_picked":["hermit:Dive","hermit:LowProfile","hermit:Showdown"],"picked":"SKIP","floor":3},{"not_picked":["hermit:Dive","hermit:LowProfile","hermit:Showdown"],"picked":"SKIP","floor":3},{"not_picked":["CherryBlossoms","MeatLantern"],"picked":"OSAHOGD","floor":5},{"not_picked":["hermit:WideOpen","hermit:HoleUp"],"picked":"hermit:Determination","floor":5},{"not_picked":["PunishingBird","ShyLook","CrumblingArmor"],"picked":"Singing Bowl","floor":7},{"not_picked":["BeautyBeast","ShyLook"],"picked":"UniverseFragment","floor":7},{"not_picked":["hermit:Horror","hermit:CalledShot"],"picked":"hermit:Ricochet","floor":7},{"not_picked":["DespairKnight","MHz","VoidDream"],"picked":"Singing Bowl","floor":10},{"not_picked":["hermit:Quickdraw","hermit:Grudge"],"picked":"hermit:RoundhouseKick","floor":10},{"not_picked":["hermit:TrackingShot","hermit:Scavenge"],"picked":"hermit:EyeOfTheStorm","floor":12},{"not_picked":["VoidDream","MeatLantern","SpiderBud"],"picked":"Singing Bowl","floor":12},{"not_picked":["hermit:Misfire","hermit:HighCaliber","hermit:Deadeye"],"picked":"SKIP","floor":12},{"not_picked":["SpiderBud","Bloodbath","MeatLantern"],"picked":"Singing Bowl","floor":13},{"not_picked":["hermit:DeadMansHand","hermit:ItchyTrigger"],"picked":"hermit:Gestalt","floor":13},{"not_picked":["hermit:Purgatory","hermit:HighCaliber","hermit:BodyArmor"],"picked":"SKIP","floor":13},{"not_picked":["HeroicMonk","BigBadWolf","Bloodbath"],"picked":"Singing Bowl","floor":14},{"not_picked":["hermit:Virtue","hermit:Malice","hermit:Reprieve"],"picked":"SKIP","floor":14},{"not_picked":["Wellcheers","VoidDream","Scarecrow"],"picked":"Singing Bowl","floor":16},{"not_picked":["ShyLook","BlackArmy","CherryBlossoms"],"picked":"Singing Bowl","floor":18},{"not_picked":["hermit:Roulette","hermit:CalledShot+1","hermit:FullyLoaded"],"picked":"SKIP","floor":18},{"not_picked":["hermit:SprayPray","hermit:ItchyTrigger","hermit:CalledShot+1"],"picked":"SKIP","floor":18}],"player_experience":1238099,"relics_obtained":[{"floor":7,"key":"Prayer Wheel"},{"floor":10,"key":"hubris:FunFungus"},{"floor":14,"key":"reliquary:FerryPass"}],"event_choices":[],"is_beta":false,"boss_relics":[{"not_picked":["halation:SmartPhone","Kintsugi"],"picked":"reliquary:Ember"}],"items_purged_floors":[],"is_endless":false,"potions_floor_spawned":[3,5,10,12,16,18],"killed_by":"3 Byrds","ascension_level":5}}