{"host":"fkig9nrckec4xsh0","time":1612061362,"event":{"mods":["Act Like it!","BaseMod","Colored Map","Gensokyo","Hermit","Marisa????????","Minty Spire (QoL Compilation)","Quick Restart","Replay The Spire","StSLib"],"gold_per_floor":[109,109,126,145,145,145,170,170,170,199,199,532,64,84,84,84,84],"floor_reached":16,"language":"ENG","playtime":692,"items_purged":[],"score":206,"play_id":"a701244b-d847-4f09-bcff-6897f3338ce6","local_time":"20210130214922","is_ascension_mode":true,"campfire_choices":[{"floor":6,"key":"DIG"},{"floor":8,"key":"DIG"},{"floor":11,"key":"DIG"},{"floor":15,"key":"REST"}],"circlet_count":0,"master_deck":["AscendersBane","Strike_R","Strike_R","Strike_R","Strike_R","Strike_R","Defend_R","Defend_R","Defend_R","Defend_R","Metallicize","Combust","Cleave","Fire Breathing","Wild Strike+1","Inflame","Gensokyo:ScrapIron","Gensokyo:Shovel","Gensokyo:TarnishedGold","Gensokyo:LochNessMonster","Apotheosis","Bandage Up","ReplayTheSpireMod:Private Reserves","Reckless Charge"],"relics":["Burning Blood","Shovel","Gensokyo:Mercy","Gensokyo:PortableGap","Chameleon Ring","StoneCalendar","Centennial Puzzle","Gremlin Food","Strawberry","Unceasing Top","Old Coin","ReplayTheSpireMod:ShopPack"],"acts_visited":["Exordium"],"potions_floor_usage":[7,16],"damage_taken":[{"damage":13,"enemies":"Gensokyo:Python","floor":1,"turns":3},{"damage":1,"enemies":"Gensokyo:3_Fairies","floor":3,"turns":7},{"damage":6,"enemies":"Gensokyo:Gryphon","floor":4,"turns":5},{"damage":26,"enemies":"Gensokyo:Mamizou","floor":7,"turns":8},{"damage":18,"enemies":"Gensokyo:Cirno","floor":10,"turns":6},{"damage":11,"enemies":"Gensokyo:Mamizou","floor":12,"turns":6},{"damage":22,"enemies":"Gensokyo:2_Rabbits","floor":14,"turns":4},{"damage":35,"enemies":"Gensokyo:Yukari","floor":16,"turns":7}],"seed_played":"6903347305514992402","potions_obtained":[{"floor":1,"key":"Weak Potion"},{"floor":4,"key":"DuplicationPotion"}],"is_trial":false,"path_per_floor":["M","?","M","M","?","R","E","R","T","E","R","E","COS","M","R","B"],"character_chosen":"IRONCLAD","items_purchased":[],"campfire_rested":1,"item_purchase_floors":[],"current_hp_per_floor":[61,61,66,66,55,55,35,35,35,30,30,25,25,15,32,0,0],"gold":84,"neow_bonus":"ONE_RARE_RELIC","is_daily":false,"chose_seed":false,"campfire_upgraded":0,"win_rate":0.0,"timestamp":1612061362,"path_taken":["M","?","?","M","?","R","E","R","T","E","R","E","COS","M","R","BOSS"],"items_purchased_type":[],"build_version":"2020-12-22","purchased_purges":0,"victory":false,"max_hp_per_floor":[68,68,68,68,55,55,55,55,55,59,59,59,59,59,59,59,59],"card_choices":[{"not_picked":["Bloodletting","Feel No Pain"],"picked":"Metallicize","floor":1},{"not_picked":["Anger","Defy Death"],"picked":"Combust","floor":3},{"not_picked":["Metallicize","Iron Wave"],"picked":"Cleave","floor":4},{"not_picked":["Corruption","Dark Embrace"],"picked":"Fire Breathing","floor":7},{"not_picked":["Perfected Strike","True Grit"],"picked":"Wild Strike","floor":10},{"not_picked":["Twin Strike","Flame Barrier"],"picked":"Inflame","floor":12},{"not_picked":["Metamorphosis","Panache"],"picked":"Apotheosis","floor":13},{"not_picked":["Finesse","Replay:Sssssssssstrike"],"picked":"Bandage Up","floor":13},{"not_picked":["Sadistic Nature","ReplayTheSpireMod:Uncanny Aura"],"picked":"ReplayTheSpireMod:Private Reserves","floor":13},{"not_picked":["ReplayTheSpireMod:Corrosion Curse","Sword Boomerang"],"picked":"Reckless Charge","floor":14}],"player_experience":416614,"relics_obtained":[{"floor":6,"key":"Chameleon Ring"},{"floor":7,"key":"StoneCalendar"},{"floor":8,"key":"Centennial Puzzle"},{"floor":9,"key":"Gremlin Food"},{"floor":10,"key":"Strawberry"},{"floor":11,"key":"Unceasing Top"},{"floor":12,"key":"Old Coin"}],"event_choices":[],"is_beta":false,"boss_relics":[],"items_purged_floors":[],"is_endless":false,"potions_floor_spawned":[1,4],"killed_by":"Gensokyo:Yukari","ascension_level":20}}