{"host":"mconkkfc0dudtfx5","time":1612080295,"event":{"mods":["BaseMod","Highlight Path","Lobotomy","Marisa£®ÏF”Í°°ƒß¿Ì…≥£©","Minty Spire (QoL Compilation)","Replay The Spire","Shop Mod","StSLib","The Bug Knight","The Servant 0.9.4"],"gold_per_floor":[117,128,128,187,462,462,462],"floor_reached":6,"language":"ZHS","playtime":575,"items_purged":[],"score":36,"play_id":"83a52505-e611-4c5a-a7a1-34fd9efdf635","local_time":"20210131160455","is_ascension_mode":false,"campfire_choices":[],"circlet_count":0,"master_deck":["Strike_S","Strike_S","Strike_S","Strike_S","Defend_S","Defend_S","Defend_S","Defend_S","KidneyShot","Exchange","QueenOfHatred","MHz","Hallucinations","Regret"],"relics":["Uniform","CogitoBucket","ReplayTheSpireMod:Ring of Challenge"],"acts_visited":["Exordium"],"potions_floor_usage":[],"damage_taken":[{"damage":5.0,"enemies":"Cultist","floor":1.0,"turns":4.0},{"damage":2.0,"enemies":"2 Louse","floor":2.0,"turns":3.0},{"damage":24.0,"enemies":"Jaw Worm","floor":4.0,"turns":5.0},{"damage":41,"enemies":"3 Sentries","floor":6,"turns":6}],"seed_played":"7024558699799841906","potions_obtained":[{"floor":1.0,"key":"FearPotion"}],"is_trial":false,"path_per_floor":["M","M","?","M","?","E"],"character_chosen":"THE_SERVANT","items_purchased":[],"campfire_rested":0,"item_purchase_floors":[],"current_hp_per_floor":[60,64,64,46,46,14,14],"gold":462,"neow_bonus":"","is_daily":false,"chose_seed":false,"campfire_upgraded":0,"win_rate":0.0,"timestamp":1612080295,"path_taken":["M","?","?","M","?","E"],"items_purchased_type":[],"build_version":"2020-12-22","purchased_purges":0,"victory":false,"max_hp_per_floor":[65,65,65,65,65,65,65],"card_choices":[{"not_picked":["SpiderBud","WallGazer"],"picked":"QueenOfHatred","floor":1.0},{"not_picked":["Replace","Revamp","FastForward"],"picked":"SKIP","floor":1.0},{"not_picked":["WallGazer","Scorched"],"picked":"MHz","floor":2.0},{"not_picked":["Snipe","TimeWarp","Sabotage"],"picked":"SKIP","floor":2.0},{"not_picked":["Read","Starlight","FastForward"],"picked":"SKIP","floor":4}],"player_experience":208638,"relics_obtained":[{"floor":3.0,"key":"ReplayTheSpireMod:Ring of Challenge"}],"event_choices":[{"damage_healed":0,"gold_gain":275,"player_choice":"Desecrate","damage_taken":0,"max_hp_gain":0,"max_hp_loss":0,"event_name":"Golden Shrine","floor":5,"gold_loss":0,"cards_obtained":["Regret"]}],"is_beta":false,"boss_relics":[],"items_purged_floors":[],"is_endless":false,"potions_floor_spawned":[1],"killed_by":"3 Sentries","ascension_level":0}}