{"host":"ixbvfs3so5a39bhe","time":1612055294,"event":{"mods":["BaseMod","Minty Spire (QoL Compilation)","Quick Restart","StSLib"],"gold_per_floor":[114,39,39,39,59,90,90,128,154,194,194,212,212,212,212,212,212],"floor_reached":16,"language":"ZHS","playtime":561,"items_purged":["Vigilance"],"score":148,"play_id":"ffe9e0b5-5683-4928-9156-f7031e6d00bb","local_time":"20210131090814","is_ascension_mode":true,"campfire_choices":[{"data":"Eruption","floor":7.0,"key":"SMITH"},{"floor":11,"key":"RECALL"},{"data":"1","floor":15,"key":"LIFT"}],"circlet_count":0,"master_deck":["Strike_P","Strike_P","Strike_P","Strike_P","Defend_P","Defend_P","Defend_P","Defend_P","Eruption+1","InnerPeace+1","Injury"],"relics":["PureWater","NeowsBlessing","Golden Idol","Strawberry","Orichalcum","Bronze Scales","Girya"],"acts_visited":["Exordium"],"potions_floor_usage":[10],"damage_taken":[{"damage":0.0,"enemies":"2 Louse","floor":1.0,"turns":1.0},{"damage":0.0,"enemies":"Small Slimes","floor":5.0,"turns":2.0},{"damage":0.0,"enemies":"Lagavulin","floor":6.0,"turns":1.0},{"damage":37.0,"enemies":"3 Sentries","floor":8.0,"turns":10.0},{"damage":31,"enemies":"Lagavulin","floor":10,"turns":3},{"damage":2,"enemies":"Cultist","floor":12,"turns":3},{"damage":22,"enemies":"Hexaghost","floor":16,"turns":7}],"seed_played":"-3295069658785129014","potions_obtained":[{"floor":1.0,"key":"FearPotion"},{"floor":6.0,"key":"LiquidBronze"},{"floor":8.0,"key":"CultistPotion"}],"is_trial":false,"path_per_floor":["M","$","?","?","M","E","R","E","T","E","R","M","?","?","R","B"],"character_chosen":"WATCHER","items_purchased":[],"campfire_rested":0,"item_purchase_floors":[],"current_hp_per_floor":[72,72,72,72,72,79,79,42,42,11,11,9,35,35,35,13,13],"gold":212,"neow_bonus":"THREE_ENEMY_KILL","is_daily":false,"chose_seed":false,"campfire_upgraded":1,"win_rate":0.0,"timestamp":1612055294,"path_taken":["M","$","?","?","M","E","R","E","T","E","R","M","?","?","R","BOSS"],"items_purchased_type":[],"build_version":"2020-12-22","purchased_purges":1,"victory":false,"max_hp_per_floor":[72,72,72,72,72,79,79,79,79,79,79,79,79,79,79,79,79],"card_choices":[{"not_picked":["WheelKick","Swivel"],"picked":"InnerPeace","floor":1.0},{"not_picked":["Weave","ClearTheMind","ReachHeaven"],"picked":"SKIP","floor":5.0},{"not_picked":["TalkToTheHand","CrushJoints","DeceiveReality"],"picked":"SKIP","floor":6.0},{"not_picked":["PathToVictory","MasterReality","BowlingBash"],"picked":"SKIP","floor":8.0},{"not_picked":["FollowUp","CrushJoints","PathToVictory"],"picked":"SKIP","floor":10},{"not_picked":["Crescendo","MasterReality","CutThroughFate"],"picked":"SKIP","floor":12}],"player_experience":134636,"relics_obtained":[{"floor":6.0,"key":"Strawberry"},{"floor":8.0,"key":"Orichalcum"},{"floor":9.0,"key":"Bronze Scales"},{"floor":10,"key":"Girya"}],"event_choices":[{"damage_healed":0.0,"max_hp_gain":0.0,"max_hp_loss":0.0,"gold_gain":0.0,"event_name":"Golden Idol","player_choice":"Take Wound","floor":3.0,"gold_loss":0.0,"damage_taken":0.0,"relics_obtained":["Golden Idol"],"cards_obtained":["Injury"]},{"damage_healed":0.0,"max_hp_gain":0.0,"max_hp_loss":0.0,"gold_gain":0.0,"event_name":"Shining Light","player_choice":"Ignored","floor":4.0,"gold_loss":0.0,"damage_taken":0.0},{"damage_healed":26,"gold_gain":0,"player_choice":"Banana","damage_taken":0,"max_hp_gain":0,"max_hp_loss":0,"event_name":"Big Fish","floor":13,"gold_loss":0},{"damage_healed":0,"gold_gain":0,"player_choice":"Upgraded","damage_taken":0,"max_hp_gain":0,"max_hp_loss":0,"event_name":"Upgrade Shrine","floor":14,"gold_loss":0,"cards_upgraded":["InnerPeace"]}],"is_beta":false,"boss_relics":[],"items_purged_floors":[2],"is_endless":false,"potions_floor_spawned":[1,6,8],"killed_by":"Hexaghost","ascension_level":1}}