{"host":"lr515x7bpk6b6t09","time":1612098415,"event":{"mods":["Act Like it!","BaseMod","CapriCore","Downfall","Gensokyo","Marisa£®ÏF”Í°°ƒß¿Ì…≥£©","Minty Spire (QoL Compilation)","Prisma Mod","Quick Restart","Relic Stats","Shop Mod","StSLib","The Cursed","The Jungle","Waifu the Spire","Youmu£®ªÍ∆«—˝√Œ£©","[IsaacMod]“‘»ˆº‚À˛","°æ“≈ŒÔø®≈∆°øREMEMod"],"gold_per_floor":[99,99,112,122,122,155,155,155,182,64,74,74,99,103,113,216,216,216,227,227,227,241,302,395,426,338,365,410,437,467,496,526,640,652,464,487,512,191,203,215,227,273,298,337,349,379,432,125,157,276],"floor_reached":51,"language":"ZHS","playtime":3177,"items_purged":["bronze:Strike+1"],"score":1196,"play_id":"ac16cf39-745c-4aa1-8d74-3bdfd453dc1b","local_time":"20210131210655","is_ascension_mode":false,"campfire_choices":[{"data":"Hyperbeam","floor":1,"key":"SMITH"},{"data":"bronze:GetLatest","floor":8,"key":"SMITH"},{"data":"bronze:MaxOutput","floor":12,"key":"SMITH"},{"data":"bronze:HardenedForm","floor":18,"key":"SMITH"},{"floor":26,"key":"RECALL"},{"data":"bronze:GetLatest","floor":35,"key":"SMITH"},{"data":"bronze:Repulsor","floor":40,"key":"SMITH"},{"data":"bronze:Virus","floor":45,"key":"SMITH"}],"circlet_count":0,"master_deck":["bronze:Strike+1","bronze:Strike+1","bronze:Strike+1","bronze:Defend+1","bronze:Defend+1","bronze:Defend+1","bronze:Defend+1","bronze:Replicate","bronze:Goto","Hyperbeam+1","bronze:GetLatest+1","bronze:FollowUp","bronze:WhirlingStrike","bronze:MaxOutput+1","bronze:ForceShield","bronze:Repulsor+1","bronze:ItsAFeature","bronze:HardenedForm+1","bronze:ItsAFeature","bronze:Backtrace","bronze:Shield","bronze:FindAndReplace","bronze:ClassDefault","bronze:GetLatest+1","bronze:CleanCode","bronze:Virus+1","bronze:WildBeam+1","bronze:DelayedGuard+1","bronze:ChosenStrike","bronze:Philosophize","bronze:MaxOutput","bronze:Boost"],"relics":["bronze:BronzeCore","HushsDoor","REME_ComplimentaryCards","Leech","Kunai","DeathBook","Mummified Hand","MerchantsRug","Black Star","Potion Belt","downfall:HeartBlessingBlue","Pen Nib","Blue Candle","bronze:MakeshiftBattery","downfall:HeartBlessingRed","downfall:HeartBlessingGreen","bronze:BottledCode","Regal Pillow","Boot","Meat on the Bone","SalivaCoin","Shuriken","REME_HandOfSuture","Anchor","TheAbacus"],"acts_visited":["Exordium","TheCity","TheBeyond","TheEnding"],"potions_floor_usage":[8,15,23,23,42,44,50,50,50,50,50],"damage_taken":[{"damage":2,"enemies":"Small Slimes","floor":3,"turns":2},{"damage":6,"enemies":"Jaw Worm","floor":4,"turns":2},{"damage":18,"enemies":"3 Sentries","floor":6,"turns":3},{"damage":17,"enemies":"Lagavulin","floor":9,"turns":4},{"damage":3,"enemies":"downfall:FleeingMerchant","floor":10,"turns":4},{"damage":0,"enemies":"Cultist","floor":11,"turns":2},{"damage":0,"enemies":"Gremlin Nob","floor":13,"turns":2},{"damage":0,"enemies":"downfall:FleeingMerchant","floor":14,"turns":4},{"damage":3,"enemies":"Blue Slaver","floor":15,"turns":2},{"damage":31,"enemies":"DF_ARCHETYPE_STREAMLINE","floor":16,"turns":6},{"damage":7,"enemies":"Shell Parasite","floor":19,"turns":3},{"damage":2,"enemies":"Chosen","floor":22,"turns":4},{"damage":6,"enemies":"Gremlin Leader","floor":23,"turns":5},{"damage":1,"enemies":"3 Cultists","floor":25,"turns":3},{"damage":27,"enemies":"Snake Plant","floor":27,"turns":3},{"damage":0,"enemies":"Slavers","floor":28,"turns":2},{"damage":11,"enemies":"Centurion and Healer","floor":29,"turns":5},{"damage":17,"enemies":"Cultist and Chosen","floor":30,"turns":4},{"damage":15,"enemies":"Snecko","floor":31,"turns":3},{"damage":3,"enemies":"Snake Plant","floor":32,"turns":3},{"damage":13,"enemies":"WA_ARCHETYPE_CALM","floor":33,"turns":9},{"damage":0,"enemies":"3 Darklings","floor":36,"turns":2},{"damage":0,"enemies":"Orb Walker","floor":37,"turns":2},{"damage":0,"enemies":"Reptomancer","floor":42,"turns":2},{"damage":0,"enemies":"Sphere and 2 Shapes","floor":43,"turns":1},{"damage":39,"enemies":"Nemesis","floor":44,"turns":10},{"damage":0,"enemies":"Transient","floor":46,"turns":5},{"damage":12,"enemies":"4 Shapes","floor":47,"turns":1},{"damage":0,"enemies":"downfall:FleeingMerchant","floor":48,"turns":2},{"damage":6,"enemies":"Writhing Mass","floor":49,"turns":3},{"damage":80,"enemies":"IC_BLOCK_ARCHETYPE","floor":50,"turns":7}],"seed_played":"777952629648710724","potions_obtained":[{"floor":3,"key":"REME_GoldPotion"},{"floor":11,"key":"Weak Potion"},{"floor":15,"key":"Fruit Juice"},{"floor":19,"key":"Block Potion"},{"floor":22,"key":"REME_GoldPotion"},{"floor":28,"key":"PowerPotion"},{"floor":29,"key":"bronze:CleanCodePotion"},{"floor":30,"key":"champ:CounterPotion"},{"floor":36,"key":"Fire Potion"},{"floor":43,"key":"Regen Potion"},{"floor":44,"key":"LiquidMemories"},{"floor":47,"key":"AttackPotion"}],"is_trial":false,"path_per_floor":["R","?","M","M","?","E","T","R","E","$","M","R","E","$","M","B",null,"R","M","?","?","M","E","T","M","R","M","E","M","M","M","M","B",null,"R","M","M","?","?","R","T","E","M","E","R","M","M","$","M","B",null],"character_chosen":"THE_AUTOMATON","items_purchased":["MerchantsRug","bronze:Repulsor","REME_HandOfSuture","Anchor","TheAbacus","bronze:Philosophize","bronze:MaxOutput"],"campfire_rested":0,"item_purchase_floors":[10,14,48,48,48,48,48],"current_hp_per_floor":[77,84,83,78,63,47,47,47,33,34,35,35,43,47,50,24,99,99,93,93,93,94,92,92,93,103,79,80,73,59,46,45,40,109,109,109,109,123,113,113,113,113,113,78,78,83,71,72,68,20],"gold":276,"neow_bonus":"TEN_PERCENT_HP_BONUS","is_daily":false,"chose_seed":false,"campfire_upgraded":7,"win_rate":0.0,"timestamp":1612098415,"path_taken":["R","?","M","M","?","E","T","R","E","?","M","R","E","$","M","BOSS","R","M","?","?","M","E","T","M","R","M","E","M","M","M","M","BOSS","R","M","?","?","?","R","T","E","M","E","R","M","M","$","M","BOSS"],"items_purchased_type":["Relic","Card","Relic","Relic","Relic","Card","Card"],"build_version":"2020-12-22","purchased_purges":1,"victory":true,"max_hp_per_floor":[77,87,87,87,87,87,87,87,87,87,87,87,94,94,99,99,99,99,99,99,99,99,99,99,99,109,109,109,109,109,109,109,109,109,109,109,109,123,113,113,113,113,113,113,113,113,113,113,113,113],"relic_stats":{"Regal Pillow":0,"TheAbacus":[6],"counters":[31,110],"Mummified Hand":[108],"Shuriken":[17],"Blue Candle":[0],"Pen Nib":[16],"Black Star":4,"Kunai":[52],"Boot":[80],"obtain_stats":[{"Regal Pillow":41,"bronze:BronzeCore":0,"downfall:HeartBlessingGreen":35,"Boot":42,"Leech":0,"DeathBook":7,"TheAbacus":48,"Mummified Hand":9,"downfall:HeartBlessingBlue":26,"Strawberry":13,"Kunai":6,"KeepersGift":0,"Potion Belt":23,"MerchantsRug":10,"Pear":2,"downfall:HeartBlessingRed":35,"Blue Candle":28,"BookOfRevelations":5,"Pen Nib":28,"MawBank":23,"bronze:BottledCode":39,"Anchor":48,"Shuriken":44,"REME_HandOfSuture":48,"Black Star":17,"SalivaCoin":44,"HushsDoor":0,"bronze:MakeshiftBattery":34,"REME_ComplimentaryCards":0,"Meat on the Bone":42},{"Regal Pillow":23,"bronze:BronzeCore":0,"downfall:HeartBlessingGreen":21,"Boot":24,"Leech":0,"DeathBook":3,"TheAbacus":29,"Mummified Hand":4,"downfall:HeartBlessingBlue":14,"Strawberry":7,"Kunai":3,"KeepersGift":0,"Potion Belt":13,"MerchantsRug":5,"Pear":0,"downfall:HeartBlessingRed":21,"Blue Candle":16,"BookOfRevelations":2,"Pen Nib":16,"MawBank":13,"bronze:BottledCode":23,"Anchor":29,"Shuriken":26,"REME_HandOfSuture":29,"Black Star":10,"SalivaCoin":26,"HushsDoor":0,"bronze:MakeshiftBattery":21,"REME_ComplimentaryCards":0,"Meat on the Bone":24},{"Regal Pillow":79,"bronze:BronzeCore":0,"downfall:HeartBlessingGreen":75,"Boot":81,"Leech":0,"DeathBook":7,"TheAbacus":100,"Mummified Hand":11,"downfall:HeartBlessingBlue":46,"Strawberry":19,"Kunai":7,"KeepersGift":0,"Potion Belt":43,"MerchantsRug":15,"Pear":0,"downfall:HeartBlessingRed":75,"Blue Candle":51,"BookOfRevelations":4,"Pen Nib":51,"MawBank":43,"bronze:BottledCode":79,"Anchor":100,"Shuriken":92,"REME_HandOfSuture":100,"Black Star":31,"SalivaCoin":92,"HushsDoor":0,"bronze:MakeshiftBattery":75,"REME_ComplimentaryCards":0,"Meat on the Bone":81}],"Meat on the Bone":12},"card_choices":[{"not_picked":["bronze:Deprecate","bronze:DelayedGuard"],"picked":"bronze:GetLatest","floor":3},{"not_picked":["bronze:DarkDash","bronze:GetLatest"],"picked":"bronze:FollowUp","floor":4},{"not_picked":["bronze:DelayedGuard","bronze:BuggyMess"],"picked":"bronze:WhirlingStrike","floor":6},{"not_picked":["bronze:CutThrough","bronze:Repair","bronze:DelayedSlice"],"picked":"SKIP","floor":9},{"not_picked":["bronze:Frontload","bronze:Invalidate","bronze:BitShift"],"picked":"SKIP","floor":10},{"not_picked":["bronze:Invalidate","bronze:Philosophize"],"picked":"bronze:MaxOutput","floor":11},{"not_picked":["bronze:Allocate","bronze:Turbo","bronze:Return"],"picked":"SKIP","floor":13},{"not_picked":["bronze:Branch","bronze:ChosenStrike"],"picked":"bronze:ForceShield","floor":14},{"not_picked":["bronze:ChosenStrike","bronze:BronzeOrb"],"picked":"bronze:ItsAFeature","floor":15},{"not_picked":["bronze:Break","bronze:CleanCode"],"picked":"bronze:HardenedForm","floor":16},{"not_picked":["bronze:Iterate","bronze:OilSpill"],"picked":"bronze:ItsAFeature","floor":19},{"not_picked":["bronze:WhirlingStrike","bronze:Shield","bronze:CloningBeam+1"],"picked":"SKIP","floor":22},{"not_picked":["bronze:BronzeOrb","bronze:OilSpill","bronze:GetLatest"],"picked":"SKIP","floor":23},{"not_picked":["bronze:Turbo","bronze:BitShift"],"picked":"bronze:Backtrace","floor":25},{"not_picked":["bronze:CutThrough","bronze:WildBeam+1"],"picked":"bronze:Shield","floor":27},{"not_picked":["bronze:DelayedSlice","bronze:FineTuning"],"picked":"bronze:FindAndReplace","floor":28},{"not_picked":["bronze:DarkDash","bronze:Allocate"],"picked":"bronze:ClassDefault","floor":29},{"not_picked":["bronze:ClassDefault","bronze:DelayedSlice"],"picked":"bronze:GetLatest","floor":30},{"not_picked":["bronze:Branch","bronze:Invalidate","bronze:Iterate"],"picked":"SKIP","floor":31},{"not_picked":["bronze:WildBeam","bronze:WhirlingStrike+1","bronze:FollowUp"],"picked":"SKIP","floor":32},{"not_picked":["bronze:BurnOut","bronze:Assembly"],"picked":"bronze:CleanCode","floor":33},{"not_picked":["bronze:WildBeam","bronze:Deprecate","bronze:BitShift+1"],"picked":"SKIP","floor":36},{"not_picked":["bronze:FollowUp","bronze:Invalidate","bronze:Shield+1"],"picked":"SKIP","floor":37},{"not_picked":["bronze:Flail","bronze:FollowUp+1","bronze:Invalidate+1"],"picked":"SKIP","floor":42},{"not_picked":["bronze:ChosenStrike","bronze:CloningBeam+1","bronze:Deprecate+1"],"picked":"SKIP","floor":43},{"not_picked":["bronze:CutThrough","bronze:Overheat+1"],"picked":"bronze:Virus","floor":44},{"not_picked":["bronze:CutThrough","bronze:BugBarrage+1"],"picked":"bronze:WildBeam+1","floor":46},{"not_picked":["bronze:Shield","bronze:BitShift"],"picked":"bronze:DelayedGuard+1","floor":47},{"not_picked":["bronze:Flail+1","bronze:CutThrough"],"picked":"bronze:ChosenStrike","floor":48},{"not_picked":["bronze:Overheat","bronze:Repulsor+1"],"picked":"bronze:Boost","floor":49}],"player_experience":188851,"relics_obtained":[{"floor":6,"key":"Kunai"},{"floor":7,"key":"DeathBook"},{"floor":9,"key":"Mummified Hand"},{"floor":13,"key":"Strawberry"},{"floor":23,"key":"Potion Belt"},{"floor":23,"key":"MawBank"},{"floor":28,"key":"Pen Nib"},{"floor":28,"key":"Blue Candle"},{"floor":41,"key":"Regal Pillow"},{"floor":42,"key":"Boot"},{"floor":42,"key":"Meat on the Bone"},{"floor":44,"key":"SalivaCoin"},{"floor":44,"key":"Shuriken"}],"event_choices":[{"damage_healed":0,"gold_gain":0,"player_choice":"Success","damage_taken":3,"relics_obtained":["Pear"],"max_hp_gain":0,"max_hp_loss":0,"event_name":"Scrap Ooze","floor":2,"gold_loss":0},{"damage_healed":0,"gold_gain":0,"player_choice":"Ignored","damage_taken":0,"max_hp_gain":0,"max_hp_loss":0,"event_name":"Ghosts","floor":20,"gold_loss":0}],"is_beta":false,"boss_relics":[{"not_picked":["Calling Bell","Tiny House"],"picked":"Black Star"},{"not_picked":[]},{"not_picked":["ChampionBelt","REME_ChargedStone"],"picked":"bronze:MakeshiftBattery"},{"not_picked":[]}],"items_purged_floors":[48],"is_endless":false,"potions_floor_spawned":[3,11,15,19,22,28,29,30,36,43,44,47,49],"ascension_level":0}}