{"host":"dscols65uipasqd2","time":1612135263,"event":{"mods":["2.2 Compatiblity","AchievementEnabler","Aspiration","BaseMod","Colored Powertips","Downfall","Energized Spire","GifTheSpireLib","Hermit","Hubris","Infinite Spire","JesterMod","Jorbs\u0027s Wanderer Trilogy","Magitek Elite","Marisa????????","Minty Spire (QoL Compilation)","Rare Cards Sparkle","Replay The Spire","StSLib","Stuff the Spire","The Cursed","The Disciple","The Hierophant","The Judge","The Jungle","TheFirefly"],"gold_per_floor":[99,112,112,112,131,161,185,204,4,24,24,44,44,44,57,160,160,60,60,60,72,5,5,5,23,23,42,42,57,157,157,175,270,270,270,280,280,328,328,12,32,32,44,64,79,94,94,94,94,94,94],"floor_reached":54,"language":"ENG","playtime":3767,"items_purged":["StuffTheSpire:WarCurse"],"score":913,"play_id":"34dfe892-519d-42a0-b14d-0437f9d131c5","local_time":"20210131182103","is_ascension_mode":false,"campfire_choices":[{"floor":1,"key":"DIG"},{"floor":9,"key":"RECALL"},{"floor":11,"key":"REST"},{"data":"Madness","floor":20,"key":"SMITH"},{"floor":25,"key":"REST"},{"floor":28,"key":"REST"},{"floor":44,"key":"REST"}],"circlet_count":0,"master_deck":["sneckomod:Strike+1","sneckomod:Strike","sneckomod:Defend","sneckomod:Defend","sneckomod:Defend","sneckomod:TailWhip","sneckomod:SnekBite","sneckomod:Unknown","sneckomod:RainOfDice","sneckomod:Unknown3Cost","sneckomod:CheapStock","sneckomod:WideSting","sneckomod:UnendingSupply","sneckomod:UnlimitedRolls","Madness+1","sneckomod:SoulExchange","sneckomod:IronFang+1","sneckomod:MorePower","StuffTheSpire:WarGroove","sneckomod:UnknownStrike+1","sneckomod:UnknownColorless","sneckomod:UnknownRareAttack+1","sneckomod:UnknownDraw","sneckomod:UnendingSupply","sneckomod:UnendingSupply","sneckomod:Unknown0Cost+1","sneckomod:SoulDraw","sneckomod:Unknown3Cost+1","sneckomod:ImprovisedGuard+1","infinitespire:Oblivion","hubris:Fate","sneckomod:UnknownRarePower","sneckomod:UnknownBlock+1","hubris:Fate","infinitespire:Oblivion","downfall:Haunted","sneckomod:UnknownDraw+1","sneckomod:UnknownVulnerable+1","StuffTheSpire:WarCurse","sneckomod:UnknownBoss","CurseOfTheBell","sneckomod:UnknownBoss+1","sneckomod:WideSting+1","sneckomod:Nope","expansioncontent:QuickStudy","Replay:SS_hec_1","sneckomod:Rotation","Finesse","sneckomod:UnknownVulnerable+1","sneckomod:QuickMove+1","StuffTheSpire:WarCurse","sneckomod:UnknownCommonAttack+1","sneckomod:ImprovisedGuard+1","StuffTheSpire:WarCurse","sneckomod:Nope+1","StuffTheSpire:WarCurse","StuffTheSpire:WarCurse"],"relics":["sneckomod:SneckoSoul","StuffTheSpire:Experiment12","Counterbalance","StuffTheSpire:RedRose","Spirit Poop","sneckomod:SneckoCommon","downfall:HeartBlessingBlue","downfall:HeartBlessingGreen","Gem_Box","downfall:HeartBlessingRed","Whetstone","hubris:ScarierMask","Replay:Wax Seal","hubris:Teleporter","Ornamental Fan","Calling Bell","Nunchaku","hubris:TinFlute","Replay:Multitool","hubris:Reverence","Vajra","Thread and Needle"],"acts_visited":["Exordium","TheCity","TheBeyond","TheEnding"],"potions_floor_usage":[6,15,15,15,18,18,32,32,35,45,51,52,54],"damage_taken":[{"damage":6,"enemies":"Jaw Worm","floor":2,"turns":4},{"damage":0,"enemies":"Cultist","floor":5,"turns":2},{"damage":0,"enemies":"Gremlin Nob","floor":6,"turns":6},{"damage":0,"enemies":"2 Louse","floor":8,"turns":3},{"damage":22,"enemies":"Exordium Thugs","floor":10,"turns":3},{"damage":19,"enemies":"Exordium Wildlife","floor":12,"turns":5},{"damage":35,"enemies":"Gremlin Gang","floor":15,"turns":7},{"damage":38,"enemies":"IC_STATUS_ARCHETYPE","floor":18,"turns":7},{"damage":11,"enemies":"Shell Parasite","floor":23,"turns":4},{"damage":0,"enemies":"downfall:FleeingMerchant","floor":24,"turns":4},{"damage":29,"enemies":"Snake Plant","floor":27,"turns":4},{"damage":10,"enemies":"Snecko","floor":29,"turns":4},{"damage":12,"enemies":"Centurion and Healer","floor":31,"turns":3},{"damage":27,"enemies":"SI_SHIV_ARCHETYPE","floor":32,"turns":4},{"damage":5,"enemies":"3 Cultists","floor":34,"turns":4},{"damage":48,"enemies":"DF_ARCHETYPE_CLAW","floor":35,"turns":8},{"damage":33,"enemies":"3 Shapes","floor":39,"turns":4},{"damage":0,"enemies":"downfall:FleeingMerchant","floor":45,"turns":4},{"damage":2,"enemies":"3 Darklings","floor":46,"turns":4},{"damage":10,"enemies":"Transient","floor":48,"turns":5},{"damage":22,"enemies":"4 Shapes","floor":49,"turns":2},{"damage":0,"enemies":"3 Darklings","floor":50,"turns":3},{"damage":8,"enemies":"Writhing Mass","floor":51,"turns":4},{"damage":31,"enemies":"SI_POISON_ARCHETYPE","floor":52,"turns":7},{"damage":105,"enemies":"downfall:CharBossMerchant","floor":54,"turns":7}],"seed_played":"-2303616687806486118","potions_obtained":[{"floor":5,"key":"FearPotion"},{"floor":6,"key":"AttackPotion"},{"floor":10,"key":"ColorlessPotion"},{"floor":18,"key":"LiquidBronze"},{"floor":23,"key":"PowerPotion"},{"floor":34,"key":"AttackPotion"},{"floor":35,"key":"Elixir"},{"floor":39,"key":"Adrenaline Potion"},{"floor":48,"key":"ColorlessPotion"},{"floor":50,"key":"Milkshake"}],"is_trial":false,"path_per_floor":["R","M","?","?","M","E","T","M","R","M","R","M","R","?","M","B",null,"R","?","?","M","$","R","T","M","R","M","AVR","M","?","?","M","B",null,"R","M","?","T","R","$","M","?","M","M","M","M","B",null,"E"],"character_chosen":"THE_SNECKO","items_purchased":["sneckomod:UnendingSupply","Thread and Needle","expansioncontent:QuickStudy","AttackPotion","Replay:SS_hec_1"],"campfire_rested":4,"item_purchase_floors":[24,45,45,45,45],"current_hp_per_floor":[90,84,84,84,84,84,84,84,94,72,100,81,81,81,47,9,101,101,81,81,70,70,100,100,71,101,91,91,79,52,52,47,14,101,101,68,68,68,98,98,96,96,86,64,64,56,25,101,0,0,0],"gold":94,"neow_bonus":"RANDOM_COMMON_RELIC","is_daily":false,"chose_seed":false,"campfire_upgraded":1,"win_rate":0.0,"timestamp":1612135263,"path_taken":["R","M","?","?","?","E","T","M","R","M","R","M","R","?","M","BOSS","R","?","?","M","$","R","T","?","R","M","AVR","M","?","?","M","BOSS","R","?","?","T","R","?","M","?","?","M","M","M","BOSS","E"],"items_purchased_type":["Card","Relic","Card","Potion","Card"],"build_version":"2020-12-22","purchased_purges":1,"victory":false,"max_hp_per_floor":[90,90,90,90,90,90,90,90,100,100,100,100,100,100,101,101,101,101,101,101,101,101,101,101,101,101,101,101,101,101,101,101,101,101,101,101,101,101,101,101,101,101,101,101,101,101,101,101,101,101,101],"card_choices":[{"not_picked":["sneckomod:UnknownVulnerable","sneckomod:Unknown1Cost"],"picked":"sneckomod:RainOfDice","floor":2},{"not_picked":["sneckomod:RainOfDice","sneckomod:Rotation"],"picked":"sneckomod:Unknown3Cost","floor":5},{"not_picked":["sneckomod:UnknownUncommonPower","sneckomod:Rotation"],"picked":"sneckomod:CheapStock","floor":6},{"not_picked":["sneckomod:Nope","sneckomod:DiceCrush"],"picked":"sneckomod:WideSting","floor":8},{"not_picked":["sneckomod:DiceCrush","sneckomod:SoulDraw"],"picked":"sneckomod:UnendingSupply","floor":10},{"not_picked":["sneckomod:SoulRoll","sneckomod:UnknownCommonSkill"],"picked":"sneckomod:UnlimitedRolls","floor":12},{"not_picked":["sneckomod:UnknownDraw","sneckomod:DefensiveFlair"],"picked":"sneckomod:IronFang","floor":15},{"not_picked":["sneckomod:SerpentMind","sneckomod:DangerNoodle"],"picked":"sneckomod:MorePower","floor":18},{"not_picked":["sneckomod:Unknown0Cost+1","sneckomod:UnknownUncommonSkill+1"],"picked":"sneckomod:UnknownStrike+1","floor":23},{"not_picked":["sneckomod:DiceBlock","sneckomod:ImprovisedGuard"],"picked":"sneckomod:UnknownColorless","floor":23},{"not_picked":["sneckomod:Unknown2Cost+1","sneckomod:UnknownRareSkill+1"],"picked":"sneckomod:UnknownRareAttack+1","floor":24},{"not_picked":["sneckomod:DefensiveFlair+1","sneckomod:MorePower"],"picked":"sneckomod:UnknownDraw","floor":24},{"not_picked":["sneckomod:UnknownWeak+1","sneckomod:UnknownUncommonAttack+1"],"picked":"sneckomod:Unknown0Cost+1","floor":27},{"not_picked":["sneckomod:UnknownStrike","sneckomod:UnknownClassBLESSING"],"picked":"sneckomod:SoulDraw","floor":27},{"not_picked":["sneckomod:UnknownCommonAttack+1","sneckomod:Unknown2Cost+1"],"picked":"sneckomod:Unknown3Cost+1","floor":29},{"not_picked":["sneckomod:UnknownClassCULL_RED_COLOR","sneckomod:SnekBeam"],"picked":"sneckomod:ImprovisedGuard+1","floor":29},{"not_picked":["sneckomod:SnakeSap","sneckomod:UnknownDraw"],"picked":"sneckomod:UnknownRarePower","floor":31},{"not_picked":["sneckomod:UnknownClassCULL_RED_COLOR","sneckomod:DiceBlock"],"picked":"sneckomod:UnknownBlock+1","floor":32},{"not_picked":["sneckomod:Unknown1Cost+1","sneckomod:Unknown0Cost+1"],"picked":"sneckomod:UnknownDraw+1","floor":34},{"not_picked":["sneckomod:UnknownColorless","sneckomod:RainOfDice"],"picked":"sneckomod:UnknownVulnerable+1","floor":34},{"not_picked":["sneckomod:MorePower","sneckomod:UnlimitedRolls"],"picked":"sneckomod:UnknownBoss","floor":35},{"not_picked":["sneckomod:UnknownUncommonPower+1","sneckomod:UnknownCommonAttack+1"],"picked":"sneckomod:UnknownBoss+1","floor":39},{"not_picked":["sneckomod:SoulDraw","sneckomod:UnknownDraw"],"picked":"sneckomod:WideSting+1","floor":39},{"not_picked":["sneckomod:Unknown0Cost+1","sneckomod:IronFang+1"],"picked":"sneckomod:Nope","floor":45},{"not_picked":["sneckomod:Unknown1Cost+1","sneckomod:DiceCrush+1"],"picked":"sneckomod:Rotation","floor":46},{"not_picked":["sneckomod:Unknown1Cost+1","sneckomod:UnknownCommonSkill+1"],"picked":"sneckomod:UnknownVulnerable+1","floor":48},{"not_picked":["sneckomod:UnknownCommonAttack+1","sneckomod:UnknownClassBLESSING"],"picked":"sneckomod:QuickMove+1","floor":48},{"not_picked":["sneckomod:UnknownDraw","sneckomod:UnknownStrength"],"picked":"sneckomod:UnknownCommonAttack+1","floor":49},{"not_picked":["sneckomod:CheapStock","sneckomod:DefensiveFlair+1"],"picked":"sneckomod:ImprovisedGuard+1","floor":50},{"not_picked":["sneckomod:DiceBlock","sneckomod:UnknownCommonAttack+1"],"picked":"sneckomod:Nope+1","floor":51}],"player_experience":514731,"relics_obtained":[{"floor":1,"key":"Counterbalance"},{"floor":6,"key":"sneckomod:SneckoCommon"},{"floor":26,"key":"Whetstone"},{"floor":32,"key":"hubris:Teleporter"},{"floor":32,"key":"Ornamental Fan"},{"floor":36,"key":"Nunchaku"},{"floor":36,"key":"hubris:TinFlute"},{"floor":36,"key":"Replay:Multitool"},{"floor":41,"key":"hubris:Reverence"},{"floor":43,"key":"Vajra"}],"event_choices":[{"cards_removed":["Regret"],"damage_healed":0,"gold_gain":0,"player_choice":"Offered Curse","damage_taken":0,"relics_obtained":["Spirit Poop"],"max_hp_gain":0,"max_hp_loss":0,"event_name":"Bonfire Elementals","floor":4,"gold_loss":0}],"is_beta":false,"boss_relics":[{"not_picked":["aspiration:RunicSpoon","SacredBark"],"picked":"Gem_Box"},{"not_picked":["Busted Crown","Pandora\u0027s Box"],"picked":"Calling Bell"}],"items_purged_floors":[30],"is_endless":false,"potions_floor_spawned":[5,6,10,18,23,34,35,39,48,50],"killed_by":"downfall:CharBossMerchant","ascension_level":0}}