{"host":"06e3yyzgn8o619wl","time":1612073537,"event":{"mods":["BaseMod","Block Reminder","Colored Map","Colored Powertips","DeckTracker","Minty Spire (QoL Compilation)","Permanent Neow","Relic Stats","StSLib"],"gold_per_floor":[117,130,30,30,30,55,70,94,94,106,133,152,152,172,172,275,275,293,304,324,324,324,324],"floor_reached":22,"language":"JPN","playtime":1926,"items_purged":["Pain"],"score":322,"play_id":"5b11a626-62f9-46a7-bb4d-e753fb52758e","local_time":"20210131151217","is_ascension_mode":true,"campfire_choices":[{"floor":15,"key":"REST"}],"circlet_count":0,"master_deck":["Strike_P","Defend_P","Defend_P","Defend_P","Eruption","Vigilance","PathToVictory","EmptyMind","FearNoEvil","FlurryOfBlows","FlurryOfBlows","BowlingBash","Evaluate","ThirdEye","Evaluate","Indignation","DeusExMachina","MentalFortress","ConjureBlade","EmptyBody"],"relics":["PureWater","Blood Vial","Strawberry","Question Card","Toy Ornithopter","Busted Crown"],"acts_visited":["Exordium","TheCity"],"potions_floor_usage":[10,16,16,19],"damage_taken":[{"damage":9,"enemies":"2 Louse","floor":1,"turns":3},{"damage":4,"enemies":"Jaw Worm","floor":2,"turns":4},{"damage":15,"enemies":"Lagavulin","floor":6,"turns":3},{"damage":0,"enemies":"Small Slimes","floor":7,"turns":2},{"damage":11,"enemies":"Looter","floor":10,"turns":2},{"damage":16,"enemies":"3 Sentries","floor":11,"turns":11},{"damage":9,"enemies":"3 Louse","floor":12,"turns":3},{"damage":1,"enemies":"Exordium Wildlife","floor":14,"turns":3},{"damage":0,"enemies":"Slime Boss","floor":16,"turns":7},{"damage":8,"enemies":"Spheric Guardian","floor":18,"turns":5},{"damage":38,"enemies":"3 Byrds","floor":19,"turns":6},{"damage":22,"enemies":"Centurion and Healer","floor":20,"turns":6},{"damage":16,"enemies":"Sentry and Sphere","floor":22,"turns":2}],"seed_played":"8960334333340748154","potions_obtained":[{"floor":6,"key":"Weak Potion"},{"floor":11,"key":"AttackPotion"},{"floor":12,"key":"Fire Potion"},{"floor":14,"key":"EssenceOfSteel"},{"floor":19,"key":"FearPotion"}],"is_trial":false,"path_per_floor":["M","M","$","?","?","E","M","T","T","M","E","M","?","M","R","B",null,"M","M","M","?","M"],"character_chosen":"WATCHER","items_purchased":["FlurryOfBlows"],"campfire_rested":1,"item_purchase_floors":[3],"current_hp_per_floor":[56,52,52,45,45,30,32,39,39,30,16,9,9,10,33,45,71,65,34,14,5,0,0],"gold":324,"neow_bonus":"TRANSFORM_TWO_CARDS","is_daily":false,"chose_seed":false,"campfire_upgraded":0,"win_rate":0.0,"timestamp":1612073537,"path_taken":["M","M","$","?","?","E","M","?","T","M","E","M","?","M","R","BOSS","M","M","M","?","M"],"items_purchased_type":["Card"],"build_version":"2020-12-22","purchased_purges":1,"victory":false,"max_hp_per_floor":[72,72,72,72,72,72,72,79,79,79,79,79,79,79,79,79,79,79,79,79,79,79,79],"relic_stats":{"Blood Vial":20,"Busted Crown":6,"counters":[13,57],"Question Card":8,"obtain_stats":[{"Blood Vial":6,"Busted Crown":17,"Strawberry":8,"PureWater":0,"Question Card":9,"Toy Ornithopter":11},{"Blood Vial":3,"Busted Crown":9,"Strawberry":4,"PureWater":0,"Question Card":4,"Toy Ornithopter":6},{"Blood Vial":10,"Busted Crown":38,"Strawberry":12,"PureWater":0,"Question Card":12,"Toy Ornithopter":25}],"Toy Ornithopter":15},"card_choices":[{"not_picked":["BowlingBash","CutThroughFate"],"picked":"FearNoEvil","floor":1},{"not_picked":["Collect","Pray"],"picked":"FlurryOfBlows","floor":2},{"not_picked":["EmptyBody","Study"],"picked":"Evaluate","floor":6},{"not_picked":["EmptyFist","WindmillStrike"],"picked":"ThirdEye","floor":7},{"not_picked":["SashWhip","ThirdEye","ForeignInfluence"],"picked":"Evaluate","floor":10},{"not_picked":["Meditate","Perseverance","PathToVictory"],"picked":"Indignation","floor":11},{"not_picked":["PathToVictory","Crescendo","Worship"],"picked":"DeusExMachina","floor":12},{"not_picked":["FlyingSleeves","BowlingBash","Evaluate"],"picked":"MentalFortress","floor":14},{"not_picked":["Devotion","SpiritShield","DevaForm"],"picked":"ConjureBlade","floor":16},{"not_picked":["FlyingSleeves","PathToVictory"],"picked":"SKIP","floor":18},{"not_picked":["BowlingBash"],"picked":"EmptyBody","floor":19},{"not_picked":["EmptyFist","InnerPeace"],"picked":"SKIP","floor":20}],"player_experience":128008,"relics_obtained":[{"floor":6,"key":"Blood Vial"},{"floor":8,"key":"Strawberry"},{"floor":9,"key":"Question Card"},{"floor":11,"key":"Toy Ornithopter"}],"event_choices":[{"cards_removed":["Defend_P"],"damage_healed":0,"gold_gain":0,"player_choice":"Card Removal","damage_taken":7,"max_hp_gain":0,"max_hp_loss":0,"event_name":"Golden Wing","floor":4,"gold_loss":0},{"damage_healed":0,"gold_gain":0,"cards_transformed":["Strike_P"],"player_choice":"Change","damage_taken":0,"max_hp_gain":0,"max_hp_loss":0,"event_name":"Living Wall","floor":5,"gold_loss":0,"cards_obtained":["BowlingBash"]},{"damage_healed":0,"gold_gain":0,"player_choice":"Ignored","damage_taken":0,"max_hp_gain":0,"max_hp_loss":0,"event_name":"Shining Light","floor":13,"gold_loss":0},{"damage_healed":0,"gold_gain":0,"player_choice":"Stopped","damage_taken":9,"max_hp_gain":0,"max_hp_loss":0,"event_name":"Cursed Tome","floor":21,"gold_loss":0}],"is_beta":false,"boss_relics":[{"not_picked":["Coffee Dripper","SlaversCollar"],"picked":"Busted Crown"}],"items_purged_floors":[3],"is_endless":false,"potions_floor_spawned":[6,11,12,14,19],"killed_by":"Sentry and Sphere","ascension_level":6}}