{"host":"6drv1qzpbnls60z2","time":1612085251,"event":{"mods":["ATMod(°¢èªMod)","Act Like it!","Arknights","BaseMod","Hallownest","Minty Spire (QoL Compilation)","Reimu£¨²©ÀöÁéÃÎ£©","Replay The Spire","Shop Mod","Spicy Shops","StSLib","The Dragon Tamer","Uncapped","¡¾ÒÅÎï¿¨ÅÆ¡¿REMEMod","²ÐÁôÖ®Îï","óô»ðÖ¸ÄÏ"],"gold_per_floor":[116,131,50,66,76,76,76,76,76,111,137,171,171,204,43,119,119,138,138,50,60,60,60,60,85,109,109,109,153,168,118,118,197,197,216,261,261,280,17,17,27,27,27,52,52,68,78,78,78,155,155,155],"floor_reached":51,"language":"ZHS","playtime":3161,"items_purged":["CommonCold","Pain","DTMod:WarmUp"],"score":1784,"play_id":"9c510225-be98-41ff-9000-ae9066818d47","local_time":"20210131172731","daily_mods":["SealedDeck","Flight"],"is_ascension_mode":true,"campfire_choices":[{"data":"ats:Composite Medical Shells","floor":6,"key":"SMITH"},{"data":"AT_Dispersion","floor":7,"key":"SMITH"},{"data":"ats:Phantom","floor":8,"key":"SMITH"},{"data":"DTMod:WarmUp","floor":13,"key":"SMITH"},{"data":"ats:Serious Mode","floor":23,"key":"SMITH"},{"data":"ats:Encircling Forest","floor":24,"key":"SMITH"},{"floor":28,"key":"REST"},{"data":"ats:Directed Diagnosis","floor":32,"key":"SMITH"},{"data":"DTMod:BurningEnergy","floor":40,"key":"SMITH"},{"data":"ats:Healing Drone","floor":42,"key":"SMITH"},{"data":"ats:Absolute Focus","floor":45,"key":"SMITH"},{"data":"ats:Apocalypse","floor":49,"key":"SMITH"}],"circlet_count":0,"master_deck":["AscendersBane","AT_Dispersion+1","Swivel","DTMod:BurningEnergy+1","ats:Apocalypse+1","ats:Apocalypse","ats:Closed Bolt Burst Fire","ats:Apocalypse","ats:Explosion Area Strengthen","ats:Flexible Camouflage","ats:Overload","DTMod:WarmUp+1","ats:Phantom+1","ats:Overload","ats:Directed Diagnosis+1","ats:Composite Medical Shells+1","ats:Hook Shot","ats:Thermite Blade","ats:Leaping Hammer","ats:Serious Mode+1","ats:Encircling Forest+1","ats:Nebulous Foxfire","ats:Chain Hook","DTMod:InvisibleFlame","ats:Neurotoxin","ats:Healing Drone+1","DTMod:CleansingStrike+1","ats:Absolute Focus+1","ats:Shell Defense","ats:Charging Defense","ats:Beaten Up+1","ats:Explosion Area Strengthen"],"relics":["ats:Sanity","AT_ATBox","REME_ComplimentaryCards","Nunchaku","ats:Originium","ats:Bonebreaker","ats:Remnant Ash","Smiling Mask","Pear","ReplayTheSpireMod:CursedCoin","Centennial Puzzle","AT_TrinityForce","MutagenicStrength","StrikeDummy","MealTicket","PlaceholderMod:LiveLive","Unceasing Top","MerchantsRug","Frozen Egg 2","Gremlin Horn"],"acts_visited":["Exordium","TheCity","TheBeyond"],"potions_floor_usage":[11,16,25,25,44,50],"damage_taken":[{"damage":10,"enemies":"2 Louse","floor":1,"turns":3},{"damage":7,"enemies":"Small Slimes","floor":2,"turns":4},{"damage":12,"enemies":"Jaw Worm","floor":4,"turns":3},{"damage":28,"enemies":"Exordium Wildlife","floor":5,"turns":3},{"damage":21,"enemies":"Lagavulin","floor":10,"turns":5},{"damage":27,"enemies":"Gremlin Nob","floor":11,"turns":4},{"damage":21,"enemies":"Lagavulin","floor":12,"turns":7},{"damage":37,"enemies":"Gremlin Nob","floor":14,"turns":4},{"damage":68,"enemies":"Fading Forest","floor":16,"turns":13},{"damage":12,"enemies":"Chosen","floor":18,"turns":3},{"damage":15,"enemies":"Shell Parasite","floor":21,"turns":2},{"damage":40,"enemies":"Replay:Snechameleon","floor":25,"turns":6},{"damage":0,"enemies":"Snake Plant","floor":30,"turns":1},{"damage":24,"enemies":"Champ","floor":33,"turns":7},{"damage":12,"enemies":"Orb Walker","floor":35,"turns":2},{"damage":48,"enemies":"2 Orb Walkers","floor":36,"turns":4},{"damage":18,"enemies":"3 Shapes","floor":38,"turns":4},{"damage":36,"enemies":"Reptomancer","floor":44,"turns":3},{"damage":0,"enemies":"Spire Growth","floor":46,"turns":2},{"damage":23,"enemies":"3 Darklings","floor":47,"turns":3},{"damage":5058,"enemies":"Donu and Deca","floor":50,"turns":5},{"damage":35,"enemies":"Replay:Hell Engine","floor":51,"turns":2}],"seed_played":"2906364101863225608","potions_obtained":[{"floor":2,"key":"SteroidPotion"},{"floor":4,"key":"Block Potion"},{"floor":5,"key":"ColorlessPotion"},{"floor":16,"key":"PowerPotion"},{"floor":21,"key":"ColorlessPotion"},{"floor":29,"key":"FairyPotion"},{"floor":33,"key":"Milkshake"},{"floor":36,"key":"DistilledChaos"},{"floor":44,"key":"Ancient Potion"}],"is_trial":true,"path_per_floor":["M","M","$","M","M","R","R","R","T","E","E","E","R","E","R","B",null,"M","?","$","M","?","R","R","E","T","?","R","?","M","$","R","B",null,"M","?","?","M","$","R","$","R","T","E","R","M","M","?","R","B","B"],"character_chosen":"DOCTOR_CLASS","items_purchased":["ats:Composite Medical Shells","ats:Encircling Forest","ReplayTheSpireMod:CursedCoin","Centennial Puzzle","ats:Chain Hook","MerchantsRug","ats:Shell Defense"],"campfire_rested":1,"item_purchase_floors":[3,15,15,15,20,39,39],"current_hp_per_floor":[67,64,64,64,48,48,48,48,48,47,28,31,31,16,16,4,63,59,59,59,48,48,48,48,16,16,7,31,31,31,46,46,49,74,62,23,23,30,45,45,60,60,60,33,33,36,36,41,41,24,0,0],"gold":155,"neow_bonus":"","is_daily":false,"chose_seed":false,"campfire_upgraded":11,"win_rate":0.0,"timestamp":1612085251,"path_taken":["M","M","$","M","M","R","R","R","T","E","E","E","R","E","R","BOSS","M","?","$","M","?","R","R","E","T","?","R","?","?","$","R","BOSS","M","?","?","M","$","R","$","R","T","E","R","M","?","?","R","BOSS","BOSS"],"items_purchased_type":["Card","Card","Relic","Relic","Card","Relic","Card"],"build_version":"2020-12-22","purchased_purges":3,"victory":false,"max_hp_per_floor":[72,72,72,72,72,72,72,72,72,72,72,72,72,82,82,82,82,82,82,82,82,82,82,82,82,82,82,82,82,82,82,82,82,82,82,82,82,82,82,82,82,82,82,82,82,82,82,82,82,82,82,82],"card_choices":[{"not_picked":["DTMod:Cover","DTMod:CalculatedDefense"],"picked":"ats:Overload","floor":1},{"not_picked":["ats:Hammer On","DTMod:GhostSkin"],"picked":"ats:Directed Diagnosis","floor":2},{"not_picked":["DTMod:ComboAttack","ats:Soul Absorption"],"picked":"ats:Hook Shot","floor":4},{"not_picked":["DTMod:LowKick","DTMod:Dissolve"],"picked":"ats:Thermite Blade","floor":5},{"not_picked":["ats:Curse Doll","DTMod:Harmonize","DTMod:Cover"],"picked":"SKIP","floor":10},{"not_picked":["DTMod:Cover","DTMod:Conduct"],"picked":"ats:Leaping Hammer","floor":11},{"not_picked":["ats:Thorns","DTMod:ComboAttack"],"picked":"DTMod:WarmUp","floor":12},{"not_picked":["ats:Sunburst","ats:Magnetic Hammer"],"picked":"ats:Serious Mode","floor":14},{"not_picked":["DTMod:Safeguard","DTMod:GearUp"],"picked":"ats:Nebulous Foxfire","floor":16},{"not_picked":["ats:Curse Doll","DTMod:Hide"],"picked":"ats:Guard Mode","floor":18},{"not_picked":["DTMod:TagTeam","DTMod:Feint"],"picked":"DTMod:InvisibleFlame","floor":21},{"not_picked":["ats:True Silver Slash","ats:Mental Burst"],"picked":"ats:Neurotoxin","floor":25},{"not_picked":["ats:Part Time Job","DTMod:BlazingStrike"],"picked":"ats:Healing Drone","floor":29},{"not_picked":["ats:Closed Bolt Burst Fire","DTMod:PurifyingFlame"],"picked":"DTMod:CleansingStrike+1","floor":30},{"not_picked":["DTMod:TauntingStrike","ats:Curse Doll"],"picked":"ats:Absolute Focus","floor":35},{"not_picked":["DTMod:Threaten","DTMod:Hide","DTMod:Weaken"],"picked":"SKIP","floor":38},{"not_picked":["ats:Sword Rain","ats:Shadow Assault"],"picked":"ats:Charging Defense","floor":44},{"not_picked":["ats:Shell Defense","DTMod:Feint+1"],"picked":"ats:Beaten Up+1","floor":46},{"not_picked":["ats:Thorns+1","DTMod:ComboAttack"],"picked":"ats:Explosion Area Strengthen","floor":47}],"player_experience":157791,"relics_obtained":[{"floor":9,"key":"Nunchaku"},{"floor":10,"key":"ats:Originium"},{"floor":10,"key":"ats:Bonebreaker"},{"floor":11,"key":"ats:Originium"},{"floor":11,"key":"ats:Remnant Ash"},{"floor":12,"key":"ats:Originium"},{"floor":12,"key":"Smiling Mask"},{"floor":14,"key":"ats:Originium"},{"floor":14,"key":"Pear"},{"floor":25,"key":"StrikeDummy"},{"floor":26,"key":"MealTicket"},{"floor":29,"key":"Replay:Bottled Snecko"},{"floor":36,"key":"Unceasing Top"},{"floor":43,"key":"Frozen Egg 2"},{"floor":44,"key":"Gremlin Horn"}],"event_choices":[{"damage_healed":0,"gold_gain":0,"player_choice":"Ignored","damage_taken":0,"max_hp_gain":0,"max_hp_loss":0,"event_name":"Ghosts","floor":19,"gold_loss":0},{"damage_healed":0,"gold_gain":0,"player_choice":"Inject Mutagens","damage_taken":0,"relics_obtained":["MutagenicStrength"],"max_hp_gain":0,"max_hp_loss":0,"event_name":"Drug Dealer","floor":22,"gold_loss":0},{"damage_healed":0,"gold_gain":0,"player_choice":"Stopped","damage_taken":9,"max_hp_gain":0,"max_hp_loss":0,"event_name":"Cursed Tome","floor":27,"gold_loss":0},{"damage_healed":0,"gold_gain":0,"player_choice":"Fight","damage_taken":0,"max_hp_gain":0,"max_hp_loss":0,"event_name":"Mysterious Sphere","floor":36,"gold_loss":0},{"damage_healed":0,"gold_gain":0,"player_choice":"Got Potions","damage_taken":0,"max_hp_gain":0,"max_hp_loss":0,"event_name":"Lab","floor":37,"gold_loss":0},{"cards_removed":["ats:Guard Mode"],"damage_healed":5,"gold_gain":0,"player_choice":"Offered Common","damage_taken":0,"max_hp_gain":0,"max_hp_loss":0,"event_name":"Bonfire Elementals","floor":48,"gold_loss":0},{"cards_removed":["ats:Guard Mode"],"damage_healed":5,"gold_gain":0,"player_choice":"Offered Special","damage_taken":0,"max_hp_gain":0,"max_hp_loss":0,"event_name":"Bonfire Elementals","floor":48,"gold_loss":0}],"is_beta":false,"boss_relics":[{"not_picked":["Replay:Bronze Core","Snecko Eye"],"picked":"AT_TrinityForce"},{"not_picked":["ChewingGum","Kintsugi"],"picked":"PlaceholderMod:LiveLive"}],"items_purged_floors":[15,31,41],"is_endless":true,"potions_floor_spawned":[2,4,5,16,21,33,36,44,46],"killed_by":"Replay:Hell Engine","ascension_level":20}}