{"host":"nx6ib2o6hmd449ys","time":1612085622,"event":{"mods":["100% Spire Juice","2.2 Compatiblity","Act Like it!","Arknights The Spire","Aspiration","BaseMod","BetterRewards","CCEM","Challenge The Spire","Clockwork Mod","Colorless Booster Pack","Conjunction","Conspire","Dota2Spire","Downfall","Energized Spire","Fox Events","Friendly Minions","Gensokyo","GifTheSpireLib","GungeonMod","Halation","Hermit","HornydragonMod","Hubris","Infinite Spire","Jedi Mod","Kalas","Luminous","Marisa????????","Minty Spire (QoL Compilation)","MostiFishMod","Pale of the Ancients","Quick Restart","RRrroohrrRGHHhhh!!","Rare Cards Sparkle","RatMod","Reliquary","Remilia??????","Replay The Spire","Retaliation","RumiaBox-????????","Shop Mod","Slay the StarCraft II Mod","Small Relic Pack","Spicy Shops","Spikes Relics","Spire Arcade","StS++","StSLib","Stuff the Spire","SuperFastMode","TestMod","The Administrix","The Bladedancer","The Blue Laboratory","The Factory","The Jungle","Wandering Minibosses","Wide Potions","Yuyuko","[IsaacMod]????","noobMod","sanctuary","vexMod","??????REMEMod"],"gold_per_floor":[720,459,490,517,551,551,551],"floor_reached":6,"language":"ENG","playtime":305,"items_purged":["Decay"],"score":60,"play_id":"6d90ef96-6765-4b21-91c9-1555710a234c","local_time":"20210131103342","daily_mods":["challengethespire:Bronze Difficulty","challengethespire:Elite Rush","Uncertain Future"],"is_ascension_mode":false,"campfire_choices":[],"circlet_count":0,"master_deck":["Strike_R","Strike_R","Strike_R","Strike_R","Strike_R","Defend_R","Defend_R","Defend_R","Defend_R","Bash","expansioncontent:YouAreMine","Flex","Cleave","Reaper"],"relics":["Burning Blood","Black Star","Sling","PreservedInsect","testmod-TestBox","ice","HushsDoor","DaveBox","REME_ComplimentaryCards","DeadEye","testmod-CrystalShield","ThornShield","BloodDonationMachine","Dota2Spire:PowerTreads","Dota2Spire:Desolator","Happy Flower","testmod-IndustrialRevolution","BookOfRevelations","Blue Doll","DemoMod:GlassGuonStoneRelic","CCEMRelics:WhiteRose","StSpp:BrokenTotem","reliquary:RedCape"],"acts_visited":["Exordium","TheCity","TheBeyond"],"potions_floor_usage":[],"damage_taken":[{"damage":10,"enemies":"Gremlin Nob","floor":3,"turns":3},{"damage":17,"enemies":"Lagavulin","floor":4,"turns":3},{"damage":4,"enemies":"3 Sentries","floor":5,"turns":4}],"seed_played":"2034908086265422584","potions_obtained":[{"floor":3,"key":"blueLaboratory:FrostheartPotion"},{"floor":4,"key":"Languid Potion"},{"floor":5,"key":"jedi:tentaclejuice"}],"is_trial":true,"path_per_floor":["$","$","E","E","E","T"],"character_chosen":"IRONCLAD","items_purchased":["BloodDonationMachine","Dota2Spire:PowerTreads","Dota2Spire:Desolator"],"campfire_rested":0,"item_purchase_floors":[1,1,2],"current_hp_per_floor":[80,80,76,65,67,80,80],"gold":551,"neow_bonus":"","is_daily":false,"chose_seed":false,"campfire_upgraded":0,"win_rate":0.0,"timestamp":1612085622,"path_taken":["$","$","E","E","E","T"],"items_purchased_type":["Relic","Relic","Relic"],"build_version":"2020-12-13","purchased_purges":1,"victory":false,"max_hp_per_floor":[80,80,80,80,80,80,80],"card_choices":[],"player_experience":382450,"relics_obtained":[{"floor":3,"key":"Happy Flower"},{"floor":3,"key":"testmod-IndustrialRevolution"},{"floor":4,"key":"BookOfRevelations"},{"floor":4,"key":"Blue Doll"},{"floor":5,"key":"CCEMRelics:WhiteRose"},{"floor":5,"key":"StSpp:BrokenTotem"}],"event_choices":[],"is_beta":false,"boss_relics":[{"not_picked":["FixedStarFall","halation:ForbiddenBikini"],"picked":"reliquary:RedCape"},{"not_picked":[]},{"not_picked":[]},{"not_picked":[]}],"items_purged_floors":[1],"is_endless":false,"potions_floor_spawned":[3,4,5],"ascension_level":0}}