{"host":"39i3emxub3h8uyq3","time":1612125692,"event":{"mods":["AchievementEnabler","BaseMod","Clockwork Mod","Colored Map","Colored Powertips","DeckTracker","Downfall","Glutton Mod","Gold Saver","Hubris","Minty Spire (QoL Compilation)","Permanent Neow","Quick Restart","Rare Cards Sparkle","Replay The Spire","StSLib","The Bug Knight","The Jungle","The Necromancer","TheHeartMod","Wandering Minibosses"],"gold_per_floor":[938,953,970,938,938,938,353,353,378,392,88,112,131,131,131,256,256,269,92,108,181,181,221,221,221,247,169,183,183,203,226,226,226,226],"floor_reached":33,"language":"ENG","playtime":2055,"items_purged":["Injury"],"score":257,"play_id":"07b5d0ff-77b2-4ecd-bd33-ea1414c809f3","local_time":"20210131154132","is_ascension_mode":false,"campfire_choices":[{"data":"All Out Attack","floor":6,"key":"SMITH"},{"data":"Caltrops","floor":15,"key":"SMITH"},{"floor":24,"key":"REST"},{"floor":29,"key":"REST"},{"floor":32,"key":"REST"}],"circlet_count":0,"master_deck":["Strike_G","Strike_G","Strike_G+1","Strike_G","Strike_G","Defend_G","Defend_G","Defend_G","Defend_G","Defend_G","Survivor","Neutralize+1","All Out Attack+1","Slice","Flying Knee","Caltrops+1","A Thousand Cuts","Poisoned Stab","Dagger Throw","Deadly Poison","ReplayTheSpireMod:From All Sides","hubris:Sniper+1","Poisoned Stab","Poisoned Stab","Blade Dance+1","Slice","Underhanded Strike","Slice","Sucker Punch+1","Terror"],"relics":["Ring of the Snake","Golden Idol","TwistedFunnel","Tingsha","Whetstone","Darkstone Periapt","WristBlade","Membership Card","HornCleat","Replay:Rubber Ducky","Nloth\u0027s Gift","Anchor","Medical Kit"],"acts_visited":["Exordium","TheCity"],"potions_floor_usage":[12,12,16],"damage_taken":[{"damage":3,"enemies":"Small Slimes","floor":1,"turns":3},{"damage":0,"enemies":"Jaw Worm","floor":2,"turns":5},{"damage":1,"enemies":"Cultist","floor":3,"turns":4},{"damage":2,"enemies":"Blue Slaver","floor":10,"turns":3},{"damage":0,"enemies":"Large Slime","floor":12,"turns":2},{"damage":0,"enemies":"Exordium Wildlife","floor":13,"turns":3},{"damage":42,"enemies":"Hexaghost","floor":16,"turns":6},{"damage":10,"enemies":"3 Byrds","floor":18,"turns":3},{"damage":10,"enemies":"Shell Parasite","floor":20,"turns":5},{"damage":25,"enemies":"Replay:Snechameleon","floor":23,"turns":6},{"damage":5,"enemies":"Snake Plant","floor":28,"turns":3},{"damage":13,"enemies":"Centurion and Healer","floor":30,"turns":6},{"damage":6,"enemies":"Snecko","floor":31,"turns":4},{"damage":80,"enemies":"Collector","floor":33,"turns":5}],"seed_played":"3022538324227552899","potions_obtained":[{"floor":1,"key":"hexamod:SoulburnPotion"},{"floor":3,"key":"ColorlessPotion"},{"floor":10,"key":"DistilledChaos"},{"floor":12,"key":"sneckomod:MuddlingPotion"},{"floor":28,"key":"Swift Potion"},{"floor":30,"key":"hexamod:SoulburnPotion"}],"is_trial":false,"path_per_floor":["M","M","M","?","?","R","$","T","T","M","$","M","M","$","R","B",null,"M","$","M","?","?","E","R","?","T","$","M","R","M","M","R","B"],"character_chosen":"THE_SILENT","items_purchased":["TwistedFunnel","Caltrops","Tingsha","Darkstone Periapt","Poisoned Stab","Poisoned Stab","Membership Card","Medical Kit"],"campfire_rested":3,"item_purchase_floors":[7,7,7,11,11,19,19,27],"current_hp_per_floor":[74,74,73,73,73,73,73,73,73,71,71,71,71,71,71,29,77,67,67,57,57,57,32,55,55,55,55,50,73,60,54,77,0,0],"gold":226,"neow_bonus":"TEN_PERCENT_HP_BONUS","is_daily":false,"chose_seed":false,"campfire_upgraded":2,"win_rate":0.0,"timestamp":1612125692,"path_taken":["M","M","M","?","?","R","$","?","T","M","$","M","?","$","R","BOSS","M","$","M","?","?","E","R","?","T","$","?","R","M","M","R","BOSS"],"items_purchased_type":["Relic","Card","Relic","Relic","Card","Card","Relic","Relic"],"build_version":"2020-12-22","purchased_purges":1,"victory":false,"max_hp_per_floor":[77,77,77,77,77,77,77,77,77,77,77,77,77,77,77,77,77,77,77,77,77,77,77,77,77,77,77,77,77,77,77,77,77,77],"card_choices":[{"not_picked":["Acrobatics","Hidden Blade"],"picked":"All Out Attack","floor":1},{"not_picked":["PiercingWail","Dagger Throw"],"picked":"Slice","floor":2},{"not_picked":["Prepared","Endless Agony"],"picked":"Flying Knee","floor":3},{"not_picked":["Footwork","PiercingWail"],"picked":"A Thousand Cuts","floor":10},{"not_picked":["Distraction","Eviscerate"],"picked":"Dagger Throw","floor":12},{"not_picked":["Acrobatics","Slice"],"picked":"Deadly Poison","floor":13},{"not_picked":["Bullet Time","A Thousand Cuts"],"picked":"ReplayTheSpireMod:From All Sides","floor":16},{"not_picked":["Reflex","Accuracy"],"picked":"hubris:Sniper+1","floor":18},{"not_picked":["Deflect+1","Hidden Blade"],"picked":"Poisoned Stab","floor":20},{"not_picked":["Riddle With Holes","Expertise"],"picked":"Blade Dance+1","floor":21},{"not_picked":["Hidden Blade","Infinite Blades"],"picked":"Slice","floor":21},{"not_picked":["Wraith Form v2","Acrobatics+1"],"picked":"Underhanded Strike","floor":23},{"not_picked":["hubris:SlightOfHand+1","Dodge and Roll"],"picked":"Slice","floor":28},{"not_picked":["Flying Knee+1","Infinite Blades+1"],"picked":"Sucker Punch+1","floor":30},{"not_picked":["Masterful Stab","hubris:Counter"],"picked":"Terror","floor":31}],"player_experience":83536,"relics_obtained":[{"floor":8,"key":"Whetstone"},{"floor":9,"key":"Omamori"},{"floor":21,"key":"HornCleat"},{"floor":23,"key":"Replay:Rubber Ducky"},{"floor":26,"key":"Anchor"}],"event_choices":[{"damage_healed":0,"gold_gain":0,"player_choice":"Left Gold","damage_taken":0,"max_hp_gain":0,"max_hp_loss":0,"event_name":"World of Goop","floor":4,"gold_loss":32},{"damage_healed":0,"gold_gain":0,"player_choice":"Take Wound","damage_taken":0,"relics_obtained":["Golden Idol"],"max_hp_gain":0,"max_hp_loss":0,"event_name":"Golden Idol","floor":5,"gold_loss":0,"cards_obtained":["Injury"]},{"damage_healed":0,"gold_gain":0,"player_choice":"Ignored","damage_taken":0,"max_hp_gain":0,"max_hp_loss":0,"event_name":"Beggar","floor":22,"gold_loss":0},{"damage_healed":0,"gold_gain":0,"player_choice":"Traded Relic","damage_taken":0,"relics_obtained":["Nloth\u0027s Gift"],"max_hp_gain":0,"max_hp_loss":0,"event_name":"N\u0027loth","floor":25,"relics_lost":["Omamori"],"gold_loss":0}],"is_beta":false,"boss_relics":[{"not_picked":["Replay:Bronze Core","Philosopher\u0027s Stone"],"picked":"WristBlade"}],"items_purged_floors":[7],"is_endless":false,"potions_floor_spawned":[1,3,10,12,28,30],"killed_by":"Collector","ascension_level":0}}