{"host":"8f5cu9y0fpol72qs","time":1612053205,"event":{"mods":["AlwaysNeverKeys","BaseMod","Colored Map","Colored Powertips","Curses Come First","Highlight Path","Key Reminder","Minty Spire (QoL Compilation)","StSLib"],"gold_per_floor":[112,124,141,153,170,204,261,296,345,345,345,359,359,384,384,461,461,472,215,265,283,303,328,328,328,328,343,343,378,378,217,217,294,294,305,330,116,130,146,146,175,114,114,114,147,164,195,212,212,212,212,212,22,57,57],"floor_reached":56,"language":"ENG","playtime":4571,"items_purged":["Strike_G","Strike_G","Defend_G","Strike_G"],"score":2035,"play_id":"8968f830-f455-403e-b10e-b2cc8be13958","local_time":"20210130163325","is_ascension_mode":true,"campfire_choices":[{"data":"Poisoned Stab","floor":11.0,"key":"SMITH"},{"data":"Neutralize","floor":13.0,"key":"SMITH"},{"data":"Dash","floor":15.0,"key":"SMITH"},{"data":"Malaise","floor":25.0,"key":"SMITH"},{"data":"Bouncing Flask","floor":32.0,"key":"SMITH"},{"data":"Venomology","floor":40.0,"key":"SMITH"},{"data":"Concentrate","floor":44.0,"key":"SMITH"},{"floor":49.0,"key":"RECALL"},{"data":"Leg Sweep","floor":52.0,"key":"SMITH"}],"circlet_count":0,"master_deck":["AscendersBane","Strike_G","Strike_G","Defend_G","Defend_G","Defend_G","Defend_G","Survivor","Neutralize+1","Slice","Die Die Die","Terror+1","Cloak And Dagger","Poisoned Stab+1","Backflip","Dash+1","Malaise+1","Deflect+1","Well Laid Plans","Bouncing Flask+1","Backstab","RitualDagger","PiercingWail","Catalyst+1","Venomology+1","Bouncing Flask+1","Leg Sweep+1","Concentrate+1","Crippling Poison","Footwork"],"relics":["Ring of the Snake","Pear","Meat on the Bone","Letter Opener","Blood Vial","MealTicket","Coffee Dripper","Potion Belt","The Courier","Tiny Chest","Snake Skull","Pocketwatch","CaptainsWheel","Runic Pyramid","Vajra","PreservedInsect","Paper Crane","Omamori","Blue Candle"],"acts_visited":["Exordium","TheCity","TheBeyond","TheEnding"],"potions_floor_usage":[55,55,55,55,55,55],"damage_taken":[{"damage":1.0,"enemies":"Cultist","floor":1.0,"turns":4.0},{"damage":0.0,"enemies":"Small Slimes","floor":2.0,"turns":4.0},{"damage":0.0,"enemies":"2 Louse","floor":3.0,"turns":2.0},{"damage":4.0,"enemies":"Red Slaver","floor":4.0,"turns":3.0},{"damage":3.0,"enemies":"Looter","floor":5.0,"turns":4.0},{"damage":18.0,"enemies":"Gremlin Nob","floor":6.0,"turns":4.0},{"damage":19.0,"enemies":"Lagavulin Event","floor":7.0,"turns":4.0},{"damage":16.0,"enemies":"Lagavulin","floor":8.0,"turns":7.0},{"damage":0.0,"enemies":"Blue Slaver","floor":12.0,"turns":1.0},{"damage":30.0,"enemies":"Gremlin Nob","floor":14.0,"turns":4.0},{"damage":15.0,"enemies":"Hexaghost","floor":16.0,"turns":12.0},{"damage":5.0,"enemies":"Spheric Guardian","floor":18.0,"turns":4.0},{"damage":0.0,"enemies":"Shell Parasite","floor":21.0,"turns":5.0},{"damage":6.0,"enemies":"Snake Plant","floor":22.0,"turns":5.0},{"damage":21.0,"enemies":"Book of Stabbing","floor":23.0,"turns":6.0},{"damage":5.0,"enemies":"3 Cultists","floor":27.0,"turns":6.0},{"damage":4.0,"enemies":"Gremlin Leader","floor":29.0,"turns":7.0},{"damage":42.0,"enemies":"Automaton","floor":33.0,"turns":11.0},{"damage":0.0,"enemies":"3 Shapes","floor":35.0,"turns":6.0},{"damage":7.0,"enemies":"3 Darklings","floor":38.0,"turns":4.0},{"damage":0.0,"enemies":"Transient","floor":39.0,"turns":5.0},{"damage":0.0,"enemies":"Nemesis","floor":41.0,"turns":5.0},{"damage":32.0,"enemies":"Reptomancer","floor":45.0,"turns":5.0},{"damage":18.0,"enemies":"Spire Growth","floor":46.0,"turns":4.0},{"damage":8.0,"enemies":"Nemesis","floor":47.0,"turns":7.0},{"damage":5.0,"enemies":"Maw","floor":48.0,"turns":4.0},{"damage":14.0,"enemies":"Time Eater","floor":50.0,"turns":8.0},{"damage":14.0,"enemies":"Shield and Spear","floor":54.0,"turns":9.0},{"damage":49,"enemies":"The Heart","floor":55,"turns":11}],"seed_played":"-7407021625766903807","potions_obtained":[{"floor":2.0,"key":"Ancient Potion"},{"floor":5.0,"key":"ColorlessPotion"},{"floor":6.0,"key":"CunningPotion"},{"floor":7.0,"key":"ColorlessPotion"},{"floor":8.0,"key":"Ancient Potion"},{"floor":14.0,"key":"SmokeBomb"},{"floor":16.0,"key":"BlessingOfTheForge"},{"floor":21.0,"key":"BlessingOfTheForge"},{"floor":22.0,"key":"Strength Potion"},{"floor":23.0,"key":"DistilledChaos"},{"floor":35.0,"key":"Poison Potion"},{"floor":46.0,"key":"SkillPotion"},{"floor":48.0,"key":"SteroidPotion"}],"is_trial":false,"path_per_floor":["M","M","M","M","M","E","?","E","T","?","R","M","R","E","R","B",null,"M","$","?","M","M","E","?","R","T","M","T","E","T","$","R","B",null,"M","T","$","M","M","R","E","$","T","R","E","M","E","M","R","B",null,"R","$","E","B",null],"character_chosen":"THE_SILENT","items_purchased":["Well Laid Plans","Potion Belt","EntropicBrew","Venomology","Concentrate","Footwork","Dexterity Potion"],"campfire_rested":0,"item_purchase_floors":[19,19,31,37,42,53,53],"current_hp_per_floor":[64,64,64,60,57,49,30,26,26,26,26,40,40,24,24,23,67,64,79,79,81,76,57,51,51,51,48,48,46,46,61,61,33,70,72,72,82,75,77,77,79,82,82,82,50,46,55,52,52,52,75,75,82,68,33],"gold":57,"neow_bonus":"TEN_PERCENT_HP_BONUS","is_daily":false,"chose_seed":false,"campfire_upgraded":8,"win_rate":0.0,"timestamp":1612053205,"path_taken":["M","M","M","?","M","E","?","E","T","?","R","M","R","E","R","BOSS","M","$","?","M","?","E","?","R","T","M","?","E","?","?","R","BOSS","M","?","$","M","M","R","E","$","T","R","E","M","E","?","R","BOSS","R","$","E","BOSS"],"items_purchased_type":["Card","Relic","Potion","Card","Card","Card","Potion"],"build_version":"2020-12-22","purchased_purges":4,"victory":true,"max_hp_per_floor":[72,72,72,72,72,82,82,82,82,82,82,82,82,82,82,82,82,82,82,82,82,82,82,82,82,82,82,82,82,82,82,82,82,82,82,82,82,82,82,82,82,82,82,82,82,82,82,82,82,82,82,82,82,82,82],"card_choices":[{"not_picked":["PiercingWail","Backflip"],"picked":"Slice","floor":1.0},{"not_picked":["Cloak And Dagger","Leg Sweep"],"picked":"Die Die Die","floor":2.0},{"not_picked":["Deadly Poison","All Out Attack"],"picked":"Terror","floor":3.0},{"not_picked":["Dagger Throw","Bane"],"picked":"Cloak And Dagger","floor":4.0},{"not_picked":["Underhanded Strike","Choke"],"picked":"Poisoned Stab","floor":5.0},{"not_picked":["Masterful Stab","Cloak And Dagger","Blade Dance"],"picked":"SKIP","floor":6.0},{"not_picked":["Outmaneuver","Underhanded Strike"],"picked":"Backflip","floor":8.0},{"not_picked":["Slice","Underhanded Strike","Unload"],"picked":"SKIP","floor":12.0},{"not_picked":["Poisoned Stab","Crippling Poison"],"picked":"Dash","floor":14.0},{"not_picked":["Envenom","Night Terror"],"picked":"Malaise","floor":16.0},{"not_picked":["Flechettes","Escape Plan"],"picked":"Deflect+1","floor":18.0},{"not_picked":["Concentrate","Quick Slash","Deadly Poison"],"picked":"SKIP","floor":21.0},{"not_picked":["Dodge and Roll","Choke"],"picked":"Bouncing Flask","floor":22.0},{"not_picked":["Dagger Spray","Reflex"],"picked":"Backstab","floor":23.0},{"not_picked":["Cloak And Dagger","Prepared"],"picked":"PiercingWail","floor":27.0},{"not_picked":["Riddle With Holes+1","Quick Slash+1","Slice+1"],"picked":"SKIP","floor":29.0},{"not_picked":["Expertise","Deflect"],"picked":"Catalyst+1","floor":35.0},{"not_picked":["Backflip","Cloak And Dagger","Acrobatics"],"picked":"SKIP","floor":38.0},{"not_picked":["Prepared","Dodge and Roll"],"picked":"Bouncing Flask+1","floor":39.0},{"not_picked":["Backflip","Blade Dance+1"],"picked":"Leg Sweep","floor":41.0},{"not_picked":["Terror+1","Flying Knee+1","Deflect"],"picked":"SKIP","floor":45.0},{"not_picked":["Catalyst","Blade Dance"],"picked":"Crippling Poison","floor":46.0},{"not_picked":["Distraction","Cloak And Dagger+1","Deadly Poison"],"picked":"SKIP","floor":47.0},{"not_picked":["Cloak And Dagger","Sucker Punch","Slice"],"picked":"SKIP","floor":48.0},{"not_picked":["Dash","Quick Slash","Masterful Stab+1"],"picked":"SKIP","floor":54}],"player_experience":945416,"relics_obtained":[{"floor":6.0,"key":"Pear"},{"floor":7.0,"key":"Meat on the Bone"},{"floor":8.0,"key":"Letter Opener"},{"floor":9.0,"key":"Blood Vial"},{"floor":14.0,"key":"MealTicket"},{"floor":23.0,"key":"The Courier"},{"floor":26.0,"key":"Tiny Chest"},{"floor":28.0,"key":"Snake Skull"},{"floor":29.0,"key":"Pocketwatch"},{"floor":30.0,"key":"CaptainsWheel"},{"floor":36.0,"key":"Vajra"},{"floor":41.0,"key":"PreservedInsect"},{"floor":45.0,"key":"Paper Crane"},{"floor":47.0,"key":"Omamori"},{"floor":54,"key":"Blue Candle"}],"event_choices":[{"damage_healed":0.0,"max_hp_gain":0.0,"max_hp_loss":0.0,"gold_gain":0.0,"event_name":"Dead Adventurer","player_choice":"Searched \u00271\u0027 times","floor":7.0,"gold_loss":0.0,"damage_taken":0.0},{"damage_healed":0.0,"max_hp_gain":0.0,"max_hp_loss":0.0,"gold_gain":0.0,"event_name":"Upgrade Shrine","player_choice":"Upgraded","floor":10.0,"gold_loss":0.0,"damage_taken":0.0,"cards_upgraded":["Terror"]},{"damage_healed":0.0,"max_hp_gain":0.0,"max_hp_loss":0.0,"gold_gain":100.0,"event_name":"The Joust","player_choice":"Bet on Murderer","floor":20.0,"gold_loss":50.0,"damage_taken":0.0},{"damage_healed":0.0,"max_hp_gain":0.0,"max_hp_loss":0.0,"gold_gain":0.0,"event_name":"Nest","player_choice":"Joined the Cult","floor":24.0,"gold_loss":0.0,"damage_taken":6.0,"cards_obtained":["RitualDagger"]}],"is_beta":false,"boss_relics":[{"not_picked":["Pandora\u0027s Box","Snecko Eye"],"picked":"Coffee Dripper"},{"not_picked":["Empty Cage","SlaversCollar"],"picked":"Runic Pyramid"}],"items_purged_floors":[19,31,37,53],"is_endless":false,"potions_floor_spawned":[2,5,6,7,8,14,16,21,22,23,35,46,48],"ascension_level":15}}