{"host":"6xsbn6ynqlzwllfm","time":1612088729,"event":{"mods":["2.2 Compatiblity","BaseMod","Bestiary","Colored Map","Colored Powertips","Curses Come First","Highlight Path","Keyboard Shortcuts","Minty Spire (QoL Compilation)","Relic Stats","Slay the Relics Exporter","StSLib","SuperFastMode"],"gold_per_floor":[109,125,145,195,206,241,241,241,241,241,241],"floor_reached":10,"language":"ENG","playtime":262,"items_purged":[],"score":136,"play_id":"ce7d69a0-47ff-46a4-9b5d-a4e04981e09b","local_time":"20210131052529","is_ascension_mode":true,"campfire_choices":[{"floor":7,"key":"REST"}],"circlet_count":0,"master_deck":["AscendersBane","Strike_P","Strike_P","Strike_P+1","Strike_P+1","Defend_P","Defend_P","Defend_P","Defend_P","Eruption","Vigilance+1","LessonLearned+1","CutThroughFate","FlurryOfBlows","TalkToTheHand","FlyingSleeves","Establishment"],"relics":["PureWater","Molten Egg 2","Singing Bowl"],"acts_visited":["Exordium"],"potions_floor_usage":[10],"damage_taken":[{"damage":5.0,"enemies":"Cultist","floor":1.0,"turns":4.0},{"damage":14.0,"enemies":"2 Louse","floor":2.0,"turns":2.0},{"damage":4.0,"enemies":"Small Slimes","floor":3.0,"turns":4.0},{"damage":8.0,"enemies":"Exordium Wildlife","floor":5.0,"turns":3.0},{"damage":18,"enemies":"Gremlin Nob","floor":6,"turns":4},{"damage":35,"enemies":"3 Sentries","floor":10,"turns":7}],"seed_played":"2153709865391969758","potions_obtained":[{"floor":2.0,"key":"Explosive Potion"},{"floor":3.0,"key":"SpeedPotion"}],"is_trial":false,"path_per_floor":["M","M","M","?","M","E","R","?","T","E"],"character_chosen":"WATCHER","items_purchased":[],"campfire_rested":1,"item_purchase_floors":[],"current_hp_per_floor":[56,42,38,38,30,12,32,32,32,0,0],"gold":241,"neow_bonus":"ONE_RANDOM_RARE_CARD","is_daily":false,"chose_seed":false,"campfire_upgraded":0,"win_rate":0.0,"timestamp":1612088729,"path_taken":["M","M","M","?","?","E","R","?","T","E"],"items_purchased_type":[],"build_version":"2020-12-22","purchased_purges":0,"victory":false,"max_hp_per_floor":[68,68,68,68,68,68,68,68,68,68,68],"relic_stats":{"Singing Bowl":0,"counters":[6,24],"obtain_stats":[{"Singing Bowl":9,"Molten Egg 2":6,"PureWater":0},{"Singing Bowl":5,"Molten Egg 2":5,"PureWater":0},{"Singing Bowl":17,"Molten Egg 2":17,"PureWater":0}]},"card_choices":[{"not_picked":["WindmillStrike","PathToVictory"],"picked":"CutThroughFate","floor":1.0},{"not_picked":["Evaluate","PathToVictory"],"picked":"FlurryOfBlows","floor":2.0},{"not_picked":["Prostrate","JustLucky"],"picked":"TalkToTheHand","floor":3.0},{"not_picked":["CutThroughFate","Prostrate"],"picked":"FlyingSleeves","floor":5.0},{"not_picked":["MentalFortress","Wireheading"],"picked":"Establishment","floor":6}],"player_experience":1339377,"relics_obtained":[{"floor":6,"key":"Molten Egg 2"},{"floor":9,"key":"Singing Bowl"}],"event_choices":[{"damage_healed":0.0,"max_hp_gain":0.0,"max_hp_loss":0.0,"gold_gain":50.0,"event_name":"Golden Shrine","player_choice":"Pray","floor":4.0,"gold_loss":0.0,"damage_taken":0.0},{"damage_healed":0,"gold_gain":0,"player_choice":"Ignored","damage_taken":0,"max_hp_gain":0,"max_hp_loss":0,"event_name":"Shining Light","floor":8,"gold_loss":0}],"is_beta":false,"boss_relics":[],"items_purged_floors":[],"is_endless":false,"potions_floor_spawned":[2,3],"killed_by":"3 Sentries","ascension_level":20}}