{"host":"2nhpogk5xa0u9xre","time":1612100808,"event":{"mods":["Aspiration","BaseMod","Colored Powertips","Googly Eyes","Hubris","Infinite Spire","Minty Spire (QoL Compilation)","Rare Cards Sparkle","Replay The Spire","StSLib","The Construct","The Hayseed","The Hierophant","The Runesmith","The Senshi","everything is the same but u backflip on backflip"],"gold_per_floor":[109,29,104,117,131,156,156,168,168,186,186,186,206,240,252,359,371,393,417,439,451,463,463],"floor_reached":22,"language":"ENG","playtime":1006,"items_purged":[],"score":273,"play_id":"463c9fe6-7a0d-47f4-bc4e-fbe0b4dfe54c","local_time":"20210131084648","daily_mods":["SealedDeck"],"is_ascension_mode":false,"campfire_choices":[{"data":"theSenshi:MoonCrystalPowerMakeUp","floor":7,"key":"SMITH"},{"data":"theSenshi:SailorPlanetAttack","floor":11,"key":"SMITH"},{"data":"theSenshi:UranusStrength","floor":11,"key":"SMITH"},{"data":"theSenshi:SailorPlanetPower","floor":15,"key":"SMITH"},{"data":"theSenshi:SailorStarHealerAssists","floor":15,"key":"SMITH"}],"circlet_count":0,"master_deck":["theSenshi:MoonCrystalPowerMakeUp+1","theSenshi:SailorMarsAssists","theSenshi:MoonPunch","theSenshi:SailorMarsAssists","theSenshi:SteeledNerves","theSenshi:UranusStrength+1","theSenshi:SailorMercuryAssists","theSenshi:SailorPlanetPower+1","theSenshi:SailorJupiterAssists","theSenshi:SailorJupiterAssists","theSenshi:MoonPunch","theSenshi:MoonlightKnight","theSenshi:SailorStarHealerAssists+1","theSenshi:SailorJupiterAssists","theSenshi:MoonTiaraMagic+1","theSenshi:MoonPunch","theSenshi:SailorPlanetAttack+1","theSenshi:SailorVenusAssists","theSenshi:ChibiMoonsLove","theSenshi:IWillPunishYou","theSenshi:SailorNeptuneAssists+1","theSenshi:SaturnsMystery","Decay"],"relics":["theSenshi:TransformationBroochRelic","Vajra","Replay:Arrowhead","MawBank","SlaversCollar"],"acts_visited":["Exordium","TheCity"],"potions_floor_usage":[14,14,16,18,22],"damage_taken":[{"damage":0,"enemies":"Cultist","floor":1,"turns":3},{"damage":4,"enemies":"Jaw Worm","floor":4,"turns":2},{"damage":0,"enemies":"Small Slimes","floor":5,"turns":3},{"damage":12,"enemies":"3 Sentries","floor":6,"turns":7},{"damage":6,"enemies":"3 Louse","floor":8,"turns":3},{"damage":0,"enemies":"Blue Slaver","floor":10,"turns":2},{"damage":0,"enemies":"Exordium Wildlife","floor":13,"turns":3},{"damage":0,"enemies":"Gremlin Nob","floor":14,"turns":2},{"damage":0,"enemies":"Fading Forest","floor":16,"turns":11},{"damage":23,"enemies":"3 Byrds","floor":18,"turns":4},{"damage":20,"enemies":"Spheric Guardian","floor":19,"turns":4},{"damage":31,"enemies":"Snake Plant","floor":20,"turns":3},{"damage":30,"enemies":"Shelled Parasite and Fungi","floor":22,"turns":5}],"seed_played":"5758011197558344786","potions_obtained":[{"floor":4,"key":"SteroidPotion"},{"floor":5,"key":"FearPotion"},{"floor":10,"key":"Dexterity Potion"},{"floor":14,"key":"Fruit Juice"},{"floor":20,"key":"PowerPotion"}],"is_trial":true,"path_per_floor":["M","$","?","M","M","E","R","M","T","M","R","?","M","E","R","B",null,"M","M","M","?","M"],"character_chosen":"THE_SENSHI","items_purchased":["theSenshi:MoonlightKnight"],"campfire_rested":0,"item_purchase_floors":[2],"current_hp_per_floor":[75,75,64,60,65,58,58,57,57,57,57,57,62,62,62,62,75,57,42,16,16,0,0],"gold":463,"neow_bonus":"","is_daily":false,"chose_seed":false,"campfire_upgraded":5,"win_rate":0.0,"timestamp":1612100808,"path_taken":["M","?","?","M","M","E","R","M","T","M","R","?","M","E","R","BOSS","M","M","M","?","M"],"items_purchased_type":["Card"],"build_version":"2020-12-22","purchased_purges":0,"victory":false,"max_hp_per_floor":[75,75,75,75,75,75,75,75,75,75,75,75,75,75,75,75,75,80,80,80,80,80,80],"card_choices":[{"not_picked":["theSenshi:SailorMarsAssists","theSenshi:MoonPower"],"picked":"theSenshi:MoonPunch","floor":1},{"not_picked":["theSenshi:LunasBite","theSenshi:SailorUranusAssists"],"picked":"theSenshi:SailorStarHealerAssists","floor":4},{"not_picked":["theSenshi:LunaWiseMentor","theSenshi:Sidestep"],"picked":"theSenshi:SailorJupiterAssists","floor":5},{"not_picked":["theSenshi:SilverMoonCrystalPowerKiss","theSenshi:Sidestep"],"picked":"theSenshi:MoonTiaraMagic","floor":6},{"not_picked":["theSenshi:Overload","theSenshi:MercurysCunning"],"picked":"theSenshi:MoonPunch","floor":8},{"not_picked":["theSenshi:MoonsReflection","theSenshi:SailorMarsAssists"],"picked":"theSenshi:SailorPlanetAttack","floor":10},{"not_picked":["theSenshi:Sidestep","theSenshi:SchoolBag"],"picked":"theSenshi:SailorVenusAssists","floor":13},{"not_picked":["theSenshi:SteeledNerves","theSenshi:Sidestep"],"picked":"theSenshi:ChibiMoonsLove","floor":14},{"not_picked":["theSenshi:SailorPlutoAssists","theSenshi:MoonGorgeousMeditation"],"picked":"theSenshi:IWillPunishYou","floor":16},{"not_picked":["theSenshi:SchoolBag","theSenshi:MoonPrincessHalation"],"picked":"theSenshi:SailorNeptuneAssists+1","floor":18},{"not_picked":["theSenshi:GatheringStrength+1","theSenshi:SailorVenusAssists","theSenshi:MoonTiaraMagic"],"picked":"SKIP","floor":19},{"not_picked":["theSenshi:TallSilhouette","theSenshi:SailorChibiMoonAssists"],"picked":"theSenshi:SaturnsMystery","floor":20}],"player_experience":261607,"relics_obtained":[{"floor":6,"key":"Vajra"},{"floor":9,"key":"Replay:Arrowhead"},{"floor":14,"key":"MawBank"}],"event_choices":[{"damage_healed":0,"gold_gain":75,"player_choice":"Gather Gold","damage_taken":11,"max_hp_gain":0,"max_hp_loss":0,"event_name":"World of Goop","floor":3,"gold_loss":0},{"damage_healed":0,"gold_gain":0,"player_choice":"Smashed Altar","damage_taken":0,"max_hp_gain":0,"max_hp_loss":0,"event_name":"Forgotten Altar","floor":21,"gold_loss":0,"cards_obtained":["Decay"]}],"is_beta":false,"boss_relics":[{"not_picked":["hubris:HollowSoul","aspiration:SilentSkillbook"],"picked":"SlaversCollar"}],"items_purged_floors":[],"is_endless":false,"potions_floor_spawned":[4,5,10,14,20],"killed_by":"Shelled Parasite and Fungi","ascension_level":0}}