{"host":"Mute","time":1612051780,"event":{"mods":["BaseMod","Colored Map","Downfall","Minty Spire (QoL Compilation)","StSLib"],"gold_per_floor":[0,18,30,48,48,33,33,64,91,104,117,147,157,188,204,303,303,303,323,323,343,343,343,368,278,306,323,342,369,169,169,185,285,285,185,198,209,219,219,253,277,277,304,463,478,97,127,52,64,64,64,89,89,89,89,89,89,89],"floor_reached":56,"language":"ENG","playtime":33978,"items_purged":["downfall:Malfunctioning","Slimebound:Strike_Slimebound","Slimebound:Defend_Slimebound","Slimebound:Defend_Slimebound"],"score":1061,"play_id":"93b2a93c-ec71-4378-b1fd-bbddb905a9dc","local_time":"20210130190940","is_ascension_mode":true,"campfire_choices":[{"data":"Secret Technique","floor":1,"key":"SMITH"},{"data":"Slimebound:CheckThePlaybook","floor":18,"key":"SMITH"},{"floor":30,"key":"RECALL"},{"data":"Slimebound:SpikyOuterGoop","floor":35,"key":"SMITH"},{"data":"Slimebound:FlameTackle","floor":54,"key":"SMITH"}],"circlet_count":0,"master_deck":["Slimebound:Tackle","Slimebound:Defend_Slimebound","Slimebound:Defend_Slimebound+1","Slimebound:Split","Slimebound:CorrosiveSpit+1","Secret Technique+1","Slimebound:FinishingTackle","Slimebound:GoopSpray+1","Slimebound:HauntingLick","Slimebound:RollThrough","Slimebound:FlameTackle+1","Slimebound:LeechEnergy","Slimebound:HauntingLick","Slimebound:LeechingTouch","Slimebound:HungryTackle","Slimebound:RollThrough","Slimebound:CheckThePlaybook+1","Slimebound:SplitMire","Ghostly","Ghostly","Ghostly","Ghostly","Ghostly","Slimebound:SpikyOuterGoop+1","Slimebound:SpikyOuterGoop+1","Slimebound:GoopSpray","Slimebound:GoopSpray","Slimebound:MegaLick","Slimebound:SamplingLick+1","Slimebound:Gluttony+1","Slimebound:FormOfPuddle+1","Slimebound:Gluttony","Slimebound:RollThrough","Slimebound:LeadByExample","Slimebound:GoopSpray+1"],"relics":["Slimebound:AbsorbEndCombat","Sundial","Bottled Lightning","Odd Mushroom","Lantern","Incense Burner","Sozu","downfall:KnowingSkull","Bird Faced Urn","Potion Belt","downfall:HeartBlessingBlue","downfall:HeartBlessingGreen","SlaversCollar","downfall:HeartBlessingRed","Bronze Scales","Omamori","Eternal Feather","Membership Card","Mummified Hand","Pen Nib","Pantograph"],"acts_visited":["Exordium","TheCity","TheBeyond","TheEnding"],"potions_floor_usage":[47,56],"damage_taken":[{"damage":8,"enemies":"Jaw Worm","floor":2,"turns":4},{"damage":4,"enemies":"2 Louse","floor":3,"turns":3},{"damage":9,"enemies":"Cultist","floor":4,"turns":4},{"damage":0,"enemies":"downfall:FleeingMerchant","floor":6,"turns":4},{"damage":19,"enemies":"Lagavulin","floor":8,"turns":7},{"damage":13,"enemies":"The Mushroom Lair","floor":9,"turns":3},{"damage":9,"enemies":"Blue Slaver","floor":10,"turns":2},{"damage":0,"enemies":"3 Louse","floor":11,"turns":3},{"damage":18,"enemies":"3 Sentries","floor":12,"turns":4},{"damage":0,"enemies":"2 Fungi Beasts","floor":13,"turns":2},{"damage":16,"enemies":"Gremlin Nob","floor":14,"turns":4},{"damage":11,"enemies":"Blue Slaver","floor":15,"turns":3},{"damage":50,"enemies":"SI_SHIV_ARCHETYPE","floor":16,"turns":10},{"damage":6,"enemies":"Chosen","floor":19,"turns":3},{"damage":2,"enemies":"Snake Plant","floor":21,"turns":3},{"damage":5,"enemies":"downfall:FleeingMerchant","floor":25,"turns":4},{"damage":9,"enemies":"Gremlin Leader","floor":26,"turns":7},{"damage":2,"enemies":"Sentry and Sphere","floor":27,"turns":4},{"damage":3,"enemies":"3 Cultists","floor":28,"turns":6},{"damage":2,"enemies":"Book of Stabbing","floor":29,"turns":7},{"damage":2,"enemies":"Chosen and Byrds","floor":32,"turns":5},{"damage":19,"enemies":"DF_ARCHETYPE_CLAW","floor":33,"turns":8},{"damage":10,"enemies":"3 Shapes","floor":36,"turns":4},{"damage":20,"enemies":"3 Darklings","floor":37,"turns":5},{"damage":2,"enemies":"4 Shapes","floor":38,"turns":7},{"damage":5,"enemies":"4 Shapes","floor":39,"turns":5},{"damage":7,"enemies":"Nemesis","floor":40,"turns":9},{"damage":3,"enemies":"Giant Head","floor":43,"turns":7},{"damage":14,"enemies":"downfall:FleeingMerchant","floor":44,"turns":4},{"damage":0,"enemies":"Maw","floor":45,"turns":7},{"damage":0,"enemies":"Nemesis","floor":47,"turns":9},{"damage":0,"enemies":"Writhing Mass","floor":49,"turns":5},{"damage":0,"enemies":"IC_BLOCK_ARCHETYPE","floor":50,"turns":13},{"damage":18,"enemies":"downfall:CharBossMerchant","floor":52,"turns":10},{"damage":9,"enemies":"downfall:NeowBoss","floor":55,"turns":16},{"damage":57,"enemies":"downfall:NeowBossFinal","floor":56,"turns":11}],"seed_played":"-435642375266056582","potions_obtained":[{"floor":3,"key":"Swift Potion"},{"floor":8,"key":"hexamod:SoulburnPotion"},{"floor":10,"key":"LiquidBronze"},{"floor":14,"key":"FairyPotion"}],"is_trial":false,"path_per_floor":["R","M","M","M","?","$","T","E","?","M","M","E","M","E","M","B",null,"R","M","?","M","?","?","T","$","E","M","M","E","R","?","M","B",null,"R","M","M","M","?","E","T","?","E","?","M","$","E","$","M","B",null,"E","$","R","B","B"],"character_chosen":"SLIMEBOUND","items_purchased":["Slimebound:Gluttony","Membership Card","Mummified Hand","Slimebound:LeadByExample"],"campfire_rested":0,"item_purchase_floors":[44,46,46,46],"current_hp_per_floor":[65,61,61,56,56,62,62,50,45,38,44,34,40,32,27,6,65,65,65,32,32,29,23,23,26,25,31,37,37,47,47,47,29,47,47,38,30,40,44,41,41,41,47,41,47,47,47,47,47,47,47,29,29,47,43,0,0,0],"gold":89,"neow_bonus":"RANDOM_COLORLESS_2","is_daily":false,"chose_seed":false,"campfire_upgraded":4,"win_rate":0.0,"timestamp":1612051780,"path_taken":["R","M","M","M","?","$","T","E","?","M","M","E","M","E","M","BOSS","R","M","?","M","?","?","T","$","E","M","?","E","R","?","M","BOSS","R","M","M","M","?","E","T","?","E","?","M","$","E","?","M","BOSS","E","$","R","BOSS","BOSS"],"items_purchased_type":["Card","Relic","Relic","Card"],"build_version":"2020-12-18","purchased_purges":4,"victory":false,"max_hp_per_floor":[65,65,65,65,65,65,65,65,65,65,65,65,65,65,65,65,65,65,65,32,32,37,37,37,37,37,37,37,37,47,47,47,47,47,47,47,47,47,47,47,47,47,47,47,47,47,47,47,47,47,47,47,47,47,47,47,47,47],"card_choices":[{"not_picked":["The Bomb","Thinking Ahead"],"picked":"Secret Technique","floor":0},{"not_picked":["Slimebound:ItLooksTasty","Slimebound:ComboTackle"],"picked":"Slimebound:FinishingTackle","floor":2},{"not_picked":["Slimebound:Recollect","Slimebound:SplitMire"],"picked":"Slimebound:GoopSpray","floor":3},{"not_picked":["Slimebound:Prepare","Slimebound:LeechingTouch"],"picked":"Slimebound:HauntingLick","floor":4},{"not_picked":["Slimebound:FlameTackle","Slimebound:SplitAcid"],"picked":"Slimebound:RollThrough","floor":6},{"not_picked":["Slimebound:FinishingTackle","Slimebound:SlimeTap"],"picked":"Slimebound:FlameTackle","floor":8},{"not_picked":["Slimebound:LivingWall","Slimebound:TagTeam"],"picked":"Slimebound:LeechEnergy","floor":9},{"not_picked":["Slimebound:DisruptingSlam","Slimebound:SplitAcid"],"picked":"Slimebound:HauntingLick","floor":10},{"not_picked":["Slimebound:ComboTackle","Slimebound:ItLooksTasty"],"picked":"Slimebound:LeechingTouch","floor":11},{"not_picked":["Slimebound:SplitBruiser","Slimebound:SplitAcid"],"picked":"Slimebound:HungryTackle","floor":12},{"not_picked":["Slimebound:Replication","Slimebound:PressTheAttack","Slimebound:AcidTongue"],"picked":"SKIP","floor":13},{"not_picked":["Slimebound:LevelUp","Slimebound:LivingWall","Slimebound:MinionMaster"],"picked":"SKIP","floor":14},{"not_picked":["Slimebound:ItLooksTasty","Slimebound:ComboTackle"],"picked":"Slimebound:RollThrough","floor":15},{"not_picked":["Slimebound:MassFeed","Slimebound:WasteNot"],"picked":"Slimebound:CheckThePlaybook","floor":16},{"not_picked":["Slimebound:HungryTackle","Slimebound:SplitBruiser"],"picked":"Slimebound:SplitMire","floor":19},{"not_picked":["Slimebound:PressTheAttack","Slimebound:ItLooksTasty+1","Slimebound:ForwardTackle"],"picked":"SKIP","floor":21},{"not_picked":["Slimebound:LeechEnergy","Slimebound:FormOfPuddle","Slimebound:HauntingLick"],"picked":"SKIP","floor":25},{"not_picked":["Slimebound:ProtectTheBoss","Slimebound:HauntingLick"],"picked":"Slimebound:SpikyOuterGoop","floor":26},{"not_picked":["Slimebound:LeechEnergy","Slimebound:SlimeBarrage"],"picked":"Slimebound:SpikyOuterGoop+1","floor":27},{"not_picked":["Slimebound:SamplingLick+1","Slimebound:SplitAcid+1","Slimebound:SplitLeeching"],"picked":"SKIP","floor":28},{"not_picked":["Slimebound:BestDefense","Slimebound:SlimeBarrage"],"picked":"Slimebound:GoopSpray","floor":29},{"not_picked":["Slimebound:SplitLeeching+1","Slimebound:FormOfPuddle"],"picked":"Slimebound:GoopSpray","floor":32},{"not_picked":["Slimebound:RejuvenatingLick","Slimebound:Nibble"],"picked":"Slimebound:MegaLick","floor":36},{"not_picked":["Slimebound:ServeAndProtect","Slimebound:Prepare"],"picked":"Slimebound:SamplingLick+1","floor":37},{"not_picked":["Slimebound:RejuvenatingLick+1","Slimebound:SplitBruiser+1","Slimebound:Replication"],"picked":"SKIP","floor":38},{"not_picked":["Slimebound:DisruptingSlam","Slimebound:SlimeTap+1"],"picked":"Slimebound:Gluttony+1","floor":39},{"not_picked":["Slimebound:LeechingTouch+1","Slimebound:DisruptingSlam","Slimebound:SplitLeeching"],"picked":"SKIP","floor":40},{"not_picked":["Slimebound:SplitBruiser","Slimebound:HungryTackle+1"],"picked":"Slimebound:FormOfPuddle+1","floor":43},{"not_picked":["Slimebound:GoopTackle","Slimebound:SplitBruiser+1","Slimebound:WasteNot"],"picked":"SKIP","floor":44},{"not_picked":["Slimebound:GoopSpray","Slimebound:Gluttony"],"picked":"Slimebound:RollThrough","floor":45},{"not_picked":["Slimebound:FinishingTackle","Slimebound:Replication","Slimebound:Schlurp"],"picked":"SKIP","floor":47},{"not_picked":["Slimebound:Grow+1","Slimebound:TongueLash+1"],"picked":"Slimebound:GoopSpray+1","floor":49},{"not_picked":["Slimebound:TagTeam","Slimebound:RainOfGoop","Slimebound:DisruptingSlam"],"picked":"SKIP","floor":52}],"player_experience":536338,"relics_obtained":[{"floor":7,"key":"Sundial"},{"floor":8,"key":"Bottled Lightning"},{"floor":9,"key":"Odd Mushroom"},{"floor":12,"key":"Lantern"},{"floor":14,"key":"Incense Burner"},{"floor":26,"key":"Bird Faced Urn"},{"floor":29,"key":"Potion Belt"},{"floor":40,"key":"Bronze Scales"},{"floor":41,"key":"Omamori"},{"floor":43,"key":"Eternal Feather"},{"floor":47,"key":"Pen Nib"},{"floor":52,"key":"Pantograph"}],"event_choices":[{"damage_healed":0,"gold_gain":0,"player_choice":"Fought Mushrooms","damage_taken":0,"max_hp_gain":0,"max_hp_loss":0,"event_name":"Mushrooms","floor":9,"gold_loss":0},{"damage_healed":0,"gold_gain":0,"player_choice":"Became a Ghost","damage_taken":0,"max_hp_gain":0,"max_hp_loss":33,"event_name":"Ghosts","floor":20,"gold_loss":0,"cards_obtained":["Ghostly","Ghostly","Ghostly","Ghostly","Ghostly"]},{"cards_removed":["Slimebound:Strike_Slimebound"],"damage_healed":0,"gold_gain":0,"player_choice":"Removed Attack","damage_taken":0,"max_hp_gain":0,"max_hp_loss":0,"event_name":"Falling","floor":42,"gold_loss":0}],"is_beta":true,"boss_relics":[{"not_picked":["Pandora\u0027s Box","Astrolabe"],"picked":"Sozu"},{"not_picked":["Runic Dome","Fusion Hammer"],"picked":"SlaversCollar"}],"items_purged_floors":[25,44,46,48],"is_endless":false,"potions_floor_spawned":[3,8,10,13,14,21,28,33,37,38,45,47,49],"killed_by":"downfall:NeowBossFinal","ascension_level":2}}