{"host":"AZZAM","time":1612120542,"event":{"mods":["BaseMod","Colored Map","Highlight Path","Minty Spire (QoL Compilation)","Relic Stats","Unceasing Turn Reminder"],"gold_per_floor":[115,37,37,55,15,46,46,81,81,95,122,134,150,150,150,248,248,261,29,40,40,53,53,86,86,155,188,201,201,212,225,225,321,321,339,339,11,21,34,66,66,98,98,115,134,167,167,167,167,167,167,167,18,18,18,18],"floor_reached":55,"language":"ENG","playtime":1767,"items_purged":["Strike_G","Defend_G"],"score":940,"play_id":"04e45afe-343a-4db3-8fe4-e4d18a397123","local_time":"20210131221542","is_ascension_mode":true,"campfire_choices":[{"data":"Predator","floor":7,"key":"SMITH"},{"data":"Deadly Poison","floor":15,"key":"SMITH"},{"data":"Accuracy","floor":23,"key":"SMITH"},{"data":"Infinite Blades","floor":25,"key":"SMITH"},{"data":"Blade Dance","floor":29,"key":"SMITH"},{"floor":32,"key":"REST"},{"data":"Accuracy","floor":41,"key":"SMITH"},{"floor":49,"key":"RECALL"},{"data":"Adrenaline","floor":52,"key":"SMITH"}],"circlet_count":0,"master_deck":["Strike_G","Strike_G+1","Strike_G+1","Defend_G","Defend_G","Defend_G","Defend_G","Survivor","Neutralize","Well Laid Plans","Die Die Die+1","Blade Dance+1","Predator+1","Noxious Fumes","Backstab","Deadly Poison+1","Crippling Poison+1","Infinite Blades+1","Adrenaline+1","Blade Dance+1","Accuracy+1","Noxious Fumes","Dodge and Roll+1","Bouncing Flask","Infinite Blades+1","Accuracy+1","PiercingWail","Backstab+1","Slice+1","Dodge and Roll+1","Footwork+1","Dash+1","Deflect"],"relics":["Ring of the Snake","NeowsBlessing","Gremlin Horn","Whetstone","White Beast Statue","Bottled Lightning","WristBlade","Toolbox","Mummified Hand","Molten Egg 2","Tingsha","SacredBark","OrangePellets","Blue Candle","Vajra","Question Card"],"acts_visited":["Exordium","TheCity","TheBeyond","TheEnding"],"potions_floor_usage":[16,31,33,39,40,44,46,46,54,54,54],"damage_taken":[{"damage":0,"enemies":"2 Louse","floor":1,"turns":1},{"damage":0,"enemies":"Small Slimes","floor":4,"turns":1},{"damage":0,"enemies":"3 Sentries","floor":6,"turns":1},{"damage":20,"enemies":"Gremlin Nob","floor":8,"turns":4},{"damage":0,"enemies":"Cultist","floor":10,"turns":2},{"damage":5,"enemies":"3 Sentries","floor":11,"turns":3},{"damage":3,"enemies":"Large Slime","floor":12,"turns":4},{"damage":0,"enemies":"Lots of Slimes","floor":13,"turns":3},{"damage":18,"enemies":"Hexaghost","floor":16,"turns":8},{"damage":0,"enemies":"Spheric Guardian","floor":18,"turns":1},{"damage":0,"enemies":"3 Byrds","floor":20,"turns":2},{"damage":23,"enemies":"Cultist and Chosen","floor":22,"turns":5},{"damage":7,"enemies":"Gremlin Leader","floor":24,"turns":3},{"damage":13,"enemies":"Book of Stabbing","floor":27,"turns":3},{"damage":2,"enemies":"Snecko","floor":28,"turns":3},{"damage":0,"enemies":"3 Cultists","floor":30,"turns":3},{"damage":0,"enemies":"Centurion and Healer","floor":31,"turns":1},{"damage":1,"enemies":"Automaton","floor":33,"turns":5},{"damage":6,"enemies":"Orb Walker","floor":35,"turns":3},{"damage":9,"enemies":"3 Shapes","floor":38,"turns":5},{"damage":0,"enemies":"Maw","floor":39,"turns":4},{"damage":0,"enemies":"Nemesis","floor":40,"turns":3},{"damage":20,"enemies":"Reptomancer","floor":42,"turns":3},{"damage":18,"enemies":"Writhing Mass","floor":44,"turns":4},{"damage":3,"enemies":"Sphere and 2 Shapes","floor":45,"turns":3},{"damage":13,"enemies":"Nemesis","floor":46,"turns":3},{"damage":53,"enemies":"Donu and Deca","floor":50,"turns":6},{"damage":67,"enemies":"Shield and Spear","floor":54,"turns":3},{"damage":3,"enemies":"The Heart","floor":55,"turns":2}],"seed_played":"8076027839891598911","potions_obtained":[{"floor":1,"key":"SpeedPotion"},{"floor":5,"key":"Swift Potion"},{"floor":5,"key":"PowerPotion"},{"floor":5,"key":"Strength Potion"},{"floor":8,"key":"Poison Potion"},{"floor":12,"key":"Energy Potion"},{"floor":16,"key":"GamblersBrew"},{"floor":18,"key":"DuplicationPotion"},{"floor":20,"key":"GhostInAJar"},{"floor":28,"key":"LiquidMemories"},{"floor":31,"key":"ColorlessPotion"},{"floor":33,"key":"Fire Potion"},{"floor":35,"key":"GhostInAJar"},{"floor":39,"key":"DuplicationPotion"},{"floor":40,"key":"EssenceOfSteel"},{"floor":44,"key":"ColorlessPotion"},{"floor":45,"key":"Fruit Juice"},{"floor":46,"key":"SmokeBomb"}],"is_trial":false,"path_per_floor":["M","$","?","M","?","E","R","E","T","M","E","M","M","?","R","B",null,"M","$","M","$","M","R","E","R","T","E","M","R","M","M","R","B",null,"M","?","$","M","M","E","R","E","T","M","M","E","?","?","R","B",null,"R","$","E","B"],"character_chosen":"THE_SILENT","items_purchased":["Die Die Die","Toolbox","OrangePellets","Accuracy","ColorlessPotion","Dash+1","Deflect"],"campfire_rested":1,"item_purchase_floors":[2,19,37,37,53,53,53],"current_hp_per_floor":[70,70,56,56,56,56,56,36,36,36,31,28,28,28,28,10,70,70,70,70,70,47,47,40,40,40,27,25,25,25,25,46,45,70,64,64,64,55,55,55,55,35,35,17,14,11,70,70,70,17,70,70,70,3,0,0],"gold":18,"neow_bonus":"THREE_ENEMY_KILL","is_daily":false,"chose_seed":false,"campfire_upgraded":7,"win_rate":0.0,"timestamp":1612120542,"path_taken":["M","$","?","M","?","E","R","E","T","?","E","M","M","?","R","BOSS","M","$","M","?","M","R","E","R","T","E","M","R","M","M","R","BOSS","M","?","$","M","M","E","R","E","T","M","M","E","?","?","R","BOSS","R","$","E","BOSS"],"items_purchased_type":["Card","Relic","Relic","Card","Potion","Card","Card"],"build_version":"2020-12-18","purchased_purges":2,"victory":false,"max_hp_per_floor":[70,70,70,70,70,70,70,70,70,70,70,70,70,70,70,70,70,70,70,70,70,70,70,70,70,70,70,70,70,70,70,70,70,70,70,70,70,70,70,70,70,70,70,70,70,80,70,70,70,70,70,70,70,70,70,70],"relic_stats":{"OrangePellets":[4],"Gremlin Horn":[27,27],"counters":[29,92],"Mummified Hand":[73],"Blue Candle":[0],"Tingsha":[10],"Whetstone":["Strike_G","Die Die Die"],"Question Card":0,"obtain_stats":[{"NeowsBlessing":0,"Gremlin Horn":6,"SacredBark":34,"Blue Candle":40,"Vajra":42,"Tingsha":27,"Whetstone":8,"Question Card":46,"White Beast Statue":9,"OrangePellets":37,"WristBlade":17,"Mummified Hand":24,"Toolbox":19,"Molten Egg 2":26,"Bottled Lightning":11,"Ring of the Snake":0},{"NeowsBlessing":0,"Gremlin Horn":3,"SacredBark":18,"Blue Candle":22,"Vajra":23,"Tingsha":14,"Whetstone":4,"Question Card":26,"White Beast Statue":4,"OrangePellets":19,"WristBlade":9,"Mummified Hand":13,"Toolbox":10,"Molten Egg 2":13,"Bottled Lightning":6,"Ring of the Snake":0},{"NeowsBlessing":0,"Gremlin Horn":3,"SacredBark":53,"Blue Candle":68,"Vajra":71,"Tingsha":41,"Whetstone":7,"Question Card":81,"White Beast Statue":7,"OrangePellets":56,"WristBlade":27,"Mummified Hand":38,"Toolbox":28,"Molten Egg 2":38,"Bottled Lightning":12,"Ring of the Snake":0}],"Ring of the Snake":[58]},"card_choices":[{"not_picked":["Distraction","Backflip"],"picked":"Well Laid Plans","floor":1},{"not_picked":["Footwork","Masterful Stab"],"picked":"Blade Dance","floor":4},{"not_picked":["Poisoned Stab","Escape Plan"],"picked":"Predator","floor":6},{"not_picked":["Infinite Blades","Quick Slash"],"picked":"Noxious Fumes","floor":8},{"not_picked":["Concentrate","Underhanded Strike"],"picked":"Backstab","floor":10},{"not_picked":["Deflect","Tactician"],"picked":"Deadly Poison","floor":11},{"not_picked":["Dodge and Roll","Deflect"],"picked":"Crippling Poison","floor":12},{"not_picked":["Dodge and Roll","Well Laid Plans"],"picked":"Infinite Blades","floor":13},{"not_picked":["Night Terror","Tools of the Trade"],"picked":"Adrenaline","floor":16},{"not_picked":["Underhanded Strike","Flying Knee"],"picked":"Blade Dance+1","floor":18},{"not_picked":["Tactician","Poisoned Stab"],"picked":"Accuracy","floor":20},{"not_picked":["Setup","Skewer","Slice"],"picked":"SKIP","floor":22},{"not_picked":["Flechettes+1","Night Terror"],"picked":"Noxious Fumes","floor":24},{"not_picked":["Flying Knee+1","Crippling Poison+1"],"picked":"Dodge and Roll+1","floor":27},{"not_picked":["Calculated Gamble","Dagger Spray+1","Escape Plan"],"picked":"SKIP","floor":28},{"not_picked":["Catalyst","All Out Attack+1"],"picked":"Bouncing Flask","floor":30},{"not_picked":["Dagger Spray+1","Dodge and Roll","Bane+1"],"picked":"SKIP","floor":31},{"not_picked":["Leg Sweep","Endless Agony+1"],"picked":"Infinite Blades+1","floor":35},{"not_picked":["Reflex+1","Backflip"],"picked":"PiercingWail","floor":38},{"not_picked":["Noxious Fumes+1","Deadly Poison+1"],"picked":"Backstab+1","floor":39},{"not_picked":["Underhanded Strike+1","Flying Knee+1","Slice+1"],"picked":"SKIP","floor":40},{"not_picked":["Underhanded Strike+1","Flying Knee+1"],"picked":"Slice+1","floor":40},{"not_picked":["Tactician","Deflect+1","Cloak And Dagger"],"picked":"SKIP","floor":42},{"not_picked":["Tactician","Deflect+1","Cloak And Dagger"],"picked":"SKIP","floor":42},{"not_picked":["Infinite Blades+1","Outmaneuver+1"],"picked":"Dodge and Roll+1","floor":44},{"not_picked":["Acrobatics+1","Calculated Gamble+1"],"picked":"Footwork+1","floor":45},{"not_picked":["Poisoned Stab+1","Flechettes+1","Bouncing Flask"],"picked":"SKIP","floor":46}],"player_experience":72074,"relics_obtained":[{"floor":6,"key":"Gremlin Horn"},{"floor":8,"key":"Whetstone"},{"floor":9,"key":"White Beast Statue"},{"floor":11,"key":"Bottled Lightning"},{"floor":24,"key":"Mummified Hand"},{"floor":26,"key":"Molten Egg 2"},{"floor":27,"key":"Tingsha"},{"floor":40,"key":"Blue Candle"},{"floor":42,"key":"Vajra"},{"floor":46,"key":"Question Card"}],"event_choices":[{"damage_healed":0,"gold_gain":0,"player_choice":"Entered Light","damage_taken":14,"max_hp_gain":0,"max_hp_loss":0,"event_name":"Shining Light","floor":3,"gold_loss":0,"cards_upgraded":["Strike_G","Strike_G"]},{"damage_healed":0,"gold_gain":0,"player_choice":"Bought 3 Potions","damage_taken":0,"max_hp_gain":0,"max_hp_loss":0,"event_name":"The Woman in Blue","floor":5,"gold_loss":0},{"damage_healed":0,"gold_gain":0,"player_choice":"Upgraded","damage_taken":0,"max_hp_gain":0,"max_hp_loss":0,"event_name":"Upgrade Shrine","floor":14,"gold_loss":0,"cards_upgraded":["Crippling Poison"]},{"damage_healed":0,"gold_gain":0,"player_choice":"Ignored","damage_taken":0,"max_hp_gain":0,"max_hp_loss":0,"event_name":"Tomb of Lord Red Mask","floor":36,"gold_loss":0},{"damage_healed":70,"gold_gain":0,"player_choice":"Heal","damage_taken":0,"max_hp_gain":0,"max_hp_loss":10,"event_name":"The Moai Head","floor":47,"gold_loss":0},{"cards_removed":["Strike_G"],"damage_healed":0,"gold_gain":0,"player_choice":"Removed Attack","damage_taken":0,"max_hp_gain":0,"max_hp_loss":0,"event_name":"Falling","floor":48,"gold_loss":0}],"is_beta":true,"boss_relics":[{"not_picked":["Snecko Eye","Philosopher\u0027s Stone"],"picked":"WristBlade"},{"not_picked":["Black Star","Coffee Dripper"],"picked":"SacredBark"}],"items_purged_floors":[19,37],"is_endless":false,"potions_floor_spawned":[1,8,10,11,12,13,16,18,20,22,24,27,28,30,31,33,35,38,39,40,42,44,45,46,54],"killed_by":"The Heart","ascension_level":3}}