{"host":"2se5dq1do2gp0x9k","time":1612059289,"event":{"mods":["AchievementEnabler","BaseMod","Block Reminder","Colored Map","Colored Powertips","Minty Spire (QoL Compilation)","Relic Stats","StSLib","SuperFastMode"],"gold_per_floor":[113,113,113,113,138,174,174,205,205,240,252,2,27,41,41,137,137,155,70,85,85,0,0,0],"floor_reached":23,"language":"ENG","playtime":764,"items_purged":["Strike_B"],"score":564,"play_id":"387e4f73-3818-4dfc-8d6d-4ec60930a9f3","local_time":"20210130181449","is_ascension_mode":true,"campfire_choices":[{"data":"Sunder","floor":7,"key":"SMITH"},{"data":"Buffer","floor":11,"key":"SMITH"},{"floor":15,"key":"REST"}],"circlet_count":0,"master_deck":["AscendersBane","Strike_B","Strike_B","Strike_B","Defend_B","Defend_B","Defend_B","Defend_B","Zap","Dualcast","Go for the Eyes","Buffer+1","Sunder+1","Rainbow","Undo","Apotheosis","Coolheaded","Hologram","Creative AI","Conserve Battery","Heatsinks"],"relics":["Cracked Core","NeowsBlessing","Golden Idol","Ornamental Fan","Omamori","Strawberry","MawBank","Philosopher\u0027s Stone","Meat on the Bone"],"acts_visited":["Exordium","TheCity"],"potions_floor_usage":[8,20,23],"damage_taken":[{"damage":0.0,"enemies":"2 Louse","floor":1.0,"turns":1.0},{"damage":0,"enemies":"Small Slimes","floor":5,"turns":1},{"damage":0,"enemies":"Gremlin Nob","floor":6,"turns":1},{"damage":20,"enemies":"Lagavulin","floor":8,"turns":8},{"damage":28,"enemies":"3 Sentries","floor":10,"turns":6},{"damage":0,"enemies":"Cultist","floor":13,"turns":3},{"damage":0,"enemies":"Red Slaver","floor":14,"turns":4},{"damage":0,"enemies":"The Guardian","floor":16,"turns":16},{"damage":0,"enemies":"Chosen","floor":18,"turns":7},{"damage":0,"enemies":"Spheric Guardian","floor":20,"turns":5},{"damage":64,"enemies":"Book of Stabbing","floor":23,"turns":7}],"seed_played":"-4120692394194531739","potions_obtained":[{"floor":1.0,"key":"FocusPotion"},{"floor":10,"key":"SteroidPotion"},{"floor":14,"key":"Explosive Potion"},{"floor":18,"key":"PowerPotion"}],"is_trial":false,"path_per_floor":["M","?","?","$","M","E","R","E","T","E","R","$","M","M","R","B",null,"M","?","M","?","$","E"],"character_chosen":"DEFECT","items_purchased":["Apotheosis","Heatsinks"],"campfire_rested":1,"item_purchase_floors":[12,22],"current_hp_per_floor":[64,64,64,64,64,64,64,44,51,23,23,23,23,23,44,44,64,64,64,64,64,64,0,0],"gold":0,"neow_bonus":"THREE_ENEMY_KILL","is_daily":false,"chose_seed":false,"campfire_upgraded":2,"win_rate":0.0,"timestamp":1612059289,"path_taken":["M","?","?","$","?","E","R","E","T","E","R","?","M","M","R","BOSS","M","?","M","?","?","E"],"items_purchased_type":["Card","Card"],"build_version":"2020-12-22","purchased_purges":1,"victory":false,"max_hp_per_floor":[71,64,64,64,64,64,64,64,71,71,71,71,71,71,71,71,71,71,71,71,71,71,71,71],"relic_stats":{"counters":[11,59],"Golden Idol":59,"Ornamental Fan":[16],"MawBank":24,"obtain_stats":[{"NeowsBlessing":0,"Golden Idol":2,"Ornamental Fan":6,"Strawberry":9,"Philosopher\u0027s Stone":17,"Omamori":8,"Cracked Core":0,"MawBank":10,"Meat on the Bone":19},{"NeowsBlessing":0,"Golden Idol":1,"Ornamental Fan":3,"Strawberry":4,"Philosopher\u0027s Stone":8,"Omamori":4,"Cracked Core":0,"MawBank":5,"Meat on the Bone":9},{"NeowsBlessing":0,"Golden Idol":1,"Ornamental Fan":3,"Strawberry":11,"Philosopher\u0027s Stone":40,"Omamori":11,"Cracked Core":0,"MawBank":17,"Meat on the Bone":47}],"Meat on the Bone":0},"card_choices":[{"not_picked":["Tempest","Compile Driver"],"picked":"Go for the Eyes","floor":1.0},{"not_picked":["Leap","Cold Snap"],"picked":"Sunder","floor":5},{"not_picked":["Ball Lightning","Steam Power"],"picked":"Rainbow","floor":6},{"not_picked":["Stack","Steam","Melter"],"picked":"SKIP","floor":8},{"not_picked":["Rip and Tear","Compile Driver"],"picked":"Undo","floor":10},{"not_picked":["Turbo","Static Discharge"],"picked":"Coolheaded","floor":13},{"not_picked":["Streamline","BootSequence"],"picked":"Hologram","floor":14},{"not_picked":["Seek","Reboot"],"picked":"Creative AI","floor":16},{"not_picked":["Scrape","Go for the Eyes","Steam"],"picked":"SKIP","floor":18},{"not_picked":["Compile Driver","Cold Snap"],"picked":"Conserve Battery","floor":20}],"player_experience":4006346,"relics_obtained":[{"floor":6,"key":"Ornamental Fan"},{"floor":8,"key":"Omamori"},{"floor":9,"key":"Strawberry"},{"floor":10,"key":"MawBank"}],"event_choices":[{"damage_healed":0.0,"max_hp_gain":0.0,"max_hp_loss":7.0,"gold_gain":0.0,"event_name":"Golden Idol","player_choice":"Lose Max HP","floor":2.0,"gold_loss":0.0,"damage_taken":0.0,"relics_obtained":["Golden Idol"]},{"damage_healed":0,"gold_gain":0,"player_choice":"1 cards matched","damage_taken":0,"max_hp_gain":0,"max_hp_loss":0,"event_name":"Match and Keep!","floor":3,"gold_loss":0,"cards_obtained":["Buffer"]},{"damage_healed":0,"gold_gain":0,"player_choice":"Obtained Relic","damage_taken":0,"relics_obtained":["Meat on the Bone"],"max_hp_gain":0,"max_hp_loss":0,"event_name":"Addict","floor":19,"gold_loss":85},{"damage_healed":0,"gold_gain":0,"player_choice":"Ignored","damage_taken":0,"max_hp_gain":0,"max_hp_loss":0,"event_name":"Vampires","floor":21,"gold_loss":0}],"is_beta":false,"boss_relics":[{"not_picked":["Tiny House","Runic Pyramid"],"picked":"Philosopher\u0027s Stone"}],"items_purged_floors":[12],"is_endless":false,"potions_floor_spawned":[1,10,14,18],"killed_by":"Book of Stabbing","ascension_level":20}}