{"host":"hszimsrtxxc2k25w","time":1612111026,"event":{"mods":["AchievementEnabler","BaseMod","Colored Map","DeckTracker","Minty Spire (QoL Compilation)","Rare Cards Sparkle","SuperFastMode"],"gold_per_floor":[109,129,46,196,121,151,162,162,162,206,270,223,223,242,242,242,242],"floor_reached":16,"language":"KOR","playtime":278,"items_purged":["Doubt"],"score":259,"play_id":"5cd9ddf5-51c6-4123-b401-7095754b2845","local_time":"20210201013706","is_ascension_mode":true,"campfire_choices":[{"data":"Prepared","floor":8.0,"key":"SMITH"},{"floor":13.0,"key":"REST"},{"data":"Wraith Form v2","floor":15,"key":"SMITH"}],"circlet_count":0,"master_deck":["AscendersBane","Strike_G","Strike_G","Strike_G","Strike_G","Strike_G","Defend_G","Defend_G","Defend_G","Defend_G","Defend_G","Survivor","Neutralize","Acrobatics","Dagger Throw","Corpse Explosion","Prepared+1","Eviscerate","Masterful Stab","Wraith Form v2+1"],"relics":["Ring of the Snake","NeowsBlessing","Ninja Scroll","Letter Opener","CeramicFish"],"acts_visited":["Exordium"],"potions_floor_usage":[16],"damage_taken":[{"damage":0.0,"enemies":"Small Slimes","floor":1.0,"turns":1.0},{"damage":0.0,"enemies":"2 Louse","floor":2.0,"turns":1.0},{"damage":0.0,"enemies":"Gremlin Nob","floor":6.0,"turns":1.0},{"damage":2.0,"enemies":"Jaw Worm","floor":7.0,"turns":5.0},{"damage":54.0,"enemies":"Lagavulin","floor":10.0,"turns":8.0},{"damage":0,"enemies":"Lots of Slimes","floor":14,"turns":1},{"damage":25,"enemies":"Hexaghost","floor":16,"turns":6}],"seed_played":"2429888306174110776","potions_obtained":[{"floor":1.0,"key":"CunningPotion"},{"floor":10.0,"key":"Regen Potion"}],"is_trial":false,"path_per_floor":["M","M","$","?","$","E","M","R","T","E","?","?","R","M","R","B"],"character_chosen":"THE_SILENT","items_purchased":["Corpse Explosion"],"campfire_rested":1,"item_purchase_floors":[3],"current_hp_per_floor":[59,59,59,59,59,59,57,57,57,3,3,3,22,22,22,12,12],"gold":242,"neow_bonus":"THREE_ENEMY_KILL","is_daily":false,"chose_seed":false,"campfire_upgraded":2,"win_rate":0.0,"timestamp":1612111026,"path_taken":["M","M","$","?","$","E","M","R","T","E","?","?","R","M","R","BOSS"],"items_purchased_type":["Card"],"build_version":"2020-12-22","purchased_purges":1,"victory":false,"max_hp_per_floor":[66,66,66,66,66,66,66,66,66,66,66,66,66,66,66,66,66],"card_choices":[{"not_picked":["Flying Knee","Backflip"],"picked":"Acrobatics","floor":1.0},{"not_picked":["Expertise","Sucker Punch"],"picked":"Dagger Throw","floor":2.0},{"not_picked":["Acrobatics","Dagger Spray"],"picked":"Prepared","floor":6.0},{"not_picked":["Caltrops","Bane"],"picked":"Eviscerate","floor":7.0},{"not_picked":["Caltrops","Sucker Punch"],"picked":"Masterful Stab","floor":10.0},{"not_picked":["Dodge and Roll","Sucker Punch"],"picked":"Wraith Form v2","floor":14}],"player_experience":659965,"relics_obtained":[{"floor":6.0,"key":"Ninja Scroll"},{"floor":9.0,"key":"Letter Opener"},{"floor":10.0,"key":"CeramicFish"}],"event_choices":[{"damage_healed":0.0,"max_hp_gain":0.0,"max_hp_loss":0.0,"gold_gain":150.0,"event_name":"Liars Game","player_choice":"AGREE","floor":4.0,"gold_loss":0.0,"damage_taken":0.0,"cards_obtained":["Doubt"]},{"damage_healed":0.0,"max_hp_gain":0.0,"max_hp_loss":0.0,"gold_gain":64.0,"event_name":"Golden Wing","player_choice":"Gained Gold","floor":11.0,"gold_loss":0.0,"damage_taken":0.0},{"damage_healed":0.0,"max_hp_gain":0.0,"max_hp_loss":0.0,"gold_gain":0.0,"event_name":"World of Goop","player_choice":"Left Gold","floor":12.0,"gold_loss":47.0,"damage_taken":0.0}],"is_beta":false,"boss_relics":[],"items_purged_floors":[5],"is_endless":false,"potions_floor_spawned":[1,10],"killed_by":"Hexaghost","ascension_level":19}}