{"host":"3ghcx3e93lhog3cp","time":1612105463,"event":{"mods":["AchievementEnabler","BaseMod","Downfall","Minty Spire (QoL Compilation)","Replay The Spire","StSLib"],"gold_per_floor":[109,109,284,284,304,332,332,351,351,66,80,80,91,106,106,106,106],"floor_reached":16,"language":"ENG","playtime":844,"items_purged":["Doubt"],"score":117,"play_id":"bdcf7886-942e-493e-8ccc-abb1b73fbd91","local_time":"20210131070423","is_ascension_mode":true,"campfire_choices":[{"floor":7,"key":"REST"},{"floor":12,"key":"REST"},{"floor":15,"key":"DIG"}],"circlet_count":0,"master_deck":["Strike_B","Strike_B","Strike_B","Strike_B","Defend_B","Defend_B","Defend_B","Defend_B","Zap","Beam Cell","Bash","Genetic Algorithm","Sunder","BootSequence","Thinking Ahead","Conserve Battery","Melter"],"relics":["ChewingGum","Pen Nib","Singing Bowl","Gambling Chip"],"acts_visited":["Exordium"],"potions_floor_usage":[6,16,16,16,16,16,16,16,16],"damage_taken":[{"damage":0,"enemies":"2 Louse","floor":1,"turns":2},{"damage":0,"enemies":"Small Slimes","floor":5,"turns":4},{"damage":70,"enemies":"Lagavulin","floor":6,"turns":11},{"damage":0,"enemies":"Cultist","floor":8,"turns":3},{"damage":9,"enemies":"3 Louse","floor":11,"turns":3},{"damage":4,"enemies":"Gremlin Gang","floor":13,"turns":4},{"damage":0,"enemies":"Exordium Wildlife","floor":14,"turns":3},{"damage":43,"enemies":"The Guardian","floor":16,"turns":8}],"seed_played":"52583937519844355","potions_obtained":[{"floor":1,"key":"SkillPotion"},{"floor":6,"key":"Explosive Potion"},{"floor":13,"key":"ColorlessPotion"},{"floor":14,"key":"Weak Potion"}],"is_trial":false,"path_per_floor":["M","?","?","?","M","E","R","M","T","$","M","R","M","M","R","B"],"character_chosen":"DEFECT","items_purchased":["Thinking Ahead","Conserve Battery"],"campfire_rested":2,"item_purchase_floors":[10,10],"current_hp_per_floor":[75,75,75,75,75,5,27,27,27,27,18,40,38,40,40,0,0],"gold":106,"neow_bonus":"BOSS_RELIC","is_daily":false,"chose_seed":false,"campfire_upgraded":0,"win_rate":0.0,"timestamp":1612105463,"path_taken":["M","?","?","?","M","E","R","M","T","$","M","R","?","M","R","BOSS"],"items_purchased_type":["Card","Card"],"build_version":"2020-12-22","purchased_purges":1,"victory":false,"max_hp_per_floor":[75,75,75,75,75,75,75,75,75,75,75,75,77,79,79,79,79],"card_choices":[{"not_picked":["Recycle","Redo"],"picked":"Beam Cell","floor":1},{"not_picked":["Compile Driver","Hello World"],"picked":"Genetic Algorithm","floor":5},{"not_picked":["Hologram","Panic Button"],"picked":"Sunder","floor":6},{"not_picked":["BasicCrystalCard","Chill"],"picked":"BootSequence","floor":8},{"not_picked":["Stack","Beam Cell"],"picked":"Melter","floor":11},{"not_picked":["Biased Cognition","Redo","Steam"],"picked":"Singing Bowl","floor":13},{"not_picked":["Stack","Steam","Turbo"],"picked":"Singing Bowl","floor":14}],"player_experience":246380,"relics_obtained":[{"floor":6,"key":"Pen Nib"},{"floor":9,"key":"Singing Bowl"},{"floor":15,"key":"Gambling Chip"}],"event_choices":[{"damage_healed":0,"gold_gain":175,"player_choice":"AGREE","damage_taken":0,"max_hp_gain":0,"max_hp_loss":0,"event_name":"Liars Game","floor":3,"gold_loss":0,"cards_obtained":["Doubt"]},{"damage_healed":0,"gold_gain":0,"player_choice":"Bought 0 Potions","damage_taken":0,"max_hp_gain":0,"max_hp_loss":0,"event_name":"The Woman in Blue","floor":4,"gold_loss":0}],"is_beta":false,"boss_relics":[],"items_purged_floors":[10],"is_endless":false,"potions_floor_spawned":[1,6,13,14],"killed_by":"The Guardian","ascension_level":3}}