{"host":"i0avyit1s6jb1siw","time":1612084863,"event":{"mods":["BaseMod","DeckTracker","Dota2Spire","Highlight Path","Minty Spire (QoL Compilation)","Quick Restart","StSLib","SuperFastMode"],"gold_per_floor":[117,4,4,14,89,89,119,119,133,133,133,163,163,213,225,235,235,312,312,312,386,386,405,422,433,448,459,486,486,518,518,535,564,564,38,65,65,139,189,189,263,263,277,287,128,128,141,167,178,207,207,219,230,249,282,282,282,282,282,282,282,70,103,103],"floor_reached":65,"language":"ENG","playtime":1866,"items_purged":["Pain","Writhe"],"score":5052,"play_id":"f80b08d3-5404-4be4-a964-f0dbce6f71ea","local_time":"20210131102103","is_ascension_mode":true,"campfire_choices":[{"data":"Carnage","floor":6.0,"key":"SMITH"},{"floor":8.0,"key":"REST"},{"data":"Pommel Strike","floor":17.0,"key":"SMITH"},{"data":"Immolate","floor":20.0,"key":"SMITH"},{"floor":29,"key":"REST"},{"floor":34,"key":"REST"},{"floor":37,"key":"REST"},{"data":"Corruption","floor":40,"key":"SMITH"},{"floor":57,"key":"RECALL"},{"data":"Barricade","floor":61,"key":"SMITH"}],"circlet_count":0,"master_deck":["AscendersBane","Strike_R","Strike_R","Defend_R","Defend_R","Defend_R","Defend_R","Bash","Shrug It Off","Carnage+1","Pommel Strike+1","Offering","Clumsy","Flame Barrier","Immolate+1","Corruption+1","Disarm","Battle Trance+1","Dark Embrace","True Grit","Flame Barrier","Impervious","Body Slam","Barricade+1","Combust+1","Rupture+1","Burning Pact+1","Impervious","Power Through","Seeing Red","Entrench+1","Offering","Body Slam","Writhe","Second Wind","Feel No Pain"],"relics":["Cursed Key","Dead Branch","Dota2Spire:AssaultCuirass","Dota2Spire:MonkeyKingBar","Blue Candle","Sozu","Black Star","Kunai","Dota2Spire:LotusOrb","CaptainsWheel","Mummified Hand","Dota2Spire:OrchidMalevolence","Anchor","Medical Kit","Pantograph","Pen Nib","InkBottle","Tiny House","Astrolabe","Ancient Tea Set","Dota2Spire:MantaStyle","Dota2Spire:Dagon","Dota2Spire:MaskOfMadness","HornCleat","Happy Flower","Blood Vial","White Beast Statue"],"acts_visited":["Exordium","TheCity","TheBeyond","TheEnding"],"potions_floor_usage":[],"damage_taken":[{"damage":1.0,"enemies":"Cultist","floor":1.0,"turns":3.0},{"damage":5.0,"enemies":"Small Slimes","floor":4.0,"turns":3.0},{"damage":14.0,"enemies":"3 Sentries","floor":7.0,"turns":8.0},{"damage":0.0,"enemies":"Jaw Worm","floor":9.0,"turns":2.0},{"damage":9.0,"enemies":"Lagavulin","floor":12.0,"turns":3.0},{"damage":0.0,"enemies":"2 Fungi Beasts","floor":15.0,"turns":2.0},{"damage":7.0,"enemies":"Gremlin Gang","floor":16.0,"turns":3.0},{"damage":6.0,"enemies":"Slime Boss","floor":18.0,"turns":4.0},{"damage":0,"enemies":"Slime Boss","floor":21,"turns":4},{"damage":0,"enemies":"Spheric Guardian","floor":23,"turns":1},{"damage":6,"enemies":"3 Byrds","floor":24,"turns":2},{"damage":2,"enemies":"3 Cultists","floor":25,"turns":3},{"damage":7,"enemies":"Cultist and Chosen","floor":26,"turns":4},{"damage":8,"enemies":"Snecko","floor":27,"turns":2},{"damage":2,"enemies":"Gremlin Leader","floor":28,"turns":2},{"damage":17,"enemies":"Book of Stabbing","floor":30,"turns":4},{"damage":12,"enemies":"Shelled Parasite and Fungi","floor":32,"turns":3},{"damage":8,"enemies":"Gremlin Leader","floor":33,"turns":4},{"damage":7,"enemies":"Book of Stabbing","floor":36,"turns":2},{"damage":11,"enemies":"Champ","floor":38,"turns":5},{"damage":2,"enemies":"Champ","floor":41,"turns":4},{"damage":2,"enemies":"3 Darklings","floor":43,"turns":3},{"damage":7,"enemies":"3 Shapes","floor":44,"turns":3},{"damage":0,"enemies":"Sphere and 2 Shapes","floor":47,"turns":1},{"damage":8,"enemies":"Giant Head","floor":48,"turns":3},{"damage":8,"enemies":"Writhing Mass","floor":49,"turns":4},{"damage":1,"enemies":"Nemesis","floor":50,"turns":3},{"damage":35,"enemies":"Transient","floor":52,"turns":6},{"damage":0,"enemies":"4 Shapes","floor":53,"turns":2},{"damage":0,"enemies":"Sphere and 2 Shapes","floor":54,"turns":3},{"damage":0,"enemies":"Reptomancer","floor":55,"turns":5},{"damage":15,"enemies":"Donu and Deca","floor":58,"turns":4},{"damage":13,"enemies":"Time Eater","floor":59,"turns":8},{"damage":18,"enemies":"Shield and Spear","floor":63,"turns":3},{"damage":37,"enemies":"The Heart","floor":64,"turns":8}],"seed_played":"9180333295804527289","potions_obtained":[{"floor":4.0,"key":"PowerPotion"},{"floor":9.0,"key":"EssenceOfSteel"}],"is_trial":false,"path_per_floor":["M","$","?","M","?","R","E","R","M","T","T","E","?","?","M","M","R","B",null,"R","B",null,"M","M","M","M","M","E","R","E","T","M","E","R","$","E","R","B",null,"R","B",null,"M","M","$","?","M","E","M","E","T","M","M","M","E","?","R","B","B",null,"R","$","E","B",null],"character_chosen":"IRONCLAD","items_purchased":["Carnage","Pommel Strike","Medical Kit","Pantograph","Flame Barrier","Impervious","Second Wind","Feel No Pain"],"campfire_rested":4,"item_purchase_floors":[2,2,35,35,35,45,62,62],"current_hp_per_floor":[67,67,72,67,56,56,42,66,66,66,66,57,57,49,49,42,42,36,36,36,36,69,69,63,61,54,46,44,68,51,51,39,31,55,55,48,72,69,74,74,83,85,83,76,76,76,76,68,60,59,59,24,24,24,24,41,41,51,63,80,80,80,62,48],"gold":103,"neow_bonus":"BOSS_RELIC","is_daily":false,"chose_seed":false,"campfire_upgraded":5,"win_rate":0.0,"timestamp":1612084863,"path_taken":["M","$","?","M","?","R","E","R","M","T","T","E","?","?","M","M","R","BOSS","R","BOSS","M","?","M","M","M","E","R","E","T","M","E","R","$","E","R","BOSS","R","BOSS","M","M","$","?","M","E","M","E","T","?","M","M","E","?","R","BOSS","BOSS","R","$","E","BOSS"],"items_purchased_type":["Card","Card","Relic","Relic","Card","Card","Card","Card"],"build_version":"2020-12-22","purchased_purges":2,"victory":true,"max_hp_per_floor":[75,75,80,80,80,80,80,80,80,80,80,80,80,80,80,80,80,80,80,80,80,80,80,80,80,80,80,80,80,80,80,80,80,80,80,80,80,80,85,85,85,85,85,85,85,85,85,85,85,85,85,85,85,85,85,85,85,85,85,85,85,85,85,85],"card_choices":[{"not_picked":["Thunderclap","Burning Pact"],"picked":"Shrug It Off","floor":1.0},{"not_picked":["Armaments","Heavy Blade","Searing Blow"],"picked":"SKIP","floor":4.0},{"not_picked":["Clothesline","Dropkick","Sword Boomerang"],"picked":"SKIP","floor":7.0},{"not_picked":["Thunderclap","Dual Wield"],"picked":"Offering","floor":9.0},{"not_picked":["Pummel","Perfected Strike"],"picked":"Flame Barrier","floor":12.0},{"not_picked":["Armaments","Searing Blow","Clash"],"picked":"SKIP","floor":15.0},{"not_picked":["Warcry","Havoc","Heavy Blade"],"picked":"SKIP","floor":16.0},{"not_picked":["Bludgeon","Berserk"],"picked":"Immolate","floor":18.0},{"not_picked":["Exhume","Double Tap"],"picked":"Corruption","floor":21},{"not_picked":["Heavy Blade+1","Perfected Strike","Metallicize"],"picked":"SKIP","floor":23},{"not_picked":["Twin Strike","Wild Strike"],"picked":"Disarm","floor":24},{"not_picked":["Warcry","Flex","Wild Strike"],"picked":"SKIP","floor":25},{"not_picked":["Pommel Strike","Inflame","Whirlwind"],"picked":"SKIP","floor":26},{"not_picked":["Headbutt","Anger","Corruption"],"picked":"SKIP","floor":27},{"not_picked":["Clothesline","Pommel Strike","Berserk"],"picked":"SKIP","floor":28},{"not_picked":["Wild Strike","Cleave"],"picked":"Battle Trance","floor":30},{"not_picked":["Thunderclap","Iron Wave"],"picked":"Dark Embrace","floor":32},{"not_picked":["Cleave","Juggernaut"],"picked":"True Grit","floor":33},{"not_picked":["Reckless Charge","Rampage","Bloodletting"],"picked":"SKIP","floor":36},{"not_picked":["Reaper","Double Tap"],"picked":"Impervious","floor":38},{"not_picked":["Inflame","Cleave+1"],"picked":"Body Slam","floor":39},{"not_picked":["Juggernaut","Exhume"],"picked":"Barricade","floor":41},{"not_picked":["Heavy Blade","Headbutt","Warcry+1"],"picked":"SKIP","floor":43},{"not_picked":["Armaments","Headbutt","Clothesline"],"picked":"SKIP","floor":44},{"not_picked":["Wild Strike","Thunderclap"],"picked":"Power Through","floor":47},{"not_picked":["Entrench","Sword Boomerang"],"picked":"Seeing Red","floor":48},{"not_picked":["Clothesline","Pommel Strike"],"picked":"Entrench+1","floor":49},{"not_picked":["Clash","Sever Soul"],"picked":"Offering","floor":50},{"not_picked":["Infernal Blade","Sword Boomerang+1","Twin Strike"],"picked":"SKIP","floor":52},{"not_picked":["Perfected Strike","Heavy Blade","Warcry+1"],"picked":"SKIP","floor":53},{"not_picked":["Intimidate","Anger","Body Slam"],"picked":"SKIP","floor":54},{"not_picked":["Intimidate","Anger"],"picked":"Body Slam","floor":54},{"not_picked":["Intimidate","Combust","Warcry+1"],"picked":"SKIP","floor":55},{"not_picked":["Infernal Blade","Heavy Blade","Sever Soul"],"picked":"SKIP","floor":63},{"not_picked":["Infernal Blade","Heavy Blade","Sever Soul"],"picked":"SKIP","floor":63}],"player_experience":2387130,"relics_obtained":[{"floor":7.0,"key":"Dead Branch"},{"floor":10.0,"key":"Dota2Spire:AssaultCuirass"},{"floor":11.0,"key":"Dota2Spire:MonkeyKingBar"},{"floor":12.0,"key":"Blue Candle"},{"floor":28,"key":"Kunai"},{"floor":28,"key":"Dota2Spire:LotusOrb"},{"floor":30,"key":"CaptainsWheel"},{"floor":30,"key":"Mummified Hand"},{"floor":33,"key":"Dota2Spire:OrchidMalevolence"},{"floor":33,"key":"Anchor"},{"floor":36,"key":"Pen Nib"},{"floor":36,"key":"InkBottle"},{"floor":48,"key":"Ancient Tea Set"},{"floor":48,"key":"Dota2Spire:MantaStyle"},{"floor":50,"key":"Dota2Spire:Dagon"},{"floor":50,"key":"Dota2Spire:MaskOfMadness"},{"floor":55,"key":"HornCleat"},{"floor":55,"key":"Happy Flower"},{"floor":63,"key":"Blood Vial"},{"floor":63,"key":"White Beast Statue"}],"event_choices":[{"damage_healed":0.0,"max_hp_gain":5.0,"max_hp_loss":0.0,"gold_gain":0.0,"event_name":"Big Fish","player_choice":"Donut","floor":3.0,"gold_loss":0.0,"damage_taken":0.0},{"damage_healed":0.0,"max_hp_gain":0.0,"max_hp_loss":0.0,"gold_gain":75.0,"event_name":"World of Goop","player_choice":"Gather Gold","floor":5.0,"gold_loss":0.0,"damage_taken":11.0},{"damage_healed":0.0,"max_hp_gain":0.0,"max_hp_loss":0.0,"gold_gain":0.0,"event_name":"Liars Game","player_choice":"Ignored","floor":13.0,"gold_loss":0.0,"damage_taken":0.0},{"damage_healed":0.0,"max_hp_gain":0.0,"max_hp_loss":0.0,"gold_gain":50.0,"event_name":"FaceTrader","player_choice":"Touch","floor":14.0,"gold_loss":0.0,"damage_taken":8.0},{"damage_healed":0,"gold_gain":0,"player_choice":"0 cards matched","damage_taken":0,"max_hp_gain":0,"max_hp_loss":0,"event_name":"Match and Keep!","floor":46,"gold_loss":0,"cards_obtained":[]},{"damage_healed":17,"gold_gain":0,"player_choice":"Writhe","damage_taken":0,"max_hp_gain":0,"max_hp_loss":0,"event_name":"Winding Halls","floor":56,"gold_loss":0,"cards_obtained":["Writhe"]}],"is_beta":false,"boss_relics":[{"not_picked":["Ectoplasm","Mark of Pain"],"picked":"Sozu"},{"not_picked":["Dota2Spire:Bloodstone","Busted Crown"],"picked":"Black Star"},{"not_picked":["SacredBark","Runic Dome"],"picked":"Tiny House"},{"not_picked":["Velvet Choker","Pandora\u0027s Box"],"picked":"Astrolabe"}],"items_purged_floors":[45,62],"is_endless":false,"potions_floor_spawned":[4,9,15,16,18,23,27,32,33,36,38,48,52,55,63],"ascension_level":20}}