{"host":"Jinnai","time":1612115637,"event":{"mods":["BaseMod","Bestiary","Block Reminder","Colored Map","Colored Powertips","Highlight Path","Minty Spire (QoL Compilation)","Quick Restart","Relic Stats","StSLib"],"gold_per_floor":[114,128,128,140,159,185,196,222,222,242,242,269,7,67,67,67,67],"floor_reached":16,"language":"ENG","playtime":577,"items_purged":[],"score":244,"play_id":"6aa60afd-b658-40c1-859e-28e53070c815","local_time":"20210131125357","is_ascension_mode":true,"campfire_choices":[{"floor":11,"key":"REST"},{"floor":15,"key":"REST"}],"circlet_count":0,"master_deck":["AscendersBane","Strike_R","Strike_R","Strike_R","Strike_R","Strike_R","Defend_R","Defend_R","Defend_R","Defend_R","Bash","Whirlwind","Clothesline","Pain","Feel No Pain","Flex","Clothesline","Headbutt","Impervious"],"relics":["Snecko Eye","WarpedTongs","Shuriken","Paper Frog","Frozen Egg 2","Mummified Hand","Eternal Feather"],"acts_visited":["Exordium"],"potions_floor_usage":[8,10,11],"damage_taken":[{"damage":0,"enemies":"2 Louse","floor":1,"turns":3},{"damage":1,"enemies":"Cultist","floor":2,"turns":3},{"damage":5,"enemies":"Jaw Worm","floor":4,"turns":2},{"damage":1,"enemies":"2 Fungi Beasts","floor":5,"turns":2},{"damage":22,"enemies":"3 Sentries","floor":6,"turns":4},{"damage":14,"enemies":"Large Slime","floor":7,"turns":4},{"damage":19,"enemies":"Lagavulin","floor":8,"turns":4},{"damage":3,"enemies":"Blue Slaver","floor":10,"turns":1},{"damage":25,"enemies":"3 Sentries","floor":12,"turns":6},{"damage":40,"enemies":"The Guardian","floor":16,"turns":7}],"seed_played":"9049231063537842037","potions_obtained":[{"floor":1,"key":"DuplicationPotion"},{"floor":6,"key":"DistilledChaos"},{"floor":8,"key":"DuplicationPotion"},{"floor":10,"key":"Fruit Juice"}],"is_trial":false,"path_per_floor":["M","M","?","M","M","E","M","E","T","M","R","E","$","?","R","B"],"character_chosen":"IRONCLAD","items_purchased":["Eternal Feather"],"campfire_rested":2,"item_purchase_floors":[13],"current_hp_per_floor":[68,67,67,62,61,39,25,6,6,3,32,7,7,7,40,0,0],"gold":67,"neow_bonus":"BOSS_RELIC","is_daily":false,"chose_seed":false,"campfire_upgraded":0,"win_rate":0.0,"timestamp":1612115637,"path_taken":["M","M","?","M","M","E","M","E","T","M","R","E","?","?","R","BOSS"],"items_purchased_type":["Relic"],"build_version":"2020-12-18","purchased_purges":0,"victory":false,"max_hp_per_floor":[75,75,75,75,75,75,75,75,75,75,80,80,80,80,80,80,80],"relic_stats":{"counters":[10,36],"Shuriken":[8],"Mummified Hand":[3],"Snecko Eye":[54,52,45,51],"Eternal Feather":9,"obtain_stats":[{"Shuriken":6,"Mummified Hand":12,"Snecko Eye":0,"Eternal Feather":13,"Frozen Egg 2":9,"Burning Blood":0,"WarpedTongs":3,"Paper Frog":8},{"Shuriken":5,"Mummified Hand":9,"Snecko Eye":0,"Eternal Feather":9,"Frozen Egg 2":7,"Burning Blood":0,"WarpedTongs":2,"Paper Frog":7},{"Shuriken":14,"Mummified Hand":29,"Snecko Eye":0,"Eternal Feather":29,"Frozen Egg 2":22,"Burning Blood":0,"WarpedTongs":6,"Paper Frog":22}],"WarpedTongs":[30]},"card_choices":[{"not_picked":["Armaments","Pommel Strike"],"picked":"Whirlwind","floor":1},{"not_picked":["Havoc","Warcry"],"picked":"Clothesline","floor":2},{"not_picked":["Battle Trance","Cleave"],"picked":"Feel No Pain","floor":4},{"not_picked":["Ghostly Armor","Blood for Blood"],"picked":"Flex","floor":5},{"not_picked":["Twin Strike","Anger"],"picked":"Clothesline","floor":6},{"not_picked":["Iron Wave","Thunderclap"],"picked":"Headbutt","floor":7},{"not_picked":["Thunderclap","Shrug It Off"],"picked":"Impervious","floor":8},{"not_picked":["Havoc","Twin Strike","Clash"],"picked":"SKIP","floor":10},{"not_picked":["Clash","Searing Blow","Dropkick"],"picked":"SKIP","floor":12}],"player_experience":1620435,"relics_obtained":[{"floor":6,"key":"Shuriken"},{"floor":8,"key":"Paper Frog"},{"floor":9,"key":"Frozen Egg 2"},{"floor":12,"key":"Mummified Hand"}],"event_choices":[{"damage_healed":0,"gold_gain":0,"player_choice":"Rummage","damage_taken":0,"relics_obtained":["WarpedTongs"],"max_hp_gain":0,"max_hp_loss":0,"event_name":"Accursed Blacksmith","floor":3,"gold_loss":0,"cards_obtained":["Pain"]},{"damage_healed":0,"gold_gain":60,"player_choice":"Gained Gold","damage_taken":0,"max_hp_gain":0,"max_hp_loss":0,"event_name":"Golden Wing","floor":14,"gold_loss":0}],"is_beta":true,"boss_relics":[],"items_purged_floors":[],"is_endless":false,"potions_floor_spawned":[1,6,8,10],"killed_by":"The Guardian","ascension_level":20}}