{"host":"d54lcqy5t45er8jx","time":1612105852,"event":{"mods":["2.2 Compatiblity","BaseMod","CapriCore","Defuse TimeMaze Blight","Hermit","Hubris","Infinite Spire","Marisa£¨Ùöéë¡¡Øª×âÞÞ£©","Minty Spire (QoL Compilation)","Rare Cards Sparkle","Relic Stats","StSLib","The Animator","The Cursed","The Immortal","The Servant 0.9.4","WarShipGirlsR/??á´Ò³R mod"],"gold_per_floor":[115,40,215,215,235,235,263,263,318,347,31,42,71,87,87,187,187,197,197,197,214,229,229,262,262,289,338,338,368,402,431,431,536,536,536,43,77,77,77],"floor_reached":38,"language":"ENG","playtime":1597,"items_purged":["Fasting2","Prostrate","Doubt","ThirdEye"],"score":766,"play_id":"dda9f6c0-2bc9-4a8e-871b-e7cf9d08a354","local_time":"20210201001052","daily_mods":["SealedDeck","Insanity","Heirloom","DeadlyEvents","Elite Swarm","Lethality","Uncertain Future"],"is_ascension_mode":false,"campfire_choices":[{"data":"ClearTheMind","floor":6,"key":"SMITH"},{"data":"FlurryOfBlows","floor":8,"key":"SMITH"},{"data":"Tantrum","floor":15,"key":"SMITH"},{"data":"ClearTheMind","floor":23,"key":"SMITH"},{"data":"FlurryOfBlows","floor":25,"key":"SMITH"},{"data":"1","floor":32,"key":"LIFT"},{"data":"2","floor":35,"key":"LIFT"}],"circlet_count":0,"master_deck":["SashWhip","EmptyMind","Evaluate","ClearTheMind+1","JustLucky","Wallop","EmptyBody","FollowUp","CutThroughFate","BattleHymn+1","Swivel+1","Tantrum+1","Study","SandsOfTime","Meditate","FlyingSleeves","FlurryOfBlows","Halt","LikeWater","Perseverance","CrushJoints","FlyingSleeves","Evaluate","EmptyBody","CrushJoints","ForeignInfluence","Adaptation+1","EmptyFist","FlurryOfBlows+1","ClearTheMind","FollowUp","ForeignInfluence","EmptyFist","FlurryOfBlows+1","Halt","BowlingBash","Wireheading","WheelKick","SashWhip","CarveReality+1","Nirvana","FlyingSleeves","Weave","Vengeance","Adaptation","ClearTheMind+1","ClearTheMind","Crescendo","Adaptation","InnerPeace","InnerPeace","Crescendo","FearNoEvil","ClearTheMind","Vault","Adaptation","LessonLearned","FlurryOfBlows","Scrawl","WaveOfTheHand+1","Conclude+1","Wish+1","Indignation","Evaluate","Vault","Omniscience","Vault","Indignation","Tantrum","Secret Weapon","DeusExMachina"],"relics":["PureWater","Gambling Chip","infinitespire:CheckeredPen","Ancient Tea Set","Anchor","Lantern","Astrolabe","Thread and Needle","Turnip","Tiny Chest","Smiling Mask","Girya","Lizard Tail","Philosopher\u0027s Stone","hubris:Teleporter"],"acts_visited":["Exordium","TheCity","TheEnding"],"potions_floor_usage":[7,29,29,37,38,38],"damage_taken":[{"damage":0,"enemies":"Jaw Worm","floor":1,"turns":1},{"damage":0,"enemies":"2 Louse","floor":5,"turns":1},{"damage":1,"enemies":"3 Sentries","floor":7,"turns":4},{"damage":0,"enemies":"Lagavulin","floor":10,"turns":5},{"damage":0,"enemies":"Cultist","floor":12,"turns":2},{"damage":0,"enemies":"Gremlin Nob","floor":13,"turns":3},{"damage":0,"enemies":"Looter","floor":14,"turns":2},{"damage":46,"enemies":"Hexaghost","floor":16,"turns":4},{"damage":0,"enemies":"Spheric Guardian","floor":18,"turns":2},{"damage":0,"enemies":"Chosen","floor":21,"turns":2},{"damage":7,"enemies":"Snecko","floor":22,"turns":4},{"damage":4,"enemies":"Book of Stabbing","floor":24,"turns":2},{"damage":0,"enemies":"Cultist and Chosen","floor":27,"turns":2},{"damage":0,"enemies":"Gremlin Leader","floor":29,"turns":2},{"damage":0,"enemies":"Book of Stabbing","floor":30,"turns":1},{"damage":37,"enemies":"Nightmare","floor":31,"turns":5},{"damage":24,"enemies":"hubris:MusketHawk","floor":33,"turns":6},{"damage":22,"enemies":"Shield and Spear","floor":37,"turns":4},{"damage":89,"enemies":"The Heart","floor":38,"turns":4}],"seed_played":"-1319584521079189823","potions_obtained":[{"floor":1,"key":"SkillPotion"},{"floor":5,"key":"AttackPotion"},{"floor":12,"key":"SmokeBomb"},{"floor":16,"key":"DistilledChaos"},{"floor":22,"key":"SkillPotion"},{"floor":30,"key":"Ancient Potion"},{"floor":31,"key":"LiquidMemories"}],"is_trial":true,"path_per_floor":["M","$","?","?","M","R","E","R","T","E","$","M","E","M","R","B",null,"M","?","AVR","M","M","R","E","R","T","M","?","E","E","NM","R","B",null,"R","$","E","B"],"character_chosen":"WATCHER","items_purchased":["Adaptation","LessonLearned","Vault","Indignation","Tantrum","Secret Weapon"],"campfire_rested":0,"item_purchase_floors":[11,11,36,36,36,36],"current_hp_per_floor":[72,72,72,65,65,65,64,64,64,64,64,64,64,64,64,18,72,72,72,72,72,65,65,61,61,61,61,72,72,72,35,35,11,72,72,72,50,0,0],"gold":77,"neow_bonus":"","is_daily":false,"chose_seed":false,"campfire_upgraded":5,"win_rate":0.0,"timestamp":1612105852,"path_taken":["M","$","?","?","M","R","E","R","T","E","?","M","E","M","R","BOSS","M","?","AVR","M","M","R","E","R","T","M","?","E","?","NM","R","BOSS","R","$","E","BOSS"],"items_purchased_type":["Card","Card","Card","Card","Card","Card"],"build_version":"2020-12-22","purchased_purges":4,"victory":false,"max_hp_per_floor":[72,72,72,72,72,72,72,72,72,72,72,72,72,72,72,72,72,72,72,72,72,72,72,72,72,72,72,72,72,72,72,72,72,72,72,72,72,72,72],"relic_stats":{"Lizard Tail":36,"counters":[19,56],"Gambling Chip":[76],"Astrolabe":["WaveOfTheHand","Conclude","Wish"],"Tiny Chest":0,"Turnip":[6],"Smiling Mask":75,"obtain_stats":[{"Girya":30,"Lantern":13,"hubris:Teleporter":37,"Astrolabe":17,"Thread and Needle":20,"infinitespire:CheckeredPen":7,"Ancient Tea Set":9,"Smiling Mask":29,"Anchor":10,"Lizard Tail":31,"Gambling Chip":0,"Tiny Chest":26,"Philosopher\u0027s Stone":34,"Turnip":24,"PureWater":0},{"Girya":15,"Lantern":6,"hubris:Teleporter":18,"Astrolabe":8,"Thread and Needle":9,"infinitespire:CheckeredPen":3,"Ancient Tea Set":3,"Smiling Mask":14,"Anchor":4,"Lizard Tail":16,"Gambling Chip":0,"Tiny Chest":12,"Philosopher\u0027s Stone":17,"Turnip":12,"PureWater":0},{"Girya":37,"Lantern":16,"hubris:Teleporter":52,"Astrolabe":22,"Thread and Needle":24,"infinitespire:CheckeredPen":6,"Ancient Tea Set":6,"Smiling Mask":36,"Anchor":11,"Lizard Tail":42,"Gambling Chip":0,"Tiny Chest":32,"Philosopher\u0027s Stone":48,"Turnip":32,"PureWater":0}]},"card_choices":[{"not_picked":["Conclude","ForeignInfluence"],"picked":"FearNoEvil","floor":1},{"not_picked":["FearNoEvil","PathToVictory"],"picked":"ClearTheMind","floor":5},{"not_picked":["ConjureBlade","Ragnarok","MasterReality"],"picked":"SKIP","floor":7},{"not_picked":["ConjureBlade","Ragnarok","MasterReality"],"picked":"SKIP","floor":7},{"not_picked":["Blasphemy","SpiritShield"],"picked":"Vault","floor":10},{"not_picked":["PathToVictory","Perseverance"],"picked":"FlurryOfBlows","floor":12},{"not_picked":["Alpha","SpiritShield"],"picked":"Scrawl","floor":13},{"not_picked":["Pray","Wireheading","Perseverance"],"picked":"SKIP","floor":14},{"not_picked":["ForeignInfluence","BowlingBash","Prostrate"],"picked":"SKIP","floor":18},{"not_picked":["Crescendo","SandsOfTime"],"picked":"Indignation","floor":21},{"not_picked":["Protect","Prostrate"],"picked":"Evaluate","floor":22},{"not_picked":["SpiritShield","Devotion","MasterReality"],"picked":"SKIP","floor":24},{"not_picked":["JustLucky+1","BattleHymn+1","CrushJoints"],"picked":"SKIP","floor":27},{"not_picked":["SpiritShield","Alpha","MasterReality"],"picked":"SKIP","floor":29},{"not_picked":["Ragnarok","ConjureBlade","Blasphemy"],"picked":"SKIP","floor":30},{"not_picked":["Ragnarok","ConjureBlade","Blasphemy"],"picked":"SKIP","floor":30},{"not_picked":["Brilliance","MasterReality"],"picked":"Vault","floor":31},{"not_picked":["Blasphemy","Devotion"],"picked":"Omniscience","floor":33},{"not_picked":["MasterReality","SpiritShield"],"picked":"DeusExMachina","floor":37}],"player_experience":984230,"relics_obtained":[{"floor":7,"key":"infinitespire:CheckeredPen"},{"floor":9,"key":"Ancient Tea Set"},{"floor":10,"key":"Anchor"},{"floor":13,"key":"Lantern"},{"floor":24,"key":"Turnip"},{"floor":26,"key":"Tiny Chest"},{"floor":29,"key":"Smiling Mask"},{"floor":30,"key":"Girya"},{"floor":31,"key":"Lizard Tail"},{"floor":37,"key":"hubris:Teleporter"}],"event_choices":[{"damage_healed":0,"gold_gain":175,"player_choice":"AGREE","damage_taken":0,"max_hp_gain":0,"max_hp_loss":0,"event_name":"Liars Game","floor":3,"gold_loss":0,"cards_obtained":["Doubt"]},{"cards_removed":["Prostrate"],"damage_healed":0,"gold_gain":0,"player_choice":"Card Removal","damage_taken":7,"max_hp_gain":0,"max_hp_loss":0,"event_name":"Golden Wing","floor":4,"gold_loss":0},{"cards_removed":["DeceiveReality"],"damage_healed":11,"gold_gain":0,"player_choice":"Offered Uncommon","damage_taken":0,"max_hp_gain":0,"max_hp_loss":0,"event_name":"Bonfire Elementals","floor":28,"gold_loss":0}],"is_beta":false,"boss_relics":[{"not_picked":["Runic Pyramid","SacredBark"],"picked":"Astrolabe"},{"not_picked":["hubris:TerracottaHorce","hubris:ScarierMask"],"picked":"Philosopher\u0027s Stone"}],"items_purged_floors":[2,11,20,36],"is_endless":true,"potions_floor_spawned":[1,5,12,16,21,22,30,31],"killed_by":"The Heart","ascension_level":0}}