{"host":"dcj2yvrgcvh5dl2s","time":1612126869,"event":{"mods":["BaseMod","Bestiary","Better Note","Block Reminder","Colored Powertips","Curses Come First","DeckTracker","Minty Spire (QoL Compilation)","Quick Restart","Rare Cards Sparkle","Relic Stats","StSLib"],"gold_per_floor":[17,17,32,32,32,32,64,9,34,34,97,97,22,40,40,119,119,133,90,90,90],"floor_reached":20,"language":"ENG","playtime":2184,"items_purged":["Strike_R"],"score":440,"play_id":"ac5964cc-5737-4180-b1f8-efb16be05bdb","local_time":"20210201070109","is_ascension_mode":true,"campfire_choices":[{"floor":6.0,"key":"REST"},{"data":"Flex","floor":10.0,"key":"SMITH"},{"data":"Heavy Blade","floor":12.0,"key":"SMITH"},{"data":"Intimidate","floor":15,"key":"SMITH"}],"circlet_count":0,"master_deck":["AscendersBane","Strike_R+1","Strike_R","Strike_R","Strike_R","Defend_R","Defend_R+1","Defend_R","Defend_R","Bash","Demon Form+1","Shrug It Off","Flex+1","Heavy Blade+1","Intimidate+1","Double Tap","Shrug It Off"],"relics":["Burning Blood","HornCleat","Bag of Preparation","Juzu Bracelet","MealTicket","SlaversCollar"],"acts_visited":["Exordium","TheCity"],"potions_floor_usage":[14,16],"damage_taken":[{"damage":14.0,"enemies":"Jaw Worm","floor":1.0,"turns":4.0},{"damage":9.0,"enemies":"2 Louse","floor":3.0,"turns":3.0},{"damage":0.0,"enemies":"Gremlin Nob","floor":7.0,"turns":3.0},{"damage":28.0,"enemies":"Gremlin Nob","floor":11.0,"turns":4.0},{"damage":7,"enemies":"Small Slimes","floor":14,"turns":6},{"damage":28,"enemies":"Slime Boss","floor":16,"turns":9},{"damage":8,"enemies":"Chosen","floor":18,"turns":5},{"damage":32,"enemies":"2 Thieves","floor":19,"turns":5},{"damage":37,"enemies":"Snake Plant","floor":20,"turns":4}],"seed_played":"459871236477727494","potions_obtained":[{"floor":1.0,"key":"Fire Potion"},{"floor":7.0,"key":"ColorlessPotion"},{"floor":11.0,"key":"Regen Potion"}],"is_trial":false,"path_per_floor":["M","?","M","?","?","R","E","$","T","R","?","R","$","M","R","B",null,"M","M","M"],"character_chosen":"IRONCLAD","items_purchased":["Heavy Blade"],"campfire_rested":1,"item_purchase_floors":[8],"current_hp_per_floor":[60,60,57,39,16,38,44,44,44,44,22,22,37,50,50,28,63,61,35,0,0],"gold":90,"neow_bonus":"THREE_RARE_CARDS","is_daily":false,"chose_seed":false,"campfire_upgraded":3,"win_rate":0.0,"timestamp":1612126869,"path_taken":["M","?","M","?","?","R","E","$","T","R","?","R","?","M","R","BOSS","M","M","M"],"items_purchased_type":["Card"],"build_version":"2020-12-22","purchased_purges":1,"victory":false,"max_hp_per_floor":[75,75,75,75,75,75,75,75,75,75,75,75,75,75,75,75,75,75,75,75,75],"relic_stats":{"counters":[9,43],"MealTicket":15,"Bag of Preparation":[12],"Juzu Bracelet":0,"obtain_stats":[{"SlaversCollar":17,"HornCleat":4,"MealTicket":11,"Bag of Preparation":7,"Juzu Bracelet":9,"Burning Blood":0},{"SlaversCollar":6,"HornCleat":2,"MealTicket":4,"Bag of Preparation":3,"Juzu Bracelet":3,"Burning Blood":0},{"SlaversCollar":29,"HornCleat":7,"MealTicket":14,"Bag of Preparation":10,"Juzu Bracelet":10,"Burning Blood":0}],"Burning Blood":48},"card_choices":[{"not_picked":["Immolate","Double Tap"],"picked":"Demon Form","floor":0.0},{"not_picked":["Second Wind","Shockwave"],"picked":"Shrug It Off","floor":1.0},{"not_picked":["Headbutt","Armaments"],"picked":"Flex","floor":3.0},{"not_picked":["Clash","Rage","Wild Strike"],"picked":"SKIP","floor":7.0},{"not_picked":["Feel No Pain","Wild Strike"],"picked":"Intimidate","floor":14},{"not_picked":["Bludgeon","Exhume"],"picked":"Double Tap","floor":16},{"not_picked":["Havoc","Armaments","Burning Pact"],"picked":"SKIP","floor":18},{"not_picked":["Pommel Strike","Twin Strike"],"picked":"Shrug It Off","floor":19}],"player_experience":2317737,"relics_obtained":[{"floor":7.0,"key":"Bag of Preparation"},{"floor":9.0,"key":"Juzu Bracelet"},{"floor":11.0,"key":"MealTicket"}],"event_choices":[{"damage_healed":0.0,"max_hp_gain":0.0,"max_hp_loss":0.0,"gold_gain":0.0,"event_name":"Living Wall","player_choice":"Grow","floor":2.0,"gold_loss":0.0,"damage_taken":0.0,"cards_upgraded":["Demon Form"]},{"damage_healed":0.0,"max_hp_gain":0.0,"max_hp_loss":0.0,"gold_gain":0.0,"event_name":"Scrap Ooze","player_choice":"Success","floor":4.0,"gold_loss":0.0,"damage_taken":18.0,"relics_obtained":["HornCleat"]},{"damage_healed":0.0,"max_hp_gain":0.0,"max_hp_loss":0.0,"gold_gain":0.0,"event_name":"Shining Light","player_choice":"Entered Light","floor":5.0,"gold_loss":0.0,"damage_taken":23.0,"cards_upgraded":["Strike_R","Defend_R"]},{"damage_healed":0.0,"max_hp_gain":0.0,"max_hp_loss":0.0,"gold_gain":0.0,"event_name":"Dead Adventurer","player_choice":"Searched \u00271\u0027 times","floor":11.0,"gold_loss":0.0,"damage_taken":0.0}],"is_beta":false,"boss_relics":[{"not_picked":["Philosopher\u0027s Stone","Astrolabe"],"picked":"SlaversCollar"}],"items_purged_floors":[13],"is_endless":false,"potions_floor_spawned":[1,7,11],"killed_by":"Snake Plant","ascension_level":20}}