{"host":"Alvar","time":1612113231,"event":{"mods":["AchievementEnabler","BaseMod","Minty Spire (QoL Compilation)","StSLib"],"gold_per_floor":[119,66,66,82,82,114,114,145,145,162,192,217,229,252,264,276,276],"floor_reached":16,"language":"ENG","playtime":343,"items_purged":[],"score":290,"play_id":"b918e10f-b21a-4191-b6cb-84cb51baa9c5","local_time":"20210201001351","is_ascension_mode":true,"campfire_choices":[{"data":"Bash","floor":7,"key":"SMITH"},{"data":"Battle Trance","floor":13,"key":"SMITH"},{"data":"Clothesline","floor":15,"key":"SMITH"}],"circlet_count":0,"master_deck":["AscendersBane","Strike_R","Strike_R","Strike_R","Strike_R","Strike_R","Defend_R","Defend_R","Defend_R","Defend_R","Bash+1","Battle Trance+1","Limit Break","Clothesline+1","Combust","Whirlwind","Spot Weakness","Sword Boomerang"],"relics":["Burning Blood","NeowsBlessing","Gremlin Horn","Pen Nib","StrikeDummy","MawBank"],"acts_visited":["Exordium"],"potions_floor_usage":[8,11],"damage_taken":[{"damage":0,"enemies":"2 Louse","floor":1,"turns":1},{"damage":0,"enemies":"Cultist","floor":4,"turns":1},{"damage":0,"enemies":"3 Sentries","floor":6,"turns":1},{"damage":24,"enemies":"Lagavulin","floor":8,"turns":6},{"damage":7,"enemies":"Jaw Worm","floor":10,"turns":3},{"damage":2,"enemies":"Gremlin Nob","floor":11,"turns":3},{"damage":7,"enemies":"Lots of Slimes","floor":12,"turns":2},{"damage":8,"enemies":"Blue Slaver","floor":14,"turns":3},{"damage":61,"enemies":"Hexaghost","floor":16,"turns":9}],"seed_played":"-1915935969916264883","potions_obtained":[{"floor":1,"key":"BlessingOfTheForge"},{"floor":8,"key":"GamblersBrew"},{"floor":10,"key":"EssenceOfSteel"},{"floor":11,"key":"Explosive Potion"}],"is_trial":false,"path_per_floor":["M","$","?","M","?","E","R","E","T","M","E","M","R","M","R","B"],"character_chosen":"IRONCLAD","items_purchased":["Explosive Potion"],"campfire_rested":0,"item_purchase_floors":[2],"current_hp_per_floor":[74,74,74,75,75,75,75,57,57,56,60,59,59,57,57,0,0],"gold":276,"neow_bonus":"THREE_ENEMY_KILL","is_daily":false,"chose_seed":false,"campfire_upgraded":3,"win_rate":0.0,"timestamp":1612113231,"path_taken":["M","$","?","?","?","E","R","E","T","M","E","?","R","M","R","BOSS"],"items_purchased_type":["Potion"],"build_version":"2020-12-18","purchased_purges":0,"victory":false,"max_hp_per_floor":[75,75,75,75,75,75,75,75,75,75,75,75,75,75,75,75,75],"card_choices":[{"not_picked":["Pommel Strike","Sever Soul"],"picked":"Battle Trance","floor":1},{"not_picked":["Sword Boomerang","Twin Strike"],"picked":"Clothesline","floor":4},{"not_picked":["Second Wind","Double Tap"],"picked":"Combust","floor":6},{"not_picked":["Headbutt","Double Tap"],"picked":"Whirlwind","floor":8},{"not_picked":["Power Through","Clothesline"],"picked":"Spot Weakness","floor":10},{"not_picked":["Heavy Blade","Dropkick"],"picked":"Sword Boomerang","floor":11},{"not_picked":["Clothesline","Wild Strike","Intimidate"],"picked":"SKIP","floor":12},{"not_picked":["Heavy Blade","Pommel Strike","Sever Soul"],"picked":"SKIP","floor":14}],"player_experience":788625,"relics_obtained":[{"floor":6,"key":"Gremlin Horn"},{"floor":8,"key":"Pen Nib"},{"floor":9,"key":"StrikeDummy"},{"floor":11,"key":"MawBank"}],"event_choices":[{"damage_healed":0,"gold_gain":0,"player_choice":"1 cards matched","damage_taken":0,"max_hp_gain":0,"max_hp_loss":0,"event_name":"Match and Keep!","floor":3,"gold_loss":0,"cards_obtained":["Limit Break"]},{"damage_healed":0,"gold_gain":0,"player_choice":"Got Potions","damage_taken":0,"max_hp_gain":0,"max_hp_loss":0,"event_name":"Lab","floor":5,"gold_loss":0}],"is_beta":true,"boss_relics":[],"items_purged_floors":[],"is_endless":false,"potions_floor_spawned":[1,8,10,11],"killed_by":"Hexaghost","ascension_level":20}}