{"host":"6xsbn6ynqlzwllfm","time":1612089890,"event":{"mods":["2.2 Compatiblity","BaseMod","Bestiary","Colored Map","Colored Powertips","Curses Come First","Highlight Path","Keyboard Shortcuts","Minty Spire (QoL Compilation)","Relic Stats","Slay the Relics Exporter","StSLib","SuperFastMode"],"gold_per_floor":[116,116,134,153,153,153,178,178,178,178,178],"floor_reached":10,"language":"ENG","playtime":236,"items_purged":[],"score":132,"play_id":"a69ae82b-ceb2-402e-992c-d696ca12a8d5","local_time":"20210131054450","is_ascension_mode":true,"campfire_choices":[{"data":"Omniscience","floor":6,"key":"SMITH"},{"data":"BattleHymn","floor":8,"key":"SMITH"}],"circlet_count":0,"master_deck":["AscendersBane","Strike_P","Strike_P","Strike_P","Strike_P","Defend_P","Defend_P","Defend_P","Defend_P","Eruption","Vigilance","Parasite","Omniscience+1","DeceiveReality","Decay","BattleHymn+1"],"relics":["PureWater","Pear","Vajra"],"acts_visited":["Exordium"],"potions_floor_usage":[7],"damage_taken":[{"damage":1.0,"enemies":"2 Louse","floor":1.0,"turns":4.0},{"damage":17,"enemies":"Cultist","floor":3,"turns":6},{"damage":1,"enemies":"Jaw Worm","floor":4,"turns":2},{"damage":25,"enemies":"Lagavulin","floor":7,"turns":7},{"damage":44,"enemies":"3 Sentries","floor":10,"turns":2}],"seed_played":"7119279930336514767","potions_obtained":[{"floor":3,"key":"FearPotion"}],"is_trial":false,"path_per_floor":["M","?","M","M","?","R","E","R","T","E"],"character_chosen":"WATCHER","items_purchased":[],"campfire_rested":0,"item_purchase_floors":[],"current_hp_per_floor":[60,60,43,42,42,42,27,27,27,0,0],"gold":178,"neow_bonus":"THREE_RARE_CARDS","is_daily":false,"chose_seed":false,"campfire_upgraded":2,"win_rate":0.0,"timestamp":1612089890,"path_taken":["M","?","?","M","?","R","E","R","T","E"],"items_purchased_type":[],"build_version":"2020-12-22","purchased_purges":0,"victory":false,"max_hp_per_floor":[68,68,68,68,68,68,78,78,78,78,78],"relic_stats":{"counters":[5,21],"obtain_stats":[{"Pear":7,"Vajra":9,"PureWater":0},{"Pear":4,"Vajra":4,"PureWater":0},{"Pear":19,"Vajra":19,"PureWater":0}]},"card_choices":[{"not_picked":["Ragnarok","Blasphemy"],"picked":"Omniscience","floor":0.0},{"not_picked":["Study","Halt"],"picked":"DeceiveReality","floor":1.0},{"not_picked":["Swivel","EmptyBody"],"picked":"BattleHymn","floor":4},{"not_picked":["WreathOfFlame","Prostrate","WindmillStrike"],"picked":"SKIP","floor":7}],"player_experience":1340285,"relics_obtained":[{"floor":7,"key":"Pear"},{"floor":9,"key":"Vajra"}],"event_choices":[{"damage_healed":0.0,"max_hp_gain":0.0,"max_hp_loss":0.0,"gold_gain":0.0,"event_name":"Wheel of Change","player_choice":"Cursed","floor":2.0,"gold_loss":0.0,"damage_taken":0.0,"cards_obtained":["Decay"]},{"damage_healed":0,"gold_gain":0,"player_choice":"Ignored","damage_taken":0,"max_hp_gain":0,"max_hp_loss":0,"event_name":"Liars Game","floor":5,"gold_loss":0}],"is_beta":false,"boss_relics":[],"items_purged_floors":[],"is_endless":false,"potions_floor_spawned":[3],"killed_by":"3 Sentries","ascension_level":20}}