{"host":"5e7lnmjco9qzk5dh","time":1612067286,"event":{"mods":["2.2 Compatiblity","AYAYA","AchievementEnabler","BaseMod","Colored Map","Colored Powertips","DeckTracker","Googly Eyes","Highlight Path","Minty Spire (QoL Compilation)","Permanent Neow","Quick Restart","Rare Cards Sparkle","StSLib","Unceasing Turn Reminder","everything is the same but u backflip on backflip","slay the spire mod where everything is the same but ironclad has a cowboy hat"],"gold_per_floor":[114,124,124,124,144,144,187,187,240,240,240,240,240,264,264,394,394,415,434,434,448,471,471,471,471,471],"floor_reached":25,"language":"ENG","playtime":1256,"items_purged":[],"score":221,"play_id":"07733df8-1c78-4307-8801-b881465a7952","local_time":"20210130222806","is_ascension_mode":false,"campfire_choices":[{"data":"Zap","floor":6.0,"key":"SMITH"},{"data":"Redo","floor":10.0,"key":"SMITH"},{"data":"Hologram","floor":13.0,"key":"SMITH"},{"data":"Darkness","floor":15.0,"key":"SMITH"},{"floor":24.0,"key":"REST"}],"circlet_count":0,"master_deck":["Strike_B","Strike_B","Strike_B","Strike_B","Defend_B","Defend_B","Defend_B","Defend_B","Zap+1","Dualcast+1","Cold Snap","Redo+1","Hologram+1","Darkness+1","Buffer","Double Energy+1","Hologram","Cold Snap"],"relics":["Cracked Core","Orichalcum","Golden Idol","MealTicket","Strawberry","Pen Nib","Black Star"],"acts_visited":["TheCity"],"potions_floor_usage":[],"damage_taken":[{"damage":0.0,"enemies":"2 Louse","floor":1.0,"turns":2.0},{"damage":10.0,"enemies":"Small Slimes","floor":2.0,"turns":3.0},{"damage":0.0,"enemies":"Cultist","floor":5.0,"turns":3.0},{"damage":8.0,"enemies":"Gremlin Nob","floor":7.0,"turns":6.0},{"damage":1.0,"enemies":"3 Louse","floor":14.0,"turns":3.0},{"damage":28.0,"enemies":"Hexaghost","floor":16.0,"turns":8.0},{"damage":4.0,"enemies":"Chosen","floor":18.0,"turns":5.0},{"damage":18.0,"enemies":"2 Thieves","floor":19.0,"turns":4.0},{"damage":26.0,"enemies":"Centurion and Healer","floor":21.0,"turns":8.0},{"damage":14.0,"enemies":"Sentry and Sphere","floor":22.0,"turns":5.0},{"damage":7.0,"enemies":"Slavers","floor":23.0,"turns":2.0},{"damage":47,"enemies":"Gremlin Leader","floor":25,"turns":8}],"seed_played":"-1580829044132767950","potions_obtained":[{"floor":2.0,"key":"Swift Potion"},{"floor":7.0,"key":"Fire Potion"},{"floor":16.0,"key":"PowerPotion"},{"floor":18.0,"key":"Block Potion"},{"floor":21.0,"key":"SmokeBomb"}],"is_trial":false,"path_per_floor":["M","M","?","?","M","R","E","?","T","R","?","?","R","M","R","B",null,"M","M","?","M","M","E","R","E"],"character_chosen":"DEFECT","items_purchased":[],"campfire_rested":1,"item_purchase_floors":[],"current_hp_per_floor":[75,65,70,50,50,50,42,42,49,49,49,49,49,48,48,20,87,83,65,65,39,25,18,44,0,0],"gold":471,"neow_bonus":"RANDOM_COMMON_RELIC","is_daily":false,"chose_seed":false,"campfire_upgraded":4,"win_rate":0.0,"timestamp":1612067286,"path_taken":["M","M","?","?","M","R","E","?","T","R","?","?","R","?","R","BOSS","M","M","?","M","?","E","R","E"],"items_purchased_type":[],"build_version":"2020-12-22","purchased_purges":0,"victory":false,"max_hp_per_floor":[75,75,80,80,80,80,80,80,87,87,87,87,87,87,87,87,87,87,87,87,87,87,87,87,87,87],"card_choices":[{"not_picked":["Coolheaded","Beam Cell"],"picked":"Cold Snap","floor":1.0},{"not_picked":["Rip and Tear","Sweeping Beam"],"picked":"Redo","floor":2.0},{"not_picked":["Auto Shields","Consume"],"picked":"Hologram","floor":5.0},{"not_picked":["Meteor Strike","Scrape","Stack"],"picked":"SKIP","floor":7.0},{"not_picked":["Compile Driver","Reprogram"],"picked":"Darkness","floor":14.0},{"not_picked":["Hyperbeam","Echo Form"],"picked":"Buffer","floor":16.0},{"not_picked":["Reprogram","Streamline+1"],"picked":"Double Energy+1","floor":18.0},{"not_picked":["Barrage+1","Coolheaded"],"picked":"Hologram","floor":19.0},{"not_picked":["Rip and Tear","Static Discharge","Heatsinks"],"picked":"SKIP","floor":21.0},{"not_picked":["Tempest","Streamline"],"picked":"Cold Snap","floor":22.0}],"player_experience":49387,"relics_obtained":[{"floor":7.0,"key":"MealTicket"},{"floor":9.0,"key":"Strawberry"}],"event_choices":[{"damage_healed":0.0,"max_hp_gain":5.0,"max_hp_loss":0.0,"gold_gain":0.0,"event_name":"Big Fish","player_choice":"Donut","floor":3.0,"gold_loss":0.0,"damage_taken":0.0},{"damage_healed":0.0,"max_hp_gain":0.0,"max_hp_loss":0.0,"gold_gain":0.0,"event_name":"Golden Idol","player_choice":"Take Damage","floor":4.0,"gold_loss":0.0,"damage_taken":20.0,"relics_obtained":["Golden Idol"]},{"damage_healed":0.0,"max_hp_gain":0.0,"max_hp_loss":0.0,"gold_gain":0.0,"event_name":"Liars Game","player_choice":"Ignored","floor":8.0,"gold_loss":0.0,"damage_taken":0.0},{"damage_healed":0.0,"max_hp_gain":0.0,"max_hp_loss":0.0,"gold_gain":0.0,"event_name":"Living Wall","player_choice":"Grow","floor":11.0,"gold_loss":0.0,"damage_taken":0.0,"cards_upgraded":["Dualcast"]},{"damage_healed":0.0,"max_hp_gain":0.0,"max_hp_loss":0.0,"gold_gain":0.0,"event_name":"WeMeetAgain","player_choice":"Gave Potion","floor":12.0,"gold_loss":0.0,"damage_taken":0.0,"relics_obtained":["Pen Nib"]},{"damage_healed":0.0,"max_hp_gain":0.0,"max_hp_loss":0.0,"gold_gain":0.0,"event_name":"NoteForYourself","player_choice":"Ignored","floor":20.0,"gold_loss":0.0,"damage_taken":0.0}],"is_beta":false,"boss_relics":[{"not_picked":["Tiny House","Coffee Dripper"],"picked":"Black Star"}],"items_purged_floors":[],"is_endless":false,"potions_floor_spawned":[2,7,16,18,21,23],"killed_by":"Gremlin Leader","ascension_level":0}}