{"host":"wppa8gky53tnknhf","time":1612089093,"event":{"mods":["AchievementEnabler","Act Like it!","BaseMod","Better Third Choice","BetterRewards","Card Forge","Colored Powertips","Energized Spire","Hubris","Infinite Spire","Marked Mod","Minty Spire (QoL Compilation)","Permanent Neow","Quick Restart","Rare Cards Sparkle","Relic Stats","Reliquary","Remove Card Discount Mod","Replay The Spire","Spikes Relics","Spire Birthday Party","StSLib","Wandering Minibosses"],"gold_per_floor":[118,135,64,139,152,180,180,210,235,235,250,269,269,269,269,366,366,384,584,330,347,366,400,417,452,478,511,523,523,536,562,562,658,658,674,674,688,688,688,717,717,744,744,744,762,762,762,791,889,889,889,889,587,617,617],"floor_reached":56,"language":"ENG","playtime":2904,"items_purged":[],"score":1558,"play_id":"03d9b53e-f4c6-4fb2-8c37-56d3608583f4","local_time":"20210131103133","is_ascension_mode":true,"campfire_choices":[{"floor":7.0,"key":"RECALL"},{"floor":15.0,"key":"REST"},{"floor":32,"key":"REST"},{"floor":41,"key":"REST"},{"floor":47,"key":"REST"},{"floor":52,"key":"REST"}],"circlet_count":0,"master_deck":["Strike_R+1","Strike_R+1","Strike_R+1","Strike_R+1","Strike_R+1","Defend_R+1","Defend_R+1","Defend_R+1","Bash+1","Reaper+1","Run Through+1","infinitespire:OneForAll+1","Metallicize+1","Defend_R+1","Perfected Strike+1","Metallicize+1","Barricade+1","Perfected Strike+1","Cleave+1","Perfected Strike+1","Clash+1","Inflame+1","Run Through+1","Metallicize+1","Rage+1","Shockwave+1","Bludgeon+1","Infernal Blade+1","infinitespire:Punishment+1","infinitespire:SevenWalls+1","Shrug It Off+1","Thunderclap","Sword Boomerang","Twin Strike+1"],"relics":["Burning Blood","Hammer of Thor","Seething Fire","Anvil of the Gods","reliquary:Boomerang","Durian","Orichalcum","hubris:Icosahedron","Philosopher\u0027s Stone","Kunai","reliquary:RosewoodLute","ReplayTheSpireMod:Shallot","Mummified Hand","energizedSpire:NeverEndingSparkler","wanderingMiniBosses:CarrionFlame","Strawberry","Anchor","Counterbalance","hubris:ScarierMask","King of Hearts","Strange Spoon","Blood Vial"],"acts_visited":["Exordium","TheCity","TheBeyond","TheEnding"],"potions_floor_usage":[23,23,23,25,33,55,55,55],"damage_taken":[{"damage":0.0,"enemies":"Cultist","floor":1.0,"turns":3.0},{"damage":0.0,"enemies":"Small Slimes","floor":2.0,"turns":3.0},{"damage":0.0,"enemies":"2 Louse","floor":5.0,"turns":3.0},{"damage":21.0,"enemies":"3 Sentries","floor":6.0,"turns":8.0},{"damage":28.0,"enemies":"Lagavulin","floor":8.0,"turns":5.0},{"damage":13.0,"enemies":"Exordium Thugs","floor":11.0,"turns":5.0},{"damage":8.0,"enemies":"Large Slime","floor":12.0,"turns":7.0},{"damage":20.0,"enemies":"Slime Boss","floor":16.0,"turns":9.0},{"damage":6,"enemies":"Shell Parasite","floor":18,"turns":6},{"damage":0,"enemies":"Spheric Guardian","floor":21,"turns":3},{"damage":1,"enemies":"3 Cultists","floor":22,"turns":4},{"damage":9,"enemies":"Gremlin Leader","floor":23,"turns":8},{"damage":5,"enemies":"Snecko","floor":24,"turns":3},{"damage":30,"enemies":"Slavers","floor":25,"turns":5},{"damage":13,"enemies":"Book of Stabbing","floor":27,"turns":3},{"damage":9,"enemies":"Cultist and Chosen","floor":28,"turns":6},{"damage":2,"enemies":"3 Cultists","floor":30,"turns":3},{"damage":0,"enemies":"Slavers","floor":31,"turns":2},{"damage":0,"enemies":"Collector","floor":33,"turns":8},{"damage":36,"enemies":"3 Shapes","floor":35,"turns":5},{"damage":0,"enemies":"3 Darklings","floor":37,"turns":2},{"damage":19,"enemies":"Reptomancer","floor":40,"turns":3},{"damage":0,"enemies":"Giant Head","floor":42,"turns":7},{"damage":0,"enemies":"Writhing Mass","floor":45,"turns":2},{"damage":0,"enemies":"Reptomancer","floor":48,"turns":3},{"damage":0,"enemies":"infinitespire:MassOfShapes","floor":50,"turns":11},{"damage":16,"enemies":"Shield and Spear","floor":54,"turns":3},{"damage":70,"enemies":"The Heart","floor":55,"turns":10}],"seed_played":"-1064412980721086992","potions_obtained":[{"floor":1.0,"key":"Cursed Concoction"},{"floor":6.0,"key":"Weak Potion"},{"floor":11.0,"key":"Venom Potion"},{"floor":12.0,"key":"Weak Potion"},{"floor":22,"key":"Weak Potion"},{"floor":24,"key":"ColorlessPotion"},{"floor":30,"key":"ColorlessPotion"},{"floor":31,"key":"BlessingOfTheForge"},{"floor":33,"key":"Swift Potion"},{"floor":35,"key":"Weak Potion"},{"floor":40,"key":"SteroidPotion"},{"floor":48,"key":"Block Potion"}],"is_trial":false,"path_per_floor":["M","M","$","?","M","E","R","E","T","?","M","M","?","?","R","B",null,"M","?","$","M","M","E","M","E","T","E","M","?","M","E","R","B",null,"M","?","M","?","T","E","R","E","T","AVR","M","?","R","E","R","B",null,"R","$","E","B",null],"character_chosen":"IRONCLAD","items_purchased":["infinitespire:OneForAll","Kunai","Strange Spoon","Thunderclap","Sword Boomerang","Strength Potion"],"campfire_rested":5,"item_purchase_floors":[3,20,53,53,53,53],"current_hp_per_floor":[62,68,68,57,73,65,65,48,48,48,46,44,44,44,69,65,85,85,85,85,85,85,85,85,67,67,60,70,70,74,85,85,85,85,55,60,66,66,66,60,87,92,92,92,92,92,92,92,92,92,92,92,92,82,20],"gold":617,"neow_bonus":"THREE_RARE_CARDS","is_daily":false,"chose_seed":false,"campfire_upgraded":0,"win_rate":0.0,"timestamp":1612089093,"path_taken":["M","M","$","?","M","E","R","E","T","?","M","M","?","?","R","BOSS","M","?","?","M","M","E","M","E","T","E","M","?","?","E","R","BOSS","M","?","?","?","?","E","R","E","T","AVR","M","?","R","E","R","BOSS","R","$","E","BOSS"],"items_purchased_type":["Card","Relic","Relic","Card","Card","Potion"],"build_version":"2020-12-22","purchased_purges":0,"victory":true,"max_hp_per_floor":[80,80,80,80,80,80,80,85,85,85,85,85,85,85,85,85,85,85,85,85,85,85,85,85,85,85,85,85,85,85,85,85,85,85,85,85,85,85,85,92,92,92,92,92,92,92,92,92,92,92,92,92,92,92,92],"relic_stats":{"Blood Vial":2,"Strange Spoon":[0],"counters":[28,140],"Mummified Hand":[39],"Kunai":[46],"Orichalcum":[138],"obtain_stats":[{"reliquary:Boomerang":6,"Counterbalance":44,"Hammer of Thor":0,"King of Hearts":48,"Seething Fire":0,"Orichalcum":13,"reliquary:RosewoodLute":23,"Burning Blood":0,"Blood Vial":54,"Strange Spoon":53,"Anchor":42,"hubris:Icosahedron":14,"ReplayTheSpireMod:Shallot":25,"wanderingMiniBosses:CarrionFlame":35,"Anvil of the Gods":0,"Mummified Hand":31,"energizedSpire:NeverEndingSparkler":34,"Strawberry":40,"hubris:ScarierMask":44,"Philosopher\u0027s Stone":17,"Durian":8,"Kunai":20},{"reliquary:Boomerang":4,"Counterbalance":23,"Hammer of Thor":0,"King of Hearts":25,"Seething Fire":0,"Orichalcum":7,"reliquary:RosewoodLute":12,"Burning Blood":0,"Blood Vial":27,"Strange Spoon":26,"Anchor":23,"hubris:Icosahedron":7,"ReplayTheSpireMod:Shallot":14,"wanderingMiniBosses:CarrionFlame":20,"Anvil of the Gods":0,"Mummified Hand":18,"energizedSpire:NeverEndingSparkler":19,"Strawberry":22,"hubris:ScarierMask":23,"Philosopher\u0027s Stone":8,"Durian":5,"Kunai":9},{"reliquary:Boomerang":17,"Counterbalance":111,"Hammer of Thor":0,"King of Hearts":116,"Seething Fire":0,"Orichalcum":34,"reliquary:RosewoodLute":64,"Burning Blood":0,"Blood Vial":130,"Strange Spoon":127,"Anchor":111,"hubris:Icosahedron":34,"ReplayTheSpireMod:Shallot":72,"wanderingMiniBosses:CarrionFlame":99,"Anvil of the Gods":0,"Mummified Hand":86,"energizedSpire:NeverEndingSparkler":94,"Strawberry":104,"hubris:ScarierMask":111,"Philosopher\u0027s Stone":43,"Durian":22,"Kunai":49}],"Burning Blood":118},"card_choices":[{"not_picked":["Offering","Eclipse"],"picked":"Reaper","floor":0.0},{"not_picked":["Seeing Red","Replay:Undeath\u0027s Touch","Armaments"],"picked":"SKIP","floor":1.0},{"not_picked":["Havoc","Dropkick"],"picked":"Run Through","floor":2.0},{"not_picked":["Wild Strike","Massacre","Sentinel"],"picked":"SKIP","floor":5.0},{"not_picked":["ReplayTheSpireMod:LeadingStrike","Sword Boomerang","Perfected Strike"],"picked":"SKIP","floor":6.0},{"not_picked":["Bloodletting","Battle Trance"],"picked":"Metallicize","floor":8.0},{"not_picked":["Headbutt","Pommel Strike"],"picked":"Perfected Strike","floor":11.0},{"not_picked":["Reckless Charge","Iron Wave"],"picked":"Metallicize","floor":12.0},{"not_picked":["Brutality","Corruption"],"picked":"Barricade","floor":16.0},{"not_picked":["Shrug It Off","ReplayTheSpireMod:LeadingStrike+1"],"picked":"Perfected Strike+1","floor":18},{"not_picked":["Havoc","Heavy Blade","Pommel Strike+1"],"picked":"SKIP","floor":21},{"not_picked":["Shrug It Off","Flex"],"picked":"Cleave+1","floor":22},{"not_picked":["Abandon","Replay:Many Hands"],"picked":"Perfected Strike","floor":23},{"not_picked":["Thunderclap","Armaments"],"picked":"Clash+1","floor":24},{"not_picked":["Carnage","Reckless Charge+1"],"picked":"Inflame","floor":25},{"not_picked":["Combust","Eclipse"],"picked":"Run Through","floor":27},{"not_picked":["Warcry","Perfected Strike"],"picked":"Metallicize","floor":28},{"not_picked":["Havoc","Invigoration"],"picked":"Rage","floor":30},{"not_picked":["Cleave+1","Burning Pact"],"picked":"Shockwave+1","floor":31},{"not_picked":["Hemogenesis","Immolate"],"picked":"Bludgeon","floor":33},{"not_picked":["Twin Strike","Uppercut+1"],"picked":"Cleave+1","floor":35},{"not_picked":["Twin Strike+1","Sword Boomerang+1"],"picked":"Infernal Blade+1","floor":37},{"not_picked":["Clothesline+1","Wild Strike+1","Reaper"],"picked":"SKIP","floor":40},{"not_picked":["Feel No Pain","Run Through","Replay:Undeath\u0027s Touch+1"],"picked":"SKIP","floor":42},{"not_picked":["Heavy Blade","Second Wind","Headbutt+1"],"picked":"SKIP","floor":45},{"not_picked":["Cleave","Replay:Undeath\u0027s Touch+1"],"picked":"Shrug It Off+1","floor":48},{"not_picked":["Massacre+1","hubris:ReadiedAction+1"],"picked":"Twin Strike+1","floor":54}],"player_experience":703726,"relics_obtained":[{"floor":6.0,"key":"reliquary:Boomerang"},{"floor":8.0,"key":"Durian"},{"floor":13.0,"key":"Orichalcum"},{"floor":23,"key":"reliquary:RosewoodLute"},{"floor":25,"key":"ReplayTheSpireMod:Shallot"},{"floor":31,"key":"Mummified Hand"},{"floor":35,"key":"wanderingMiniBosses:CarrionFlame"},{"floor":40,"key":"Strawberry"},{"floor":42,"key":"Anchor"},{"floor":48,"key":"King of Hearts"},{"floor":54,"key":"Blood Vial"}],"event_choices":[{"damage_healed":0.0,"max_hp_gain":0.0,"max_hp_loss":0.0,"gold_gain":75.0,"event_name":"betterThird:BetterGoop","player_choice":"Gold","floor":4.0,"gold_loss":0.0,"damage_taken":11.0},{"damage_healed":0,"gold_gain":200,"player_choice":"Gold","damage_taken":0,"max_hp_gain":0,"max_hp_loss":0,"event_name":"Wheel of Change","floor":19,"gold_loss":0},{"damage_healed":0,"gold_gain":0,"player_choice":"Simplicity","damage_taken":0,"max_hp_gain":0,"max_hp_loss":0,"event_name":"betterThird:BetterWriting","floor":29,"gold_loss":0},{"cards_removed":["Cleave"],"damage_healed":5,"gold_gain":0,"player_choice":"Offered Common","damage_taken":0,"max_hp_gain":0,"max_hp_loss":0,"event_name":"Bonfire Elementals","floor":36,"gold_loss":0},{"cards_removed":["Cleave"],"damage_healed":5,"gold_gain":0,"player_choice":"Offered Special","damage_taken":0,"max_hp_gain":0,"max_hp_loss":0,"event_name":"Bonfire Elementals","floor":36,"gold_loss":0},{"damage_healed":0,"gold_gain":0,"player_choice":"Ignored","damage_taken":0,"max_hp_gain":0,"max_hp_loss":0,"event_name":"Tomb of Lord Red Mask","floor":38,"gold_loss":0},{"damage_healed":0,"gold_gain":0,"player_choice":"Ignored","damage_taken":0,"max_hp_gain":0,"max_hp_loss":0,"event_name":"Accursed Blacksmith","floor":46,"gold_loss":0}],"is_beta":false,"boss_relics":[{"not_picked":["Pandora\u0027s Box","energizedSpire:DecayingSkull"],"picked":"Philosopher\u0027s Stone"},{"not_picked":["hubris:GrandSneckoEye","reliquary:RedCape"],"picked":"energizedSpire:NeverEndingSparkler"}],"items_purged_floors":[],"is_endless":false,"potions_floor_spawned":[1,6,11,12,22,24,30,31,33,35,40,48],"ascension_level":1}}