{"host":"6xsbn6ynqlzwllfm","time":1612118062,"event":{"mods":["2.2 Compatiblity","BaseMod","Bestiary","Colored Map","Colored Powertips","Curses Come First","Highlight Path","Keyboard Shortcuts","Minty Spire (QoL Compilation)","Relic Stats","Slay the Relics Exporter","StSLib","SuperFastMode"],"gold_per_floor":[109,127,127,140,215,241,241,276,347,347,187,187,23,61,61,86,86],"floor_reached":16,"language":"ENG","playtime":456,"items_purged":["Strike_P"],"score":216,"play_id":"9f27a4bd-dee7-40bc-b546-463647115c07","local_time":"20210131133422","daily_mods":["Heirloom","Flight"],"is_ascension_mode":true,"campfire_choices":[{"floor":7.0,"key":"REST"},{"floor":10.0,"key":"REST"},{"data":"CrushJoints","floor":12.0,"key":"SMITH"},{"data":"EmptyFist","floor":15.0,"key":"SMITH"}],"circlet_count":0,"master_deck":["AscendersBane","Strike_P","Strike_P","Strike_P","Defend_P","Defend_P","Defend_P","Defend_P","Eruption","Vigilance","FlyingSleeves","EmptyFist+1","Consecrate","BowlingBash","Wish","CutThroughFate","CrushJoints+1","DeusExMachina","FlyingSleeves","EmptyFist","EmptyBody"],"relics":["PureWater","Thread and Needle","Du-Vu Doll","Regal Pillow","Question Card","Orrery"],"acts_visited":["Exordium"],"potions_floor_usage":[],"damage_taken":[{"damage":0.0,"enemies":"Small Slimes","floor":1.0,"turns":2.0},{"damage":8.0,"enemies":"Jaw Worm","floor":2.0,"turns":3.0},{"damage":0.0,"enemies":"Cultist","floor":4.0,"turns":3.0},{"damage":30.0,"enemies":"Gremlin Nob","floor":6.0,"turns":4.0},{"damage":20.0,"enemies":"Lagavulin","floor":8.0,"turns":8.0},{"damage":11.0,"enemies":"Large Slime","floor":14.0,"turns":3.0},{"damage":42,"enemies":"Slime Boss","floor":16,"turns":7}],"seed_played":"-2411622310258704571","potions_obtained":[{"floor":4.0,"key":"SkillPotion"},{"floor":6.0,"key":"DistilledChaos"}],"is_trial":true,"path_per_floor":["M","M","?","M","?","E","R","E","T","R","$","R","$","M","R","B"],"character_chosen":"WATCHER","items_purchased":["CutThroughFate","CrushJoints","Orrery"],"campfire_rested":2,"item_purchase_floors":[11,11,13],"current_hp_per_floor":[61,53,53,53,42,12,32,12,12,47,47,47,47,36,36,0,0],"gold":86,"neow_bonus":"","is_daily":false,"chose_seed":false,"campfire_upgraded":2,"win_rate":0.0,"timestamp":1612118062,"path_taken":["M","M","?","M","?","E","R","E","T","R","$","R","?","?","R","BOSS"],"items_purchased_type":["Card","Card","Relic"],"build_version":"2020-12-22","purchased_purges":1,"victory":false,"max_hp_per_floor":[68,68,68,68,68,68,68,68,68,68,68,68,68,68,68,68,68],"relic_stats":{"Regal Pillow":15,"counters":[7,30],"Question Card":6,"obtain_stats":[{"Du-Vu Doll":6,"Regal Pillow":8,"Orrery":13,"Thread and Needle":0,"PureWater":0,"Question Card":9},{"Du-Vu Doll":4,"Regal Pillow":5,"Orrery":5,"Thread and Needle":0,"PureWater":0,"Question Card":5},{"Du-Vu Doll":12,"Regal Pillow":20,"Orrery":20,"Thread and Needle":0,"PureWater":0,"Question Card":20}]},"card_choices":[{"not_picked":["FlurryOfBlows","Prostrate"],"picked":"FlyingSleeves","floor":1.0},{"not_picked":["ThirdEye","BowlingBash"],"picked":"EmptyFist","floor":2.0},{"not_picked":["EmptyBody","PathToVictory"],"picked":"Consecrate","floor":4.0},{"not_picked":["EmptyBody","DeceiveReality"],"picked":"BowlingBash","floor":6.0},{"not_picked":["ClearTheMind","Tantrum"],"picked":"Wish","floor":8.0},{"not_picked":["Consecrate","Wireheading","FlyingSleeves"],"picked":"DeusExMachina","floor":13.0},{"not_picked":["Wish","Worship","Study"],"picked":"FlyingSleeves","floor":13.0},{"not_picked":["CarveReality","Prostrate","EmptyMind"],"picked":"EmptyFist","floor":13.0},{"not_picked":["JustLucky","Study","PathToVictory"],"picked":"EmptyBody","floor":14.0}],"player_experience":1362718,"relics_obtained":[{"floor":6.0,"key":"Du-Vu Doll"},{"floor":8.0,"key":"Regal Pillow"},{"floor":9.0,"key":"Question Card"}],"event_choices":[{"damage_healed":0.0,"max_hp_gain":0.0,"max_hp_loss":0.0,"gold_gain":0.0,"event_name":"Liars Game","player_choice":"Ignored","floor":3.0,"gold_loss":0.0,"damage_taken":0.0},{"damage_healed":0.0,"max_hp_gain":0.0,"max_hp_loss":0.0,"gold_gain":75.0,"event_name":"World of Goop","player_choice":"Gather Gold","floor":5.0,"gold_loss":0.0,"damage_taken":11.0}],"is_beta":false,"boss_relics":[],"items_purged_floors":[11],"is_endless":true,"potions_floor_spawned":[4,6],"killed_by":"Slime Boss","ascension_level":20}}