{"host":"haq22x9zdvtvc76a","time":1612073792,"event":{"mods":["BaseMod","Downfall","Minty Spire (QoL Compilation)","StSLib"],"gold_per_floor":[99,144,189,189,289,379,454,544,589,589,634,679,841,421,466,766,766,666,711,371,371,371,416,416,506,506,459,459,459,259,259,304,604,604,604,649,499,562,607,607,607,607,607,697,722,336,381,426,471,471,471,561,361,361,361,361],"floor_reached":57,"language":"ENG","playtime":4809,"items_purged":["Slimebound:Defend_Slimebound","Slimebound:Strike_Slimebound"],"score":1660,"play_id":"09ff9ae9-2783-45a8-9229-7f8e59d2e43c","local_time":"20210131011632","daily_mods":["Cursed Run","Blue Cards","Midas"],"is_ascension_mode":false,"campfire_choices":[{"floor":1,"key":"RECALL"},{"floor":18,"key":"REST"},{"floor":30,"key":"REST"},{"floor":35,"key":"REST"},{"floor":54,"key":"REST"}],"circlet_count":0,"master_deck":["Slimebound:Strike_Slimebound+1","Slimebound:Strike_Slimebound","Slimebound:Tackle","Slimebound:Defend_Slimebound","Slimebound:Defend_Slimebound","Slimebound:Defend_Slimebound","Slimebound:Split+1","Slimebound:CorrosiveSpit","Beam Cell","Slimebound:SamplingLick","downfall:Icky","Slimebound:SplitSpecialist","Conserve Battery","Pain","Slimebound:LeechEnergy+1","Slimebound:Replication","Slimebound:GoopSpray","Slimebound:Dissolve","downfall:Icky","Slimebound:Overexert","White Noise","Heatsinks","expansioncontent:StudyTheSpire","Pain","Capacitor","Sadistic Nature","Conserve Battery+1","Shame","Regret","Slimebound:PrepareCrush+1","Slimebound:SplitMire+1","downfall:Icky","Slimebound:Darklings+1","Clumsy","Magnetism","Slimebound:Repurpose+1","Parasite","Slimebound:Prepare+1","Injury","White Noise+1","Doubt","downfall:Malfunctioning"],"relics":["Cursed Key","Darkstone Periapt","Du-Vu Doll","TungstenRod","bronze:DecasWashers","Happy Flower","WarpedTongs","hexamod:BolsterEngine","Membership Card","Blue Candle","sneckomod:SneckoTalon","downfall:HeartBlessingRed","HornCleat","Nunchaku","Vajra","Toxic Egg 2","White Beast Statue","downfall:HeartBlessingGreen","downfall:HeartBlessingBlue","Enchiridion","SlaversCollar","OrangePellets","Whetstone","champ:DuelingGlove","Pocketwatch","champ:DeflectingBracers","Art of War","Bag of Marbles","Thread and Needle","Lee\u0027s Waffle","Shuriken","Slimebound:AggressiveSlimeRelic","Mercury Hourglass"],"acts_visited":["Exordium","TheCity","TheBeyond","TheEnding"],"potions_floor_usage":[13,16,29,32],"damage_taken":[{"damage":1,"enemies":"Small Slimes","floor":2,"turns":3},{"damage":1,"enemies":"Jaw Worm","floor":3,"turns":3},{"damage":5,"enemies":"Lagavulin","floor":6,"turns":7},{"damage":8,"enemies":"3 Sentries","floor":8,"turns":7},{"damage":2,"enemies":"Cultist","floor":9,"turns":3},{"damage":0,"enemies":"Lots of Slimes","floor":11,"turns":4},{"damage":2,"enemies":"3 Louse","floor":12,"turns":2},{"damage":6,"enemies":"Lagavulin Event","floor":13,"turns":4},{"damage":2,"enemies":"downfall:FleeingMerchant","floor":14,"turns":4},{"damage":0,"enemies":"Large Slime","floor":15,"turns":3},{"damage":0,"enemies":"IC_STATUS_ARCHETYPE","floor":16,"turns":6},{"damage":1,"enemies":"Shell Parasite","floor":19,"turns":4},{"damage":12,"enemies":"downfall:FleeingMerchant","floor":20,"turns":4},{"damage":0,"enemies":"Shelled Parasite and Fungi","floor":23,"turns":4},{"damage":20,"enemies":"Gremlin Leader","floor":25,"turns":6},{"damage":0,"enemies":"downfall:FleeingMerchant","floor":27,"turns":3},{"damage":0,"enemies":"Snecko","floor":29,"turns":3},{"damage":15,"enemies":"Centurion and Healer","floor":32,"turns":4},{"damage":0,"enemies":"WA_ARCHETYPE_CALM","floor":33,"turns":4},{"damage":14,"enemies":"3 Darklings","floor":36,"turns":5},{"damage":22,"enemies":"2 Orb Walkers","floor":38,"turns":4},{"damage":4,"enemies":"3 Shapes","floor":39,"turns":4},{"damage":5,"enemies":"Giant Head","floor":44,"turns":4},{"damage":0,"enemies":"Jaw Worm Horde","floor":47,"turns":2},{"damage":0,"enemies":"Writhing Mass","floor":48,"turns":3},{"damage":0,"enemies":"Sphere and 2 Shapes","floor":49,"turns":3},{"damage":0,"enemies":"SI_POISON_ARCHETYPE","floor":50,"turns":5},{"damage":15,"enemies":"downfall:CharBossMerchant","floor":52,"turns":5},{"damage":17,"enemies":"downfall:NeowBoss","floor":55,"turns":8},{"damage":44,"enemies":"downfall:NeowBossFinal","floor":56,"turns":7}],"seed_played":"7510361231737359051","potions_obtained":[{"floor":3,"key":"Block Potion"},{"floor":9,"key":"sneckomod:MuddlingPotion"},{"floor":11,"key":"EssenceOfSteel"},{"floor":15,"key":"SmokeBomb"},{"floor":23,"key":"DuplicationPotion"},{"floor":25,"key":"Block Potion"},{"floor":32,"key":"LiquidBronze"},{"floor":33,"key":"BlessingOfTheForge"},{"floor":38,"key":"Dexterity Potion"},{"floor":47,"key":"SteroidPotion"}],"is_trial":false,"path_per_floor":["R","M","M","?","?","E","T","E","M","?","M","M","?","$","M","B",null,"R","M","$","?","?","M","T","E","?","$","?","M","R","?","M","B",null,"R","M","$","?","M","?","T","?","?","E","T","$","M","M","M","B",null,"E","$","R","B","B",null],"character_chosen":"SLIMEBOUND","items_purchased":["Membership Card","Blue Candle","expansioncontent:StudyTheSpire","HornCleat","White Noise","Heatsinks","expansioncontent:StudyTheSpire","Toxic Egg 2","White Beast Statue","Capacitor","Sadistic Nature","OrangePellets","Whetstone","Bag of Marbles","Thread and Needle","Lee\u0027s Waffle","Magnetism","Slimebound:AggressiveSlimeRelic","Mercury Hourglass"],"campfire_rested":4,"item_purchase_floors":[14,14,14,20,20,20,20,27,27,27,27,37,37,46,46,46,46,53,53],"current_hp_per_floor":[65,64,63,63,63,58,64,56,54,60,60,58,52,50,50,56,83,83,82,70,70,70,70,76,56,51,51,57,57,98,83,83,89,111,111,97,97,75,71,97,103,103,103,98,104,116,116,122,122,128,128,113,113,128,131,93],"gold":361,"neow_bonus":"","is_daily":true,"chose_seed":false,"campfire_upgraded":0,"win_rate":0.0,"timestamp":1612073792,"path_taken":["R","M","M","?","?","E","T","E","M","?","?","?","?","$","M","BOSS","R","M","$","?","?","M","T","E","?","$","?","?","R","?","M","BOSS","R","M","$","?","M","?","T","?","?","E","?","$","M","M","M","BOSS","E","$","R","BOSS","BOSS"],"items_purchased_type":["Relic","Relic","Card","Relic","Card","Card","Card","Relic","Relic","Card","Card","Relic","Relic","Relic","Relic","Relic","Card","Relic","Relic"],"build_version":"2020-12-22","purchased_purges":2,"victory":true,"max_hp_per_floor":[65,65,65,65,65,65,71,71,71,77,77,77,77,77,77,83,83,83,83,83,83,83,83,89,89,89,89,95,95,105,105,105,111,111,111,111,111,111,111,97,103,103,103,103,109,116,116,122,122,128,128,128,128,128,134,140],"card_choices":[{"not_picked":["Slimebound:HungryTackle","Turbo"],"picked":"Beam Cell","floor":2},{"not_picked":["Beam Cell","Stack","Barrage"],"picked":"SKIP","floor":3},{"not_picked":["Slimebound:FinishingTackle","FTL"],"picked":"Slimebound:SamplingLick","floor":6},{"not_picked":["Darkness","Slimebound:LivingWall"],"picked":"Slimebound:SplitSpecialist","floor":8},{"not_picked":["Compile Driver","Slimebound:GoopTackle"],"picked":"Conserve Battery","floor":9},{"not_picked":["Hologram","FTL"],"picked":"Slimebound:LeechEnergy","floor":11},{"not_picked":["Double Energy","Slimebound:Prepare"],"picked":"Slimebound:Replication","floor":12},{"not_picked":["Self Repair","Steam"],"picked":"Slimebound:GoopSpray","floor":13},{"not_picked":["Slimebound:CheckThePlaybook","Blizzard"],"picked":"Slimebound:Dissolve","floor":14},{"not_picked":["Slimebound:HauntingLick","Slimebound:HungryTackle","Coolheaded"],"picked":"SKIP","floor":15},{"not_picked":["Rainbow","Biased Cognition"],"picked":"Slimebound:Overexert","floor":16},{"not_picked":["Barrage","Slimebound:SlimeSpikes","Slimebound:SamplingLick"],"picked":"SKIP","floor":19},{"not_picked":["Leap","All For One","Slimebound:LivingWall"],"picked":"SKIP","floor":20},{"not_picked":["Conserve Battery","Slimebound:HauntingLick","Genetic Algorithm"],"picked":"SKIP","floor":23},{"not_picked":["Slimebound:RollThrough+1","Slimebound:ItLooksTasty","Slimebound:DouseInSlime"],"picked":"SKIP","floor":25},{"not_picked":["Doom and Gloom","Gash","Hyperbeam"],"picked":"SKIP","floor":27},{"not_picked":["Slimebound:ViciousTackle+1","Sweeping Beam","Slimebound:LeechEnergy"],"picked":"SKIP","floor":32},{"not_picked":["Fission+1","Thunder Strike"],"picked":"Slimebound:PrepareCrush+1","floor":33},{"not_picked":["Slimebound:Gluttony+1","Slimebound:ItLooksTasty+1"],"picked":"Slimebound:SplitMire+1","floor":36},{"not_picked":["Loop","Static Discharge+1","Slimebound:Prepare+1"],"picked":"SKIP","floor":39},{"not_picked":["Slimebound:Nibble","Auto Shields+1","Slimebound:LeechEnergy"],"picked":"SKIP","floor":44},{"not_picked":["Slimebound:SlimeSlap","Cold Snap"],"picked":"Slimebound:Repurpose+1","floor":47},{"not_picked":["Static Discharge+1","Sweeping Beam","Slimebound:FinishingTackle+1"],"picked":"SKIP","floor":48},{"not_picked":["Slimebound:HauntingLick+1","Slimebound:SplitMire+1"],"picked":"Slimebound:Prepare+1","floor":49},{"not_picked":["Slimebound:SlimeSlap","Slimebound:HauntingLick+1"],"picked":"White Noise+1","floor":52}],"player_experience":1696112,"relics_obtained":[{"floor":6,"key":"TungstenRod"},{"floor":7,"key":"bronze:DecasWashers"},{"floor":8,"key":"Happy Flower"},{"floor":25,"key":"Vajra"},{"floor":31,"key":"Enchiridion"},{"floor":38,"key":"champ:DuelingGlove"},{"floor":41,"key":"Pocketwatch"},{"floor":44,"key":"champ:DeflectingBracers"},{"floor":45,"key":"Art of War"},{"floor":52,"key":"Shuriken"}],"event_choices":[{"damage_healed":0,"gold_gain":0,"player_choice":"Rummage","damage_taken":0,"relics_obtained":["WarpedTongs"],"max_hp_gain":0,"max_hp_loss":0,"event_name":"Accursed Blacksmith","floor":10,"gold_loss":0,"cards_obtained":["Pain"]},{"damage_healed":0,"gold_gain":0,"player_choice":"Fight","damage_taken":0,"max_hp_gain":0,"max_hp_loss":0,"event_name":"Mysterious Sphere","floor":38,"gold_loss":0},{"cards_removed":["RitualDagger"],"damage_healed":0,"gold_gain":0,"player_choice":"Removed Attack","damage_taken":0,"max_hp_gain":0,"max_hp_loss":0,"event_name":"Falling","floor":43,"gold_loss":0}],"is_beta":false,"boss_relics":[{"not_picked":["Sozu","Coffee Dripper"],"picked":"sneckomod:SneckoTalon"},{"not_picked":["Snecko Eye","Astrolabe"],"picked":"SlaversCollar"}],"items_purged_floors":[14,20],"is_endless":false,"potions_floor_spawned":[3,9,11,15,23,25,29,32,33,36,38,39,44,47,48,49,52],"ascension_level":0}}