{"host":"q0qnzbgdx8oqogg9","time":1612055004,"event":{"mods":["BaseMod","Minty Spire (QoL Compilation)","StSLib"],"gold_per_floor":[117,135,135,148,148,183,197,197,272,82,113,127,127,152,152,276,276,299,299,315,125,125,165,186,39,39,83,99,99,142,167,167,167,167],"floor_reached":33,"language":"ENG","playtime":1268,"items_purged":["Strike_R","Bite"],"score":523,"play_id":"ec05b38e-1911-467c-96d4-c3e7ec6895b1","local_time":"20210130200324","is_ascension_mode":true,"campfire_choices":[{"data":"Cleave","floor":8.0,"key":"SMITH"},{"data":"Shockwave","floor":15.0,"key":"SMITH"},{"data":"Fire Breathing","floor":29,"key":"SMITH"},{"data":"Dual Wield","floor":32,"key":"SMITH"}],"circlet_count":0,"master_deck":["AscendersBane","Defend_R","Defend_R","Defend_R+1","Defend_R+1","Bash+1","Cleave+1","Wild Strike","Sword Boomerang","Iron Wave","Evolve","Rampage","Shockwave+1","Feed","Wild Strike+1","Bite","Bite","Bite","Bite","Whirlwind+1","Fire Breathing+1","Reckless Charge","Shrug It Off+1","Anger","Dual Wield+1","Thunderclap+1"],"relics":["Burning Blood","Bag of Marbles","Golden Idol","Lizard Tail","Shuriken","Membership Card","Odd Mushroom","War Paint","Sozu","Meat on the Bone","Omamori","PreservedInsect","ClockworkSouvenir","Pear","Darkstone Periapt","Ornamental Fan"],"acts_visited":["Exordium","TheCity"],"potions_floor_usage":[23],"damage_taken":[{"damage":15.0,"enemies":"Small Slimes","floor":1.0,"turns":5.0},{"damage":3.0,"enemies":"Jaw Worm","floor":2.0,"turns":4.0},{"damage":0.0,"enemies":"Cultist","floor":4.0,"turns":2.0},{"damage":30.0,"enemies":"Lagavulin","floor":6.0,"turns":5.0},{"damage":9.0,"enemies":"Red Slaver","floor":7.0,"turns":3.0},{"damage":6.0,"enemies":"The Mushroom Lair","floor":11.0,"turns":2.0},{"damage":8.0,"enemies":"Blue Slaver","floor":12.0,"turns":5.0},{"damage":0.0,"enemies":"Looter","floor":14.0,"turns":2.0},{"damage":37.0,"enemies":"The Guardian","floor":16.0,"turns":12.0},{"damage":27,"enemies":"Chosen","floor":18,"turns":5},{"damage":33,"enemies":"Spheric Guardian","floor":20,"turns":5},{"damage":30,"enemies":"Gremlin Leader","floor":23,"turns":5},{"damage":20,"enemies":"Cultist and Chosen","floor":24,"turns":7},{"damage":24,"enemies":"Book of Stabbing","floor":27,"turns":4},{"damage":20,"enemies":"Sentry and Sphere","floor":28,"turns":5},{"damage":0,"enemies":"Gremlin Leader","floor":30,"turns":5},{"damage":16,"enemies":"Snecko","floor":31,"turns":5},{"damage":80,"enemies":"Collector","floor":33,"turns":6}],"seed_played":"-6943856142568110574","potions_obtained":[{"floor":1.0,"key":"FearPotion"},{"floor":7.0,"key":"BlessingOfTheForge"},{"floor":12.0,"key":"AttackPotion"},{"floor":16.0,"key":"DuplicationPotion"}],"is_trial":false,"path_per_floor":["M","M","?","M","?","E","M","R","T","$","?","M","?","M","R","B",null,"M","?","M","$","?","E","M","$","T","E","M","R","E","M","R","B"],"character_chosen":"IRONCLAD","items_purchased":["Membership Card","Meat on the Bone","Fire Breathing","PreservedInsect","ClockworkSouvenir"],"campfire_rested":0,"item_purchase_floors":[10,21,21,25,25],"current_hp_per_floor":[63,66,46,52,52,28,25,25,25,25,25,23,23,29,29,41,70,52,52,36,36,36,32,40,40,50,53,48,48,63,57,57,0,0],"gold":167,"neow_bonus":"RANDOM_COMMON_RELIC","is_daily":false,"chose_seed":false,"campfire_upgraded":4,"win_rate":0.0,"timestamp":1612055004,"path_taken":["M","M","?","M","?","E","M","R","T","?","?","M","?","?","R","BOSS","M","?","M","$","?","E","M","?","T","E","M","R","E","M","R","BOSS"],"items_purchased_type":["Relic","Relic","Card","Relic","Relic"],"build_version":"2020-12-22","purchased_purges":2,"victory":false,"max_hp_per_floor":[80,80,80,80,80,80,80,80,80,80,80,80,80,80,80,80,80,83,58,61,61,61,61,61,61,71,74,77,77,80,80,80,80,80],"card_choices":[{"not_picked":["Reckless Charge","Iron Wave"],"picked":"Cleave","floor":1.0},{"not_picked":["Dual Wield","Armaments"],"picked":"Wild Strike","floor":2.0},{"not_picked":["Body Slam","Clash"],"picked":"Sword Boomerang","floor":4.0},{"not_picked":["Flex","Disarm"],"picked":"Iron Wave","floor":6.0},{"not_picked":["Havoc","Body Slam","Clash"],"picked":"SKIP","floor":7.0},{"not_picked":["Whirlwind","Sentinel"],"picked":"Evolve","floor":11.0},{"not_picked":["Sword Boomerang","True Grit"],"picked":"Rampage","floor":12.0},{"not_picked":["Brutality","Iron Wave"],"picked":"Shockwave","floor":14.0},{"not_picked":["Corruption","Double Tap"],"picked":"Feed","floor":16.0},{"not_picked":["Flex+1","Perfected Strike"],"picked":"Wild Strike+1","floor":18},{"not_picked":["Armaments","True Grit"],"picked":"Whirlwind+1","floor":20},{"not_picked":["Inflame","Dark Embrace"],"picked":"Reckless Charge","floor":23},{"not_picked":["Pummel","Body Slam"],"picked":"Shrug It Off+1","floor":24},{"not_picked":["Limit Break","Body Slam+1","Whirlwind"],"picked":"SKIP","floor":27},{"not_picked":["Wild Strike","Warcry","Anger"],"picked":"SKIP","floor":28},{"not_picked":["Wild Strike","Warcry"],"picked":"Anger","floor":28},{"not_picked":["Hemokinesis","Seeing Red"],"picked":"Dual Wield","floor":30},{"not_picked":["Searing Blow","Entrench"],"picked":"Thunderclap+1","floor":31}],"player_experience":327843,"relics_obtained":[{"floor":6.0,"key":"Lizard Tail"},{"floor":9.0,"key":"Shuriken"},{"floor":11.0,"key":"Odd Mushroom"},{"floor":23,"key":"Omamori"},{"floor":26,"key":"Pear"},{"floor":27,"key":"Darkstone Periapt"},{"floor":30,"key":"Ornamental Fan"}],"event_choices":[{"damage_healed":0.0,"max_hp_gain":0.0,"max_hp_loss":0.0,"gold_gain":0.0,"event_name":"Golden Idol","player_choice":"Take Damage","floor":3.0,"gold_loss":0.0,"damage_taken":20.0,"relics_obtained":["Golden Idol"]},{"damage_healed":0.0,"max_hp_gain":0.0,"max_hp_loss":0.0,"gold_gain":0.0,"event_name":"Living Wall","player_choice":"Grow","floor":5.0,"gold_loss":0.0,"damage_taken":0.0,"cards_upgraded":["Bash"]},{"damage_healed":0.0,"max_hp_gain":0.0,"max_hp_loss":0.0,"gold_gain":0.0,"event_name":"Mushrooms","player_choice":"Fought Mushrooms","floor":11.0,"gold_loss":0.0,"damage_taken":0.0},{"damage_healed":0.0,"max_hp_gain":0.0,"max_hp_loss":0.0,"gold_gain":0.0,"event_name":"WeMeetAgain","player_choice":"Gave Potion","floor":13.0,"gold_loss":0.0,"damage_taken":0.0,"relics_obtained":["War Paint"]},{"damage_healed":0,"gold_gain":0,"player_choice":"Became a vampire","damage_taken":0,"max_hp_gain":0,"max_hp_loss":25,"event_name":"Vampires","floor":19,"gold_loss":0,"cards_obtained":["Bite","Bite","Bite","Bite","Bite"]},{"damage_healed":0,"gold_gain":0,"player_choice":"Ignored","damage_taken":0,"max_hp_gain":0,"max_hp_loss":0,"event_name":"The Mausoleum","floor":22,"gold_loss":0}],"is_beta":false,"boss_relics":[{"not_picked":["Runic Cube","Fusion Hammer"],"picked":"Sozu"}],"items_purged_floors":[10,21],"is_endless":false,"potions_floor_spawned":[1,7,12,16,23,28,30],"killed_by":"Collector","ascension_level":10}}