{"host":"m4qpn8a4h7jhbw2f","time":1612052264,"event":{"mods":["BaseMod","Colored Map","Colored Powertips","Minty Spire (QoL Compilation)","Rare Cards Sparkle","Relic Stats"],"gold_per_floor":[365,378,68,103,113,113,188,203,203,220,220,231,244,255,255,357,357,370,387,400,16,16,16,16,16,41,51,51,6,25,25,25,120,120,134,152,152,152,168,168,168,168],"floor_reached":41,"language":"ENG","playtime":2791,"items_purged":["Strike_R","Defend_R"],"score":483,"play_id":"f1010d5f-82b6-42ce-a2d1-187c1353f93d","local_time":"20210130191744","is_ascension_mode":true,"campfire_choices":[{"data":"Armaments","floor":6,"key":"SMITH"},{"data":"Pommel Strike","floor":11,"key":"SMITH"},{"data":"Wild Strike","floor":15,"key":"SMITH"},{"data":"Clash","floor":23,"key":"SMITH"},{"floor":32,"key":"REST"},{"floor":40,"key":"REST"}],"circlet_count":0,"master_deck":["Strike_R+1","Strike_R+1","Strike_R+1","Defend_R+1","Defend_R+1","Bash","Perfected Strike","Cleave","Blood for Blood","Wild Strike+1","Armaments+1","Pommel Strike+1","Spot Weakness","Reckless Charge","Feed","Power Through","Clash+1","Hemokinesis","Shame","Shrug It Off","Power Through","Double Tap","Fire Breathing+1","Fire Breathing","Master of Strategy","Parasite","Ghostly Armor+1"],"relics":["Burning Blood","Toolbox","Pocketwatch","Empty Cage","Bag of Preparation","StoneCalendar","Singing Bowl","Regal Pillow","Mark of Pain"],"acts_visited":["Exordium","TheCity","TheBeyond"],"potions_floor_usage":[13,16,18,19,20,33,33],"damage_taken":[{"damage":1,"enemies":"2 Louse","floor":1,"turns":2},{"damage":12,"enemies":"Jaw Worm","floor":2,"turns":3},{"damage":6,"enemies":"Cultist","floor":4,"turns":3},{"damage":13,"enemies":"Blue Slaver","floor":5,"turns":2},{"damage":0,"enemies":"2 Fungi Beasts","floor":8,"turns":2},{"damage":2,"enemies":"3 Louse","floor":10,"turns":3},{"damage":0,"enemies":"Looter","floor":12,"turns":1},{"damage":15,"enemies":"2 Fungi Beasts","floor":13,"turns":3},{"damage":0,"enemies":"Exordium Thugs","floor":14,"turns":3},{"damage":0,"enemies":"Slime Boss","floor":16,"turns":7},{"damage":36,"enemies":"2 Thieves","floor":18,"turns":3},{"damage":3,"enemies":"Chosen","floor":19,"turns":4},{"damage":17,"enemies":"Sentry and Sphere","floor":20,"turns":4},{"damage":23,"enemies":"Snake Plant","floor":27,"turns":4},{"damage":31,"enemies":"3 Cultists","floor":30,"turns":6},{"damage":63,"enemies":"Champ","floor":33,"turns":10},{"damage":58,"enemies":"3 Darklings","floor":35,"turns":6},{"damage":11,"enemies":"Orb Walker","floor":36,"turns":3},{"damage":27,"enemies":"Writhing Mass","floor":39,"turns":7},{"damage":74,"enemies":"Reptomancer","floor":41,"turns":5}],"seed_played":"-687613565494954415","potions_obtained":[{"floor":5,"key":"AttackPotion"},{"floor":8,"key":"BloodPotion"},{"floor":13,"key":"Weak Potion"},{"floor":14,"key":"SteroidPotion"},{"floor":16,"key":"ColorlessPotion"},{"floor":20,"key":"FairyPotion"},{"floor":27,"key":"EssenceOfSteel"},{"floor":30,"key":"LiquidBronze"}],"is_trial":false,"path_per_floor":["M","M","$","M","M","R","?","M","T","M","R","M","M","M","R","B",null,"M","M","M","$","?","R","?","T","T","M","$","$","M","?","R","B",null,"M","M","?","?","M","R","E"],"character_chosen":"IRONCLAD","items_purchased":["Toolbox","Blood for Blood","Bag of Preparation","Clash","Hemokinesis","Shrug It Off"],"campfire_rested":2,"item_purchase_floors":[3,3,21,21,21,29],"current_hp_per_floor":[72,66,66,66,59,59,48,54,54,58,58,64,55,61,61,67,72,42,48,52,52,52,52,52,52,52,37,37,37,12,12,50,29,77,25,20,20,67,46,67,0,0],"gold":168,"neow_bonus":"TWO_FIFTY_GOLD","is_daily":false,"chose_seed":false,"campfire_upgraded":4,"win_rate":0.0,"timestamp":1612052264,"path_taken":["M","M","$","M","M","R","?","M","T","M","R","M","M","M","R","BOSS","M","M","M","$","?","R","?","?","T","M","?","$","?","?","R","BOSS","M","M","?","?","M","R","E"],"items_purchased_type":["Relic","Card","Relic","Card","Card","Card"],"build_version":"2020-12-22","purchased_purges":2,"victory":false,"max_hp_per_floor":[72,72,72,72,72,72,72,72,72,72,72,72,72,72,72,72,72,72,75,75,75,75,75,75,75,75,77,77,77,77,77,77,77,77,77,77,77,67,67,67,67,67],"relic_stats":{"Regal Pillow":16,"Singing Bowl":2,"counters":[20,81],"StoneCalendar":[52],"Bag of Preparation":[14],"obtain_stats":[{"Regal Pillow":26,"Singing Bowl":25,"Toolbox":3,"StoneCalendar":22,"Mark of Pain":34,"Bag of Preparation":21,"Empty Cage":17,"Burning Blood":0,"Pocketwatch":9},{"Regal Pillow":13,"Singing Bowl":13,"Toolbox":2,"StoneCalendar":13,"Mark of Pain":16,"Bag of Preparation":13,"Empty Cage":10,"Burning Blood":0,"Pocketwatch":5},{"Regal Pillow":40,"Singing Bowl":40,"Toolbox":5,"StoneCalendar":40,"Mark of Pain":60,"Bag of Preparation":40,"Empty Cage":29,"Burning Blood":0,"Pocketwatch":12}],"Burning Blood":109,"Pocketwatch":[75]},"card_choices":[{"not_picked":["Body Slam","Sword Boomerang"],"picked":"Perfected Strike","floor":1},{"not_picked":["Warcry","Heavy Blade"],"picked":"Cleave","floor":2},{"not_picked":["Dark Embrace","Dropkick"],"picked":"Wild Strike","floor":4},{"not_picked":["Burning Pact","Wild Strike"],"picked":"Armaments","floor":5},{"not_picked":["Clash","Armaments","Sever Soul"],"picked":"SKIP","floor":8},{"not_picked":["Twin Strike","Cleave"],"picked":"Pommel Strike","floor":10},{"not_picked":["Brutality","Sword Boomerang","Sever Soul"],"picked":"SKIP","floor":12},{"not_picked":["Sword Boomerang","Havoc"],"picked":"Spot Weakness","floor":13},{"not_picked":["Second Wind","Heavy Blade"],"picked":"Reckless Charge","floor":14},{"not_picked":["Fiend Fire","Berserk"],"picked":"Feed","floor":16},{"not_picked":["Armaments","Hemokinesis"],"picked":"Power Through","floor":18},{"not_picked":["Thunderclap","Heavy Blade+1","Whirlwind"],"picked":"SKIP","floor":19},{"not_picked":["Armaments","Flex+1","Havoc"],"picked":"SKIP","floor":20},{"not_picked":["Flex","Heavy Blade","Feel No Pain"],"picked":"Singing Bowl","floor":27},{"not_picked":["Armaments","Second Wind"],"picked":"Power Through","floor":30},{"not_picked":["Impervious","Exhume"],"picked":"Double Tap","floor":33},{"not_picked":["Flex+1","Wild Strike"],"picked":"Fire Breathing+1","floor":35},{"not_picked":["Heavy Blade+1","Havoc"],"picked":"Fire Breathing","floor":36},{"not_picked":["Swift Strike","Discovery"],"picked":"Master of Strategy","floor":37},{"not_picked":["Pommel Strike","Flex+1"],"picked":"Ghostly Armor+1","floor":39}],"player_experience":184183,"relics_obtained":[{"floor":9,"key":"Pocketwatch"},{"floor":25,"key":"Singing Bowl"},{"floor":26,"key":"Regal Pillow"}],"event_choices":[{"damage_healed":0,"gold_gain":75,"player_choice":"Gather Gold","damage_taken":11,"max_hp_gain":0,"max_hp_loss":0,"event_name":"World of Goop","floor":7,"gold_loss":0},{"damage_healed":0,"gold_gain":0,"player_choice":"Stole Relic","damage_taken":0,"relics_obtained":["StoneCalendar"],"max_hp_gain":0,"max_hp_loss":0,"event_name":"Addict","floor":22,"gold_loss":0,"cards_obtained":["Shame"]},{"damage_healed":0,"gold_gain":0,"player_choice":"Ignored","damage_taken":0,"max_hp_gain":0,"max_hp_loss":0,"event_name":"Ghosts","floor":24,"gold_loss":0},{"damage_healed":0,"gold_gain":0,"player_choice":"Simplicity","damage_taken":0,"max_hp_gain":0,"max_hp_loss":0,"event_name":"Back to Basics","floor":31,"gold_loss":0,"cards_upgraded":["Strike_R","Strike_R","Strike_R","Defend_R","Defend_R"]},{"damage_healed":0,"gold_gain":0,"player_choice":"Memory 1","damage_taken":0,"max_hp_gain":0,"max_hp_loss":0,"event_name":"SensoryStone","floor":37,"gold_loss":0},{"damage_healed":67,"gold_gain":0,"player_choice":"Heal","damage_taken":0,"max_hp_gain":0,"max_hp_loss":10,"event_name":"The Moai Head","floor":38,"gold_loss":0}],"is_beta":false,"boss_relics":[{"not_picked":["Coffee Dripper","Snecko Eye"],"picked":"Empty Cage"},{"not_picked":["Tiny House","Busted Crown"],"picked":"Mark of Pain"}],"items_purged_floors":[3,21],"is_endless":false,"potions_floor_spawned":[5,8,13,14,16,20,27,30],"killed_by":"Reptomancer","ascension_level":2}}