{"host":"k85tjwrh7mjrrc9a","time":1612122161,"event":{"mods":["AchievementEnabler","BaseMod","Colored Powertips","Highlight Path","Minty Spire (QoL Compilation)","Rare Cards Sparkle","StSLib"],"gold_per_floor":[109,24,99,118,118,153,153,153,205,232,232,232,251,264,264,336,336,346,360,122,140,140,140,140,140,140],"floor_reached":25,"language":"ENG","playtime":1000,"items_purged":["Strike_R"],"score":421,"play_id":"275dab67-4012-4637-98fc-e07a4cbd6cdb","local_time":"20210131144241","is_ascension_mode":true,"campfire_choices":[{"data":"Body Slam","floor":7.0,"key":"SMITH"},{"floor":11.0,"key":"REST"},{"data":"True Grit","floor":15.0,"key":"SMITH"},{"data":"Demon Form","floor":23.0,"key":"SMITH"}],"circlet_count":0,"master_deck":["AscendersBane","Strike_R","Strike_R","Strike_R","Strike_R","Defend_R","Defend_R","Defend_R","Defend_R","Bash+1","Heavy Blade","Spot Weakness","Wild Strike","Body Slam+1","Iron Wave","True Grit+1","Shockwave","Demon Form+1","Pommel Strike","Disarm+1"],"relics":["Burning Blood","NeowsBlessing","MealTicket","Meat on the Bone","Omamori","Regal Pillow","Mark of Pain","Lantern","CeramicFish","Tiny Chest"],"acts_visited":["Exordium","TheCity"],"potions_floor_usage":[25,25],"damage_taken":[{"damage":0.0,"enemies":"Jaw Worm","floor":1.0,"turns":1.0},{"damage":0.0,"enemies":"Small Slimes","floor":4.0,"turns":1.0},{"damage":0.0,"enemies":"Lagavulin","floor":6.0,"turns":1.0},{"damage":61.0,"enemies":"Gremlin Nob","floor":10.0,"turns":5.0},{"damage":6.0,"enemies":"2 Louse","floor":13.0,"turns":2.0},{"damage":5.0,"enemies":"Large Slime","floor":14.0,"turns":6.0},{"damage":74.0,"enemies":"The Guardian","floor":16.0,"turns":11.0},{"damage":13.0,"enemies":"3 Byrds","floor":18.0,"turns":7.0},{"damage":36.0,"enemies":"Spheric Guardian","floor":19.0,"turns":5.0},{"damage":25.0,"enemies":"Centurion and Healer","floor":21.0,"turns":7.0},{"damage":61,"enemies":"Gremlin Leader","floor":25,"turns":6}],"seed_played":"-5406276596928099836","potions_obtained":[{"floor":4.0,"key":"ElixirPotion"},{"floor":10.0,"key":"BloodPotion"},{"floor":16.0,"key":"PowerPotion"},{"floor":19.0,"key":"FearPotion"},{"floor":21.0,"key":"Regen Potion"}],"is_trial":false,"path_per_floor":["M","$","?","M","?","E","R","?","T","E","R","?","M","M","R","B",null,"M","M","$","M","?","R","?","E"],"character_chosen":"IRONCLAD","items_purchased":["Spot Weakness","Lantern"],"campfire_rested":1,"item_purchase_floors":[2,20],"current_hp_per_floor":[74,74,63,69,64,70,70,70,70,27,64,69,69,70,70,30,68,61,43,58,51,51,51,51,0,0],"gold":140,"neow_bonus":"THREE_ENEMY_KILL","is_daily":false,"chose_seed":false,"campfire_upgraded":3,"win_rate":0.0,"timestamp":1612122161,"path_taken":["M","$","?","M","?","E","R","?","T","E","R","?","M","M","R","BOSS","M","M","$","M","?","R","?","E"],"items_purchased_type":["Card","Relic"],"build_version":"2020-12-22","purchased_purges":1,"victory":false,"max_hp_per_floor":[75,75,75,75,75,75,75,75,75,75,75,80,80,80,80,80,80,80,80,80,80,80,80,80,80,80],"card_choices":[{"not_picked":["Perfected Strike","Metallicize"],"picked":"Heavy Blade","floor":1.0},{"not_picked":["Power Through","Sword Boomerang"],"picked":"Wild Strike","floor":4.0},{"not_picked":["Entrench","Carnage"],"picked":"Body Slam","floor":6.0},{"not_picked":["Bloodletting","Rupture"],"picked":"Iron Wave","floor":10.0},{"not_picked":["Dark Embrace","Dual Wield"],"picked":"True Grit","floor":13.0},{"not_picked":["Uppercut","Dark Embrace"],"picked":"Shockwave","floor":14.0},{"not_picked":["Barricade","Double Tap"],"picked":"Demon Form","floor":16.0},{"not_picked":["Wild Strike","Bloodletting+1","Headbutt"],"picked":"SKIP","floor":18.0},{"not_picked":["Flex","Warcry"],"picked":"Pommel Strike","floor":19.0},{"not_picked":["Power Through+1","Sword Boomerang"],"picked":"Disarm+1","floor":21.0}],"player_experience":240374,"relics_obtained":[{"floor":6.0,"key":"Meat on the Bone"},{"floor":9.0,"key":"Omamori"},{"floor":10.0,"key":"Regal Pillow"}],"event_choices":[{"damage_healed":0.0,"max_hp_gain":0.0,"max_hp_loss":0.0,"gold_gain":75.0,"event_name":"World of Goop","player_choice":"Gather Gold","floor":3.0,"gold_loss":0.0,"damage_taken":11.0},{"damage_healed":0.0,"max_hp_gain":0.0,"max_hp_loss":0.0,"gold_gain":0.0,"event_name":"Scrap Ooze","player_choice":"Success","floor":5.0,"gold_loss":0.0,"damage_taken":5.0,"relics_obtained":["MealTicket"]},{"damage_healed":0.0,"max_hp_gain":0.0,"max_hp_loss":0.0,"gold_gain":0.0,"event_name":"Living Wall","player_choice":"Grow","floor":8.0,"gold_loss":0.0,"damage_taken":0.0,"cards_upgraded":["Bash"]},{"damage_healed":0.0,"max_hp_gain":5.0,"max_hp_loss":0.0,"gold_gain":0.0,"event_name":"Big Fish","player_choice":"Donut","floor":12.0,"gold_loss":0.0,"damage_taken":0.0},{"damage_healed":0.0,"max_hp_gain":0.0,"max_hp_loss":0.0,"gold_gain":0.0,"event_name":"Addict","player_choice":"Stole Relic","floor":22.0,"gold_loss":0.0,"damage_taken":0.0,"relics_obtained":["CeramicFish"],"cards_obtained":["Shame"]},{"damage_healed":0.0,"max_hp_gain":0.0,"max_hp_loss":0.0,"gold_gain":0.0,"event_name":"The Mausoleum","player_choice":"Opened","floor":24.0,"gold_loss":0.0,"damage_taken":0.0,"relics_obtained":["Tiny Chest"],"cards_obtained":["Writhe"]}],"is_beta":false,"boss_relics":[{"not_picked":["Sozu","Black Blood"],"picked":"Mark of Pain"}],"items_purged_floors":[20],"is_endless":false,"potions_floor_spawned":[4,10,16,19,21],"killed_by":"Gremlin Leader","ascension_level":16}}