{"host":"2qyxu97h6u4ukicb","time":1612053756,"event":{"mods":["AchievementEnabler","BaseMod","BetterRewards","Colored Map","Colored Powertips","Minty Spire (QoL Compilation)","Replay The Spire","Shop Mod","StSLib"],"gold_per_floor":[111,121,121,121,121,156,156,156,156,156,156,172,172,172,172,172,172],"floor_reached":16,"language":"ENG","playtime":489,"items_purged":[],"score":121,"play_id":"17c3da5c-0221-46ab-b1b4-0881c6de1a4a","local_time":"20210130184236","is_ascension_mode":false,"campfire_choices":[{"data":"Consecrate","floor":11,"key":"SMITH"},{"floor":13,"key":"RECALL"},{"data":"Consecrate","floor":15,"key":"SMITH"}],"circlet_count":0,"master_deck":["Strike_P","Strike_P","Strike_P","Strike_P","Defend_P","Defend_P","Defend_P","Defend_P","Eruption+1","Vigilance","Consecrate+1","Injury","Regret","Consecrate+1"],"relics":["PureWater","NeowsBlessing","Golden Idol","Ginger","Strawberry","Mirror"],"acts_visited":["Exordium"],"potions_floor_usage":[6],"damage_taken":[{"damage":0,"enemies":"Cultist","floor":1,"turns":1},{"damage":0,"enemies":"Jaw Worm","floor":2,"turns":1},{"damage":3,"enemies":"3 Sentries","floor":6,"turns":2},{"damage":0,"enemies":"Small Slimes","floor":12,"turns":2},{"damage":85,"enemies":"Fading Forest","floor":16,"turns":7}],"seed_played":"7947176502172937710","potions_obtained":[{"floor":2,"key":"Fire Potion"}],"is_trial":false,"path_per_floor":["M","M","$","?","?","E","?","?","T","$","R","M","R","$","R","B"],"character_chosen":"WATCHER","items_purchased":[],"campfire_rested":0,"item_purchase_floors":[],"current_hp_per_floor":[72,72,72,72,72,76,69,69,69,69,69,69,69,69,69,0,0],"gold":172,"neow_bonus":"THREE_ENEMY_KILL","is_daily":false,"chose_seed":false,"campfire_upgraded":2,"win_rate":0.0,"timestamp":1612053756,"path_taken":["M","?","?","?","?","E","?","?","T","$","R","M","R","?","R","BOSS"],"items_purchased_type":[],"build_version":"2020-12-22","purchased_purges":0,"victory":false,"max_hp_per_floor":[72,72,72,72,72,79,79,79,79,79,79,79,79,79,79,79,79],"card_choices":[{"not_picked":["JustLucky","Crescendo"],"picked":"Consecrate","floor":1},{"not_picked":["Weave","Protect","Replay:BluntJabs"],"picked":"SKIP","floor":2},{"not_picked":["ThirdEye","CarveReality"],"picked":"Consecrate","floor":6},{"not_picked":["Evaluate","Worship","Replay:Cycle"],"picked":"SKIP","floor":12}],"player_experience":762465,"relics_obtained":[{"floor":6,"key":"Strawberry"}],"event_choices":[{"damage_healed":0,"gold_gain":0,"player_choice":"Take Wound","damage_taken":0,"relics_obtained":["Golden Idol"],"max_hp_gain":0,"max_hp_loss":0,"event_name":"Golden Idol","floor":4,"gold_loss":0,"cards_obtained":["Injury"]},{"damage_healed":0,"gold_gain":0,"player_choice":"Box","damage_taken":0,"relics_obtained":["Ginger"],"max_hp_gain":0,"max_hp_loss":0,"event_name":"Big Fish","floor":5,"gold_loss":0,"cards_obtained":["Regret"]},{"damage_healed":0,"gold_gain":0,"player_choice":"Success","damage_taken":7,"relics_obtained":["Mirror"],"max_hp_gain":0,"max_hp_loss":0,"event_name":"Scrap Ooze","floor":7,"gold_loss":0},{"damage_healed":0,"gold_gain":0,"player_choice":"Grow","damage_taken":0,"max_hp_gain":0,"max_hp_loss":0,"event_name":"Living Wall","floor":8,"gold_loss":0,"cards_upgraded":["Eruption"]}],"is_beta":false,"boss_relics":[],"items_purged_floors":[],"is_endless":false,"potions_floor_spawned":[2],"killed_by":"Fading Forest","ascension_level":0}}