{"host":"noo4i9da5rqp3a2i","time":1612116510,"event":{"mods":["AchievementEnabler","Aspiration","Bard","BaseMod","Beaked The Cultist","Better Altar","Better Match","Better Note","Better Sensory Stone","Better Skull","Better Third Choice","BetterRewards","CCEM2","Card Forge","Colored Map","Conspire","Custom Start","GifTheSpireLib","Googly Eyes","Halation","Highlight Path","Hubris","Infinite Spire","Jedi Mod","Jorbs\u0027s Wanderer Trilogy","Mad Scientist","Mari Mod (Legacy)","Mari\u0027s V1 Patch","Mimic Mod","Minty Spire (QoL Compilation)","Permanent Neow","Replay The Spire","Shop Mod","StSLib","Stuff the Spire","The Administrix","The Blackbeard","The Construct","The Gatherer","The Jungle","The Necromancer","The Servant 0.9.4","Unceasing Turn Reminder"],"gold_per_floor":[115,215,66,80,80,107,107,119,119,130,142,142,161,212,224,338,350,375,2,2,2,27,61,61,92,115,130,130,142,142,154,154,257,307,318,344,344,362,373,389,389,401,401,411,411,411],"floor_reached":45,"language":"ENG","playtime":6360,"items_purged":["hubris:Envy"],"score":712,"play_id":"88507384-dfcf-49ae-8b96-4023d2995a00","local_time":"20210131190830","is_ascension_mode":false,"campfire_choices":[{"floor":7.0,"key":"RECALL"},{"floor":15.0,"key":"REST"},{"data":"Barrier","floor":24,"key":"SMITH"},{"data":"Revamp","floor":24,"key":"SMITH"},{"data":"hubris:EnhanceAbility","floor":28,"key":"SMITH"},{"data":"Foresight","floor":28,"key":"SMITH"},{"floor":32,"key":"REST"},{"floor":41,"key":"REST"}],"circlet_count":0,"master_deck":["Strike_S","Strike_S","Strike_S","Strike_S","Defend_S","Defend_S","Defend_S","KidneyShot","Exchange","RealityMarble","hubris:EnhanceAbility+1","Rearm","MoonPhase","Barrier+1","Defy","Revamp+1","Potential","ShatteredReality","MurderousAura","Foresight+1","SilverBlades","Potential","BottledTime+1","Contraction+1","Rewind+1","SpecialFormula","BottledTime","Solidify","Replace","BestPractice","DoubleEdge","Ricochet+1","Dilation","InstantArmor+1","MoonPhase"],"relics":["Uniform","Hammer of Thor","Seething Fire","Anvil of the Gods","ReplayTheSpireMod:CursedCoin","MerchantsRug","conspire:TreasureMap","Tiny Chest","hubris:EvacipatedBox","MawBank","hubris:Backtick","Bronze Scales","Replay:Arrowhead","FaceOfCleric","Omamori","CCEMRelics:EnergeticInfuser","CCEMRelics:Pendulum","Tiny House","CCEMRelics:Barrel","halation:PapillonHeart","Replay:Mystery Machine"],"acts_visited":["Exordium","TheCity","TheBeyond"],"potions_floor_usage":[45],"damage_taken":[{"damage":4.0,"enemies":"Small Slimes","floor":1.0,"turns":5.0},{"damage":1.0,"enemies":"infinitespire:Voidling","floor":4.0,"turns":5.0},{"damage":1.0,"enemies":"Replay:BlueRogue","floor":6.0,"turns":13.0},{"damage":6.0,"enemies":"Jaw Worm","floor":8.0,"turns":9.0},{"damage":22.0,"enemies":"Lots of Slimes","floor":10.0,"turns":9.0},{"damage":5.0,"enemies":"Red Slaver","floor":11.0,"turns":6.0},{"damage":2.0,"enemies":"Exordium Thugs","floor":13.0,"turns":8.0},{"damage":6.0,"enemies":"The Guardian","floor":16.0,"turns":16.0},{"damage":0.0,"enemies":"Shell Parasite","floor":18.0,"turns":7.0},{"damage":18,"enemies":"conspire:Head Lice","floor":23,"turns":10},{"damage":0,"enemies":"3 Byrds","floor":25,"turns":12},{"damage":0,"enemies":"3 Byrds","floor":27,"turns":5},{"damage":12,"enemies":"Centurion and Healer","floor":29,"turns":9},{"damage":9,"enemies":"Chosen and Byrds","floor":31,"turns":6},{"damage":5,"enemies":"hubris:MusketHawk","floor":33,"turns":11},{"damage":5,"enemies":"3 Shapes","floor":35,"turns":6},{"damage":0,"enemies":"Orb Walker","floor":38,"turns":5},{"damage":28,"enemies":"Spire Growth","floor":39,"turns":6},{"damage":21,"enemies":"Sphere and 2 Shapes","floor":40,"turns":5},{"damage":22,"enemies":"Writhing Mass","floor":42,"turns":8},{"damage":23,"enemies":"4 Shapes","floor":44,"turns":5},{"damage":43,"enemies":"Reptomancer","floor":45,"turns":2}],"seed_played":"6467260700171755077","potions_obtained":[{"floor":1.0,"key":"LifebloodPotion"},{"floor":8.0,"key":"Fire Potion"},{"floor":10.0,"key":"Dexterity Potion"},{"floor":13.0,"key":"construct:ShiftPotion"},{"floor":16.0,"key":"SkillPotion"},{"floor":27,"key":"Block Potion"},{"floor":29,"key":"Toxic Potion"},{"floor":33,"key":"LiquidBronze"},{"floor":39,"key":"ColorlessPotion"}],"is_trial":false,"path_per_floor":["M","?","$","M","?","E","R","M","T","M","M","$","M","T","R","B",null,"M","$","?","?","$","E","R","MIM","T","M","R","M","?","M","R","B",null,"M","T","?","M","M","M","R","M","T","M","E"],"character_chosen":"THE_SERVANT","items_purchased":["ReplayTheSpireMod:CursedCoin","MerchantsRug","RealityMarble","hubris:EnhanceAbility","Rearm","conspire:TreasureMap","hubris:EvacipatedBox","SilverBlades","Replay:Arrowhead","Potential"],"campfire_rested":3,"item_purchase_floors":[0,0,0,0,0,3,12,19,19,19],"current_hp_per_floor":[61,61,61,65,65,64,64,58,58,36,31,12,10,10,29,23,65,65,65,65,65,65,48,48,49,49,50,50,39,39,36,57,58,76,76,76,73,74,47,27,49,33,33,16,0,0],"gold":411,"neow_bonus":"","is_daily":false,"chose_seed":false,"campfire_upgraded":4,"win_rate":0.0,"timestamp":1612116510,"path_taken":["M","?","$","?","?","E","R","?","T","M","?","?","M","?","R","BOSS","M","$","?","?","?","E","R","?","T","?","R","?","?","M","R","BOSS","M","?","?","M","M","M","R","M","T","M","E"],"items_purchased_type":["Relic","Relic","Card","Card","Card","Relic","Relic","Card","Relic","Card"],"build_version":"2020-12-22","purchased_purges":1,"victory":false,"max_hp_per_floor":[65,65,65,65,65,65,65,65,65,65,65,65,65,65,65,65,65,65,65,65,65,65,66,66,67,67,68,68,69,69,70,70,71,76,77,77,73,74,75,76,76,77,77,78,78,78],"card_choices":[{"not_picked":["ShatteredReality","Rewind"],"picked":"MoonPhase","floor":1.0},{"not_picked":["Sabotage","WasteNot"],"picked":"Barrier","floor":4.0},{"not_picked":["Rearm","Moondial"],"picked":"Defy","floor":6.0},{"not_picked":["Unruled","ReturningBlade"],"picked":"Revamp","floor":8.0},{"not_picked":["FlawlessForm","Unruled"],"picked":"Potential","floor":10.0},{"not_picked":["Starlight","Alleviate"],"picked":"ShatteredReality","floor":11.0},{"not_picked":["Alleviate","RealityMarble","DoubleEdge"],"picked":"SKIP","floor":13.0},{"not_picked":["ForgedInTime","LightFlow"],"picked":"MurderousAura","floor":16.0},{"not_picked":["FastForward","Moonlight"],"picked":"Foresight","floor":18.0},{"not_picked":["Alleviate","Replace"],"picked":"BottledTime+1","floor":23},{"not_picked":["PendulumOfEternity","Starlight"],"picked":"Contraction+1","floor":25},{"not_picked":["ShatteredReality+1","Foresight"],"picked":"Rewind","floor":27},{"not_picked":["Collapse","Ricochet"],"picked":"SpecialFormula","floor":29},{"not_picked":["FanOfKnives","ShatteredReality"],"picked":"BottledTime","floor":31},{"not_picked":["KillingDoll","TheWorld"],"picked":"Solidify","floor":33},{"not_picked":["Defy","Potential"],"picked":"Replace","floor":34},{"not_picked":["DoubleEdge","GearUp+1"],"picked":"BestPractice","floor":35},{"not_picked":["FanOfKnives","Ricochet+1"],"picked":"DoubleEdge","floor":38},{"not_picked":["Alleviate","Comet+1"],"picked":"Ricochet+1","floor":39},{"not_picked":["ShatteredReality+1","Potential+1"],"picked":"Dilation","floor":40},{"not_picked":["Potential","ShatteredReality"],"picked":"InstantArmor+1","floor":42},{"not_picked":["FastForward","Ricochet"],"picked":"MoonPhase","floor":44}],"player_experience":241474,"relics_obtained":[{"floor":6.0,"key":"Tiny Chest"},{"floor":14.0,"key":"MawBank"},{"floor":23,"key":"Omamori"},{"floor":25,"key":"CCEMRelics:EnergeticInfuser"},{"floor":26,"key":"CCEMRelics:Pendulum"},{"floor":36,"key":"CCEMRelics:Barrel"},{"floor":43,"key":"Replay:Mystery Machine"}],"event_choices":[{"damage_healed":0.0,"max_hp_gain":0.0,"max_hp_loss":0.0,"gold_gain":100.0,"event_name":"Golden Shrine","player_choice":"Pray","floor":2.0,"gold_loss":0.0,"damage_taken":0.0},{"cards_removed":["Defend_S"],"damage_healed":0.0,"max_hp_gain":0.0,"max_hp_loss":0.0,"gold_gain":0.0,"event_name":"Purifier","player_choice":"Purged","floor":5.0,"gold_loss":0.0,"damage_taken":0.0},{"damage_healed":0.0,"max_hp_gain":0.0,"max_hp_loss":0.0,"gold_gain":0.0,"event_name":"FaceTrader","player_choice":"Trade","floor":20.0,"gold_loss":0.0,"damage_taken":0.0,"relics_obtained":["FaceOfCleric"]},{"damage_healed":0.0,"max_hp_gain":0.0,"max_hp_loss":0.0,"gold_gain":0.0,"event_name":"betterNote:BetterNote","player_choice":"Ignored","floor":21.0,"gold_loss":0.0,"damage_taken":0.0,"cards_obtained":["Bouncing Flask"]}],"is_beta":false,"boss_relics":[{"not_picked":["aspiration:RitualDagger","conspire:SlowCooker","conspire:RoyalGoblet"],"picked":"hubris:Backtick"},{"not_picked":["infinitespire:Cupcake","Astrolabe","halation:CatFaceCupcake"],"picked":"Tiny House"}],"items_purged_floors":[0],"is_endless":false,"potions_floor_spawned":[1,8,10,13,16,27,29,31,33,38,39,40],"killed_by":"Reptomancer","ascension_level":0}}