{"host":"1mv6gj0zv8k9e9tz","time":1612103792,"event":{"mods":["AchievementEnabler","BaseMod","Better Third Choice","Colored Map","DeckTracker","Highlight Path","KOR Keyword Fix","Keyboard Shortcuts","Minty Spire (QoL Compilation)","Permanent Neow","Quick Restart","Rare Cards Sparkle","StSLib","SuperFastMode","everything is the same but u backflip on backflip"],"gold_per_floor":[133,173,226,226,286,286,350,425,425,528,528,266,266,302,302,406,433,485,535,137,204,204,204],"floor_reached":22,"language":"KOR","playtime":1018,"items_purged":["Strike_B"],"score":384,"play_id":"cc8292b1-dc72-4014-ae6f-8e28dfe7b319","local_time":"20210131233632","is_ascension_mode":true,"campfire_choices":[{"data":"HandOfGreed","floor":6.0,"key":"SMITH"},{"data":"Hyperbeam","floor":11.0,"key":"SMITH"},{"data":"Self Repair","floor":13.0,"key":"SMITH"},{"data":"Reprogram","floor":15.0,"key":"SMITH"}],"circlet_count":0,"master_deck":["AscendersBane","Strike_B","Strike_B","Defend_B","Defend_B","Zap","Dualcast","HandOfGreed+1","Hologram","Reprogram+1","White Noise","Self Repair+1","Dark Shackles","Reboot","Rebound","Sweeping Beam","Go for the Eyes","Hyperbeam+1","Bandage Up","Creative AI","Turbo+1","Doom and Gloom+1","Turbo+1","Gash","Conserve Battery"],"relics":["Cracked Core","CeramicFish","Oddly Smooth Stone","Astrolabe","Chemical X","Shuriken"],"acts_visited":["Exordium","TheCity"],"potions_floor_usage":[22],"damage_taken":[{"damage":11.0,"enemies":"Cultist","floor":1.0,"turns":5.0},{"damage":6.0,"enemies":"Jaw Worm","floor":2.0,"turns":4.0},{"damage":5.0,"enemies":"2 Louse","floor":3.0,"turns":4.0},{"damage":13.0,"enemies":"Exordium Wildlife","floor":5.0,"turns":3.0},{"damage":17.0,"enemies":"Lagavulin","floor":7.0,"turns":5.0},{"damage":3.0,"enemies":"Gremlin Gang","floor":8.0,"turns":4.0},{"damage":1.0,"enemies":"3 Louse","floor":10.0,"turns":4.0},{"damage":2.0,"enemies":"Blue Slaver","floor":14.0,"turns":3.0},{"damage":0.0,"enemies":"Slime Boss","floor":16.0,"turns":5.0},{"damage":24.0,"enemies":"Chosen","floor":18.0,"turns":5.0},{"damage":41.0,"enemies":"Spheric Guardian","floor":19.0,"turns":5.0},{"damage":10.0,"enemies":"3 Cultists","floor":21.0,"turns":4.0},{"damage":33,"enemies":"Cultist and Chosen","floor":22,"turns":5}],"seed_played":"-7865153438082129181","potions_obtained":[{"floor":3.0,"key":"SpeedPotion"},{"floor":5.0,"key":"Strength Potion"},{"floor":7.0,"key":"Block Potion"},{"floor":10.0,"key":"Fire Potion"},{"floor":14.0,"key":"BlessingOfTheForge"},{"floor":21.0,"key":"PowerPotion"}],"is_trial":false,"path_per_floor":["M","M","M","?","M","R","E","M","T","M","R","$","R","M","R","B",null,"M","M","$","M","M"],"character_chosen":"DEFECT","items_purchased":["Fruit Juice","Bandage Up","Chemical X","Shuriken"],"campfire_rested":0,"item_purchase_floors":[12,12,20,20],"current_hp_per_floor":[39,33,28,28,22,22,5,9,9,15,15,20,20,32,32,36,69,59,32,32,26,0,0],"gold":204,"neow_bonus":"RANDOM_COLORLESS_2","is_daily":false,"chose_seed":false,"campfire_upgraded":4,"win_rate":0.0,"timestamp":1612103792,"path_taken":["M","?","M","?","M","R","E","M","T","M","R","$","R","M","R","BOSS","M","?","$","M","M"],"items_purchased_type":["Potion","Card","Relic","Relic"],"build_version":"2020-12-22","purchased_purges":1,"victory":false,"max_hp_per_floor":[75,75,75,75,75,75,75,75,75,75,75,80,80,80,80,80,80,80,80,80,80,80,80],"card_choices":[{"not_picked":["Metamorphosis","Secret Technique"],"picked":"HandOfGreed","floor":0.0},{"not_picked":["Sunder","Steam"],"picked":"Hologram","floor":1.0},{"not_picked":["Rebound","Hello World"],"picked":"Reprogram","floor":2.0},{"not_picked":["Compile Driver","Rebound"],"picked":"White Noise","floor":3.0},{"not_picked":["Cold Snap","Stack"],"picked":"Rebound","floor":5.0},{"not_picked":["Sunder","Melter"],"picked":"Sweeping Beam","floor":7.0},{"not_picked":["Recycle","Turbo"],"picked":"Go for the Eyes","floor":8.0},{"not_picked":["Gash","Hologram"],"picked":"Hyperbeam","floor":10.0},{"not_picked":["Coolheaded","Compile Driver","Loop"],"picked":"SKIP","floor":14.0},{"not_picked":["Reboot","Electrodynamics"],"picked":"Creative AI","floor":16.0},{"not_picked":["Hologram+1","Consume+1"],"picked":"Gash","floor":18.0},{"not_picked":["Turbo","Rebound"],"picked":"Conserve Battery","floor":19.0},{"not_picked":["Self Repair","Leap","Doom and Gloom"],"picked":"SKIP","floor":21.0}],"player_experience":597306,"relics_obtained":[{"floor":7.0,"key":"CeramicFish"},{"floor":9.0,"key":"Oddly Smooth Stone"}],"event_choices":[{"damage_healed":0.0,"max_hp_gain":0.0,"max_hp_loss":0.0,"gold_gain":0.0,"event_name":"Match and Keep!","player_choice":"3 cards matched","floor":4.0,"gold_loss":0.0,"damage_taken":0.0,"cards_obtained":["Self Repair","Dark Shackles","Reboot"]}],"is_beta":false,"boss_relics":[{"not_picked":["Cursed Key","Philosopher\u0027s Stone"],"picked":"Astrolabe"}],"items_purged_floors":[12],"is_endless":false,"potions_floor_spawned":[3,5,7,10,14,21],"killed_by":"Cultist and Chosen","ascension_level":12}}