{"host":"928gv66myv2vlnsd","time":1612109849,"event":{"mods":["BaseMod","Highlight Path","Minty Spire (QoL Compilation)","StSLib"],"gold_per_floor":[109,128,148,164,180,209,209,234,234,234,15,25,25,50,50,128,128,142,142,157,171,171,202,215,241,241,241,127,127,138,155,155,226,226,240,250,250,250,268,303,303,338,365,400,417,417,417,433,433,433,433],"floor_reached":50,"language":"ENG","playtime":2748,"items_purged":["Strike_G"],"score":1232,"play_id":"c76e4808-e88d-4e3b-9743-071f3b75019a","local_time":"20210131111729","is_ascension_mode":true,"campfire_choices":[{"floor":10,"key":"REST"},{"floor":13,"key":"REST"},{"data":"Cloak And Dagger","floor":15,"key":"SMITH"},{"data":"Shame","floor":27,"key":"PURGE"},{"floor":29,"key":"REST"},{"floor":32,"key":"REST"},{"data":"Wraith Form v2","floor":41,"key":"SMITH"},{"floor":46,"key":"REST"},{"floor":49,"key":"REST"}],"circlet_count":0,"master_deck":["AscendersBane","Strike_G+1","Strike_G","Strike_G","Defend_G","Defend_G","Defend_G","Defend_G","Defend_G","Survivor","Neutralize","Cloak And Dagger+1","Dash","Prepared","Burst+1","Backflip","Terror","Footwork","Dagger Spray+1","Skewer","Wraith Form v2+1","Blade Dance+1","Corpse Explosion+1","Phantasmal Killer+1","Noxious Fumes","Night Terror+1","Bouncing Flask+1","Cloak And Dagger+1","Outmaneuver+1","Writhe","Malaise+1","Venomology+1"],"relics":["Ring of the Snake","Shuriken","White Beast Statue","StrikeDummy","Toxic Egg 2","Oddly Smooth Stone","Matryoshka","Cursed Key","Nloth\u0027s Gift","NlothsMask","Singing Bowl","Bottled Lightning","Peace Pipe","SacredBark","Strawberry","Whetstone","Ornamental Fan","Orichalcum"],"acts_visited":["Exordium","TheCity","TheBeyond"],"potions_floor_usage":[6,8,14,14,18,20,21,31,35,40,45,48,50,50],"damage_taken":[{"damage":0,"enemies":"Cultist","floor":1,"turns":1},{"damage":0,"enemies":"Small Slimes","floor":2,"turns":1},{"damage":0,"enemies":"Jaw Worm","floor":3,"turns":1},{"damage":0,"enemies":"2 Fungi Beasts","floor":4,"turns":5},{"damage":11,"enemies":"Exordium Thugs","floor":5,"turns":7},{"damage":40,"enemies":"Gremlin Nob","floor":6,"turns":6},{"damage":5,"enemies":"Lagavulin","floor":8,"turns":7},{"damage":0,"enemies":"Blue Slaver","floor":12,"turns":3},{"damage":5,"enemies":"3 Sentries","floor":14,"turns":9},{"damage":22,"enemies":"Hexaghost","floor":16,"turns":9},{"damage":8,"enemies":"Spheric Guardian","floor":18,"turns":5},{"damage":0,"enemies":"3 Byrds","floor":20,"turns":2},{"damage":16,"enemies":"Snake Plant","floor":21,"turns":4},{"damage":9,"enemies":"Book of Stabbing","floor":23,"turns":5},{"damage":1,"enemies":"Snecko","floor":24,"turns":5},{"damage":33,"enemies":"Gremlin Leader","floor":25,"turns":4},{"damage":10,"enemies":"Centurion and Healer","floor":30,"turns":6},{"damage":13,"enemies":"Shelled Parasite and Fungi","floor":31,"turns":5},{"damage":35,"enemies":"Automaton","floor":33,"turns":7},{"damage":6,"enemies":"Orb Walker","floor":35,"turns":4},{"damage":0,"enemies":"3 Shapes","floor":36,"turns":4},{"damage":12,"enemies":"3 Darklings","floor":39,"turns":3},{"damage":0,"enemies":"Reptomancer","floor":40,"turns":6},{"damage":69,"enemies":"Nemesis","floor":42,"turns":9},{"damage":60,"enemies":"Giant Head","floor":44,"turns":7},{"damage":21,"enemies":"Spire Growth","floor":45,"turns":4},{"damage":12,"enemies":"Jaw Worm Horde","floor":48,"turns":6},{"damage":70,"enemies":"Time Eater","floor":50,"turns":10}],"seed_played":"-525732263960285045","potions_obtained":[{"floor":2,"key":"CultistPotion"},{"floor":5,"key":"SteroidPotion"},{"floor":8,"key":"AttackPotion"},{"floor":12,"key":"Regen Potion"},{"floor":14,"key":"SkillPotion"},{"floor":16,"key":"SkillPotion"},{"floor":18,"key":"EssenceOfSteel"},{"floor":20,"key":"SkillPotion"},{"floor":21,"key":"FairyPotion"},{"floor":25,"key":"FairyPotion"},{"floor":31,"key":"Energy Potion"},{"floor":35,"key":"FearPotion"},{"floor":39,"key":"Explosive Potion"},{"floor":40,"key":"FairyPotion"},{"floor":42,"key":"SneckoOil"},{"floor":44,"key":"Strength Potion"},{"floor":45,"key":"LiquidBronze"}],"is_trial":false,"path_per_floor":["M","M","M","M","M","E","T","E","T","R","$","M","R","E","R","B",null,"M","?","M","M","?","E","M","E","T","R","$","R","M","M","R","B",null,"M","M","$","?","M","E","R","E","T","E","M","R","?","M","R","B"],"character_chosen":"THE_SILENT","items_purchased":["Oddly Smooth Stone","Dagger Spray","Noxious Fumes"],"campfire_rested":6,"item_purchase_floors":[11,11,28],"current_hp_per_floor":[59,59,59,59,48,8,8,3,3,22,22,22,41,51,51,29,57,49,49,49,33,33,24,25,20,20,20,20,40,32,21,42,7,56,52,52,52,52,40,47,47,50,50,49,28,52,52,42,67,0,0],"gold":433,"neow_bonus":"THREE_ENEMY_KILL","is_daily":false,"chose_seed":false,"campfire_upgraded":2,"win_rate":0.0,"timestamp":1612109849,"path_taken":["M","M","M","M","M","E","?","E","T","R","$","M","R","E","R","BOSS","M","?","?","M","?","E","?","E","T","R","$","R","M","M","R","BOSS","M","M","$","?","M","E","R","E","T","E","M","R","?","M","R","BOSS"],"items_purchased_type":["Relic","Card","Card"],"build_version":"2020-12-22","purchased_purges":1,"victory":false,"max_hp_per_floor":[66,66,66,66,66,66,66,66,66,66,66,66,66,66,66,66,66,66,66,66,66,66,66,68,68,68,68,68,68,70,72,72,72,72,74,74,74,74,74,81,81,83,83,83,83,83,83,85,85,85,85],"card_choices":[{"not_picked":["Deflect","Slice"],"picked":"Cloak And Dagger","floor":1},{"not_picked":["Sucker Punch","Acrobatics"],"picked":"Dash","floor":2},{"not_picked":["Distraction","Flechettes"],"picked":"Prepared","floor":3},{"not_picked":["Outmaneuver","Dodge and Roll"],"picked":"Burst","floor":4},{"not_picked":["Dodge and Roll","Escape Plan"],"picked":"Backflip","floor":5},{"not_picked":["Escape Plan","Accuracy"],"picked":"Terror","floor":6},{"not_picked":["Noxious Fumes","Calculated Gamble"],"picked":"Footwork","floor":8},{"not_picked":["Dagger Spray","Quick Slash","Sucker Punch"],"picked":"SKIP","floor":12},{"not_picked":["Choke","Backflip+1"],"picked":"Skewer","floor":14},{"not_picked":["Phantasmal Killer+1","Glass Knife"],"picked":"Wraith Form v2","floor":16},{"not_picked":["All Out Attack","Flying Knee","Tactician+1"],"picked":"SKIP","floor":18},{"not_picked":["Slice","Bane"],"picked":"Blade Dance+1","floor":20},{"not_picked":["Outmaneuver+1","Poisoned Stab","Riddle With Holes"],"picked":"SKIP","floor":21},{"not_picked":["Dodge and Roll+1","Doppelganger+1"],"picked":"Corpse Explosion+1","floor":23},{"not_picked":["Quick Slash","Dodge and Roll+1","Sucker Punch+1"],"picked":"Singing Bowl","floor":24},{"not_picked":["Venomology+1","Endless Agony"],"picked":"Phantasmal Killer+1","floor":25},{"not_picked":["Backflip+1","All Out Attack","Tactician+1"],"picked":"Singing Bowl","floor":30},{"not_picked":["Infinite Blades","Bane","Backflip+1"],"picked":"Singing Bowl","floor":31},{"not_picked":["Burst+1","Malaise+1"],"picked":"Night Terror+1","floor":33},{"not_picked":["Infinite Blades","Prepared+1","Underhanded Strike"],"picked":"Singing Bowl","floor":35},{"not_picked":["Prepared+1","Flying Knee"],"picked":"Bouncing Flask+1","floor":36},{"not_picked":["Finisher","Riddle With Holes+1"],"picked":"Cloak And Dagger+1","floor":39},{"not_picked":["Skewer+1","Corpse Explosion+1"],"picked":"Outmaneuver+1","floor":40},{"not_picked":["Blur+1","Masterful Stab","Footwork"],"picked":"Singing Bowl","floor":42},{"not_picked":["Slice","Choke+1"],"picked":"Malaise+1","floor":44},{"not_picked":["Distraction+1","Eviscerate"],"picked":"Venomology+1","floor":45},{"not_picked":["Outmaneuver+1","Cloak And Dagger+1","Caltrops"],"picked":"Singing Bowl","floor":48}],"player_experience":1411552,"relics_obtained":[{"floor":6,"key":"Shuriken"},{"floor":7,"key":"White Beast Statue"},{"floor":8,"key":"StrikeDummy"},{"floor":9,"key":"Toxic Egg 2"},{"floor":14,"key":"Matryoshka"},{"floor":23,"key":"Singing Bowl"},{"floor":25,"key":"Bottled Lightning"},{"floor":26,"key":"Peace Pipe"},{"floor":40,"key":"Strawberry"},{"floor":42,"key":"Whetstone"},{"floor":43,"key":"Ornamental Fan"},{"floor":44,"key":"Orichalcum"}],"event_choices":[{"damage_healed":0,"gold_gain":0,"player_choice":"Traded Relic","damage_taken":0,"relics_obtained":["Nloth\u0027s Gift"],"max_hp_gain":0,"max_hp_loss":0,"event_name":"N\u0027loth","floor":19,"relics_lost":["NeowsBlessing"],"gold_loss":0},{"damage_healed":0,"gold_gain":0,"player_choice":"Trade","damage_taken":0,"relics_obtained":["NlothsMask"],"max_hp_gain":0,"max_hp_loss":0,"event_name":"FaceTrader","floor":22,"gold_loss":0},{"cards_removed":["Strike_G"],"damage_healed":0,"gold_gain":0,"player_choice":"Removed Attack","damage_taken":0,"max_hp_gain":0,"max_hp_loss":0,"event_name":"Falling","floor":38,"gold_loss":0},{"damage_healed":0,"gold_gain":0,"player_choice":"Upgraded","damage_taken":0,"max_hp_gain":0,"max_hp_loss":0,"event_name":"Upgrade Shrine","floor":47,"gold_loss":0,"cards_upgraded":["Burst"]}],"is_beta":false,"boss_relics":[{"not_picked":["Tiny House","Philosopher\u0027s Stone"],"picked":"Cursed Key"},{"not_picked":["Fusion Hammer","Snecko Eye"],"picked":"SacredBark"}],"items_purged_floors":[28],"is_endless":false,"potions_floor_spawned":[2,5,8,12,14,16,18,20,21,23,24,25,30,31,33,35,36,39,40,42,44,45,48],"killed_by":"Time Eater","ascension_level":19}}