{"host":"yu4lpsmtqcl9s0zk","time":1612092802,"event":{"mods":["ATMod(阿瑾Mod)","Act Like it!","Arknights","Aspiration","BaseMod","Challenge The Spire","Colored Powertips","Conspire","Downfall","Energized Spire","Gensokyo","Good Game Mod","GungeonMod","Hubris","Jedi Mod","KinomotoSakuraMod(木之本樱)","LagranYue(拉格朗・月)","Marisa（F雨　魔理沙）","Minty Spire (QoL Compilation)","MostiFishMod","Prisma Mod","Quick Restart","Relic Stats","Replay The Spire","RumiaBox-露米娅的神秘盒子","Spicy Shops","StSLib","TestMod","The Animator","Waifu the Spire","Yuri Mod","Yuyuko","[GremlinLeader]The Maniac","[IsaacMod]以撒尖塔","noobMod"],"gold_per_floor":[119,210,220,237,237,262,282,295,295,111,139,139,13,29,29,127,127,140,190,190,201,215,241,257,257,257,257,118,162,87,2,2,111,111,131,212,212,24,47,47,68,92,119,119,119,155,555,572,572,582,582,582,66,109,123],"floor_reached":56,"language":"ZHS","playtime":3370,"items_purged":["Delirium","ats:Strike S","ats:Strike C","ats:Strike V","ats:Defend","ats:Defend","ats:Defend","ats:Defend"],"score":1432,"play_id":"025f2fef-bbba-45ab-b14e-2429d668beb6","local_time":"20210131193322","is_ascension_mode":false,"campfire_choices":[{"data":"AT_FamilyPortrait","floor":12,"key":"SMITH"},{"data":"ats:Ignite","floor":15,"key":"SMITH"},{"data":"ats:Nebulous Foxfire","floor":27,"key":"SMITH"},{"data":"ats:Consecutive Shot Auto","floor":27,"key":"SMITH"},{"data":"ats:Shadow Assault","floor":32,"key":"SMITH"},{"data":"ats:Curse Doll","floor":32,"key":"SMITH"},{"floor":40,"key":"RECALL"},{"data":"ats:Volcano","floor":44,"key":"SMITH"},{"data":"ats:Volcano","floor":44,"key":"SMITH"},{"data":"ats:Mental Burst","floor":49,"key":"SMITH"},{"data":"ats:Very Hot Blade","floor":49,"key":"SMITH"},{"data":"ats:Song Of Battle","floor":52,"key":"SMITH"},{"data":"ats:Armor Crushing Shot","floor":52,"key":"SMITH"}],"circlet_count":0,"master_deck":["ats:Strike G","ats:Armor Crushing Shot+1","ats:Emotion Absorption","AT_FamilyPortrait+1","ats:Shadow Assault+1","ats:Leaping Hammer","ats:Closed Bolt Burst Fire","ats:Song Of Battle+1","ats:Support Order","ats:Very Hot Blade+1","ats:Curse Doll+1","ats:Calcification","ats:Consecutive Shot Auto+1","ats:Soul Rend","ats:Ignite+1","ats:Nebulous Foxfire+1","ats:Soul Rend","ats:Counter Healing Mode","ats:Serious Mode","ats:Volcano+1","ats:Volcano+1","ats:Flame Of Heaven+1","ats:Literary Storm+1","ats:Mental Burst+1"],"relics":["ats:Sanity","testmod-TestBox","DaveBox","ice","AT_ATBox","REME:ComplimentaryCards","testmod-IWantAll","YumHeart","Membership Card","LagranYue:RandomDrawCardRelic","NeowsBlessing","SynthV:TestCard","ats:Originium","DeadEye","jedi:crownofsimplicity","ats:Assault","aspiration:Nostalgia","DemoMod:Dog","GodSword1","AT_BellDemon","AT_DeathDance","Eternal Feather","Coffee Dripper","D6","DemoMod:PinkGuonStone","Pen Nib","ats:Industrial Water Cannon","Nilry\u0027s Codex","testmod-Acrobat","StoneCalendar","testmod-Nyarlathotep","testmod-CasingShield","Darkstone Periapt","aspiration:RitualStick","Replay:Arrowhead","AT_SunfireAegis","testmod-OneHitWonder","Replay:Mystery Machine","LagranYue:ReturningEmperorRelic","SlaversCollar","DemoMod:ClearGuonStone","AT_RedTearstoneRing","testmod-Justice","Bag of Preparation","Bottled Tornado","ThornShield","MagicDraw3","testmod-HeartOfStrike","AT_ImmortalShieldbow","ZombieArmy","testmod-LifeArmor"],"acts_visited":["Exordium","TheCity","TheBeyond","TheEnding"],"potions_floor_usage":[6,16,33,55,55],"damage_taken":[{"damage":0,"enemies":"Jaw Worm","floor":1,"turns":1},{"damage":0,"enemies":"Small Slimes","floor":3,"turns":1},{"damage":0,"enemies":"Cultist","floor":4,"turns":1},{"damage":17,"enemies":"Lagavulin","floor":6,"turns":5},{"damage":18,"enemies":"Red Slaver","floor":7,"turns":3},{"damage":6,"enemies":"2 Fungi Beasts","floor":8,"turns":3},{"damage":0,"enemies":"Gremlin Nob","floor":11,"turns":2},{"damage":0,"enemies":"3 Louse","floor":14,"turns":1},{"damage":67,"enemies":"Fading Forest","floor":16,"turns":11},{"damage":10,"enemies":"conspire:FuzzyDice","floor":18,"turns":4},{"damage":53,"enemies":"Hiden Room Battle","floor":19,"turns":3},{"damage":10,"enemies":"3 Byrds","floor":21,"turns":3},{"damage":0,"enemies":"Sentry and Sphere","floor":22,"turns":2},{"damage":0,"enemies":"conspire:Head Lice","floor":23,"turns":2},{"damage":12,"enemies":"Centurion and Healer","floor":24,"turns":2},{"damage":0,"enemies":"3 Cultists","floor":29,"turns":1},{"damage":5,"enemies":"Champ","floor":33,"turns":4},{"damage":0,"enemies":"Orb Walker","floor":35,"turns":1},{"damage":21,"enemies":"3 Darklings","floor":39,"turns":2},{"damage":42,"enemies":"Jaw Worm Horde","floor":41,"turns":2},{"damage":5,"enemies":"4 Shapes","floor":42,"turns":2},{"damage":0,"enemies":"R_Hoarder","floor":46,"turns":2},{"damage":12,"enemies":"Spire Growth","floor":48,"turns":2},{"damage":53,"enemies":"Time Eater","floor":50,"turns":3},{"damage":0,"enemies":"Shield and Spear","floor":54,"turns":1},{"damage":68,"enemies":"The Heart","floor":55,"turns":3}],"seed_played":"5662284880092708712","potions_obtained":[{"floor":1,"key":"testmod-TestPotion"},{"floor":8,"key":"PowerPotion"},{"floor":11,"key":"ats:Emergency Sanity Potion"},{"floor":19,"key":"Block Potion"},{"floor":21,"key":"Elixir"},{"floor":22,"key":"Adrenaline Potion"},{"floor":33,"key":"CultistPotion"}],"is_trial":false,"path_per_floor":["M","?","M","M","?","E","M","M","T","$","E","R","$","M","R","B",null,"M","?","?","M","M","E","M","?","T","R","$","M","$","?","R","B",null,"M","?","?","$","M","R","M","M","T","R","?","E","?","M","R","B",null,"R","$","E","B",null],"character_chosen":"DOCTOR_CLASS","items_purchased":["ats:Assault","aspiration:Nostalgia","AT_BellDemon","AT_SunfireAegis","testmod-HeartOfStrike","AT_ImmortalShieldbow"],"campfire_rested":0,"item_purchase_floors":[10,10,13,28,53,53],"current_hp_per_floor":[72,54,54,54,54,37,45,39,39,39,40,40,40,40,40,70,80,75,19,3,93,93,102,91,70,95,105,105,105,105,105,105,101,107,107,92,92,92,75,87,45,45,45,60,60,60,60,52,67,114,114,114,114,114,255],"gold":123,"neow_bonus":"THREE_ENEMY_KILL","is_daily":false,"chose_seed":false,"campfire_upgraded":12,"win_rate":0.0,"timestamp":1612092802,"path_taken":["M","?","M","?","?","E","M","M","T","?","E","R","$","M","R","BOSS","M","?","?","?","M","E","M","?","T","R","$","?","?","?","R","BOSS","M","?","?","$","M","R","M","?","T","R","?","E","?","M","R","BOSS","R","$","E","BOSS"],"items_purchased_type":["Relic","Relic","Relic","Relic","Relic","Relic"],"build_version":"2020-12-22","purchased_purges":8,"victory":true,"max_hp_per_floor":[72,72,72,72,72,72,72,72,72,72,72,72,72,72,72,80,80,81,93,93,103,103,103,105,105,105,105,105,105,105,105,105,107,107,107,107,102,102,104,104,107,108,108,108,108,108,108,109,109,114,114,114,114,114,297],"relic_stats":{"Darkstone Periapt":0,"counters":[26,66],"Eternal Feather":52,"StoneCalendar":[0],"Pen Nib":[8],"Bag of Preparation":[10],"obtain_stats":[{"testmod-HeartOfStrike":53,"AT_ATBox":0,"LagranYue:RandomDrawCardRelic":0,"Nilry\u0027s Codex":20,"testmod-IWantAll":0,"DemoMod:GlassGuonStoneRelic":1,"testmod-LifeArmor":54,"ice":0,"DeadEye":6,"Bottled Tornado":46,"MagicDraw3":48,"aspiration:RitualStick":25,"LagranYue:ReturningEmperorRelic":33,"DemoMod:ClearGuonStone":35,"KeepersGift":0,"AT_RedTearstoneRing":39,"testmod-TestBox":0,"aspiration:Nostalgia":10,"ats:Assault":10,"Eternal Feather":16,"Pen Nib":19,"SlaversCollar":34,"YumHeart":0,"testmod-Acrobat":21,"AT_DeathDance":14,"HushsDoor":0,"testmod-OneHitWonder":29,"GodSword1":11,"AT_BellDemon":13,"Darkstone Periapt":24,"DaveBox":0,"StoneCalendar":22,"Bag of Preparation":42,"testmod-Nyarlathotep":23,"Replay:Mystery Machine":31,"testmod-CasingShield":23,"ats:Industrial Water Cannon":19,"ats:Sanity":0,"ZombieArmy":54,"NeowsBlessing":0,"DemoMod:Dog":10,"DemoMod:PinkGuonStone":19,"jedi:crownofsimplicity":9,"testmod-Justice":41,"ThornShield":46,"Replay:Arrowhead":26,"AT_ImmortalShieldbow":53,"REME:ComplimentaryCards":0,"D6":18,"SynthV:TestCard":1,"ats:Originium":6,"Coffee Dripper":17,"Membership Card":0,"AT_SunfireAegis":28},{"testmod-HeartOfStrike":24,"AT_ATBox":0,"LagranYue:RandomDrawCardRelic":0,"Nilry\u0027s Codex":11,"testmod-IWantAll":0,"DemoMod:GlassGuonStoneRelic":1,"testmod-LifeArmor":25,"ice":0,"DeadEye":4,"Bottled Tornado":22,"MagicDraw3":23,"aspiration:RitualStick":15,"LagranYue:ReturningEmperorRelic":17,"DemoMod:ClearGuonStone":18,"KeepersGift":0,"AT_RedTearstoneRing":19,"testmod-TestBox":0,"aspiration:Nostalgia":6,"ats:Assault":6,"Eternal Feather":9,"Pen Nib":11,"SlaversCollar":17,"YumHeart":0,"testmod-Acrobat":12,"AT_DeathDance":8,"HushsDoor":0,"testmod-OneHitWonder":16,"GodSword1":7,"AT_BellDemon":7,"Darkstone Periapt":15,"DaveBox":0,"StoneCalendar":13,"Bag of Preparation":21,"testmod-Nyarlathotep":14,"Replay:Mystery Machine":16,"testmod-CasingShield":14,"ats:Industrial Water Cannon":11,"ats:Sanity":0,"ZombieArmy":25,"NeowsBlessing":0,"DemoMod:Dog":6,"DemoMod:PinkGuonStone":11,"jedi:crownofsimplicity":6,"testmod-Justice":20,"ThornShield":22,"Replay:Arrowhead":15,"AT_ImmortalShieldbow":24,"REME:ComplimentaryCards":0,"D6":10,"SynthV:TestCard":1,"ats:Originium":4,"Coffee Dripper":9,"Membership Card":0,"AT_SunfireAegis":15},{"testmod-HeartOfStrike":62,"AT_ATBox":0,"LagranYue:RandomDrawCardRelic":0,"Nilry\u0027s Codex":35,"testmod-IWantAll":0,"DemoMod:GlassGuonStoneRelic":1,"testmod-LifeArmor":63,"ice":0,"DeadEye":8,"Bottled Tornado":58,"MagicDraw3":59,"aspiration:RitualStick":44,"LagranYue:ReturningEmperorRelic":49,"DemoMod:ClearGuonStone":50,"KeepersGift":0,"AT_RedTearstoneRing":52,"testmod-TestBox":0,"aspiration:Nostalgia":14,"ats:Assault":14,"Eternal Feather":28,"Pen Nib":35,"SlaversCollar":49,"YumHeart":0,"testmod-Acrobat":38,"AT_DeathDance":17,"HushsDoor":0,"testmod-OneHitWonder":45,"GodSword1":16,"AT_BellDemon":16,"Darkstone Periapt":44,"DaveBox":0,"StoneCalendar":40,"Bag of Preparation":56,"testmod-Nyarlathotep":42,"Replay:Mystery Machine":45,"testmod-CasingShield":42,"ats:Industrial Water Cannon":35,"ats:Sanity":0,"ZombieArmy":63,"NeowsBlessing":0,"DemoMod:Dog":14,"DemoMod:PinkGuonStone":35,"jedi:crownofsimplicity":14,"testmod-Justice":54,"ThornShield":58,"Replay:Arrowhead":44,"AT_ImmortalShieldbow":62,"REME:ComplimentaryCards":0,"D6":32,"SynthV:TestCard":1,"ats:Originium":8,"Coffee Dripper":28,"Membership Card":0,"AT_SunfireAegis":44}],"aspiration:RitualStick":[0]},"card_choices":[{"not_picked":["ats:Apocalypse","ats:Powerful Strike"],"picked":"ats:Leaping Hammer","floor":1},{"not_picked":["ats:Part Time Job","ats:Shell Defense","ats:Revitalization","ats:Burning Ground"],"picked":"ats:Closed Bolt Burst Fire","floor":2},{"not_picked":["ats:Sashimi Platter","ats:Shadow Raid","ats:Absolute Focus","Bomb"],"picked":"ats:Song Of Battle","floor":2},{"not_picked":["ats:Thermite Blade","ats:Nebulous Foxfire","ats:Rapid Magazine","ats:Explosion Area Strengthen"],"picked":"ats:Support Order","floor":2},{"not_picked":["ats:Powerful Strike","ats:Demon Strength","ats:Consecutive Shot Auto","ats:Beaten Up"],"picked":"ats:Very Hot Blade","floor":3},{"not_picked":["ats:Phantom","ats:Explosion Area Strengthen","ats:Guard Mode","ats:Leaping Hammer"],"picked":"ats:Curse Doll","floor":4},{"not_picked":["ats:Curse Doll","ats:Hammer On","ats:Very Hot Blade","ats:Rat Pack"],"picked":"ats:Calcification","floor":6},{"not_picked":["ats:Guard Mode","ats:Apocalypse","ats:Sword Rain","ats:Hammer On"],"picked":"Bomb","floor":7},{"not_picked":["ats:Magnetic Hammer","ats:Encircling Forest","ats:Curse Doll","ats:Soul Absorption"],"picked":"ats:Consecutive Shot Auto","floor":8},{"not_picked":["ats:Hammer On","ats:Guard Mode","ats:Poison Spread","ats:Beaten Up"],"picked":"ats:Soul Rend","floor":11},{"not_picked":["ats:Very Hot Blade","ats:Hammer On","ats:Powerful Strike","ats:Overload"],"picked":"ats:Ignite","floor":14},{"not_picked":["ats:Shadow Assault","ats:Echo Reverb","ats:Soul Rend","ats:Calcification"],"picked":"ats:Nebulous Foxfire","floor":16},{"not_picked":["ats:Shadow Assault","ats:Echo Reverb","ats:Nebulous Foxfire","ats:Calcification"],"picked":"ats:Soul Rend","floor":16},{"not_picked":["ats:Apocalypse","ats:Closed Bolt Burst Fire","ats:Ignite+1","ats:Curse Doll","ats:Poison Spread"],"picked":"SKIP","floor":18},{"not_picked":["ats:Revitalization","ats:Poison Spread","ats:Absolute Focus","ats:Thermite Blade+1"],"picked":"ats:Counter Healing Mode","floor":19},{"not_picked":["ats:Automatic Cover","ats:Revitalization","ats:Leaping Hammer","ats:Directed Diagnosis","ats:Disruption Kick"],"picked":"SKIP","floor":21},{"not_picked":["ats:LN2 Cannon","ats:Poison Spread","ats:Soul Absorption","ats:Hammer On","ats:Healing Strengthening"],"picked":"SKIP","floor":22},{"not_picked":["ats:Ignite","ats:Assault Order","ats:Flexible Camouflage","ats:Guardian Obelisk","ats:Rapid Magazine+1"],"picked":"SKIP","floor":23},{"not_picked":["ats:Mental Burst","ats:Guard Mode+1","ats:Absolute Focus","ats:Composite Medical Shells","ats:Apocalypse"],"picked":"SKIP","floor":24},{"not_picked":["ats:Consecutive Shot Auto","ats:Encircling Forest","ats:Flexible Camouflage","ats:Healing Strengthening"],"picked":"ats:Serious Mode","floor":29},{"not_picked":["ats:Dogmatic Field","ats:Ambush","ats:Echo Reverb","ats:Nebulous Foxfire"],"picked":"ats:Volcano","floor":33},{"not_picked":["ats:Dogmatic Field","ats:Ambush","ats:Echo Reverb","ats:Nebulous Foxfire"],"picked":"ats:Volcano","floor":33},{"not_picked":["ats:Apocalypse","ats:Closed Bolt Burst Fire+1","ats:Rapid Magazine+1","ats:Leaping Hammer","ats:Blood Oath"],"picked":"SKIP","floor":35},{"not_picked":["ats:Hammer On+1","ats:Shadow Raid+1","ats:Curse Doll","ats:Ignite"],"picked":"ats:Flame Of Heaven+1","floor":39},{"not_picked":["ats:Very Hot Blade+1","ats:Guardian Obelisk","ats:Guard Mode+1","ats:Thorns"],"picked":"ats:Literary Storm+1","floor":41},{"not_picked":["ats:Guard Mode+1","ats:Consecutive Shot Auto+1","ats:Neurotoxin","ats:Dogmatic Field","ats:Encircling Forest+1"],"picked":"SKIP","floor":42},{"not_picked":["ats:Hammer On","ats:Composite Medical Shells","ats:Blood Oath","ats:Absolute Focus","ats:Encircling Forest"],"picked":"SKIP","floor":46},{"not_picked":["ats:Powerful Strike","ats:Poison Spread+1","ats:Shadow Raid","ats:Very Hot Blade+1","ats:Sword Rain"],"picked":"SKIP","floor":48},{"not_picked":["ats:Healing Strengthening+1","ats:Directed Diagnosis","ats:Ambush","ats:Soul Absorption+1","ats:Hammer On+1"],"picked":"SKIP","floor":54},{"not_picked":["ats:Phantom+1","ats:Overload+1","ats:Closed Bolt Burst Fire+1","ats:Dogmatic Field","ats:Counter Healing Mode+1"],"picked":"SKIP","floor":54}],"player_experience":271264,"relics_obtained":[{"floor":1,"key":"SynthV:TestCard"},{"floor":6,"key":"ats:Originium"},{"floor":6,"key":"DeadEye"},{"floor":9,"key":"jedi:crownofsimplicity"},{"floor":11,"key":"ats:Originium"},{"floor":11,"key":"GodSword1"},{"floor":14,"key":"AT_DeathDance"},{"floor":16,"key":"Eternal Feather"},{"floor":18,"key":"D6"},{"floor":19,"key":"DemoMod:PinkGuonStone"},{"floor":19,"key":"Pen Nib"},{"floor":19,"key":"ats:Industrial Water Cannon"},{"floor":20,"key":"Nilry\u0027s Codex"},{"floor":21,"key":"testmod-Acrobat"},{"floor":22,"key":"StoneCalendar"},{"floor":23,"key":"testmod-Nyarlathotep"},{"floor":23,"key":"ats:Originium"},{"floor":23,"key":"testmod-CasingShield"},{"floor":24,"key":"Darkstone Periapt"},{"floor":26,"key":"Replay:Arrowhead"},{"floor":29,"key":"testmod-OneHitWonder"},{"floor":33,"key":"LagranYue:ReturningEmperorRelic"},{"floor":35,"key":"DemoMod:ClearGuonStone"},{"floor":39,"key":"AT_RedTearstoneRing"},{"floor":41,"key":"testmod-Justice"},{"floor":42,"key":"Bag of Preparation"},{"floor":46,"key":"Bottled Tornado"},{"floor":46,"key":"ats:Originium"},{"floor":46,"key":"ThornShield"},{"floor":48,"key":"MagicDraw3"},{"floor":54,"key":"ZombieArmy"},{"floor":54,"key":"testmod-LifeArmor"}],"event_choices":[{"damage_healed":0,"gold_gain":0,"player_choice":"Fight","damage_taken":0,"max_hp_gain":0,"max_hp_loss":0,"event_name":"HidenRoomEvent","floor":19,"gold_loss":0},{"damage_healed":0,"gold_gain":0,"player_choice":"Obtained Book","damage_taken":16,"max_hp_gain":0,"max_hp_loss":0,"event_name":"Cursed Tome","floor":20,"gold_loss":0},{"damage_healed":0,"gold_gain":0,"player_choice":"Obtained Relic","damage_taken":0,"relics_obtained":["Replay:Mystery Machine"],"max_hp_gain":0,"max_hp_loss":0,"event_name":"Addict","floor":31,"gold_loss":85},{"damage_healed":0,"gold_gain":0,"player_choice":"Max HP","damage_taken":0,"max_hp_gain":0,"max_hp_loss":5,"event_name":"Winding Halls","floor":37,"gold_loss":0},{"damage_healed":0,"gold_gain":400,"player_choice":"Sell","damage_taken":0,"max_hp_gain":0,"max_hp_loss":0,"event_name":"恩洛斯的盘子","floor":47,"relics_lost":["HushsDoor"],"gold_loss":0}],"is_beta":false,"boss_relics":[{"not_picked":["hubris:Backtick","xbg"],"picked":"Coffee Dripper"},{"not_picked":[]},{"not_picked":["Snecko Eye","AT_MortalBlade"],"picked":"SlaversCollar"},{"not_picked":[]}],"items_purged_floors":[10,13,28,30,38,38,53,53],"is_endless":false,"potions_floor_spawned":[1,8,11,19,21,22,33,39,42],"ascension_level":0}}