{"host":"59ybwvz342rz5fw6","time":1612113318,"event":{"mods":["Act Like it!","BaseMod","Chen","Colored Powertips","Gensokyo","KinomotoSakuraMod(木之本樱)","KomeijiMod","Marisa（F雨　魔理沙）","Minty Spire (QoL Compilation)","Relic Stats","Remilia（蕾米莉亚）","Replay The Spire","RumiaBox-露米娅的神秘盒子","Shop Mod","StSLib","The Servant 0.9.4","Waifu the Spire","Yakumo Yukari mod","Youmu（魂魄妖梦）","Yuyuko","[功能]功能增强和修复MOD","simple","【功能Mod】混沌之环修复补丁","【功能Mod】聪明的最终Boss"],"gold_per_floor":[2085,79,79,324,113,113,383,383,518,813,660,745,970,1070,1070,1850,1850,2070,2350,156,0,445,1230,1905,1905,1905,2245,114,114,43,778,1118,1658,1658,1833,1958,1472,2827,2804,3014,2866,2866,3241,3241,4031,3312,3382,3467,3467,3507,3507,3507,3359,3849,3162],"floor_reached":56,"language":"ZHS","playtime":2161,"items_purged":[],"score":2068,"play_id":"43191f13-66fd-4e69-a342-05646e30fd39","local_time":"20210201011518","is_ascension_mode":false,"campfire_choices":[{"data":"1","floor":6,"key":"LIFT"},{"data":"2","floor":8,"key":"LIFT"},{"data":"3","floor":15,"key":"LIFT"},{"data":"Robbery","floor":29,"key":"SMITH"},{"floor":29,"key":"RECALL"},{"floor":49,"key":"DIG"},{"floor":52,"key":"REST"}],"circlet_count":15,"master_deck":["WitchOfGreed+1","TreasureHunter+1","OrrerysSun","Acceleration","SatelliteIllusion+1","Robbery+1","OortCloud+1","FairyDestructionRay+1","Pot Of Greed","Pot Of Greed+1","YoukiSo+1","ReplayTheSpireMod:IOU","ReplayTheSpireMod:IOU","ReplayTheSpireMod:IOU","ReplayTheSpireMod:IOU","Pot Of Greed+1","ReplayTheSpireMod:IOU","ReplayTheSpireMod:IOU","ReplayTheSpireMod:IOU","ReplayTheSpireMod:IOU","CasketOfStar+1","CollectingQuirk+1","EscapeVelocity+1","CollectingQuirk+1","TreasureHunter+1","MillisecondPulsars+1","CollectingQuirk+1","BlazingStar+1","SuperNova+1","SatelliteIllusion+1","Pot Of Greed+1","Apotheosis+1","Gensokyo:TarnishedGold","Gensokyo:BlemishedSteel","Gensokyo:ScrapIron","Pot Of Greed+1","TreasureHunter+1"],"relics":["MiniHakkero","Peace Pipe","Ginger","Turnip","Unceasing Top","Omamori","Ice Cream","The Courier","SlaversCollar","WingedGreaves","WingedGreaves","ReplayTheSpireMod:CursedCoin","Replay:WaspNest","PlanX","Replay:Multitool","AntiCross","GodSword7","Happy Flower","Girya","MoreBug","Gremlin Food","CeramicFish","Tiny Chest","Nunchaku","Prayer Wheel","ReplayTheSpireMod:Lightbulb","Strawberry","Ancient Tea Set","Orichalcum","Simple Rune","Guide Book","MagicDraw3","Bag of Marbles","SSSystem","Pet Ghost","Gremlin Horn","Frozen Eye","Vajra","MealTicket","Regal Pillow","Replay:Ancient Bell","Blue Doll","Matryoshka","Replay:Towering Pillar of Hats","PrismaticShard","Kunai","MagicDraw2","Snack Pack","GodSword5","ShirouKen","Shuriken","ReplayTheSpireMod:Ninjato","Boot","ZombieArmy","Replay:Rubber Ducky","Grinning Jar","HoshigumaDish","Ccalipers","Art of War","Replay:Mystery Machine","Bottled Tornado","War Paint","ShroomBag","Toxic Egg 2","Replay:Bandana","Gensokyo:ConquerorOfFear","Replay:Ringing Soul","Akabeko","Pantograph","Dream Catcher","NitorisBag","Oddly Smooth Stone","MagicDraw1","Replay:Wax Seal","Bronze Scales","Garlic","Juzu Bracelet","Golden Egg","Meat on the Bone","PreservedInsect","Centennial Puzzle","ScarletDevilRocket","Whetstone","Bottled Flame","Lizard Tail","Blue Candle","Lantern","Torii","Counterbalance","Replay:Baseball","Replay:Kaleidoscope","Pear","Pen Nib","Bag of Preparation","TungstenRod","White Beast Statue","Replay:Bottled Eggs","GodSword1","MagicBroom","SecretRecord","Ornamental Fan","MagicDraw4","GodSword3","Molten Egg 2","FossilizedHelix","InkBottle","Divine Protection","Iron Hammer","ReplayTheSpireMod:Shallot","Durian","Mercury Hourglass","HornCleat","Incense Burner","SumBook","Replay:Accelerometer","LastBattle","BreadOfAWashokuLover","Thread and Needle","AmplifyWand","Eternal Feather","GodSword6","GodSword4","HandmadeGrimoire","Letter Opener","Replay:Bottled Snecko","Singing Bowl","Mirror","Mummified Hand","Frozen Egg 2","Du-Vu Doll","ChaoDraw","Bird Faced Urn","OrangePellets","KyoryuNoHagoromo","ExperimentalFamiliar","BargainBundle","Circlet","Cauldron","ReplayTheSpireMod:ShopPack","Gensokyo:EmptyGrave","ClockworkSouvenir","Medical Kit","DollysMirror","Sling","Orrery","Toolbox"],"acts_visited":["Gensokyo:Gensokyo","Gensokyo:Gensokyoer","Gensokyo:Gensokyoest","TheEnding"],"potions_floor_usage":[16,16,16],"damage_taken":[{"damage":0,"enemies":"Gensokyo:Python","floor":1,"turns":1},{"damage":0,"enemies":"Gensokyo:Gryphon","floor":4,"turns":1},{"damage":0,"enemies":"Gensokyo:2_Kodama","floor":7,"turns":2},{"damage":0,"enemies":"Gensokyo:Aya","floor":10,"turns":2},{"damage":0,"enemies":"Gensokyo:Gryphon_and_Rabbit","floor":12,"turns":1},{"damage":0,"enemies":"Gensokyo:3_Kodama","floor":13,"turns":1},{"damage":0,"enemies":"Gensokyo:VengefulSpirit","floor":14,"turns":1},{"damage":0,"enemies":"Gensokyo:Reimu","floor":16,"turns":3},{"damage":0,"enemies":"Gensokyo:Chomper","floor":18,"turns":1},{"damage":0,"enemies":"Gensokyo:AngelMirror","floor":19,"turns":1},{"damage":0,"enemies":"Gensokyo:3_Gloops","floor":22,"turns":1},{"damage":0,"enemies":"Gensokyo:Tenshi","floor":23,"turns":1},{"damage":0,"enemies":"Gensokyo:Koishi","floor":24,"turns":1},{"damage":0,"enemies":"Gensokyo:Tenshi","floor":27,"turns":1},{"damage":0,"enemies":"Gensokyo:Slime_Group","floor":31,"turns":1},{"damage":0,"enemies":"Gensokyo:Eternal_Rivals","floor":33,"turns":1},{"damage":0,"enemies":"Gensokyo:3_Bats","floor":35,"turns":1},{"damage":0,"enemies":"Gensokyo:3_Boulders","floor":36,"turns":1},{"damage":0,"enemies":"Gensokyo:Rafflesia","floor":38,"turns":1},{"damage":0,"enemies":"Gensokyo:Kasen","floor":40,"turns":1},{"damage":0,"enemies":"Gensokyo:Doremy","floor":45,"turns":1},{"damage":0,"enemies":"Gensokyo:SeedOfUnknown","floor":47,"turns":1},{"damage":0,"enemies":"Gensokyo:Marisa","floor":48,"turns":1},{"damage":0,"enemies":"Gensokyo:Yuyuko","floor":50,"turns":1},{"damage":0,"enemies":"Shield and Spear","floor":54,"turns":1},{"damage":0,"enemies":"The Heart","floor":55,"turns":3}],"seed_played":"3623306794872813241","potions_obtained":[{"floor":1,"key":"Block Potion"},{"floor":4,"key":"LiquidBronze"},{"floor":7,"key":"Energy Potion"},{"floor":18,"key":"ColorlessPotion"},{"floor":19,"key":"PanachePotion"},{"floor":22,"key":"DistilledChaos"}],"is_trial":false,"path_per_floor":["M","$","COS","M","$","R","M","R","T","E","$","M","M","M","R","B",null,"M","M","$","?","M","E","E","?","T","E","$","R","$","M","R","B",null,"M","M","$","M","$","E","$","?","T","R","E","COS","M","E","R","B",null,"R","$","E","B",null],"character_chosen":"MARISA","items_purchased":["ReplayTheSpireMod:CursedCoin","Replay:WaspNest","PlanX","Replay:Multitool","AntiCross","GodSword7","Happy Flower","Girya","MoreBug","Gremlin Food","CeramicFish","Tiny Chest","Nunchaku","Prayer Wheel","ReplayTheSpireMod:Lightbulb","Strawberry","Ancient Tea Set","Orichalcum","Simple Rune","Guide Book","MagicDraw3","Bag of Marbles","SSSystem","Frozen Eye","SatelliteIllusion","Vajra","MealTicket","Regal Pillow","PrismaticShard","Kunai","MagicDraw2","Snack Pack","GodSword5","ShirouKen","Shuriken","ReplayTheSpireMod:Ninjato","Boot","ZombieArmy","Replay:Rubber Ducky","Grinning Jar","HoshigumaDish","Ccalipers","Art of War","Replay:Mystery Machine","Bottled Tornado","Pantograph","Dream Catcher","NitorisBag","Oddly Smooth Stone","MagicDraw1","Replay:Wax Seal","Bronze Scales","Garlic","Juzu Bracelet","Golden Egg","Meat on the Bone","PreservedInsect","Centennial Puzzle","ScarletDevilRocket","Whetstone","Bottled Flame","Lizard Tail","Blue Candle","Lantern","Torii","Counterbalance","Replay:Baseball","Replay:Kaleidoscope","Pear","Pen Nib","Bag of Preparation","TungstenRod","White Beast Statue","Replay:Bottled Eggs","GodSword1","MagicBroom","SecretRecord","Ornamental Fan","MagicDraw4","GodSword3","Molten Egg 2","FossilizedHelix","InkBottle","Divine Protection","Iron Hammer","ReplayTheSpireMod:Shallot","Durian","Mercury Hourglass","HornCleat","Incense Burner","SumBook","Replay:Accelerometer","LastBattle","BreadOfAWashokuLover","Thread and Needle","AmplifyWand","Eternal Feather","GodSword6","GodSword4","HandmadeGrimoire","Letter Opener","Replay:Bottled Snecko","Singing Bowl","Mirror","Mummified Hand","Frozen Egg 2","Du-Vu Doll","ChaoDraw","Bird Faced Urn","Apotheosis+1","OrangePellets","KyoryuNoHagoromo","BargainBundle","Circlet","Circlet","Circlet","Cauldron","ReplayTheSpireMod:ShopPack","Circlet","Circlet","Toolbox","Circlet","Circlet"],"campfire_rested":1,"item_purchase_floors":[2,2,2,2,2,2,2,2,2,2,2,2,2,2,2,2,2,2,2,5,5,5,5,11,11,11,11,11,20,20,20,20,20,20,20,20,20,20,20,20,20,20,20,20,20,28,28,28,28,28,28,28,28,28,28,28,28,28,28,28,28,28,28,28,28,28,28,28,28,28,28,28,28,28,28,28,28,28,28,28,28,28,28,28,28,28,28,28,28,28,28,28,28,28,28,28,28,28,28,28,28,28,28,28,28,28,28,28,28,28,30,30,37,37,37,37,39,41,41,41,53,53,53],"current_hp_per_floor":[75,82,82,82,82,82,82,82,82,82,82,82,82,82,82,82,82,82,82,82,82,82,82,82,82,82,82,100,100,100,104,104,119,119,123,127,127,131,131,133,139,128,128,128,130,143,147,149,149,149,149,151,151,153,153],"gold":3162,"neow_bonus":"CURSED_BOSS_RELIC","is_daily":false,"chose_seed":false,"campfire_upgraded":1,"win_rate":0.0,"timestamp":1612113318,"path_taken":["M","$","COS","M","$","R","M","R","T","E","$","M","M","M","R","BOSS","M","M","$","?","M","E","E","?","T","E","$","R","$","M","R","BOSS","M","M","$","M","$","E","$","?","T","R","E","COS","M","E","R","BOSS","R","$","E","BOSS"],"items_purchased_type":["Relic","Relic","Relic","Relic","Relic","Relic","Relic","Relic","Relic","Relic","Relic","Relic","Relic","Relic","Relic","Relic","Relic","Relic","Relic","Relic","Relic","Relic","Relic","Relic","Card","Relic","Relic","Relic","Relic","Relic","Relic","Relic","Relic","Relic","Relic","Relic","Relic","Relic","Relic","Relic","Relic","Relic","Relic","Relic","Relic","Relic","Relic","Relic","Relic","Relic","Relic","Relic","Relic","Relic","Relic","Relic","Relic","Relic","Relic","Relic","Relic","Relic","Relic","Relic","Relic","Relic","Relic","Relic","Relic","Relic","Relic","Relic","Relic","Relic","Relic","Relic","Relic","Relic","Relic","Relic","Relic","Relic","Relic","Relic","Relic","Relic","Relic","Relic","Relic","Relic","Relic","Relic","Relic","Relic","Relic","Relic","Relic","Relic","Relic","Relic","Relic","Relic","Relic","Relic","Relic","Relic","Relic","Relic","Relic","Card","Relic","Relic","Relic","Undefined","Undefined","Undefined","Relic","Relic","Undefined","Undefined","Relic","Undefined","Undefined"],"build_version":"2020-12-22","purchased_purges":0,"victory":true,"max_hp_per_floor":[75,82,82,82,82,82,82,82,82,82,82,82,82,82,82,82,82,82,82,82,82,82,82,82,82,82,82,100,100,100,104,104,119,119,123,127,127,131,131,133,139,128,128,128,130,143,147,149,149,149,149,151,151,153,153],"relic_stats":{"Regal Pillow":0,"Gremlin Horn":[9,15],"Torii":0,"Singing Bowl":48,"CeramicFish":1935,"Juzu Bracelet":0,"Bag of Preparation":[9],"Ginger":[2],"Whetstone":["MasterSpark","UpSweep"],"Boot":[18],"Nunchaku":[7],"Dream Catcher":1,"Centennial Puzzle":[0],"Lizard Tail":0,"Mummified Hand":[50],"Pantograph":0,"Tiny Chest":0,"Prayer Wheel":13,"MealTicket":0,"Kunai":[9],"InkBottle":[5],"Happy Flower":[10],"counters":[26,31],"Blue Candle":[11],"Eternal Feather":0,"PreservedInsect":299,"Pen Nib":[2],"Letter Opener":[20],"Orichalcum":[6],"War Paint":["Defend_MRS","Pot Of Greed"],"Medical Kit":[1],"Mercury Hourglass":[75],"Peace Pipe":0,"OrangePellets":[0],"Shuriken":[9],"Ornamental Fan":[20],"Bronze Scales":[3],"Bird Faced Urn":[0],"Turnip":[3],"Art of War":[0],"obtain_stats":[{"Golden Egg":28,"Replay:Accelerometer":28,"ShirouKen":20,"ScarletDevilRocket":28,"Gensokyo:UndefinedDarkness":25,"Ginger":0,"Whetstone":28,"Bottled Tornado":20,"MagicDraw4":28,"MagicDraw3":5,"Boot":20,"Sling":46,"MagicDraw2":20,"MagicDraw1":28,"Replay:Ringing Soul":26,"MealTicket":11,"Kunai":20,"Replay:Wax Seal":28,"Pear":28,"Blue Candle":28,"Counterbalance":28,"HoshigumaDish":20,"BreadOfAWashokuLover":28,"Eternal Feather":28,"Pen Nib":28,"Replay:Ancient Bell":17,"Akabeko":27,"SlaversCollar":0,"Bird Faced Urn":28,"MiniHakkero":0,"Unceasing Top":0,"AmplifyWand":28,"Regal Pillow":11,"Lantern":28,"Torii":28,"Singing Bowl":28,"Blue Doll":17,"Replay:Multitool":2,"Bag of Preparation":28,"Ancient Tea Set":2,"Pet Ghost":9,"Replay:Rubber Ducky":20,"Matryoshka":17,"Toolbox":53,"AntiCross":2,"WingedGreaves":1,"HandmadeGrimoire":28,"Replay:Bottled Eggs":28,"InkBottle":28,"ZombieArmy":20,"MagicBroom":28,"Circlet":37,"Thread and Needle":28,"The Courier":0,"PreservedInsect":28,"Omamori":0,"LastBattle":28,"Frozen Egg 2":28,"KyoryuNoHagoromo":30,"ChaoDraw":28,"ExperimentalFamiliar":34,"Ornamental Fan":28,"Orrery":46,"Turnip":0,"Art of War":20,"Garlic":28,"Durian":28,"ReplayTheSpireMod:Lightbulb":2,"Ice Cream":0,"Divine Protection":28,"Gremlin Horn":10,"CeramicFish":2,"SSSystem":5,"Vajra":11,"Centennial Puzzle":28,"Lizard Tail":28,"HornCleat":28,"Ccalipers":20,"DollysMirror":46,"Strawberry":2,"Prayer Wheel":2,"Iron Hammer":28,"Toxic Egg 2":24,"MoreBug":2,"Girya":2,"Happy Flower":2,"ReplayTheSpireMod:CursedCoin":2,"Oddly Smooth Stone":28,"Replay:Kaleidoscope":28,"Letter Opener":28,"War Paint":23,"Du-Vu Doll":28,"NitorisBag":28,"OrangePellets":30,"Bottled Flame":28,"Replay:Baseball":28,"ReplayTheSpireMod:Shallot":28,"Shuriken":20,"PlanX":2,"Bronze Scales":28,"Simple Rune":2,"Molten Egg 2":28,"GodSword7":2,"GodSword6":28,"GodSword5":20,"Grinning Jar":20,"GodSword4":28,"GodSword3":28,"Mirror":28,"Meat on the Bone":28,"GodSword1":28,"SecretRecord":28,"Juzu Bracelet":28,"Incense Burner":28,"Replay:Mystery Machine":20,"PrismaticShard":20,"ClockworkSouvenir":46,"Frozen Eye":11,"Nunchaku":2,"Replay:Bandana":24,"Dream Catcher":28,"Mummified Hand":28,"Pantograph":28,"Tiny Chest":2,"Replay:Bottled Snecko":28,"SumBook":28,"Gremlin Food":2,"BargainBundle":37,"ReplayTheSpireMod:Ninjato":20,"Replay:Towering Pillar of Hats":17,"Guide Book":5,"Replay:WaspNest":2,"Gensokyo:ConquerorOfFear":27,"Orichalcum":2,"Medical Kit":46,"White Beast Statue":28,"Mercury Hourglass":28,"Peace Pipe":0,"ShroomBag":23,"Cauldron":39,"Gensokyo:EmptyGrave":42,"Bag of Marbles":5,"Snack Pack":20,"TungstenRod":28,"FossilizedHelix":28,"ReplayTheSpireMod:ShopPack":41},{"Golden Egg":14,"Replay:Accelerometer":14,"ShirouKen":10,"ScarletDevilRocket":14,"Gensokyo:UndefinedDarkness":13,"Ginger":0,"Whetstone":14,"Bottled Tornado":10,"MagicDraw4":14,"MagicDraw3":2,"Boot":10,"Sling":21,"MagicDraw2":10,"MagicDraw1":14,"Replay:Ringing Soul":13,"MealTicket":4,"Kunai":10,"Replay:Wax Seal":14,"Pear":14,"Blue Candle":14,"Counterbalance":14,"HoshigumaDish":10,"BreadOfAWashokuLover":14,"Eternal Feather":14,"Pen Nib":14,"Replay:Ancient Bell":8,"Akabeko":14,"SlaversCollar":0,"Bird Faced Urn":14,"MiniHakkero":0,"Unceasing Top":0,"AmplifyWand":14,"Regal Pillow":4,"Lantern":14,"Torii":14,"Singing Bowl":14,"Blue Doll":8,"Replay:Multitool":1,"Bag of Preparation":14,"Ancient Tea Set":1,"Pet Ghost":3,"Replay:Rubber Ducky":10,"Matryoshka":8,"Toolbox":24,"AntiCross":1,"WingedGreaves":1,"HandmadeGrimoire":14,"Replay:Bottled Eggs":14,"InkBottle":14,"ZombieArmy":10,"MagicBroom":14,"Circlet":18,"Thread and Needle":14,"The Courier":0,"PreservedInsect":14,"Omamori":0,"LastBattle":14,"Frozen Egg 2":14,"KyoryuNoHagoromo":14,"ChaoDraw":14,"ExperimentalFamiliar":16,"Ornamental Fan":14,"Orrery":21,"Turnip":0,"Art of War":10,"Garlic":14,"Durian":14,"ReplayTheSpireMod:Lightbulb":1,"Ice Cream":0,"Divine Protection":14,"Gremlin Horn":4,"CeramicFish":1,"SSSystem":2,"Vajra":4,"Centennial Puzzle":14,"Lizard Tail":14,"HornCleat":14,"Ccalipers":10,"DollysMirror":21,"Strawberry":1,"Prayer Wheel":1,"Iron Hammer":14,"Toxic Egg 2":13,"MoreBug":1,"Girya":1,"Happy Flower":1,"ReplayTheSpireMod:CursedCoin":1,"Oddly Smooth Stone":14,"Replay:Kaleidoscope":14,"Letter Opener":14,"War Paint":12,"Du-Vu Doll":14,"NitorisBag":14,"OrangePellets":14,"Bottled Flame":14,"Replay:Baseball":14,"ReplayTheSpireMod:Shallot":14,"Shuriken":10,"PlanX":1,"Bronze Scales":14,"Simple Rune":1,"Molten Egg 2":14,"GodSword7":1,"GodSword6":14,"GodSword5":10,"Grinning Jar":10,"GodSword4":14,"GodSword3":14,"Mirror":14,"Meat on the Bone":14,"GodSword1":14,"SecretRecord":14,"Juzu Bracelet":14,"Incense Burner":14,"Replay:Mystery Machine":10,"PrismaticShard":10,"ClockworkSouvenir":21,"Frozen Eye":4,"Nunchaku":1,"Replay:Bandana":13,"Dream Catcher":14,"Mummified Hand":14,"Pantograph":14,"Tiny Chest":1,"Replay:Bottled Snecko":14,"SumBook":14,"Gremlin Food":1,"BargainBundle":18,"ReplayTheSpireMod:Ninjato":10,"Replay:Towering Pillar of Hats":8,"Guide Book":2,"Replay:WaspNest":1,"Gensokyo:ConquerorOfFear":14,"Orichalcum":1,"Medical Kit":21,"White Beast Statue":14,"Mercury Hourglass":14,"Peace Pipe":0,"ShroomBag":12,"Cauldron":19,"Gensokyo:EmptyGrave":20,"Bag of Marbles":2,"Snack Pack":10,"TungstenRod":14,"FossilizedHelix":14,"ReplayTheSpireMod:ShopPack":20},{"Golden Egg":18,"Replay:Accelerometer":18,"ShirouKen":14,"ScarletDevilRocket":18,"Gensokyo:UndefinedDarkness":17,"Ginger":0,"Whetstone":18,"Bottled Tornado":14,"MagicDraw4":18,"MagicDraw3":2,"Boot":14,"Sling":25,"MagicDraw2":14,"MagicDraw1":18,"Replay:Ringing Soul":17,"MealTicket":6,"Kunai":14,"Replay:Wax Seal":18,"Pear":18,"Blue Candle":18,"Counterbalance":18,"HoshigumaDish":14,"BreadOfAWashokuLover":18,"Eternal Feather":18,"Pen Nib":18,"Replay:Ancient Bell":12,"Akabeko":18,"SlaversCollar":0,"Bird Faced Urn":18,"MiniHakkero":0,"Unceasing Top":0,"AmplifyWand":18,"Regal Pillow":6,"Lantern":18,"Torii":18,"Singing Bowl":18,"Blue Doll":12,"Replay:Multitool":1,"Bag of Preparation":18,"Ancient Tea Set":1,"Pet Ghost":4,"Replay:Rubber Ducky":14,"Matryoshka":12,"Toolbox":28,"AntiCross":1,"WingedGreaves":1,"HandmadeGrimoire":18,"Replay:Bottled Eggs":18,"InkBottle":18,"ZombieArmy":14,"MagicBroom":18,"Circlet":22,"Thread and Needle":18,"The Courier":0,"PreservedInsect":18,"Omamori":0,"LastBattle":18,"Frozen Egg 2":18,"KyoryuNoHagoromo":18,"ChaoDraw":18,"ExperimentalFamiliar":20,"Ornamental Fan":18,"Orrery":25,"Turnip":0,"Art of War":14,"Garlic":18,"Durian":18,"ReplayTheSpireMod:Lightbulb":1,"Ice Cream":0,"Divine Protection":18,"Gremlin Horn":6,"CeramicFish":1,"SSSystem":2,"Vajra":6,"Centennial Puzzle":18,"Lizard Tail":18,"HornCleat":18,"Ccalipers":14,"DollysMirror":25,"Strawberry":1,"Prayer Wheel":1,"Iron Hammer":18,"Toxic Egg 2":17,"MoreBug":1,"Girya":1,"Happy Flower":1,"ReplayTheSpireMod:CursedCoin":1,"Oddly Smooth Stone":18,"Replay:Kaleidoscope":18,"Letter Opener":18,"War Paint":16,"Du-Vu Doll":18,"NitorisBag":18,"OrangePellets":18,"Bottled Flame":18,"Replay:Baseball":18,"ReplayTheSpireMod:Shallot":18,"Shuriken":14,"PlanX":1,"Bronze Scales":18,"Simple Rune":1,"Molten Egg 2":18,"GodSword7":1,"GodSword6":18,"GodSword5":14,"Grinning Jar":14,"GodSword4":18,"GodSword3":18,"Mirror":18,"Meat on the Bone":18,"GodSword1":18,"SecretRecord":18,"Juzu Bracelet":18,"Incense Burner":18,"Replay:Mystery Machine":14,"PrismaticShard":14,"ClockworkSouvenir":25,"Frozen Eye":6,"Nunchaku":1,"Replay:Bandana":17,"Dream Catcher":18,"Mummified Hand":18,"Pantograph":18,"Tiny Chest":1,"Replay:Bottled Snecko":18,"SumBook":18,"Gremlin Food":1,"BargainBundle":22,"ReplayTheSpireMod:Ninjato":14,"Replay:Towering Pillar of Hats":12,"Guide Book":2,"Replay:WaspNest":1,"Gensokyo:ConquerorOfFear":18,"Orichalcum":1,"Medical Kit":25,"White Beast Statue":18,"Mercury Hourglass":18,"Peace Pipe":0,"ShroomBag":16,"Cauldron":23,"Gensokyo:EmptyGrave":24,"Bag of Marbles":2,"Snack Pack":14,"TungstenRod":18,"FossilizedHelix":18,"ReplayTheSpireMod:ShopPack":24}],"Unceasing Top":[0],"TungstenRod":0,"Meat on the Bone":0},"card_choices":[{"not_picked":["GasGiant","Occultation"],"picked":"WitchOfGreed","floor":1},{"not_picked":["GrandCross","PowerUp"],"picked":"TreasureHunter","floor":4},{"not_picked":["LuminesStrike","WitchOfGreed","DC"],"picked":"SKIP","floor":4},{"not_picked":["IllusionStar","GravityBeat"],"picked":"OrrerysSun","floor":7},{"not_picked":["AsteroidBelt","MeteoricShower","ChargingUp"],"picked":"SKIP","floor":7},{"not_picked":["WitchLeyline","6A"],"picked":"Acceleration","floor":10},{"not_picked":["PulseMagic","IllusionStar","ShootingEcho"],"picked":"SKIP","floor":12},{"not_picked":["DragonMeteor","BinaryStars","MysteriousBeam"],"picked":"SKIP","floor":12},{"not_picked":["PowerUp","GrandCross","MilkyWay"],"picked":"SKIP","floor":13},{"not_picked":["MeteoricShower","WitchOfGreed","GalacticHalo"],"picked":"SKIP","floor":13},{"not_picked":["IllusionStar","OneTimeOff"],"picked":"Robbery","floor":14},{"not_picked":["DC","GravityBeat","PowerUp"],"picked":"SKIP","floor":14},{"not_picked":["Greed_TH","Gensokyo:AllTheWorldsEvil"],"picked":"Shame","floor":17},{"not_picked":["Replay:Sluggish","Spreading Infection"],"picked":"Clumsy","floor":17},{"not_picked":["ReplayTheSpireMod:IOU","Hallucinations"],"picked":"Wraith","floor":17},{"not_picked":["AsteroidBelt","MachineGunSpark"],"picked":"OortCloud+1","floor":18},{"not_picked":["IllusionStar","LuminesStrike","DC"],"picked":"SKIP","floor":18},{"not_picked":["StarBarrage","GalacticHalo+1"],"picked":"FairyDestructionRay","floor":19},{"not_picked":["PropBag","Occultation","DoubleSpark"],"picked":"SKIP","floor":19},{"not_picked":["Dying Sakura","Gensokyo:SalamanderShield","ThirdEye"],"picked":"SKIP","floor":22},{"not_picked":["ScarletSymphony","Dying Dream","Halt"],"picked":"SKIP","floor":22},{"not_picked":["NingyouKisou+1","Heavy Blade","DemonLordCradle"],"picked":"SKIP","floor":23},{"not_picked":["JyouchiJin+1","BodyStrengthen+1"],"picked":"YoukiSo+1","floor":24},{"not_picked":["Thunderclap","SuitokuNoKyoryu","JustLucky"],"picked":"SKIP","floor":27},{"not_picked":["MusuNoYume+1","ClowCardTheSand+1","Unstable Ward+1"],"picked":"Singing Bowl","floor":31},{"not_picked":["Double Energy+1","CrushJoints+1","BloodyHallows+1"],"picked":"Singing Bowl","floor":31},{"not_picked":["Chen:PhoenixEgg+1","Coercion+1","TerribleSouvenir+1"],"picked":"Singing Bowl","floor":33},{"not_picked":["Chen:Tear+1","Unruled+1","DamonLordCradle_Remiria+1"],"picked":"Singing Bowl","floor":35},{"not_picked":["ClowCardTheShadow+1","HumanKnowledgeSword+1","Halt+1"],"picked":"Singing Bowl","floor":35},{"not_picked":["Chen:Shot+1","6A+1","SharpContractionReality_purple+1"],"picked":"Singing Bowl","floor":36},{"not_picked":["EnMu+1","Backflip+1","DemonLordCradle+1"],"picked":"Singing Bowl","floor":36},{"not_picked":["WitchOfGreed+1","ScarletImprint+1","Pommel Strike+1"],"picked":"Singing Bowl","floor":38},{"not_picked":["EscapeVelocity+1","ThreeKonsSevenHakus+1","UnstableBomb+1"],"picked":"Singing Bowl","floor":38},{"not_picked":["NingyouShinki+1","Revamp+1","ObsessionSword+1"],"picked":"Singing Bowl","floor":40},{"not_picked":["Purity","Replay:Sssssssssshield","Trip"],"picked":"Singing Bowl","floor":41},{"not_picked":["Magnetism","Metamorphosis","Secret Weapon"],"picked":"Singing Bowl","floor":41},{"not_picked":["Secret Technique","PanicButton","Replay:Sssssssssshield"],"picked":"Singing Bowl","floor":41},{"not_picked":["Offensive+1","Vault+1","ClowCardTheSand+1"],"picked":"Singing Bowl","floor":45},{"not_picked":["Snow+1","Turbo+1","EmptyFist+1"],"picked":"Singing Bowl","floor":46},{"not_picked":["FavorOfDestiny+1","Sucker Punch+1","Doom and Gloom+1"],"picked":"Singing Bowl","floor":46},{"not_picked":["Steam+1","DemonLordCradle+1","Headbutt+1"],"picked":"Singing Bowl","floor":46},{"not_picked":["RikonNoKama+1","ReplayTheSpireMod:LeadingStrike+1","All For One+1"],"picked":"Singing Bowl","floor":46},{"not_picked":["Chaos+1","Ricochet+1","ServantFlier+1"],"picked":"Singing Bowl","floor":46},{"not_picked":["NonDirectionalLaser+1","RedRainbow+1","Final of Final+1"],"picked":"Singing Bowl","floor":47},{"not_picked":["Havoc+1","Line_surface_state_purple+1","Suicide+1"],"picked":"Singing Bowl","floor":47},{"not_picked":["Entrench+1","Chen:SelfConfidence+1","PreThought+1"],"picked":"Singing Bowl","floor":48},{"not_picked":["Gensokyo:UnhurriedMind+1","LotusPostureSlash+1","CrescentMoonSlash+1"],"picked":"Singing Bowl","floor":52},{"not_picked":["The Nether+1","Chen:Sweep+1","MetroBOOM_purple+1"],"picked":"Singing Bowl","floor":54}],"player_experience":82758,"relics_obtained":[{"floor":1,"key":"WingedGreaves"},{"floor":1,"key":"WingedGreaves"},{"floor":9,"key":"Pet Ghost"},{"floor":10,"key":"Gremlin Horn"},{"floor":23,"key":"War Paint"},{"floor":23,"key":"ShroomBag"},{"floor":24,"key":"Toxic Egg 2"},{"floor":24,"key":"Replay:Bandana"},{"floor":26,"key":"Replay:Ringing Soul"},{"floor":27,"key":"Gensokyo:ConquerorOfFear"},{"floor":27,"key":"Akabeko"},{"floor":40,"key":"Circlet"},{"floor":43,"key":"Circlet"},{"floor":43,"key":"Circlet"},{"floor":45,"key":"Circlet"},{"floor":48,"key":"Circlet"},{"floor":49,"key":"Circlet"},{"floor":54,"key":"Circlet"},{"floor":54,"key":"Circlet"}],"event_choices":[],"is_beta":false,"boss_relics":[{"not_picked":["Replay:Grab Bag","Fusion Hammer"],"picked":"Replay:Ancient Bell"},{"not_picked":["ReplayTheSpireMod:TigerMarble","ReplayFunnel"],"picked":"Blue Doll"},{"not_picked":["Quantum Egg","Chameleon Ring"],"picked":"Matryoshka"},{"not_picked":["WingedGreaves","Gambling Chip"],"picked":"Replay:Towering Pillar of Hats"},{"not_picked":["Philosopher\u0027s Stone","Snecko Eye"],"picked":"ExperimentalFamiliar"}],"items_purged_floors":[],"is_endless":false,"potions_floor_spawned":[1,7,7,10,10,13,13,14,16,19,22,23,23,24,27,31,31,31,33,35,35,35,36,36,38,38,38,40,40,40,40,45,45,45,45,47,48,48,48,48,54,54,54,54],"ascension_level":0}}