{"host":"4c7m9tuvqombcnjj","time":1612083267,"event":{"mods":["Act Like it!","Aspiration","Astrologer","BaseMod","Conspire","Dota2Spire","Gensokyo","GungeonMod","Hallownest","HololiveMod","Jedi Mod","Jorbs\u0027s Wanderer Trilogy","Koishi","KomeijiMod","Lobotomy","LobotomyExtend","Minty Spire (QoL Compilation)","MostiFishMod","Prisma Mod","Reimu（博丽灵梦）","Reliquary","Remilia（蕾米莉亚）","Replay The Spire","RumiaBox-露米娅的神秘盒子","Smile Girya","StSLib","TestMod","The Alterego","The Animator","The Bug Knight","The Construct","The Cursed","The Hierophant","The Jungle","The Runesmith","WarShipGirlsR/战舰少女R mod","Yuyuko","[IsaacMod]以撒尖塔","【功能Mod】混沌之环修复补丁","【遗物卡牌】REMEMod"],"gold_per_floor":[119,129,142,152,31,60,60,94,164,178,178,178,206,206,206,236,236],"floor_reached":16,"language":"ZHS","playtime":893,"items_purged":[],"score":152,"play_id":"5d20ffa4-e766-41ff-94b5-ee8325f6298e","local_time":"20210131165427","is_ascension_mode":true,"campfire_choices":[{"floor":11,"key":"RECALL"}],"circlet_count":0,"master_deck":["Strike_G","Strike_G","Strike_G","Strike_G","Strike_G","Defend_G","Defend_G","Defend_G","Defend_G","Defend_G","Survivor","Neutralize","Flying Knee","Blade Dance+1","Backflip","Hidden Blade","ReplayTheSpireMod:Shiv Toss","MostiFishMod:VineMother","Blade Dance","MostiFishMod:VineMother","Dagger Throw+1"],"relics":["Ring of the Snake","HushsDoor","REME_ComplimentaryCards","DaveBox","testmod-TestBox","testmod-CardMagician","The Courier","GuppysTail","SynthV:TestCard","LetterFromLob","ChiLing","Chi","Ling","GuppysPaw","KyoryuNoHagoromo","Replay:Bandana","DemoMod:GlassGuonStoneRelic"],"acts_visited":["Exordium"],"potions_floor_usage":[10,13],"damage_taken":[{"damage":0,"enemies":"2 Louse","floor":1,"turns":2},{"damage":0,"enemies":"Small Slimes","floor":2,"turns":4},{"damage":0,"enemies":"Jaw Worm","floor":3,"turns":3},{"damage":5,"enemies":"3 Louse","floor":4,"turns":3},{"damage":4,"enemies":"HollowMod:MossKnight","floor":6,"turns":3},{"damage":2,"enemies":"Replay:BlueRogue","floor":8,"turns":5},{"damage":2,"enemies":"Exordium Thugs","floor":10,"turns":2},{"damage":4,"enemies":"3 Sentries","floor":13,"turns":2},{"damage":2,"enemies":"Fading Forest","floor":16,"turns":3}],"seed_played":"7302764671037491961","potions_obtained":[{"floor":4,"key":"ZuzhouPotion:ReiMu"},{"floor":6,"key":"Adrenaline Potion"},{"floor":10,"key":"REME_GoldPotion"},{"floor":13,"key":"Elixir"}],"is_trial":false,"path_per_floor":["M","M","M","M","$","E","?","E","T","M","R","M","E","?","R","B"],"character_chosen":"THE_SILENT","items_purchased":["ChiLing"],"campfire_rested":0,"item_purchase_floors":[5],"current_hp_per_floor":[70,70,70,65,65,61,61,59,59,57,57,57,53,53,70,68,68],"gold":236,"neow_bonus":"TRANSFORM_CARD","is_daily":false,"chose_seed":false,"campfire_upgraded":0,"win_rate":0.0,"timestamp":1612083267,"path_taken":["M","M","M","M","$","E","?","E","T","M","R","M","E","?","R","BOSS"],"items_purchased_type":["Relic"],"build_version":"2020-12-22","purchased_purges":0,"victory":false,"max_hp_per_floor":[70,70,70,70,70,70,70,70,70,70,70,70,70,70,70,70,70],"card_choices":[{"not_picked":[],"picked":"Bomb","floor":0},{"not_picked":["Escape Plan","Backflip"],"picked":"Blade Dance","floor":1},{"not_picked":["MostiFishMod:HiddenBlade","Underhanded Strike","Crippling Poison","Dodge and Roll"],"picked":"Backflip","floor":2},{"not_picked":["Quick Slash","jedi:pocketpoison","MostiFishMod:FrostNova","Slice"],"picked":"Hidden Blade","floor":3},{"not_picked":["Leg Sweep","MostiFishMod:InvigoratingSolution","Flying Knee","Blade Dance"],"picked":"ReplayTheSpireMod:Shiv Toss","floor":4},{"not_picked":["Fluid Movement","Dagger Spray","MostiFishMod:ThornCasing","Flying Knee"],"picked":"MostiFishMod:VineMother","floor":6},{"not_picked":["Masterful Stab","Flying Knee","Acrobatics","MostiFishMod:ThornCasing"],"picked":"Blade Dance","floor":8},{"not_picked":["Blade Dance","Underhanded Strike","Noxious Fumes","Endless Agony"],"picked":"MostiFishMod:VineMother","floor":10},{"not_picked":["Dodge and Roll","Sucker Punch","Dagger Spray","ReplayTheSpireMod:Speed Training"],"picked":"Dagger Throw","floor":13}],"player_experience":69043,"relics_obtained":[{"floor":1,"key":"SynthV:TestCard"},{"floor":4,"key":"LetterFromLob"},{"floor":6,"key":"GuppysPaw"},{"floor":8,"key":"KyoryuNoHagoromo"},{"floor":13,"key":"Replay:Bandana"}],"event_choices":[{"damage_healed":0,"gold_gain":0,"player_choice":"Leave","damage_taken":0,"max_hp_gain":0,"max_hp_loss":0,"event_name":"conspire:Investor","floor":14,"gold_loss":0}],"is_beta":false,"boss_relics":[],"items_purged_floors":[],"is_endless":false,"potions_floor_spawned":[4,6,10,13],"killed_by":"Fading Forest","ascension_level":1}}