{"host":"kh6fvhxn285ncg0o","time":1612133800,"event":{"mods":["Act Like it!","BaseMod","Colored Map","Friendly Minions","Keyboard Shortcuts","Minty Spire (QoL Compilation)","Quick Restart","Relic Stats","StSLib","SuperFastMode","UnlockEverythingMod"],"gold_per_floor":[13,28,47,65,65,65,65],"floor_reached":6,"language":"KOR","playtime":183,"items_purged":[],"score":76,"play_id":"d1ff388e-7323-4e60-9b47-0e7acd5b5866","local_time":"20210201075640","is_ascension_mode":true,"campfire_choices":[],"circlet_count":0,"master_deck":["AscendersBane","Strike_R","Strike_R","Strike_R","Strike_R","Strike_R","Defend_R","Defend_R","Defend_R","Defend_R","Bash","Juggernaut","Armaments+1","Uppercut","Rage"],"relics":["Burning Blood"],"acts_visited":["Exordium"],"potions_floor_usage":[6],"damage_taken":[{"damage":2.0,"enemies":"Cultist","floor":1.0,"turns":4.0},{"damage":18.0,"enemies":"Small Slimes","floor":2.0,"turns":4.0},{"damage":8,"enemies":"Jaw Worm","floor":3,"turns":5},{"damage":4,"enemies":"Blue Slaver","floor":4,"turns":4},{"damage":60,"enemies":"3 Sentries","floor":6,"turns":12}],"seed_played":"-7972594979951249526","potions_obtained":[{"floor":4,"key":"SpeedPotion"}],"is_trial":false,"path_per_floor":["M","M","M","M","?","E"],"character_chosen":"IRONCLAD","items_purchased":[],"campfire_rested":0,"item_purchase_floors":[],"current_hp_per_floor":[72,60,58,60,60,0,0],"gold":65,"neow_bonus":"THREE_RARE_CARDS","is_daily":false,"chose_seed":false,"campfire_upgraded":0,"win_rate":0.0,"timestamp":1612133800,"path_taken":["M","?","M","M","?","E"],"items_purchased_type":[],"build_version":"2020-12-22","purchased_purges":0,"victory":false,"max_hp_per_floor":[75,75,75,75,75,75,75],"relic_stats":{"counters":[5,29],"obtain_stats":[{"Burning Blood":0},{"Burning Blood":0},{"Burning Blood":0}],"Burning Blood":24},"card_choices":[{"not_picked":["Berserk","Impervious"],"picked":"Juggernaut","floor":0.0},{"not_picked":["Twin Strike","Disarm"],"picked":"Armaments","floor":1.0},{"not_picked":["Infernal Blade","Headbutt"],"picked":"Uppercut","floor":2.0},{"not_picked":["Pommel Strike","Shrug It Off"],"picked":"Rage","floor":3},{"not_picked":["Reaper","Flex","Sentinel"],"picked":"SKIP","floor":4}],"player_experience":1311963,"relics_obtained":[],"event_choices":[{"damage_healed":0,"gold_gain":0,"player_choice":"Grow","damage_taken":0,"max_hp_gain":0,"max_hp_loss":0,"event_name":"Living Wall","floor":5,"gold_loss":0,"cards_upgraded":["Armaments"]}],"is_beta":false,"boss_relics":[],"items_purged_floors":[],"is_endless":false,"potions_floor_spawned":[4],"killed_by":"3 Sentries","ascension_level":20}}