{"host":"ymw71f7rc9ndansy","time":1612093026,"event":{"mods":["ATMod(阿瑾Mod)","Act Like it!","Aspiration","BaseMod","DeckTracker","Hubris","Library of Ruina","Library of Ruina Extra","Minty Spire (QoL Compilation)","MostiFishMod","Remove Card Discount Mod","Replay The Spire","RumiaBox-露米娅的神秘盒子","StSLib","TestMod","[Fun]BeWhatYouAte","【功能Mod】精心准备","【遗物卡牌】REMEMod"],"gold_per_floor":[114,133,146,158,172,172,197,197,220,220,220],"floor_reached":10,"language":"ZHS","playtime":424,"items_purged":[],"score":140,"play_id":"132d40d3-5f83-455e-b523-539bd6dabb24","local_time":"20210131193706","is_ascension_mode":true,"campfire_choices":[{"floor":6,"key":"REST"},{"data":"FierceCharge","floor":8,"key":"SMITH"}],"circlet_count":0,"master_deck":["AscendersBane","Dodge","LightDefense","LightAttack","LightAttack","LightAttack","LightDefense","LightDefense","LightDefense","ChargeAndCover","FocusedStrikes","AT_FamilyPortrait","testmod-Arrangement","MindCrush","ViolentFlame","FieryDragonSlash","FeatherShield","FierceCharge+1"],"relics":["PageOfLibrarian","testmod-TestBox","DaveBox","REME_ComplimentaryCards","AT_ATBox","BionicSphere","testmod-LifeArmor","SynthV:TestCard","testmod-IndustrialRevolution"],"acts_visited":["Exordium"],"potions_floor_usage":[7,7],"damage_taken":[{"damage":2,"enemies":"Jaw Worm","floor":1,"turns":5},{"damage":0,"enemies":"2 Louse","floor":2,"turns":2},{"damage":1,"enemies":"Cultist","floor":3,"turns":3},{"damage":14,"enemies":"Large Slime","floor":4,"turns":6},{"damage":20,"enemies":"Exordium Wildlife","floor":5,"turns":5},{"damage":10,"enemies":"Gremlin Nob","floor":7,"turns":4},{"damage":31,"enemies":"Lagavulin","floor":10,"turns":5}],"seed_played":"768589862695808115","potions_obtained":[{"floor":2,"key":"Cursed Concoction"},{"floor":3,"key":"Fire Potion"},{"floor":5,"key":"Block Potion"}],"is_trial":false,"path_per_floor":["M","M","M","M","M","R","E","R","T","E"],"character_chosen":"Librarian","items_purchased":[],"campfire_rested":1,"item_purchase_floors":[],"current_hp_per_floor":[37,37,36,22,2,22,12,12,12,0,0],"gold":220,"neow_bonus":"THREE_RARE_CARDS","is_daily":false,"chose_seed":false,"campfire_upgraded":1,"win_rate":0.0,"timestamp":1612093026,"path_taken":["M","M","M","M","M","R","E","R","T","E"],"items_purchased_type":[],"build_version":"2020-12-22","purchased_purges":0,"victory":false,"max_hp_per_floor":[71,71,68,68,68,68,68,68,68,68,68],"card_choices":[{"not_picked":["BoundaryOfDeath","Castigation"],"picked":"MindCrush","floor":0.0},{"not_picked":["Zzzzzap","CookingPrep","CumulusWall","SparkingSpear","SuppressingShot","SweepTheBackstreets","LossOfSenses","ShrineToMusic"],"picked":"ViolentFlame","floor":1},{"not_picked":["SerpentSwordTechnique","SmokingPipe","EnergyStrike","RatsGuideToSurvival","StrongStrike","QuickAttack","FrontalAssault","ElectricShock","IllEndYou","EnergyBeam"],"picked":"FieryDragonSlash","floor":3},{"not_picked":["SmokingPipe","Rewind","Gigigig","GuidanceOfTheGears","FeelinGood","DimensionalRift","AsThePrescriptOrders","HandleRequest","NightInTheBackstreets","EnergyShield","ICanCookAnything"],"picked":"SKIP","floor":4},{"not_picked":["EnergyCycle","SharpenedBlade","UpbeatPerformance","StartinOutLightly","Bvapour","Parry","GuidanceOfTheGears","HiddenBlade","KeepItFresh","SmokingPipe"],"picked":"FeatherShield","floor":5},{"not_picked":["Duel_lor","Parry2","YoureTooSlow","Standoff","AbsorbImpact","ShrineToMusic","Diversion","Ripple","FleetEdge","Juggling"],"picked":"FierceCharge","floor":7}],"player_experience":1066696,"relics_obtained":[{"floor":1,"key":"SynthV:TestCard"},{"floor":9,"key":"testmod-IndustrialRevolution"}],"event_choices":[],"is_beta":false,"boss_relics":[],"items_purged_floors":[],"is_endless":false,"potions_floor_spawned":[2,3,5],"killed_by":"Lagavulin","ascension_level":20}}