{"host":"928gv66myv2vlnsd","time":1612136052,"event":{"mods":["BaseMod","Highlight Path","Minty Spire (QoL Compilation)","StSLib"],"gold_per_floor":[109,124,199,199,83,108,120,120,120,9,38,38,55,55,55],"floor_reached":14,"language":"ENG","playtime":1324,"items_purged":["Strike_G"],"score":244,"play_id":"9a8ba0b2-d213-482e-924f-31102d28c91a","local_time":"20210131183412","is_ascension_mode":true,"campfire_choices":[{"floor":12,"key":"REST"}],"circlet_count":0,"master_deck":["AscendersBane","Strike_G","Strike_G","Strike_G","Strike_G","Defend_G","Defend_G","Defend_G","Defend_G","Defend_G","Survivor","Neutralize","Leg Sweep","Dagger Throw","Footwork","Escape Plan","Reflex","Tools of the Trade","Cloak And Dagger"],"relics":["Ring of the Snake","Happy Flower","Letter Opener","TungstenRod","Gambling Chip"],"acts_visited":["Exordium"],"potions_floor_usage":[8,8,11,11],"damage_taken":[{"damage":0,"enemies":"Jaw Worm","floor":1,"turns":4},{"damage":1,"enemies":"Small Slimes","floor":2,"turns":3},{"damage":49,"enemies":"3 Sentries","floor":6,"turns":21},{"damage":0,"enemies":"Cultist","floor":7,"turns":5},{"damage":0,"enemies":"Lots of Slimes","floor":8,"turns":1},{"damage":0,"enemies":"Lagavulin","floor":11,"turns":9},{"damage":5,"enemies":"3 Louse","floor":13,"turns":6},{"damage":26,"enemies":"3 Sentries","floor":14,"turns":16}],"seed_played":"2841357626046624707","potions_obtained":[{"floor":2,"key":"SkillPotion"},{"floor":7,"key":"SmokeBomb"},{"floor":11,"key":"Regen Potion"},{"floor":13,"key":"SkillPotion"}],"is_trial":false,"path_per_floor":["M","M","?","?","$","E","M","M","T","$","E","R","M","E"],"character_chosen":"THE_SILENT","items_purchased":["Footwork","BlessingOfTheForge","Poison Potion"],"campfire_rested":1,"item_purchase_floors":[5,10,10],"current_hp_per_floor":[59,58,47,52,52,3,3,3,3,3,3,24,19,0,0],"gold":55,"neow_bonus":"RANDOM_COMMON_RELIC","is_daily":false,"chose_seed":false,"campfire_upgraded":0,"win_rate":0.0,"timestamp":1612136052,"path_taken":["M","M","?","?","?","E","M","M","T","?","E","R","?","E"],"items_purchased_type":["Card","Potion","Potion"],"build_version":"2020-12-22","purchased_purges":1,"victory":false,"max_hp_per_floor":[66,66,66,71,71,71,71,71,71,71,71,71,71,71,71],"card_choices":[{"not_picked":["Cloak And Dagger","Escape Plan"],"picked":"Leg Sweep","floor":1},{"not_picked":["Bane","Acrobatics"],"picked":"Dagger Throw","floor":2},{"not_picked":["Masterful Stab","Reflex"],"picked":"Escape Plan","floor":6},{"not_picked":["Sucker Punch","Dodge and Roll"],"picked":"Reflex","floor":7},{"not_picked":["Slice","Backflip"],"picked":"Tools of the Trade","floor":11},{"not_picked":["Slice","Blade Dance"],"picked":"Cloak And Dagger","floor":13}],"player_experience":1417406,"relics_obtained":[{"floor":6,"key":"Letter Opener"},{"floor":9,"key":"TungstenRod"},{"floor":11,"key":"Gambling Chip"}],"event_choices":[{"damage_healed":0,"gold_gain":75,"player_choice":"Gather Gold","damage_taken":11,"max_hp_gain":0,"max_hp_loss":0,"event_name":"World of Goop","floor":3,"gold_loss":0},{"damage_healed":0,"gold_gain":0,"player_choice":"Donut","damage_taken":0,"max_hp_gain":5,"max_hp_loss":0,"event_name":"Big Fish","floor":4,"gold_loss":0}],"is_beta":false,"boss_relics":[],"items_purged_floors":[5],"is_endless":false,"potions_floor_spawned":[2,7,11,13],"killed_by":"3 Sentries","ascension_level":19}}