{"host":"vlqejv0notyktumz","time":1612136912,"event":{"mods":["AchievementEnabler","BaseMod","Colored Map","Colored Powertips","Downfall","Googly Eyes","Minty Spire (QoL Compilation)","StSLib"],"gold_per_floor":[119,119,66,85,85,85,110,110,110,123,136,136,66,77,77,178,178,178,178,77,77,77,77,77,77,77,77,77,77,77,77,77,77,77,77,77,38,38,38,38,38],"floor_reached":40,"language":"ENG","playtime":1419,"items_purged":["Strike_G"],"score":582,"play_id":"9139b6b8-0c5b-458b-b151-89af8fbbf2dc","local_time":"20210131174832","is_ascension_mode":true,"campfire_choices":[{"data":"Skewer","floor":6,"key":"SMITH"},{"data":"Footwork","floor":8,"key":"SMITH"},{"data":"Terror","floor":12,"key":"SMITH"},{"data":"Blur","floor":15,"key":"SMITH"},{"data":"Doppelganger","floor":23,"key":"SMITH"},{"floor":27,"key":"REST"},{"data":"Backflip","floor":29,"key":"SMITH"},{"floor":32,"key":"REST"}],"circlet_count":0,"master_deck":["AscendersBane","Strike_G","Strike_G","Strike_G","Defend_G","Defend_G","Defend_G","Defend_G","Survivor","Neutralize","Outmaneuver","Sucker Punch","Skewer+1","Footwork+1","Backflip+1","Terror+1","Blur+1","Quick Slash","Doppelganger+1","PiercingWail","Dash+1","Flying Knee","Noxious Fumes","Acrobatics","Phantasmal Killer","Dodge and Roll","Backflip+1","Tools of the Trade","Deflect+1","Footwork","Riddle With Holes+1"],"relics":["Ring of the Snake","Anchor","Letter Opener","Ectoplasm","Ornamental Fan","Runic Pyramid","Du-Vu Doll"],"acts_visited":["Exordium","TheCity","TheBeyond"],"potions_floor_usage":[7,16,24],"damage_taken":[{"damage":4,"enemies":"Small Slimes","floor":1,"turns":3},{"damage":3,"enemies":"Jaw Worm","floor":4,"turns":6},{"damage":19,"enemies":"Lagavulin","floor":7,"turns":8},{"damage":0,"enemies":"2 Louse","floor":10,"turns":4},{"damage":0,"enemies":"2 Fungi Beasts","floor":11,"turns":4},{"damage":1,"enemies":"Blue Slaver","floor":14,"turns":3},{"damage":10,"enemies":"Hexaghost","floor":16,"turns":13},{"damage":0,"enemies":"Chosen","floor":18,"turns":3},{"damage":11,"enemies":"3 Byrds","floor":19,"turns":9},{"damage":3,"enemies":"Snake Plant","floor":21,"turns":5},{"damage":11,"enemies":"Snecko","floor":22,"turns":5},{"damage":13,"enemies":"Sentry and Sphere","floor":24,"turns":7},{"damage":12,"enemies":"Centurion and Healer","floor":25,"turns":5},{"damage":0,"enemies":"Cultist and Chosen","floor":28,"turns":6},{"damage":6,"enemies":"Snake Plant","floor":31,"turns":4},{"damage":29,"enemies":"Automaton","floor":33,"turns":16},{"damage":0,"enemies":"3 Shapes","floor":35,"turns":6},{"damage":0,"enemies":"Mind Bloom Boss Battle","floor":39,"turns":8},{"damage":65,"enemies":"Giant Head","floor":40,"turns":9}],"seed_played":"8539643983080145118","potions_obtained":[{"floor":4,"key":"Explosive Potion"},{"floor":10,"key":"SteroidPotion"},{"floor":11,"key":"GamblersBrew"},{"floor":14,"key":"DuplicationPotion"},{"floor":16,"key":"SpeedPotion"},{"floor":25,"key":"Guardian:BlockOnCardUsePotion"}],"is_trial":false,"path_per_floor":["M","?","$","M","?","R","E","R","T","M","M","R","$","M","R","B",null,"M","M","$","M","M","R","M","M","T","R","M","R","?","M","R","B",null,"M","?","$","?","?","E"],"character_chosen":"THE_SILENT","items_purchased":["Sucker Punch","Blur","Flying Knee","Footwork"],"campfire_rested":2,"item_purchase_floors":[3,13,20,37],"current_hp_per_floor":[59,64,64,61,61,61,42,42,42,42,42,42,42,41,41,31,64,64,53,53,50,39,39,26,14,14,36,36,36,36,30,52,23,62,62,62,62,62,62,0,0],"gold":38,"neow_bonus":"REMOVE_CARD","is_daily":false,"chose_seed":false,"campfire_upgraded":6,"win_rate":0.0,"timestamp":1612136912,"path_taken":["M","?","$","M","?","R","E","R","T","M","M","R","$","M","R","BOSS","M","M","$","M","M","R","M","M","T","R","M","R","?","M","R","BOSS","M","?","$","?","?","E"],"items_purchased_type":["Card","Card","Card","Card"],"build_version":"2020-12-22","purchased_purges":1,"victory":false,"max_hp_per_floor":[70,75,75,75,75,75,75,75,75,75,75,75,75,75,75,75,75,75,75,75,75,75,75,75,75,75,75,75,75,75,75,75,75,75,75,75,75,71,71,71,71],"card_choices":[{"not_picked":["Quick Slash","Cloak And Dagger"],"picked":"Outmaneuver","floor":1},{"not_picked":["Masterful Stab","Finisher"],"picked":"Skewer","floor":4},{"not_picked":["Bane","Acrobatics"],"picked":"Footwork","floor":7},{"not_picked":["Envenom","Escape Plan"],"picked":"Backflip","floor":10},{"not_picked":["Noxious Fumes","Flechettes"],"picked":"Terror","floor":11},{"not_picked":["Bane","Cloak And Dagger"],"picked":"Quick Slash","floor":14},{"not_picked":["Burst","Glass Knife"],"picked":"Doppelganger","floor":16},{"not_picked":["Poisoned Stab","Deadly Poison"],"picked":"PiercingWail","floor":18},{"not_picked":["Backflip","Prepared"],"picked":"Dash+1","floor":19},{"not_picked":["Sucker Punch+1","Eviscerate"],"picked":"Noxious Fumes","floor":21},{"not_picked":["Eviscerate","Poisoned Stab"],"picked":"Acrobatics","floor":22},{"not_picked":["Expertise","Skewer"],"picked":"Phantasmal Killer","floor":24},{"not_picked":["Bane","Flying Knee+1"],"picked":"Dodge and Roll","floor":25},{"not_picked":["Slice","PiercingWail"],"picked":"Backflip+1","floor":28},{"not_picked":["Slice","All Out Attack","Blade Dance"],"picked":"SKIP","floor":31},{"not_picked":["Grand Finale","Storm of Steel"],"picked":"Tools of the Trade","floor":33},{"not_picked":["Backflip","Bane"],"picked":"Deflect+1","floor":35},{"not_picked":["Choke+1","Backstab"],"picked":"Riddle With Holes+1","floor":39}],"player_experience":384357,"relics_obtained":[{"floor":7,"key":"Anchor"},{"floor":9,"key":"Letter Opener"},{"floor":26,"key":"Ornamental Fan"},{"floor":39,"key":"Du-Vu Doll"}],"event_choices":[{"damage_healed":0,"gold_gain":0,"player_choice":"Donut","damage_taken":0,"max_hp_gain":5,"max_hp_loss":0,"event_name":"Big Fish","floor":2,"gold_loss":0},{"damage_healed":0,"gold_gain":0,"player_choice":"Ignored","damage_taken":0,"max_hp_gain":0,"max_hp_loss":0,"event_name":"Liars Game","floor":5,"gold_loss":0},{"cards_removed":["Strike_G"],"damage_healed":0,"gold_gain":0,"player_choice":"Removed Attack","damage_taken":0,"max_hp_gain":0,"max_hp_loss":0,"event_name":"Falling","floor":36,"gold_loss":0},{"damage_healed":0,"gold_gain":0,"player_choice":"Max HP","damage_taken":0,"max_hp_gain":0,"max_hp_loss":4,"event_name":"Winding Halls","floor":38,"gold_loss":0},{"damage_healed":0,"gold_gain":0,"player_choice":"Fight","damage_taken":0,"max_hp_gain":0,"max_hp_loss":0,"event_name":"MindBloom","floor":39,"gold_loss":0}],"is_beta":false,"boss_relics":[{"not_picked":["Fusion Hammer","Tiny House"],"picked":"Ectoplasm"},{"not_picked":["Philosopher\u0027s Stone","bronze:MakeshiftBattery"],"picked":"Runic Pyramid"}],"items_purged_floors":[20],"is_endless":false,"potions_floor_spawned":[4,10,11,14,16,19,22,25,33,35],"killed_by":"Giant Head","ascension_level":10}}