{"host":"0ueeacaatm8t6jyh","time":1612072922,"event":{"mods":["AchievementEnabler","BaseMod","Colored Powertips","Minty Spire (QoL Compilation)","Quick Restart","Rare Cards Sparkle","Shop Mod","StSLib"],"gold_per_floor":[16,31,31,31,181,181,65,95,95,95,167,167,182,182,214,41,41,41,41,41],"floor_reached":19,"language":"ZHS","playtime":508,"items_purged":["Doubt"],"score":218,"play_id":"fb8bfbbc-f51c-40c7-bd2f-91e5d667b229","local_time":"20210131140202","is_ascension_mode":true,"campfire_choices":[{"data":"Eruption","floor":6.0,"key":"SMITH"},{"data":"Scrawl","floor":9.0,"key":"SMITH"},{"data":"MentalFortress","floor":14.0,"key":"SMITH"},{"floor":18,"key":"REST"}],"circlet_count":0,"master_deck":["AscendersBane","Strike_P","Strike_P","Strike_P","Defend_P","Defend_P","Eruption+1","Vigilance","Prostrate","Scrawl+1","MentalFortress+1","Crescendo","Prostrate","Omniscience"],"relics":["PureWater","Calipers","Yang","Blood Vial","Centennial Puzzle"],"acts_visited":["Exordium"],"potions_floor_usage":[],"damage_taken":[{"damage":6.0,"enemies":"2 Louse","floor":1.0,"turns":3.0},{"damage":0.0,"enemies":"Small Slimes","floor":2.0,"turns":3.0},{"damage":2.0,"enemies":"Lagavulin","floor":8.0,"turns":7.0},{"damage":2.0,"enemies":"Jaw Worm","floor":13.0,"turns":3.0},{"damage":40.0,"enemies":"Gremlin Nob","floor":15.0,"turns":4.0},{"damage":62,"enemies":"The Guardian","floor":19,"turns":11}],"seed_played":"-4953163240538158168","potions_obtained":[{"floor":2.0,"key":"SkillPotion"},{"floor":15.0,"key":"Strength Potion"}],"is_trial":false,"path_per_floor":["M","M","?","?","?","R","$","E","R","T","T","$","M","R","E","$","?","R","B"],"character_chosen":"WATCHER","items_purchased":["MentalFortress","Centennial Puzzle"],"campfire_rested":1,"item_purchase_floors":[7,16],"current_hp_per_floor":[55,55,55,55,55,55,55,53,53,53,53,53,51,51,11,11,11,31,0,0],"gold":41,"neow_bonus":"REMOVE_TWO","is_daily":false,"chose_seed":false,"campfire_upgraded":3,"win_rate":0.0,"timestamp":1612072922,"path_taken":["M","M","?","?","?","R","$","E","R","T","T","?","?","R","E","$","?","R","BOSS"],"items_purchased_type":["Card","Relic"],"build_version":"2020-12-22","purchased_purges":1,"victory":false,"max_hp_per_floor":[68,68,68,68,68,68,68,68,68,68,68,68,68,68,68,68,68,68,68,68],"card_choices":[{"not_picked":["SashWhip","EmptyFist","Evaluate"],"picked":"SKIP","floor":1.0},{"not_picked":["SashWhip","EmptyFist"],"picked":"Prostrate","floor":2.0},{"not_picked":["CutThroughFate","Perseverance"],"picked":"Crescendo","floor":8.0},{"not_picked":["Halt","PathToVictory"],"picked":"Prostrate","floor":13.0},{"not_picked":["FollowUp","Halt"],"picked":"Omniscience","floor":15.0}],"player_experience":486775,"relics_obtained":[{"floor":8.0,"key":"Calipers"},{"floor":11.0,"key":"Yang"},{"floor":15.0,"key":"Blood Vial"}],"event_choices":[{"damage_healed":0.0,"max_hp_gain":0.0,"max_hp_loss":0.0,"gold_gain":0.0,"cards_transformed":["Strike_P"],"event_name":"Living Wall","player_choice":"Change","floor":3.0,"gold_loss":0.0,"damage_taken":0.0,"cards_obtained":["Scrawl"]},{"damage_healed":0.0,"max_hp_gain":0.0,"max_hp_loss":0.0,"gold_gain":0.0,"event_name":"Scrap Ooze","player_choice":"Fled","floor":4.0,"gold_loss":0.0,"damage_taken":0.0},{"damage_healed":0.0,"max_hp_gain":0.0,"max_hp_loss":0.0,"gold_gain":150.0,"event_name":"Liars Game","player_choice":"AGREE","floor":5.0,"gold_loss":0.0,"damage_taken":0.0,"cards_obtained":["Doubt"]},{"damage_healed":0,"gold_gain":0,"player_choice":"Searched \u00270\u0027 times","damage_taken":0,"max_hp_gain":0,"max_hp_loss":0,"event_name":"Dead Adventurer","floor":17,"gold_loss":0}],"is_beta":false,"boss_relics":[],"items_purged_floors":[7],"is_endless":false,"potions_floor_spawned":[2,15],"killed_by":"The Guardian","ascension_level":16}}