{"host":"oigynbtg272c19pw","time":1612114394,"event":{"mods":["BaseMod","Colored Map","Minty Spire (QoL Compilation)","Relic Stats","Slay the Relics Exporter","StSLib"],"gold_per_floor":[112,112,112,130,130,159,55,55,55,55,75,100,72,72,72,72,72],"floor_reached":16,"playtime":415,"items_purged":["Strike_R"],"score":266,"play_id":"d5bebc3f-92ae-47e9-9f12-925079b3113b","local_time":"20210131183314","is_ascension_mode":true,"campfire_choices":[{"data":"Evolve","floor":10,"key":"SMITH"},{"data":"Flex","floor":15,"key":"SMITH"}],"circlet_count":0,"master_deck":["AscendersBane","Strike_R","Strike_R","Defend_R","Defend_R","Bash","Twin Strike","Offering","Flame Barrier","Evolve+1","Whirlwind","Flex+1","Shrug It Off","Battle Trance","Shrug It Off"],"relics":["Burning Blood","NeowsBlessing","Art of War","PreservedInsect","Bottled Tornado"],"acts_visited":["Exordium"],"potions_floor_usage":[12],"damage_taken":[{"damage":0,"enemies":"Jaw Worm","floor":1,"turns":1},{"damage":0,"enemies":"Cultist","floor":4,"turns":1},{"damage":0,"enemies":"Gremlin Nob","floor":6,"turns":1},{"damage":7,"enemies":"Small Slimes","floor":11,"turns":4},{"damage":8,"enemies":"3 Sentries","floor":12,"turns":3},{"damage":22,"enemies":"Exordium Thugs","floor":13,"turns":5},{"damage":40,"enemies":"Slime Boss","floor":16,"turns":6}],"seed_played":"7051617193837554324","potions_obtained":[{"floor":11,"key":"Explosive Potion"}],"is_trial":false,"path_per_floor":["M","?","?","M","?","E","$","$","T","R","M","E","M","?","R","B"],"character_chosen":"IRONCLAD","items_purchased":["Flex"],"campfire_rested":0,"item_purchase_floors":[7],"current_hp_per_floor":[74,67,67,73,73,75,75,75,75,75,74,72,56,56,56,16,16],"gold":72,"neow_bonus":"THREE_ENEMY_KILL","is_daily":false,"chose_seed":false,"campfire_upgraded":2,"win_rate":0.0,"timestamp":1612114394,"path_taken":["M","?","?","?","?","E","?","$","T","R","?","E","M","?","R","BOSS"],"items_purchased_type":["Card"],"build_version":"2020-12-13","purchased_purges":1,"victory":false,"max_hp_per_floor":[75,75,75,75,75,75,75,75,75,75,75,75,75,75,75,75,75],"relic_stats":{"counters":[7,21],"PreservedInsect":32,"Art of War":[1],"obtain_stats":[{"NeowsBlessing":0,"PreservedInsect":9,"Art of War":6,"Bottled Tornado":12,"Burning Blood":0},{"NeowsBlessing":0,"PreservedInsect":3,"Art of War":3,"Bottled Tornado":5,"Burning Blood":0},{"NeowsBlessing":0,"PreservedInsect":3,"Art of War":3,"Bottled Tornado":10,"Burning Blood":0}],"Burning Blood":32},"card_choices":[{"not_picked":["True Grit","Thunderclap"],"picked":"Twin Strike","floor":1},{"not_picked":["Reckless Charge","Armaments"],"picked":"Flame Barrier","floor":4},{"not_picked":["Ghostly Armor","Twin Strike"],"picked":"Whirlwind","floor":6},{"not_picked":["Flex","Limit Break"],"picked":"Shrug It Off","floor":11},{"not_picked":["Dropkick","Seeing Red"],"picked":"Battle Trance","floor":12},{"not_picked":["Cleave","Flex"],"picked":"Shrug It Off","floor":13}],"player_experience":1521805,"relics_obtained":[{"floor":6,"key":"Art of War"},{"floor":9,"key":"PreservedInsect"},{"floor":12,"key":"Bottled Tornado"}],"event_choices":[{"cards_removed":["Defend_R"],"damage_healed":0,"gold_gain":0,"player_choice":"Card Removal","damage_taken":7,"max_hp_gain":0,"max_hp_loss":0,"event_name":"Golden Wing","floor":2,"gold_loss":0},{"damage_healed":0,"gold_gain":0,"cards_transformed":["Strike_R"],"player_choice":"Transformed","damage_taken":0,"max_hp_gain":0,"max_hp_loss":0,"event_name":"Transmorgrifier","floor":3,"gold_loss":0,"cards_obtained":["Offering"]},{"damage_healed":0,"gold_gain":0,"cards_transformed":["Strike_R"],"player_choice":"Change","damage_taken":0,"max_hp_gain":0,"max_hp_loss":0,"event_name":"Living Wall","floor":5,"gold_loss":0,"cards_obtained":["Evolve"]},{"cards_removed":["Defend_R"],"damage_healed":0,"gold_gain":0,"player_choice":"Purged","damage_taken":0,"max_hp_gain":0,"max_hp_loss":0,"event_name":"Purifier","floor":14,"gold_loss":0}],"is_beta":false,"boss_relics":[],"items_purged_floors":[7],"is_endless":false,"potions_floor_spawned":[11],"killed_by":"Slime Boss","ascension_level":20}}