{"host":"at5b10nm0iti0w4x","time":1612129558,"event":{"mods":["AchievementEnabler","BaseMod","Bestiary","Block Reminder","Colored Map","Colored Powertips","Highlight Path","Keyboard Shortcuts","Minty Spire (QoL Compilation)","Relic Stats","StSLib","SuperFastMode"],"gold_per_floor":[116,134,10,10,10,10,40,40,40,54,54,72,24,24,24,125,125,144,68,82,82,97,128,227,252,252,95,95,107,117,127,127,127,127],"floor_reached":33,"language":"ENG","playtime":1118,"items_purged":["Feel No Pain"],"score":290,"play_id":"9a1040eb-9933-4be3-b03b-3299f5e470e7","local_time":"20210131164558","is_ascension_mode":false,"campfire_choices":[{"data":"Bash","floor":6,"key":"SMITH"},{"data":"Intimidate","floor":8,"key":"SMITH"},{"data":"Flame Barrier","floor":11,"key":"SMITH"},{"data":"Perfected Strike","floor":15,"key":"SMITH"},{"floor":28,"key":"REST"},{"floor":32,"key":"REST"}],"circlet_count":0,"master_deck":["Strike_R","Strike_R","Strike_R","Strike_R","Defend_R","Defend_R","Defend_R","Defend_R+1","Bash+1","Armaments+1","Thunderclap","Flame Barrier+1","Intimidate+1","Headbutt","Perfected Strike+1","Juggernaut","Iron Wave","Uppercut","Clothesline","Writhe","Inflame","Shrug It Off+1","Inflame","Spot Weakness+1","Shrug It Off+1"],"relics":["Burning Blood","NeowsBlessing","Potion Belt","Kunai","Fusion Hammer","Eternal Feather","Matryoshka","Sundial","MealTicket","Omamori","War Paint"],"acts_visited":["Exordium","TheCity"],"potions_floor_usage":[22,33,33,33,33],"damage_taken":[{"damage":0,"enemies":"Cultist","floor":1,"turns":1},{"damage":0,"enemies":"2 Louse","floor":2,"turns":1},{"damage":0,"enemies":"Lagavulin","floor":7,"turns":1},{"damage":0,"enemies":"Jaw Worm","floor":10,"turns":3},{"damage":9,"enemies":"Exordium Wildlife","floor":12,"turns":6},{"damage":47,"enemies":"Slime Boss","floor":16,"turns":13},{"damage":5,"enemies":"3 Byrds","floor":18,"turns":4},{"damage":6,"enemies":"Chosen","floor":20,"turns":5},{"damage":17,"enemies":"Centurion and Healer","floor":22,"turns":9},{"damage":42,"enemies":"Gremlin Leader","floor":23,"turns":8},{"damage":1,"enemies":"Snecko","floor":29,"turns":6},{"damage":18,"enemies":"Shelled Parasite and Fungi","floor":30,"turns":6},{"damage":28,"enemies":"Cultist and Chosen","floor":31,"turns":7},{"damage":91,"enemies":"Automaton","floor":33,"turns":10}],"seed_played":"4750994682232775888","potions_obtained":[{"floor":10,"key":"BlessingOfTheForge"},{"floor":12,"key":"FearPotion"},{"floor":16,"key":"FearPotion"},{"floor":18,"key":"SkillPotion"},{"floor":30,"key":"Fire Potion"},{"floor":31,"key":"Energy Potion"}],"is_trial":false,"path_per_floor":["M","M","$","?","?","R","E","R","T","M","R","M","$","?","R","B",null,"M","$","M","?","M","E","?","T","T","$","R","M","M","M","R","B"],"character_chosen":"IRONCLAD","items_purchased":["Flame Barrier","Strength Potion","Perfected Strike","Uppercut","Inflame"],"campfire_rested":2,"item_purchase_floors":[3,3,13,19,27],"current_hp_per_floor":[80,80,80,85,85,85,85,85,85,85,85,82,82,75,75,34,85,85,85,85,85,74,38,38,38,38,53,85,85,73,51,85,0,0],"gold":127,"neow_bonus":"THREE_ENEMY_KILL","is_daily":false,"chose_seed":false,"campfire_upgraded":4,"win_rate":0.0,"timestamp":1612129558,"path_taken":["M","M","$","?","?","R","E","R","T","M","R","M","$","?","R","BOSS","M","$","M","?","M","E","?","?","T","$","R","M","M","M","R","BOSS"],"items_purchased_type":["Card","Potion","Card","Card","Card"],"build_version":"2020-12-22","purchased_purges":1,"victory":false,"max_hp_per_floor":[80,80,80,85,85,85,85,85,85,85,85,85,85,85,85,85,85,85,85,85,85,85,85,85,85,85,85,85,85,85,85,85,85,85],"relic_stats":{"counters":[14,80],"Sundial":[2],"Eternal Feather":27,"MealTicket":15,"Kunai":[10],"War Paint":["Shrug It Off","Defend_R"],"obtain_stats":[{"Potion Belt":7,"Matryoshka":23,"NeowsBlessing":0,"Sundial":25,"Eternal Feather":21,"MealTicket":25,"Fusion Hammer":17,"Omamori":26,"Kunai":9,"War Paint":26,"Burning Blood":0},{"Potion Belt":3,"Matryoshka":10,"NeowsBlessing":0,"Sundial":10,"Eternal Feather":8,"MealTicket":10,"Fusion Hammer":6,"Omamori":10,"Kunai":3,"War Paint":10,"Burning Blood":0},{"Potion Belt":3,"Matryoshka":51,"NeowsBlessing":0,"Sundial":51,"Eternal Feather":34,"MealTicket":51,"Fusion Hammer":25,"Omamori":51,"Kunai":3,"War Paint":51,"Burning Blood":0}],"Burning Blood":48},"card_choices":[{"not_picked":["Shrug It Off","Heavy Blade"],"picked":"Armaments","floor":1},{"not_picked":["Carnage","Wild Strike"],"picked":"Thunderclap","floor":2},{"not_picked":["Flex","Rage"],"picked":"Intimidate","floor":7},{"not_picked":["True Grit","Cleave"],"picked":"Headbutt","floor":10},{"not_picked":["Intimidate","Anger"],"picked":"Feel No Pain","floor":12},{"not_picked":["Brutality","Double Tap"],"picked":"Juggernaut","floor":16},{"not_picked":["Rupture","Metallicize"],"picked":"Iron Wave","floor":18},{"not_picked":["Cleave","Second Wind"],"picked":"Clothesline","floor":20},{"not_picked":["Cleave","Bloodletting"],"picked":"Inflame","floor":22},{"not_picked":["Shockwave","Wild Strike"],"picked":"Shrug It Off","floor":23},{"not_picked":["Thunderclap","Wild Strike"],"picked":"Spot Weakness+1","floor":29},{"not_picked":["Armaments","Whirlwind+1"],"picked":"Shrug It Off+1","floor":30},{"not_picked":["Rage","Infernal Blade+1","Entrench+1"],"picked":"SKIP","floor":31}],"player_experience":11562,"relics_obtained":[{"floor":7,"key":"Potion Belt"},{"floor":9,"key":"Kunai"},{"floor":23,"key":"Matryoshka"},{"floor":25,"key":"Sundial"},{"floor":25,"key":"MealTicket"},{"floor":26,"key":"Omamori"},{"floor":26,"key":"War Paint"}],"event_choices":[{"damage_healed":0,"gold_gain":0,"player_choice":"Donut","damage_taken":0,"max_hp_gain":5,"max_hp_loss":0,"event_name":"Big Fish","floor":4,"gold_loss":0},{"damage_healed":0,"gold_gain":0,"player_choice":"Grow","damage_taken":0,"max_hp_gain":0,"max_hp_loss":0,"event_name":"Living Wall","floor":5,"gold_loss":0,"cards_upgraded":["Armaments"]},{"cards_removed":["Strike_R"],"damage_healed":0,"gold_gain":0,"player_choice":"Card Removal","damage_taken":7,"max_hp_gain":0,"max_hp_loss":0,"event_name":"Golden Wing","floor":14,"gold_loss":0},{"damage_healed":0,"gold_gain":0,"player_choice":"Opened","damage_taken":0,"relics_obtained":["Eternal Feather"],"max_hp_gain":0,"max_hp_loss":0,"event_name":"The Mausoleum","floor":21,"gold_loss":0,"cards_obtained":["Writhe"]},{"damage_healed":0,"gold_gain":99,"player_choice":"Stole From Cult","damage_taken":0,"max_hp_gain":0,"max_hp_loss":0,"event_name":"Nest","floor":24,"gold_loss":0}],"is_beta":false,"boss_relics":[{"not_picked":["Black Blood","Empty Cage"],"picked":"Fusion Hammer"}],"items_purged_floors":[27],"is_endless":false,"potions_floor_spawned":[10,12,16,18,30,31],"killed_by":"Automaton","ascension_level":0}}