{"host":"0068lo8nqxkxlxxx","time":1612075584,"event":{"mods":["2.2 Compatiblity","AchievementEnabler","Act Like it!","Aspiration","BaseMod","Better Altar","Better Match","Better Note","Better Sensory Stone","Better Skull","Better Third Choice","BetterRewards","Colored Map","Elementarium","Energized Spire","Fox Events","Friendly Minions","GifTheSpireLib","Halation","Hubris","Infinite Spire","Jedi Mod","Minty Spire (QoL Compilation)","Pale of the Ancients","Potionbrewer","Replay The Spire","Shop Mod","Somnambulant","Spikes Relics","StSLib","Stuff the Spire","The Disciple","The Jungle","The Marked","The Sage","Trackpad"],"gold_per_floor":[114,114,132,150,166,182,37,50,99,113,113,125,25,37,37,37,37],"floor_reached":16,"language":"ENG","playtime":610,"items_purged":["Pain","theMarked:Strike"],"score":98,"play_id":"7debe298-b52d-4648-8b5a-720ead410ecd","local_time":"20210131014624","is_ascension_mode":false,"campfire_choices":[{"floor":11,"key":"REST"}],"circlet_count":0,"master_deck":["theMarked:Strike","theMarked:Strike","theMarked:Strike","theMarked:Strike","theMarked:Defend","theMarked:Defend","theMarked:Defend","theMarked:SoldierOfQuellstein","theMarked:TwofoldDefense","theMarked:Memento","theMarked:BanishingWave+1","theMarked:Frustration","theMarked:Heritage","theMarked:ResourceFulStrike","theMarked:ChannelForce","theMarked:Opportunist","theMarked:Aftermath","theMarked:Improvise","theMarked:Memento","theMarked:SuspiciousRaven"],"relics":["theMarked:ArtifactOfAir","hubris:FunFungus","MerchantsRug","ReplayFunnel"],"acts_visited":["Exordium"],"potions_floor_usage":[5,14,15],"damage_taken":[{"damage":3,"enemies":"Jaw Worm","floor":1,"turns":3},{"damage":8,"enemies":"infinitespire:Voidling","floor":3,"turns":4},{"damage":2,"enemies":"Cultist","floor":4,"turns":4},{"damage":17,"enemies":"Exordium Thugs","floor":5,"turns":6},{"damage":8,"enemies":"3 Louse","floor":6,"turns":3},{"damage":15,"enemies":"Looter","floor":8,"turns":3},{"damage":1,"enemies":"Exordium Wildlife","floor":10,"turns":2},{"damage":13,"enemies":"Large Slime","floor":12,"turns":4},{"damage":0,"enemies":"Blue Slaver","floor":14,"turns":3},{"damage":0,"enemies":"The Guardian","floor":16,"turns":2}],"seed_played":"-1855458942266698549","potions_obtained":[{"floor":1,"key":"jedi:wingpotion"},{"floor":4,"key":"SteroidPotion"},{"floor":8,"key":"LifebloodPotion"},{"floor":14,"key":"LifebloodPotion"},{"floor":15,"key":"Fruit Juice"},{"floor":15,"key":"jedi:StrikingPotion"}],"is_trial":false,"path_per_floor":["M","?","M","M","M","M","$","M","T","M","R","M","$","M","R_BF","B"],"character_chosen":"THE_DEFAULT","items_purchased":["theMarked:Memento","theMarked:BanishingWave+1","MerchantsRug"],"campfire_rested":1,"item_purchase_floors":[0,0,7],"current_hp_per_floor":[53,53,45,43,26,18,18,3,3,2,23,11,11,11,16,16,16],"gold":37,"neow_bonus":"","is_daily":false,"chose_seed":false,"campfire_upgraded":0,"win_rate":0.0,"timestamp":1612075584,"path_taken":["M","?","M","?","?","M","$","M","T","M","R","M","$","M","R_BF","BOSS"],"items_purchased_type":["Card","Card","Relic"],"build_version":"2020-12-22","purchased_purges":2,"victory":false,"max_hp_per_floor":[70,70,70,70,70,70,70,70,70,70,70,70,70,70,75,75,75],"card_choices":[{"not_picked":["theMarked:ContemptForTheProud","theMarked:Convert"],"picked":"theMarked:Frustration","floor":1},{"not_picked":["theMarked:TwofoldDefense","theMarked:ElectricStrings"],"picked":"theMarked:Heritage","floor":3},{"not_picked":["theMarked:Memento","theMarked:ComboAttacks"],"picked":"theMarked:ResourceFulStrike","floor":4},{"not_picked":["theMarked:ShockingTouch","theMarked:EmpowerWeapon"],"picked":"theMarked:ChannelForce","floor":5},{"not_picked":["theMarked:EmpowerWeapon","theMarked:Frustration"],"picked":"theMarked:Opportunist","floor":6},{"not_picked":["theMarked:Parkour","theMarked:MysticalArsenal"],"picked":"theMarked:Aftermath","floor":8},{"not_picked":["theMarked:Memento","theMarked:TakeCover"],"picked":"theMarked:Improvise","floor":10},{"not_picked":["theMarked:Parkour","theMarked:Overcharge"],"picked":"theMarked:Memento","floor":12},{"not_picked":["theMarked:Memento","theMarked:Maelstrom"],"picked":"theMarked:SuspiciousRaven","floor":14}],"player_experience":89137,"relics_obtained":[{"floor":9,"key":"ReplayFunnel"}],"event_choices":[{"cards_removed":["theMarked:Defend"],"damage_healed":0,"gold_gain":0,"player_choice":"Offered Basic","damage_taken":0,"max_hp_gain":0,"max_hp_loss":0,"event_name":"Bonfire Elementals","floor":2,"gold_loss":0}],"is_beta":false,"boss_relics":[],"items_purged_floors":[0,13],"is_endless":false,"potions_floor_spawned":[1,4,8,14],"killed_by":"The Guardian","ascension_level":0}}