{"host":"w4itzgfiflucot85","time":1612098760,"event":{"mods":["2.2 Compatiblity","BaseMod","Bestiary","Better Note","BetterRewards","Colored Map","Conspire","Highlight Path","Infinite Spire","Minty Spire (QoL Compilation)","Permanent Neow","Replay The Spire","StSLib","The Bug Knight","The Dragon Tamer","The Jungle"],"gold_per_floor":[110,60,75,75,90,118,43,72,72,83,83,93,93,107,107,206,206,193,193,209,209,209],"floor_reached":21,"language":"ENG","playtime":1350,"items_purged":[],"score":191,"play_id":"965315c5-6684-46b2-a956-b9516e2aa0a7","local_time":"20210131081240","is_ascension_mode":false,"campfire_choices":[{"data":"HollowMod:Hiveblood","floor":11,"key":"SMITH"},{"data":"HollowMod:SoulSplash","floor":13,"key":"SMITH"},{"data":"HollowMod:FocusHealStart","floor":15,"key":"SMITH"}],"circlet_count":0,"master_deck":["HollowMod:FocusHealStart+1","HollowMod:PogoStrike","HollowMod:CoiledNail","HollowMod:SoulSplash+1","HollowMod:CloakDash","HollowMod:Hiveblood+1","HollowMod:PerfectDash","HollowMod:SoulVessel","HollowMod:HowlingWraiths","HollowMod:LifebloodCore","HollowMod:TaintedHusks","HollowMod:CloakDash","HollowMod:MantisMark","HollowMod:Weaversong","HollowMod:InfectedCysts","HollowMod:SiblingsShadow","HollowMod:PureNailStrike","HollowMod:DoubleDash+1"],"relics":["HollowMod:VesselMask","Akabeko","TungstenRod","Singing Bowl","Mirror","Pandora\u0027s Box"],"acts_visited":["Exordium","TheCity"],"potions_floor_usage":[16,18],"damage_taken":[{"damage":0,"enemies":"Small Slimes","floor":1,"turns":4},{"damage":0,"enemies":"2 Louse","floor":3,"turns":1},{"damage":6,"enemies":"Jaw Worm","floor":5,"turns":3},{"damage":33,"enemies":"3 Sentries","floor":6,"turns":10},{"damage":33,"enemies":"Gremlin Nob","floor":8,"turns":5},{"damage":1,"enemies":"Red Slaver","floor":10,"turns":4},{"damage":0,"enemies":"3 Louse","floor":12,"turns":7},{"damage":0,"enemies":"Exordium Wildlife","floor":14,"turns":3},{"damage":68,"enemies":"Hexaghost","floor":16,"turns":9},{"damage":69,"enemies":"2 Thieves","floor":18,"turns":5},{"damage":33,"enemies":"HollowMod:HuskSentry","floor":20,"turns":8},{"damage":46,"enemies":"Sentry and Sphere","floor":21,"turns":7}],"seed_played":"7197048283587225825","potions_obtained":[{"floor":5,"key":"ColorlessPotion"},{"floor":10,"key":"Cursed Concoction"},{"floor":12,"key":"AttackPotion"},{"floor":16,"key":"ColorlessPotion"}],"is_trial":false,"path_per_floor":["M","?","M","?","M","E","?","E","T","M","R","M","R","M","R","B",null,"M","?","M","M"],"character_chosen":"THE_BUGKNIGHT","items_purchased":[],"campfire_rested":0,"item_purchase_floors":[],"current_hp_per_floor":[75,75,75,75,75,52,57,38,38,43,43,80,80,82,82,48,82,35,35,44,37,37],"gold":209,"neow_bonus":"RANDOM_COMMON_RELIC","is_daily":false,"chose_seed":false,"campfire_upgraded":3,"win_rate":0.0,"timestamp":1612098760,"path_taken":["M","?","M","?","M","E","?","E","T","M","R","M","R","M","R","BOSS","M","?","M","M"],"items_purchased_type":[],"build_version":"2020-12-22","purchased_purges":0,"victory":false,"max_hp_per_floor":[75,75,75,75,75,75,80,80,80,80,80,80,80,82,82,82,82,82,82,84,84,84],"card_choices":[{"not_picked":["HollowMod:InfectedAttack","HollowMod:DoubleDash"],"picked":"HollowMod:CoiledNail","floor":1},{"not_picked":["HollowMod:SharpenedNail","HollowMod:CornifersMapStart"],"picked":"HollowMod:SoulSplash","floor":3},{"not_picked":["HollowMod:ChannelNail","HollowMod:InfectedCysts"],"picked":"HollowMod:CloakDash","floor":5},{"not_picked":["HollowMod:TaintedHusks","HollowMod:NewGlowingWomb"],"picked":"HollowMod:Hiveblood","floor":6},{"not_picked":["HollowMod:CornifersMapStart","HollowMod:NewJinnsSoul"],"picked":"HollowMod:PerfectDash","floor":8},{"not_picked":["HollowMod:MothsMistake","HollowMod:LifebloodCocoon"],"picked":"HollowMod:SoulVessel","floor":10},{"not_picked":["HollowMod:FallenFury","HollowMod:SoulShaman"],"picked":"HollowMod:HowlingWraiths","floor":12},{"not_picked":["HollowMod:ShapeofUnn","HollowMod:InfectedAttack","HollowMod:NewJinnsSoul"],"picked":"Singing Bowl","floor":14},{"not_picked":["HollowMod:SlysStrikes","HollowMod:HornetsHelp"],"picked":"HollowMod:LifebloodCore","floor":16},{"not_picked":["HollowMod:VengefulVoid","HollowMod:SharpenedNail+1"],"picked":"HollowMod:DoubleDash+1","floor":18},{"not_picked":["HollowMod:InfectedCysts","HollowMod:DashSlash","HollowMod:DescendingDark"],"picked":"Singing Bowl","floor":20}],"player_experience":146829,"relics_obtained":[{"floor":6,"key":"TungstenRod"},{"floor":8,"key":"Singing Bowl"},{"floor":9,"key":"Mirror"}],"event_choices":[{"cards_removed":["HollowMod:QuickDashStart"],"damage_healed":0,"gold_gain":0,"player_choice":"Card Removal","damage_taken":0,"max_hp_gain":0,"max_hp_loss":0,"event_name":"The Cleric","floor":2,"gold_loss":50},{"damage_healed":0,"gold_gain":0,"player_choice":"Leave","damage_taken":0,"max_hp_gain":0,"max_hp_loss":0,"event_name":"conspire:Investor","floor":4,"gold_loss":0},{"cards_removed":["HollowMod:SiblingsShadow"],"damage_healed":0,"gold_gain":0,"player_choice":"Give","damage_taken":0,"max_hp_gain":0,"max_hp_loss":0,"event_name":"betterNote:BetterNote","floor":19,"gold_loss":0,"cards_obtained":["None"]}],"is_beta":false,"boss_relics":[{"not_picked":["infinitespire:Cupcake","Calling Bell"],"picked":"Pandora\u0027s Box"}],"items_purged_floors":[],"is_endless":false,"potions_floor_spawned":[5,10,12,16],"killed_by":"Sentry and Sphere","ascension_level":0}}