{"host":"skr63qsdfgeey3it","time":1612069761,"event":{"mods":["BaseMod","Colored Map","Hubris","Minty Spire (QoL Compilation)","Replay The Spire","Spicy Shops","StSLib"],"gold_per_floor":[11,21,21,196,234,234,252,22,22,22,29,59,59,69,69,172,222,205,5,24,564,34,50,85,85,134,134,160,12,12,27,27,123,123,139,67,67,1066,1078,1078,1078,1092,1092,39,54,100,0,12,12,12],"floor_reached":51,"language":"ENG","playtime":4001,"items_purged":["Doubt","Writhe","Pain","Normality"],"score":1209,"play_id":"fa98ef5d-9f67-4c0a-93d5-04bcbbb4af82","local_time":"20210130230921","is_ascension_mode":true,"campfire_choices":[{"data":"ReplayTheSpireMod:Brewmster","floor":6.0,"key":"SMITH"},{"data":"Defragment","floor":13.0,"key":"SMITH"},{"floor":15.0,"key":"REST"},{"data":"Buffer","floor":25.0,"key":"SMITH"},{"data":"Echo Form","floor":32.0,"key":"SMITH"},{"data":"Amplify","floor":41.0,"key":"SMITH"},{"floor":49.0,"key":"DIG"}],"circlet_count":0,"master_deck":["Zap","Dualcast","ReplayTheSpireMod:Brewmster+1","Defragment+1","Conserve Battery","Chill","Streamline","Skim","Echo Form+1","Coolheaded","Amplify+1","Electrodynamics","ReplayTheSpireMod:Brewmster","Finesse","Buffer+1","Turbo+1","hubris:PowerSurge+1","hubris:PowerSurge","Panic Button","Mirror Shield","Reinforced Body","Ball Lightning","BasicCrystalCard","Barrage","Chill","Multi-Cast","Heatsinks","Stack","Hologram+1","Glacier","hubris:PowerSurge","FIFO Queue","Consume+1","Defragment","Amplify+1","Amplify","Chaos+1","Blizzard+1","ReplayTheSpireMod:Repulse","Glacier+1","Consume","hubris:DuctTapeCard"],"relics":["Cracked Core","hubris:Towel","Counterbalance","Omamori","hubris:SoftwareUpdate","Thread and Needle","ReplayTheSpireMod:CursedCoin","Ginger","hubris:GlazedTorus","Tiny House","Iron Hammer","Lee\u0027s Waffle","BargainBundle","Prayer Wheel","hubris:MysteriousPyramids","Replay:Mystery Machine","Replay:PocketPolymizer","Carrot","DataDisk","Ice Cream","Pandora\u0027s Box","TheAbacus","Spirit Poop","hubris:CrystalStatue","DollysMirror","Bottled Tornado","Runic Capacitor","hubris:DeckOfHolding","Pondfish Scales","Red Mask","hubris:DuctTape"],"acts_visited":["Exordium","TheCity","TheBeyond"],"potions_floor_usage":[],"damage_taken":[{"damage":7.0,"enemies":"Jaw Worm","floor":1.0,"turns":3.0},{"damage":13.0,"enemies":"Small Slimes","floor":2.0,"turns":4.0},{"damage":2.0,"enemies":"2 Louse","floor":7.0,"turns":5.0},{"damage":0.0,"enemies":"3 Sentries","floor":12.0,"turns":5.0},{"damage":0.0,"enemies":"2 Fungi Beasts","floor":14.0,"turns":5.0},{"damage":12.0,"enemies":"The Guardian","floor":16.0,"turns":11.0},{"damage":0.0,"enemies":"2 Thieves","floor":18.0,"turns":4.0},{"damage":14.0,"enemies":"Shell Parasite","floor":20.0,"turns":6.0},{"damage":5.0,"enemies":"Snake Plant","floor":23.0,"turns":4.0},{"damage":10.0,"enemies":"Gremlin Leader","floor":24.0,"turns":6.0},{"damage":0.0,"enemies":"Slavers","floor":28.0,"turns":4.0},{"damage":0.0,"enemies":"Snecko","floor":31.0,"turns":6.0},{"damage":12.0,"enemies":"Champ","floor":33.0,"turns":8.0},{"damage":0.0,"enemies":"3 Darklings","floor":35.0,"turns":3.0},{"damage":0.0,"enemies":"Orb Walker","floor":39.0,"turns":2.0},{"damage":0.0,"enemies":"Transient","floor":42.0,"turns":5.0},{"damage":0.0,"enemies":"4 Shapes","floor":45.0,"turns":3.0},{"damage":0.0,"enemies":"2 Orb Walkers","floor":46.0,"turns":3.0},{"damage":0.0,"enemies":"3 Darklings","floor":48.0,"turns":3.0},{"damage":0.0,"enemies":"Donu and Deca","floor":50.0,"turns":5.0}],"seed_played":"7867056078827424017","potions_obtained":[{"floor":23.0,"key":"Adrenaline Potion"},{"floor":24.0,"key":"Adrenaline Potion"},{"floor":45.0,"key":"DistilledChaos"},{"floor":48.0,"key":"GamblersBrew"}],"is_trial":false,"path_per_floor":["M","M","?","?","?","R","M","$","T","?","$","E","R","M","R","B",null,"M","$","M","?","$","M","E","R","T","?","E","$","T","M","R","B",null,"M","$","?","?","M","?","R","M","T","$","M","?","?","M","R_BF","B",null],"character_chosen":"DEFECT","items_purchased":["Omamori","ReplayTheSpireMod:CursedCoin","Ginger","Iron Hammer","Lee\u0027s Waffle","BargainBundle","Amplify","Electrodynamics","ReplayTheSpireMod:Brewmster","Finesse","DataDisk","TheAbacus","DollysMirror","Amplify","Bottled Tornado","Chaos+1","Runic Capacitor","hubris:DeckOfHolding"],"campfire_rested":1,"item_purchase_floors":[8,11,11,19,22,22,22,22,22,22,29,36,44,44,44,44,44,44],"current_hp_per_floor":[61,48,48,48,48,48,46,46,46,46,46,46,46,46,68,56,75,75,75,61,4,87,82,72,72,72,72,72,72,72,72,72,60,80,80,80,80,80,80,80,80,80,80,80,80,80,80,80,80,80],"gold":12,"neow_bonus":"RANDOM_COLORLESS_2","is_daily":false,"chose_seed":false,"campfire_upgraded":5,"win_rate":0.0,"timestamp":1612069761,"path_taken":["M","M","?","?","?","R","M","$","T","?","?","E","R","M","R","BOSS","M","$","M","?","$","?","E","R","T","?","E","?","?","M","R","BOSS","M","$","?","?","M","?","R","?","T","$","M","?","?","M","R_BF","BOSS"],"items_purchased_type":["Relic","Relic","Relic","Relic","Relic","Relic","Card","Card","Card","Card","Relic","Relic","Relic","Card","Relic","Card","Relic","Relic"],"build_version":"2020-12-22","purchased_purges":4,"victory":true,"max_hp_per_floor":[75,75,75,75,75,75,75,75,75,75,75,75,75,75,75,75,80,80,80,80,80,87,87,87,87,87,87,87,87,87,87,87,87,87,87,87,87,87,87,87,87,87,87,87,87,87,87,87,87,87],"card_choices":[{"not_picked":["ReplayTheSpireMod:Necrogeddon","Midas Touch"],"picked":"ReplayTheSpireMod:Brewmster","floor":0.0},{"not_picked":["Cold Snap","Conserve Battery"],"picked":"Defragment","floor":1.0},{"not_picked":["ReplayTheSpireMod:Repulse","Coolheaded"],"picked":"Conserve Battery","floor":2.0},{"not_picked":["Undo","Streamline"],"picked":"Chill","floor":5.0},{"not_picked":["Hologram","Ball Lightning"],"picked":"Streamline","floor":7.0},{"not_picked":["Steam","ReplayTheSpireMod:Calculation Training"],"picked":"Skim","floor":12.0},{"not_picked":["Skim","Beam Cell","ReplaySort"],"picked":"SKIP","floor":14.0},{"not_picked":["hubris:DoWhile","Amplify"],"picked":"Echo Form","floor":16.0},{"not_picked":["Steam","Sweeping Beam"],"picked":"hubris:PowerSurge","floor":18.0},{"not_picked":["Stack","Gash"],"picked":"Coolheaded","floor":20.0},{"not_picked":["Beam Cell","ReplaySort"],"picked":"ReplayTheSpireMod:Fabricate Wheel","floor":23.0},{"not_picked":["Rebound","Time Bomb"],"picked":"Turbo+1","floor":24.0},{"not_picked":["Panic Button","Stack"],"picked":"hubris:PowerSurge+1","floor":28.0},{"not_picked":["Recycle+1","Coolheaded+1"],"picked":"hubris:PowerSurge","floor":31.0},{"not_picked":["Gash+1","Rip and Tear"],"picked":"Panic Button","floor":31.0},{"not_picked":["Amplify","Echo Form"],"picked":"Mirror Shield","floor":33.0},{"not_picked":["Beam Cell","Barrage"],"picked":"Hologram+1","floor":35.0},{"not_picked":["Streamline","Rip and Tear+1"],"picked":"Glacier","floor":35.0},{"not_picked":["Compile Driver","Redo+1"],"picked":"hubris:PowerSurge","floor":39.0},{"not_picked":["Mirror Shield","Conserve Battery"],"picked":"FIFO Queue","floor":39.0},{"not_picked":["Compile Driver+1","Gash"],"picked":"Consume+1","floor":42.0},{"not_picked":["Reinforced Body+1","Tempest"],"picked":"Defragment","floor":42.0},{"not_picked":["hubris:DoWhile","Go for the Eyes+1"],"picked":"Blizzard+1","floor":45.0},{"not_picked":["Stack","Cold Snap"],"picked":"ReplayTheSpireMod:Repulse","floor":45.0},{"not_picked":["ReplayTheSpireMod:GoodbyeWorld","Stack+1"],"picked":"Glacier+1","floor":46.0},{"not_picked":["Stack+1","Turbo"],"picked":"Consume","floor":48.0},{"not_picked":["hubris:SpecializedCircuitry","Panic Button","Stack+1"],"picked":"SKIP","floor":48.0}],"player_experience":829645,"relics_obtained":[{"floor":5.0,"key":"Counterbalance"},{"floor":9.0,"key":"hubris:SoftwareUpdate"},{"floor":12.0,"key":"hubris:GlazedTorus"},{"floor":24.0,"key":"hubris:MysteriousPyramids"},{"floor":26.0,"key":"Replay:Mystery Machine"},{"floor":28.0,"key":"Carrot"},{"floor":30.0,"key":"Ice Cream"},{"floor":43.0,"key":"hubris:CrystalStatue"},{"floor":46.0,"key":"Pondfish Scales"},{"floor":49.0,"key":"hubris:DuctTape"}],"event_choices":[{"damage_healed":0.0,"max_hp_gain":0.0,"max_hp_loss":0.0,"gold_gain":175.0,"event_name":"Liars Game","player_choice":"AGREE","floor":4.0,"gold_loss":0.0,"damage_taken":0.0,"cards_obtained":["Doubt"]},{"damage_healed":0.0,"max_hp_gain":0.0,"max_hp_loss":0.0,"gold_gain":0.0,"event_name":"Big Fish","player_choice":"Box","floor":10.0,"gold_loss":0.0,"damage_taken":0.0,"relics_obtained":["Thread and Needle"],"cards_obtained":["Regret"]},{"damage_healed":0.0,"max_hp_gain":0.0,"max_hp_loss":0.0,"gold_gain":540.0,"event_name":"Knowing Skull","player_choice":"GOLD GOLD GOLD GOLD GOLD GOLD ","floor":21.0,"potions_obtained":[],"gold_loss":0.0,"damage_taken":57.0,"cards_obtained":[]},{"damage_healed":0.0,"max_hp_gain":0.0,"max_hp_loss":0.0,"gold_gain":0.0,"event_name":"The Mausoleum","player_choice":"Opened","floor":27.0,"gold_loss":0.0,"damage_taken":0.0,"relics_obtained":["Replay:PocketPolymizer"],"cards_obtained":["Writhe"]},{"damage_healed":0.0,"max_hp_gain":0.0,"max_hp_loss":0.0,"gold_gain":999.0,"event_name":"MindBloom","player_choice":"Gold","floor":38.0,"gold_loss":0.0,"damage_taken":0.0,"cards_obtained":["Normality","Normality"]},{"cards_removed":["Normality"],"damage_healed":0.0,"max_hp_gain":0.0,"max_hp_loss":0.0,"gold_gain":0.0,"event_name":"Bonfire Elementals","player_choice":"Offered Curse","floor":40.0,"gold_loss":0.0,"damage_taken":0.0,"relics_obtained":["Spirit Poop"]},{"damage_healed":0.0,"max_hp_gain":0.0,"max_hp_loss":0.0,"gold_gain":0.0,"event_name":"Mysterious Sphere","player_choice":"Fight","floor":46.0,"gold_loss":0.0,"damage_taken":0.0},{"damage_healed":0.0,"max_hp_gain":0.0,"max_hp_loss":0.0,"gold_gain":0.0,"event_name":"Tomb of Lord Red Mask","player_choice":"Paid","floor":47.0,"gold_loss":100.0,"damage_taken":0.0,"relics_obtained":["Red Mask"]}],"is_beta":false,"boss_relics":[{"not_picked":["Replay:Wanted Poster","Philosopher\u0027s Stone"],"picked":"Tiny House"},{"not_picked":["Honey Jar","Replay:Ancient Bell"],"picked":"Pandora\u0027s Box"}],"items_purged_floors":[8,19,22,44],"is_endless":false,"potions_floor_spawned":[12,16,23,24,45,48],"ascension_level":9}}