{"host":"q0ahhcf6jhp3yzzb","time":1612125422,"event":{"mods":["Ascension Unlocker","BaseMod","Bestiary","Minty Spire (QoL Compilation)","Relic Stats","StSLib"],"gold_per_floor":[212,225,225,242,0,0,35,81,81,81,93,5,33,62,74,164,176,203,19,19,33,33,33,63,63,87,87,104,146,146,71,71,157,157,176,118,118,92,1091,1125,1140,1140,1149,1149,476,476,364,400,400,400,400],"floor_reached":50,"language":"ENG","playtime":2084,"items_purged":["Decay","Normality"],"score":1130,"play_id":"2fa13079-6e75-4cb0-8f0f-2dbc5e0f1bf4","local_time":"20210131133702","is_ascension_mode":true,"campfire_choices":[{"data":"Terror","floor":6,"key":"SMITH"},{"data":"Neutralize","floor":10,"key":"SMITH"},{"data":"Envenom","floor":15,"key":"SMITH"},{"data":"Wraith Form v2","floor":23,"key":"SMITH"},{"floor":25,"key":"REST"},{"data":"Well Laid Plans","floor":30,"key":"SMITH"},{"data":"Deflect","floor":32,"key":"SMITH"},{"floor":44,"key":"REST"},{"floor":49,"key":"RECALL"}],"circlet_count":0,"master_deck":["AscendersBane","Defend_G","Defend_G","Defend_G","Defend_G","Defend_G","Survivor","Neutralize+1","Slice","Blade Dance","Blade Dance","Poisoned Stab","Terror+1","Choke","Envenom+1","Deflect+1","Wraith Form v2+1","Well Laid Plans+1","Bite","Bite","Bite","Bite","Glass Knife","Tools of the Trade","Deadly Poison","Catalyst","Accuracy","Blur+1","Footwork","Footwork","Noxious Fumes","Leg Sweep","Footwork","Calculated Gamble+1"],"relics":["Ring of the Snake","Omamori","The Courier","MawBank","WristBlade","OrangePellets","CeramicFish","Happy Flower","Matryoshka","Turnip","Cursed Key","PreservedInsect","Singing Bowl","Snake Skull","Torii","Shuriken"],"acts_visited":["Exordium","TheCity","TheBeyond"],"potions_floor_usage":[7,11,13,28,29,33,41,50,50],"damage_taken":[{"damage":0,"enemies":"2 Louse","floor":1,"turns":3},{"damage":0,"enemies":"Cultist","floor":2,"turns":4},{"damage":4,"enemies":"Jaw Worm","floor":4,"turns":4},{"damage":15,"enemies":"Lagavulin","floor":7,"turns":7},{"damage":0,"enemies":"2 Fungi Beasts","floor":11,"turns":3},{"damage":20,"enemies":"3 Sentries","floor":13,"turns":8},{"damage":4,"enemies":"Blue Slaver","floor":14,"turns":3},{"damage":16,"enemies":"Hexaghost","floor":16,"turns":8},{"damage":0,"enemies":"Chosen","floor":18,"turns":2},{"damage":2,"enemies":"3 Byrds","floor":21,"turns":6},{"damage":60,"enemies":"Slavers","floor":24,"turns":6},{"damage":8,"enemies":"3 Cultists","floor":28,"turns":6},{"damage":5,"enemies":"Gremlin Leader","floor":29,"turns":6},{"damage":52,"enemies":"Automaton","floor":33,"turns":12},{"damage":15,"enemies":"3 Shapes","floor":35,"turns":7},{"damage":52,"enemies":"Reptomancer","floor":40,"turns":6},{"damage":14,"enemies":"3 Darklings","floor":41,"turns":9},{"damage":20,"enemies":"Giant Head","floor":48,"turns":9},{"damage":71,"enemies":"Donu and Deca","floor":50,"turns":9}],"seed_played":"1899044217357335473","potions_obtained":[{"floor":2,"key":"EssenceOfSteel"},{"floor":4,"key":"ColorlessPotion"},{"floor":11,"key":"BlessingOfTheForge"},{"floor":24,"key":"Explosive Potion"},{"floor":28,"key":"LiquidMemories"},{"floor":29,"key":"Energy Potion"},{"floor":33,"key":"Fire Potion"},{"floor":35,"key":"LiquidMemories"},{"floor":37,"key":"Regen Potion"},{"floor":40,"key":"GhostInAJar"}],"is_trial":false,"path_per_floor":["M","M","?","M","$","R","E","T","T","R","M","$","E","M","R","B",null,"M","$","?","M","?","R","E","R","T","T","M","E","R","?","R","B",null,"M","$","?","$","?","E","M","?","T","R","$","?","$","E","R","B"],"character_chosen":"THE_SILENT","items_purchased":["Blade Dance","Poisoned Stab","Terror","FairyPotion","OrangePellets","Well Laid Plans","Catalyst","Accuracy","Snake Skull","Torii","Footwork","Footwork","Noxious Fumes","SpeedPotion","Leg Sweep","Footwork"],"campfire_rested":2,"item_purchase_floors":[5,5,5,12,19,19,36,38,45,45,45,45,45,45,47,47],"current_hp_per_floor":[59,59,59,55,55,55,40,40,40,40,42,42,24,22,22,8,52,54,54,54,64,46,46,17,38,38,38,40,47,47,47,47,21,59,60,60,60,60,60,18,39,39,39,60,60,60,60,48,48,0,0],"gold":400,"neow_bonus":"HUNDRED_GOLD","is_daily":false,"chose_seed":false,"campfire_upgraded":6,"win_rate":0.0,"timestamp":1612125422,"path_taken":["M","M","?","M","?","R","E","?","T","R","M","$","E","M","R","BOSS","M","$","?","M","?","R","E","R","T","?","?","E","R","?","R","BOSS","M","$","?","?","?","E","M","?","T","R","$","?","$","E","R","BOSS"],"items_purchased_type":["Card","Card","Card","Potion","Relic","Card","Card","Card","Relic","Relic","Card","Card","Card","Potion","Card","Card"],"build_version":"2020-12-22","purchased_purges":2,"victory":false,"max_hp_per_floor":[66,66,66,66,66,66,66,66,66,66,66,66,66,66,66,66,66,66,66,66,66,71,71,71,71,71,71,71,71,71,71,71,71,71,71,71,71,71,71,71,71,71,71,71,71,71,71,71,71,71,71],"relic_stats":{"Happy Flower":[21],"Singing Bowl":0,"Torii":5,"counters":[19,118],"CeramicFish":117,"PreservedInsect":130,"Snake Skull":[35],"MawBank":72,"Cursed Key":1,"OrangePellets":[10],"Shuriken":[4],"Turnip":[0],"obtain_stats":[{"Happy Flower":26,"Singing Bowl":43,"Torii":45,"CeramicFish":24,"The Courier":9,"PreservedInsect":40,"Snake Skull":45,"Omamori":8,"MawBank":13,"Cursed Key":34,"Blood Vial":7,"OrangePellets":19,"Matryoshka":27,"WristBlade":17,"Shuriken":48,"Turnip":29,"Ring of the Snake":0},{"Happy Flower":11,"Singing Bowl":17,"Torii":17,"CeramicFish":11,"The Courier":4,"PreservedInsect":16,"Snake Skull":17,"Omamori":4,"MawBank":6,"Cursed Key":14,"Blood Vial":4,"OrangePellets":9,"Matryoshka":11,"WristBlade":8,"Shuriken":18,"Turnip":13,"Ring of the Snake":0},{"Happy Flower":54,"Singing Bowl":100,"Torii":100,"CeramicFish":54,"The Courier":18,"PreservedInsect":91,"Snake Skull":100,"Omamori":18,"MawBank":29,"Cursed Key":78,"Blood Vial":18,"OrangePellets":42,"Matryoshka":54,"WristBlade":40,"Shuriken":109,"Turnip":66,"Ring of the Snake":0}],"Ring of the Snake":[38]},"card_choices":[{"not_picked":["Bane","Prepared"],"picked":"Slice","floor":1},{"not_picked":["Tactician","Dodge and Roll"],"picked":"Blade Dance","floor":2},{"not_picked":["Night Terror","Bane"],"picked":"Slice","floor":4},{"not_picked":["Flying Knee","Distraction","Poisoned Stab"],"picked":"SKIP","floor":7},{"not_picked":["Slice","Escape Plan"],"picked":"Choke","floor":11},{"not_picked":["Flying Knee","Dagger Throw"],"picked":"Envenom","floor":13},{"not_picked":["Concentrate","Dagger Spray"],"picked":"Deflect","floor":14},{"not_picked":["Glass Knife","A Thousand Cuts"],"picked":"Wraith Form v2","floor":16},{"not_picked":["Distraction","Dagger Throw","Backstab"],"picked":"SKIP","floor":18},{"not_picked":["Prepared","Dagger Spray","Skewer"],"picked":"SKIP","floor":21},{"not_picked":["Slice","Concentrate+1","Flechettes"],"picked":"SKIP","floor":24},{"not_picked":["Terror","Backstab","Dagger Spray"],"picked":"SKIP","floor":28},{"not_picked":["Terror","Backstab","Dagger Spray"],"picked":"SKIP","floor":28},{"not_picked":["Backflip","All Out Attack"],"picked":"Glass Knife","floor":29},{"not_picked":["Grand Finale","A Thousand Cuts"],"picked":"Tools of the Trade","floor":33},{"not_picked":["Skewer","Terror"],"picked":"Deadly Poison","floor":35},{"not_picked":["Dodge and Roll","Deflect+1"],"picked":"Blur+1","floor":40},{"not_picked":["Sucker Punch+1","Underhanded Strike","Blade Dance"],"picked":"SKIP","floor":41},{"not_picked":["Deadly Poison+1","Infinite Blades"],"picked":"Calculated Gamble+1","floor":48}],"player_experience":827574,"relics_obtained":[{"floor":7,"key":"Blood Vial"},{"floor":8,"key":"Omamori"},{"floor":9,"key":"The Courier"},{"floor":13,"key":"MawBank"},{"floor":24,"key":"CeramicFish"},{"floor":26,"key":"Happy Flower"},{"floor":27,"key":"Matryoshka"},{"floor":29,"key":"Turnip"},{"floor":40,"key":"PreservedInsect"},{"floor":43,"key":"Singing Bowl"},{"floor":48,"key":"Shuriken"}],"event_choices":[{"damage_healed":0,"gold_gain":0,"player_choice":"Cursed","damage_taken":0,"max_hp_gain":0,"max_hp_loss":0,"event_name":"Wheel of Change","floor":3,"gold_loss":0,"cards_obtained":["Decay"]},{"damage_healed":0,"gold_gain":0,"player_choice":"Became a vampire (Vial)","damage_taken":0,"max_hp_gain":0,"max_hp_loss":0,"event_name":"Vampires","floor":20,"relics_lost":["Blood Vial"],"gold_loss":0,"cards_obtained":["Bite","Bite","Bite","Bite","Bite"]},{"damage_healed":0,"gold_gain":0,"player_choice":"Shed Blood","damage_taken":23,"max_hp_gain":5,"max_hp_loss":0,"event_name":"Forgotten Altar","floor":22,"gold_loss":0},{"cards_removed":["Slice"],"damage_healed":0,"gold_gain":0,"player_choice":"Gave Gold","damage_taken":0,"max_hp_gain":0,"max_hp_loss":0,"event_name":"Beggar","floor":31,"gold_loss":75},{"damage_healed":0,"gold_gain":0,"player_choice":"Got Potions","damage_taken":0,"max_hp_gain":0,"max_hp_loss":0,"event_name":"Lab","floor":37,"gold_loss":0},{"damage_healed":0,"gold_gain":999,"player_choice":"Gold","damage_taken":0,"max_hp_gain":0,"max_hp_loss":0,"event_name":"MindBloom","floor":39,"gold_loss":0,"cards_obtained":["Normality","Normality"]},{"damage_healed":0,"gold_gain":0,"player_choice":"Ignored","damage_taken":0,"max_hp_gain":0,"max_hp_loss":0,"event_name":"Tomb of Lord Red Mask","floor":42,"gold_loss":0},{"cards_removed":["Bite"],"damage_healed":0,"gold_gain":0,"player_choice":"Removed Attack","damage_taken":0,"max_hp_gain":0,"max_hp_loss":0,"event_name":"Falling","floor":46,"gold_loss":0}],"is_beta":false,"boss_relics":[{"not_picked":["Ring of the Serpent","Calling Bell"],"picked":"WristBlade"},{"not_picked":["Empty Cage","Pandora\u0027s Box"],"picked":"Cursed Key"}],"items_purged_floors":[5,45],"is_endless":false,"potions_floor_spawned":[2,4,11,24,28,29,33,35,40],"killed_by":"Donu and Deca","ascension_level":20}}