{"host":"2tgyrzvaa7l04o2e","time":1612113575,"event":{"mods":["BaseMod","Highlight Path","Minty Spire (QoL Compilation)","Permanent Neow","Relic Stats"],"gold_per_floor":[116,131,131,56,56,56,81,81,81,81,81,99,116,116,116],"floor_reached":14,"language":"ENG","playtime":418,"items_purged":[],"score":176,"play_id":"25a69323-f160-4f79-94ee-88b90aec9ee3","local_time":"20210131181935","is_ascension_mode":true,"campfire_choices":[{"floor":6,"key":"REST"},{"floor":8,"key":"REST"},{"data":"Sucker Punch","floor":10,"key":"SMITH"}],"circlet_count":0,"master_deck":["AscendersBane","Strike_G","Strike_G","Strike_G","Strike_G","Defend_G","Defend_G","Defend_G","Defend_G","Survivor","Neutralize+1","Bane","Sucker Punch+1","Backflip","PiercingWail","Backflip"],"relics":["Ring of the Snake","WingedGreaves","Lizard Tail","Omamori"],"acts_visited":["Exordium"],"potions_floor_usage":[7],"damage_taken":[{"damage":7,"enemies":"Small Slimes","floor":1,"turns":7},{"damage":3,"enemies":"Jaw Worm","floor":2,"turns":6},{"damage":24,"enemies":"Gremlin Nob","floor":7,"turns":4},{"damage":0,"enemies":"2 Louse","floor":12,"turns":2},{"damage":20,"enemies":"Exordium Wildlife","floor":13,"turns":8},{"damage":17,"enemies":"Lagavulin","floor":14,"turns":7}],"seed_played":"7290783991816568884","potions_obtained":[{"floor":1,"key":"Poison Potion"}],"is_trial":false,"path_per_floor":["M","M","?","?","?","R","E","R","T","R","?","M","M","E"],"character_chosen":"THE_SILENT","items_purchased":[],"campfire_rested":2,"item_purchase_floors":[],"current_hp_per_floor":[52,49,42,42,24,43,19,38,38,38,60,60,40,23,23],"gold":116,"neow_bonus":"UPGRADE_CARD","is_daily":false,"chose_seed":false,"campfire_upgraded":1,"win_rate":0.0,"timestamp":1612113575,"path_taken":["M","M","?","?","?","R","E","R","T","R","?","?","?","E"],"items_purchased_type":[],"build_version":"2020-12-22","purchased_purges":0,"victory":false,"max_hp_per_floor":[66,66,66,66,66,66,66,66,66,66,66,66,66,66,66],"relic_stats":{"Lizard Tail":0,"counters":[6,34],"obtain_stats":[{"Lizard Tail":7,"WingedGreaves":5,"Omamori":9,"Ring of the Snake":0},{"Lizard Tail":3,"WingedGreaves":2,"Omamori":3,"Ring of the Snake":0},{"Lizard Tail":17,"WingedGreaves":13,"Omamori":17,"Ring of the Snake":0}],"Ring of the Snake":[12]},"card_choices":[{"not_picked":["Choke","Flying Knee"],"picked":"Bane","floor":1},{"not_picked":["Endless Agony","Well Laid Plans"],"picked":"Sucker Punch","floor":2},{"not_picked":["Prepared","Phantasmal Killer"],"picked":"Backflip","floor":7},{"not_picked":["Outmaneuver","Bane"],"picked":"PiercingWail","floor":12},{"not_picked":["Dodge and Roll","Outmaneuver"],"picked":"Backflip","floor":13}],"player_experience":685082,"relics_obtained":[{"floor":7,"key":"Lizard Tail"},{"floor":9,"key":"Omamori"}],"event_choices":[{"cards_removed":["Defend_G"],"damage_healed":0,"gold_gain":0,"player_choice":"Card Removal","damage_taken":7,"max_hp_gain":0,"max_hp_loss":0,"event_name":"Golden Wing","floor":3,"gold_loss":0},{"cards_removed":["Strike_G"],"damage_healed":0,"gold_gain":0,"player_choice":"Card Removal","damage_taken":0,"max_hp_gain":0,"max_hp_loss":0,"event_name":"The Cleric","floor":4,"gold_loss":75},{"damage_healed":0,"gold_gain":0,"player_choice":"Success","damage_taken":18,"relics_obtained":["WingedGreaves"],"max_hp_gain":0,"max_hp_loss":0,"event_name":"Scrap Ooze","floor":5,"gold_loss":0},{"damage_healed":22,"gold_gain":0,"player_choice":"Banana","damage_taken":0,"max_hp_gain":0,"max_hp_loss":0,"event_name":"Big Fish","floor":11,"gold_loss":0}],"is_beta":false,"boss_relics":[],"items_purged_floors":[],"is_endless":false,"potions_floor_spawned":[1],"killed_by":"Lagavulin","ascension_level":20}}