{"host":"i0xrm7p89v8es8ob","time":1612073170,"event":{"mods":["ATMod(°¢èªMod)","AchievementEnabler","Act Like it!","Aspiration","BaseMod","Conspire","Dota2Spire","Minty Spire (QoL Compilation)","MostiFishMod","Nova Terra(ÅµÍÞ¡¤Ì©À­)","Pale of the Ancients","Permanent Neow","Quick Restart","Relic Stats","Reliquary","Replay The Spire","SOS£¨Ë¹°Í´ïÖ®×Ó£©","Spicy Shops","StSLib","The IronCluck","The Jungle","The Showman","[IsaacMod]ÒÔÈö¼âËþ","¡¾ÒÅÎï¿¨ÅÆ¡¿REMEMod"],"gold_per_floor":[119,119,138,188,207,207,235,235],"floor_reached":7,"language":"ZHS","playtime":449,"items_purged":[],"score":51,"play_id":"e92d7b00-8f6f-4c5e-a655-f6e25aa9c8f3","local_time":"20210131140610","is_ascension_mode":false,"campfire_choices":[{"data":"AT_KneejerkReflex","floor":6,"key":"SMITH"}],"circlet_count":0,"master_deck":["NovaMod:Basic_Strike_Nova","NovaMod:Basic_Strike_Nova","NovaMod:Basic_Strike_Nova","NovaMod:Basic_Strike_Nova","NovaMod:Basic_Defend_Nova","NovaMod:Basic_Defend_Nova","NovaMod:Basic_Defend_Nova","NovaMod:Basic_Defend_Nova","NovaMod:Snipe","NovaMod:PenetratingBlast","BettingIsNotGood","AT_FamilyPortrait","AT_KneejerkReflex+1","NovaMod:StimPack","NovaMod:Upgrade"],"relics":["NovaMod:GhostSuit","REME_ComplimentaryCards","AT_ATBox","HushsDoor","DaveBox","aspiration:Nostalgia","PureWater","RhineCircuit","GuppysTail","SynthV:TestCard","D6","reliquary:ExpiredCoupon"],"acts_visited":["Exordium"],"potions_floor_usage":[],"damage_taken":[{"damage":0,"enemies":"2 Louse","floor":1,"turns":2},{"damage":0,"enemies":"Small Slimes","floor":3,"turns":1},{"damage":24,"enemies":"conspire:MimicChest","floor":4,"turns":4},{"damage":7,"enemies":"Jaw Worm","floor":5,"turns":3},{"damage":21,"enemies":"3 Sentries","floor":7,"turns":6}],"seed_played":"-4662035581081740173","potions_obtained":[{"floor":1,"key":"Swift Potion"},{"floor":3,"key":"SpeedPotion"},{"floor":7,"key":"Energy Potion"}],"is_trial":false,"path_per_floor":["M","?","M","?","M","R","E"],"character_chosen":"NOVA","items_purchased":[],"campfire_rested":0,"item_purchase_floors":[],"current_hp_per_floor":[80,85,85,61,59,59,43,43],"gold":235,"neow_bonus":"NOSTALGIA","is_daily":false,"chose_seed":false,"campfire_upgraded":1,"win_rate":0.0,"timestamp":1612073170,"path_taken":["M","?","M","?","M","R","E"],"items_purchased_type":[],"build_version":"2020-12-22","purchased_purges":0,"victory":false,"max_hp_per_floor":[80,85,85,85,85,85,85,85],"relic_stats":{"counters":[5,16],"obtain_stats":[{"KeepersGift":0,"GuppysTail":0,"AT_ATBox":0,"DaveBox":0,"aspiration:Nostalgia":0,"RhineCircuit":0,"reliquary:ExpiredCoupon":7,"D6":4,"SynthV:TestCard":1,"PureWater":0,"HushsDoor":0,"NovaMod:GhostSuit":0,"REME_ComplimentaryCards":0},{"KeepersGift":0,"GuppysTail":0,"AT_ATBox":0,"DaveBox":0,"aspiration:Nostalgia":0,"RhineCircuit":0,"reliquary:ExpiredCoupon":5,"D6":3,"SynthV:TestCard":1,"PureWater":0,"HushsDoor":0,"NovaMod:GhostSuit":0,"REME_ComplimentaryCards":0},{"KeepersGift":0,"GuppysTail":0,"AT_ATBox":0,"DaveBox":0,"aspiration:Nostalgia":0,"RhineCircuit":0,"reliquary:ExpiredCoupon":16,"D6":7,"SynthV:TestCard":2,"PureWater":0,"HushsDoor":0,"NovaMod:GhostSuit":0,"REME_ComplimentaryCards":0}]},"card_choices":[{"not_picked":[],"picked":"BettingIsNotGood","floor":0},{"not_picked":["NovaMod:Blink","NovaMod:AirDrop"],"picked":"NovaMod:StimPack","floor":1},{"not_picked":["NovaMod:QuickResponse","NovaMod:RadiationShooting","NovaMod:PenetratingBlast","NovaMod:AssaultMode","NovaMod:PrecsionAssembly"],"picked":"SKIP","floor":3},{"not_picked":["NovaMod:NuclearFactory+","NovaMod:BarrageShooting","NovaMod:QuickResponse","NovaMod:TripleTap"],"picked":"NovaMod:Upgrade","floor":4},{"not_picked":["NovaMod:WeaknessInsights","NovaMod:RaidArtillery","NovaMod:PsychicShield","NovaMod:PenetratingBlast","NovaMod:QuickResponse"],"picked":"SKIP","floor":5}],"player_experience":69552,"relics_obtained":[{"floor":1,"key":"SynthV:TestCard"},{"floor":4,"key":"D6"},{"floor":7,"key":"reliquary:ExpiredCoupon"}],"event_choices":[{"damage_healed":0,"gold_gain":0,"player_choice":"Donut","damage_taken":0,"max_hp_gain":5,"max_hp_loss":0,"event_name":"Big Fish","floor":2,"gold_loss":0}],"is_beta":false,"boss_relics":[],"items_purged_floors":[],"is_endless":false,"potions_floor_spawned":[1,3,7],"killed_by":"3 Sentries","ascension_level":0}}