{"host":"qxeepl7ydvsgmfdb","time":1612099618,"event":{"mods":["AchievementEnabler","BaseMod","Colored Powertips","Minty Spire (QoL Compilation)","Quick Restart","slay the spire mod where everything is the same but ironclad has a cowboy hat"],"gold_per_floor":[109,127,50,50,50,78,78,89,138,158,158,168,168,343,343,448,448,463,388,321,338,68,68,103,115,141,153,165,165],"floor_reached":28,"language":"ENG","playtime":839,"items_purged":[],"score":261,"play_id":"8b9b2f2e-9449-4de6-a43b-c34dd5a64036","local_time":"20210131082658","is_ascension_mode":false,"campfire_choices":[{"data":"Terror","floor":7.0,"key":"SMITH"},{"floor":11.0,"key":"RECALL"},{"data":"Phantasmal Killer","floor":13.0,"key":"SMITH"},{"data":"Deadly Poison","floor":15.0,"key":"SMITH"},{"floor":23.0,"key":"REST"}],"circlet_count":0,"master_deck":["Strike_G+1","Strike_G+1","Strike_G+1","Strike_G+1","Defend_G+1","Defend_G+1","Defend_G+1","Defend_G+1","Defend_G+1","Survivor","Neutralize","Deadly Poison","Terror+1","Phantasmal Killer+1","Deadly Poison+1","Die Die Die","CurseOfTheBell","Backstab","Noxious Fumes","Distraction","Corpse Explosion","Poisoned Stab","Deadly Poison+1","Blade Dance"],"relics":["Ring of the Snake","NeowsBlessing","Strawberry","Snake Skull","Calling Bell","Nunchaku","Mummified Hand","StoneCalendar","Potion Belt","Bottled Lightning","MawBank"],"acts_visited":["Exordium","TheCity"],"potions_floor_usage":[28,28],"damage_taken":[{"damage":0.0,"enemies":"Cultist","floor":1.0,"turns":1.0},{"damage":0.0,"enemies":"2 Louse","floor":2.0,"turns":1.0},{"damage":0.0,"enemies":"Lagavulin","floor":6.0,"turns":1.0},{"damage":5.0,"enemies":"Jaw Worm","floor":8.0,"turns":4.0},{"damage":0.0,"enemies":"Looter","floor":10.0,"turns":2.0},{"damage":10.0,"enemies":"Blue Slaver","floor":12.0,"turns":4.0},{"damage":40.0,"enemies":"Slime Boss","floor":16.0,"turns":13.0},{"damage":41.0,"enemies":"Spheric Guardian","floor":18.0,"turns":7.0},{"damage":5.0,"enemies":"Chosen","floor":21.0,"turns":3.0},{"damage":28.0,"enemies":"Slavers","floor":24.0,"turns":3.0},{"damage":21.0,"enemies":"Centurion and Healer","floor":25.0,"turns":6.0},{"damage":12,"enemies":"Shelled Parasite and Fungi","floor":28,"turns":2}],"seed_played":"5905781543567823518","potions_obtained":[{"floor":1.0,"key":"DistilledChaos"},{"floor":8.0,"key":"CultistPotion"},{"floor":10.0,"key":"Fruit Juice"},{"floor":18.0,"key":"Weak Potion"},{"floor":24.0,"key":"Strength Potion"},{"floor":25.0,"key":"LiquidBronze"}],"is_trial":false,"path_per_floor":["M","M","$","?","$","E","R","M","T","M","R","M","R","?","R","B",null,"M","?","$","M","$","R","E","M","T","?","M"],"character_chosen":"THE_SILENT","items_purchased":["Terror","Noxious Fumes","Potion Belt","Corpse Explosion","Poisoned Stab"],"campfire_rested":1,"item_purchase_floors":[3,20,22,22,22],"current_hp_per_floor":[70,70,70,70,70,77,77,72,72,77,77,67,67,67,67,27,82,41,41,41,36,36,60,32,11,11,11,0,0],"gold":165,"neow_bonus":"THREE_ENEMY_KILL","is_daily":false,"chose_seed":false,"campfire_upgraded":3,"win_rate":0.0,"timestamp":1612099618,"path_taken":["M","M","?","?","$","E","R","M","T","M","R","?","R","?","R","BOSS","M","?","$","M","$","R","E","M","T","?","M"],"items_purchased_type":["Card","Card","Relic","Card","Card"],"build_version":"2020-12-22","purchased_purges":0,"victory":false,"max_hp_per_floor":[70,70,70,70,70,77,77,77,77,82,82,82,82,82,82,82,82,82,82,82,82,82,82,82,82,82,82,82,82],"card_choices":[{"not_picked":["Distraction","Leg Sweep"],"picked":"Deadly Poison","floor":1.0},{"not_picked":["Quick Slash","Dodge and Roll","Eviscerate"],"picked":"SKIP","floor":2.0},{"not_picked":["Acrobatics","Flying Knee","Underhanded Strike"],"picked":"SKIP","floor":6.0},{"not_picked":["Acrobatics","Riddle With Holes"],"picked":"Phantasmal Killer","floor":8.0},{"not_picked":["Outmaneuver","Escape Plan"],"picked":"Deadly Poison","floor":10.0},{"not_picked":["Bouncing Flask","Flechettes","Underhanded Strike"],"picked":"SKIP","floor":12.0},{"not_picked":["Doppelganger","Burst"],"picked":"Die Die Die","floor":16.0},{"not_picked":["Quick Slash","Outmaneuver"],"picked":"Backstab","floor":18.0},{"not_picked":["Flying Knee","Tactician"],"picked":"Distraction","floor":21.0},{"not_picked":["Cloak And Dagger","Underhanded Strike"],"picked":"Deadly Poison+1","floor":24.0},{"not_picked":["Expertise","Backflip"],"picked":"Blade Dance","floor":25.0}],"player_experience":161269,"relics_obtained":[{"floor":6.0,"key":"Strawberry"},{"floor":9.0,"key":"Snake Skull"},{"floor":17.0,"key":"Nunchaku"},{"floor":17.0,"key":"Mummified Hand"},{"floor":17.0,"key":"StoneCalendar"},{"floor":24.0,"key":"Bottled Lightning"},{"floor":26.0,"key":"MawBank"}],"event_choices":[{"cards_removed":["Strike_G"],"damage_healed":0.0,"max_hp_gain":0.0,"max_hp_loss":0.0,"gold_gain":0.0,"event_name":"Bonfire Elementals","player_choice":"Offered Basic","floor":4.0,"gold_loss":0.0,"damage_taken":0.0},{"damage_healed":0.0,"max_hp_gain":0.0,"max_hp_loss":0.0,"gold_gain":175.0,"event_name":"Liars Game","player_choice":"AGREE","floor":14.0,"gold_loss":0.0,"damage_taken":0.0,"cards_obtained":["Doubt"]},{"cards_removed":["Doubt"],"damage_healed":0.0,"max_hp_gain":0.0,"max_hp_loss":0.0,"gold_gain":0.0,"event_name":"Beggar","player_choice":"Gave Gold","floor":19.0,"gold_loss":75.0,"damage_taken":0.0},{"damage_healed":0.0,"max_hp_gain":0.0,"max_hp_loss":0.0,"gold_gain":0.0,"event_name":"Back to Basics","player_choice":"Simplicity","floor":27.0,"gold_loss":0.0,"damage_taken":0.0,"cards_upgraded":["Strike_G","Strike_G","Strike_G","Strike_G","Defend_G","Defend_G","Defend_G","Defend_G","Defend_G"]}],"is_beta":false,"boss_relics":[{"not_picked":["Empty Cage","Sozu"],"picked":"Calling Bell"}],"items_purged_floors":[],"is_endless":false,"potions_floor_spawned":[1,8,10,18,24,25],"killed_by":"Shelled Parasite and Fungi","ascension_level":0}}