{"host":"nolo0osttpwefhwj","time":1612133399,"event":{"mods":["AchievementEnabler","BaseMod","Bestiary","Colored Powertips","Minty Spire (QoL Compilation)","Permanent Neow","Quick Restart","Relic Stats"],"gold_per_floor":[15,34,34,47,59,85,85,112,112,112,112,112,112,128,128,205,205,215,415,434,445,445,471,471,504,504,504,522,522,534,35,35,106,106,120,131,0,0,14,45,57,97,109,71,122,148,148,176,176,176,176,176,46,80,80],"floor_reached":56,"language":"ENG","playtime":3167,"items_purged":["Strike_G","Strike_G"],"score":2888,"play_id":"635a04b7-7bdb-4687-b6f6-9d48c12220a4","local_time":"20210131234959","is_ascension_mode":true,"campfire_choices":[{"data":"Dagger Spray","floor":7.0,"key":"SMITH"},{"floor":11.0,"key":"REST"},{"data":"Skewer","floor":12.0,"key":"SMITH"},{"floor":15.0,"key":"REST"},{"data":"Blade Dance","floor":24.0,"key":"SMITH"},{"data":"1","floor":27.0,"key":"LIFT"},{"data":"2","floor":32.0,"key":"LIFT"},{"data":"3","floor":41.0,"key":"LIFT"},{"floor":47.0,"key":"RECALL"},{"data":"Accuracy","floor":49.0,"key":"SMITH"},{"data":"Blade Dance","floor":52.0,"key":"SMITH"}],"circlet_count":0,"master_deck":["AscendersBane","Defend_G","Defend_G","Defend_G+1","Defend_G+1","Defend_G","Neutralize","Terror","Flying Knee","Skewer+1","Dagger Spray+1","Dagger Spray","Adrenaline","After Image","Blade Dance+1","Blade Dance+1","Endless Agony","Cloak And Dagger","Accuracy+1","After Image","CurseOfTheBell","Dodge and Roll+1","Cloak And Dagger","Concentrate+1","Leg Sweep+1","Blade Dance","Cloak And Dagger","Cloak And Dagger"],"relics":["Ring of the Snake","FossilizedHelix","InkBottle","The Courier","WingedGreaves","Ginger","Coffee Dripper","Blood Vial","Thread and Needle","Girya","Anchor","Bag of Marbles","Lantern","Calling Bell","Smiling Mask","Kunai","Unceasing Top","Red Mask","MawBank","Oddly Smooth Stone","Prayer Wheel","Dream Catcher","MealTicket","Chemical X","Tough Bandages"],"acts_visited":["Exordium","TheCity","TheBeyond","TheEnding"],"potions_floor_usage":[55,55],"damage_taken":[{"damage":0.0,"enemies":"Small Slimes","floor":1.0,"turns":4.0},{"damage":0.0,"enemies":"Jaw Worm","floor":2.0,"turns":5.0},{"damage":0.0,"enemies":"Cultist","floor":4.0,"turns":4.0},{"damage":14.0,"enemies":"Exordium Wildlife","floor":5.0,"turns":6.0},{"damage":7.0,"enemies":"Lagavulin","floor":6.0,"turns":6.0},{"damage":20.0,"enemies":"3 Sentries","floor":8.0,"turns":7.0},{"damage":0.0,"enemies":"Lots of Slimes","floor":14.0,"turns":1.0},{"damage":0.0,"enemies":"Slime Boss","floor":16.0,"turns":7.0},{"damage":0.0,"enemies":"3 Byrds","floor":18.0,"turns":4.0},{"damage":0.0,"enemies":"Chosen","floor":20.0,"turns":3.0},{"damage":0.0,"enemies":"Snecko","floor":21.0,"turns":3.0},{"damage":3.0,"enemies":"Gremlin Leader","floor":23.0,"turns":8.0},{"damage":29.0,"enemies":"Book of Stabbing","floor":25.0,"turns":7.0},{"damage":0.0,"enemies":"Cultist and Chosen","floor":28.0,"turns":4.0},{"damage":0.0,"enemies":"Chosen and Byrds","floor":30.0,"turns":3.0},{"damage":0.0,"enemies":"Champ","floor":33.0,"turns":6.0},{"damage":0.0,"enemies":"3 Darklings","floor":35.0,"turns":4.0},{"damage":0.0,"enemies":"3 Shapes","floor":36.0,"turns":2.0},{"damage":0.0,"enemies":"Transient","floor":39.0,"turns":6.0},{"damage":0.0,"enemies":"Giant Head","floor":40.0,"turns":5.0},{"damage":0.0,"enemies":"Reptomancer","floor":42.0,"turns":4.0},{"damage":0.0,"enemies":"2 Orb Walkers","floor":45.0,"turns":3.0},{"damage":0.0,"enemies":"Giant Head","floor":46.0,"turns":4.0},{"damage":0.0,"enemies":"Nemesis","floor":48.0,"turns":6.0},{"damage":0.0,"enemies":"Awakened One","floor":50.0,"turns":12.0},{"damage":0.0,"enemies":"Shield and Spear","floor":54.0,"turns":5.0},{"damage":24,"enemies":"The Heart","floor":55,"turns":8}],"seed_played":"-8007960066225259425","potions_obtained":[{"floor":5.0,"key":"SkillPotion"},{"floor":14.0,"key":"CunningPotion"},{"floor":16.0,"key":"EntropicBrew"},{"floor":18.0,"key":"EssenceOfSteel"},{"floor":20.0,"key":"Energy Potion"},{"floor":33.0,"key":"Block Potion"},{"floor":35.0,"key":"DuplicationPotion"},{"floor":39.0,"key":"Strength Potion"},{"floor":54.0,"key":"DuplicationPotion"}],"is_trial":false,"path_per_floor":["M","M","?","M","M","E","R","E","T","?","R","R","?","M","R","B",null,"M","?","M","M","?","E","R","E","T","R","M","?","M","$","R","B",null,"M","M","?","?","M","E","R","E","T","$","?","E","R","E","R","B",null,"R","$","E","B",null],"character_chosen":"THE_SILENT","items_purchased":["Accuracy","Anchor","Bag of Marbles","Lantern","Chemical X"],"campfire_rested":2,"item_purchase_floors":[31,31,31,31,53],"current_hp_per_floor":[59,59,59,59,45,38,38,18,18,7,26,26,6,6,25,25,56,56,56,56,56,56,53,53,26,26,26,28,28,30,30,30,32,58,60,62,62,62,64,66,66,66,66,66,66,66,66,66,66,66,66,66,66,66,42],"gold":80,"neow_bonus":"ONE_RARE_RELIC","is_daily":false,"chose_seed":false,"campfire_upgraded":5,"win_rate":0.0,"timestamp":1612133399,"path_taken":["M","M","?","M","M","E","R","E","T","?","R","R","?","?","R","BOSS","M","?","?","M","?","E","R","E","T","R","?","?","?","$","R","BOSS","M","M","?","?","M","E","R","E","T","?","?","E","R","E","R","BOSS","R","$","E","BOSS"],"items_purchased_type":["Card","Relic","Relic","Relic","Relic"],"build_version":"2020-12-22","purchased_purges":2,"victory":true,"max_hp_per_floor":[66,66,66,66,66,66,66,66,66,66,66,66,66,66,66,66,66,66,66,66,66,66,66,66,66,66,66,66,66,66,66,66,66,66,66,66,66,66,66,66,66,66,66,66,66,66,66,66,66,66,66,66,66,66,66],"relic_stats":{"counters":[27,137],"Ginger":[14],"Smiling Mask":30,"MawBank":48,"Blood Vial":16,"Dream Catcher":0,"Tough Bandages":[6],"Prayer Wheel":0,"MealTicket":0,"Kunai":[75],"Chemical X":[5],"obtain_stats":[{"Lantern":31,"Ginger":10,"Smiling Mask":34,"Blood Vial":23,"Dream Catcher":46,"Tough Bandages":54,"Prayer Wheel":45,"MealTicket":48,"WingedGreaves":9,"Red Mask":37,"Kunai":34,"Chemical X":53,"InkBottle":6,"Ring of the Snake":0,"Girya":26,"Oddly Smooth Stone":42,"Thread and Needle":25,"The Courier":8,"MawBank":40,"Calling Bell":34,"Anchor":31,"Coffee Dripper":17,"Bag of Marbles":31,"FossilizedHelix":0,"Unceasing Top":34},{"Lantern":15,"Ginger":6,"Smiling Mask":16,"Blood Vial":12,"Dream Catcher":23,"Tough Bandages":26,"Prayer Wheel":22,"MealTicket":24,"WingedGreaves":6,"Red Mask":18,"Kunai":16,"Chemical X":25,"InkBottle":5,"Ring of the Snake":0,"Girya":13,"Oddly Smooth Stone":21,"Thread and Needle":13,"The Courier":6,"MawBank":20,"Calling Bell":16,"Anchor":15,"Coffee Dripper":8,"Bag of Marbles":15,"FossilizedHelix":0,"Unceasing Top":16},{"Lantern":72,"Ginger":32,"Smiling Mask":78,"Blood Vial":58,"Dream Catcher":106,"Tough Bandages":129,"Prayer Wheel":102,"MealTicket":112,"WingedGreaves":32,"Red Mask":84,"Kunai":78,"Chemical X":124,"InkBottle":25,"Ring of the Snake":0,"Girya":65,"Oddly Smooth Stone":99,"Thread and Needle":65,"The Courier":32,"MawBank":95,"Calling Bell":78,"Anchor":72,"Coffee Dripper":40,"Bag of Marbles":72,"FossilizedHelix":0,"Unceasing Top":78}],"InkBottle":[77],"Unceasing Top":[31],"Ring of the Snake":[55]},"card_choices":[{"not_picked":["Prepared","Bane","Acrobatics"],"picked":"SKIP","floor":1.0},{"not_picked":["Acrobatics","Outmaneuver","Riddle With Holes"],"picked":"SKIP","floor":2.0},{"not_picked":["Outmaneuver","Poisoned Stab"],"picked":"Flying Knee","floor":4.0},{"not_picked":["Cloak And Dagger","Heel Hook"],"picked":"Skewer","floor":5.0},{"not_picked":["Masterful Stab","Skewer"],"picked":"Dagger Spray","floor":6.0},{"not_picked":["Slice","Sucker Punch"],"picked":"Dagger Spray","floor":8.0},{"not_picked":["Dodge and Roll","Infinite Blades"],"picked":"Adrenaline","floor":14.0},{"not_picked":["Unload","Tools of the Trade"],"picked":"After Image","floor":16.0},{"not_picked":["Bane","Skewer","Quick Slash"],"picked":"SKIP","floor":18.0},{"not_picked":["Outmaneuver","Setup"],"picked":"Blade Dance","floor":20.0},{"not_picked":["Sucker Punch","Skewer","Poisoned Stab"],"picked":"SKIP","floor":21.0},{"not_picked":["Slice","Acrobatics"],"picked":"Blade Dance","floor":23.0},{"not_picked":["Terror","Poisoned Stab","Expertise"],"picked":"SKIP","floor":25.0},{"not_picked":["Dodge and Roll+1","Dagger Throw"],"picked":"Endless Agony","floor":28.0},{"not_picked":["Flechettes","Tactician"],"picked":"Cloak And Dagger","floor":30.0},{"not_picked":["Venomology","Malaise"],"picked":"After Image","floor":33.0},{"not_picked":["Poisoned Stab","Slice"],"picked":"Dodge and Roll+1","floor":35.0},{"not_picked":["Eviscerate","Dagger Throw+1"],"picked":"Cloak And Dagger","floor":36.0},{"not_picked":["Bane+1","Bouncing Flask+1"],"picked":"Concentrate+1","floor":39.0},{"not_picked":["Distraction+1","Choke+1"],"picked":"Leg Sweep+1","floor":40.0},{"not_picked":["Dagger Throw","Quick Slash","Heel Hook"],"picked":"SKIP","floor":42.0},{"not_picked":["Die Die Die","Slice+1"],"picked":"Blade Dance","floor":45.0},{"not_picked":["Setup","PiercingWail"],"picked":"Cloak And Dagger","floor":46.0},{"not_picked":["Crippling Poison+1","Outmaneuver","Flying Knee"],"picked":"SKIP","floor":48.0},{"not_picked":["Quick Slash","Riddle With Holes"],"picked":"Cloak And Dagger","floor":54.0}],"player_experience":282447,"relics_obtained":[{"floor":6.0,"key":"InkBottle"},{"floor":8.0,"key":"The Courier"},{"floor":9.0,"key":"WingedGreaves"},{"floor":23.0,"key":"Blood Vial"},{"floor":25.0,"key":"Thread and Needle"},{"floor":26.0,"key":"Girya"},{"floor":34.0,"key":"Smiling Mask"},{"floor":34.0,"key":"Kunai"},{"floor":34.0,"key":"Unceasing Top"},{"floor":40.0,"key":"MawBank"},{"floor":42.0,"key":"Oddly Smooth Stone"},{"floor":45.0,"key":"Prayer Wheel"},{"floor":46.0,"key":"Dream Catcher"},{"floor":48.0,"key":"MealTicket"},{"floor":54.0,"key":"Tough Bandages"}],"event_choices":[{"damage_healed":0.0,"max_hp_gain":0.0,"max_hp_loss":0.0,"gold_gain":0.0,"cards_transformed":["Strike_G"],"event_name":"Living Wall","player_choice":"Change","floor":3.0,"gold_loss":0.0,"damage_taken":0.0,"cards_obtained":["Terror"]},{"damage_healed":0.0,"max_hp_gain":0.0,"max_hp_loss":0.0,"gold_gain":0.0,"event_name":"Scrap Ooze","player_choice":"Success","floor":10.0,"gold_loss":0.0,"damage_taken":11.0,"relics_obtained":["Ginger"]},{"damage_healed":0.0,"max_hp_gain":0.0,"max_hp_loss":0.0,"gold_gain":0.0,"event_name":"Shining Light","player_choice":"Entered Light","floor":13.0,"gold_loss":0.0,"damage_taken":20.0,"cards_upgraded":["Defend_G","Defend_G"]},{"damage_healed":0.0,"max_hp_gain":0.0,"max_hp_loss":0.0,"gold_gain":250.0,"event_name":"The Joust","player_choice":"Bet on Owner","floor":19.0,"gold_loss":50.0,"damage_taken":0.0},{"cards_removed":["Strike_G"],"damage_healed":0.0,"max_hp_gain":0.0,"max_hp_loss":0.0,"gold_gain":0.0,"event_name":"Bonfire Elementals","player_choice":"Offered Basic","floor":22.0,"gold_loss":0.0,"damage_taken":0.0},{"cards_removed":["Strike_G"],"damage_healed":0.0,"max_hp_gain":0.0,"max_hp_loss":0.0,"gold_gain":0.0,"event_name":"Purifier","player_choice":"Purged","floor":29.0,"gold_loss":0.0,"damage_taken":0.0},{"damage_healed":0.0,"max_hp_gain":0.0,"max_hp_loss":0.0,"gold_gain":0.0,"event_name":"Tomb of Lord Red Mask","player_choice":"Paid","floor":37.0,"gold_loss":131.0,"damage_taken":0.0,"relics_obtained":["Red Mask"]},{"cards_removed":["Survivor"],"damage_healed":0.0,"max_hp_gain":0.0,"max_hp_loss":0.0,"gold_gain":0.0,"event_name":"Falling","player_choice":"Removed Skill","floor":38.0,"gold_loss":0.0,"damage_taken":0.0},{"damage_healed":0.0,"max_hp_gain":0.0,"max_hp_loss":0.0,"gold_gain":0.0,"event_name":"Mysterious Sphere","player_choice":"Fight","floor":45.0,"gold_loss":0.0,"damage_taken":0.0}],"is_beta":false,"boss_relics":[{"not_picked":["Ectoplasm","Runic Pyramid"],"picked":"Coffee Dripper"},{"not_picked":["Snecko Eye","Runic Dome"],"picked":"Calling Bell"}],"items_purged_floors":[31,44],"is_endless":false,"potions_floor_spawned":[5,14,16,18,20,33,35,39,42,46,54],"ascension_level":18}}