{"host":"yrnalve8h0i0utgz","time":1612115116,"event":{"mods":["BaseMod","Bestiary","Minty Spire (QoL Compilation)","StSLib","SuperFastMode"],"gold_per_floor":[117,117,42,7,26,26,51,92,92,92,92,128,28,52,52,172,172,186,38,218,241,262,262,262],"floor_reached":23,"language":"ENG","playtime":822,"items_purged":["Defend_P","Strike_P"],"score":224,"play_id":"48a741f3-aee4-4c44-a514-6bedaa800777","local_time":"20210131184516","is_ascension_mode":false,"campfire_choices":[{"data":"Vault","floor":6,"key":"SMITH"},{"floor":10,"key":"REST"},{"floor":15,"key":"REST"}],"circlet_count":0,"master_deck":["Strike_P","Strike_P","Strike_P","Defend_P","Defend_P","Defend_P","Eruption","Vigilance","Vault+1","Sanctity","FollowUp","Prostrate","Alpha","CrushJoints","Prostrate","LessonLearned","Evaluate","JustLucky","CutThroughFate","Pray"],"relics":["PureWater","Golden Idol","Prayer Wheel","Darkstone Periapt","Matryoshka","StoneCalendar","Busted Crown","Membership Card"],"acts_visited":["Exordium","TheCity"],"potions_floor_usage":[8,8,16,22],"damage_taken":[{"damage":10,"enemies":"Small Slimes","floor":1,"turns":6},{"damage":1,"enemies":"Jaw Worm","floor":5,"turns":5},{"damage":0,"enemies":"2 Louse","floor":7,"turns":4},{"damage":38,"enemies":"Gremlin Nob","floor":8,"turns":5},{"damage":9,"enemies":"Lagavulin","floor":12,"turns":8},{"damage":2,"enemies":"Blue Slaver","floor":14,"turns":3},{"damage":21,"enemies":"Hexaghost","floor":16,"turns":6},{"damage":6,"enemies":"Chosen","floor":18,"turns":6},{"damage":11,"enemies":"3 Byrds","floor":21,"turns":4},{"damage":22,"enemies":"Shelled Parasite and Fungi","floor":22,"turns":7},{"damage":18,"enemies":"Gremlin Leader","floor":23,"turns":2}],"seed_played":"4523604928565727462","potions_obtained":[{"floor":5,"key":"DistilledChaos"},{"floor":7,"key":"BlessingOfTheForge"},{"floor":14,"key":"DuplicationPotion"},{"floor":21,"key":"Regen Potion"}],"is_trial":false,"path_per_floor":["M","?","$","?","M","R","M","E","T","R","?","E","$","M","R","B",null,"M","$","?","M","M","E"],"character_chosen":"WATCHER","items_purchased":["Membership Card"],"campfire_rested":2,"item_purchase_floors":[19],"current_hp_per_floor":[62,44,44,62,61,61,61,23,23,44,26,17,17,15,36,15,72,66,66,47,36,14,0,0],"gold":262,"neow_bonus":"ONE_RANDOM_RARE_CARD","is_daily":false,"chose_seed":false,"campfire_upgraded":1,"win_rate":0.0,"timestamp":1612115116,"path_taken":["M","?","$","?","M","R","M","E","T","R","?","E","?","M","R","BOSS","M","$","?","M","?","E"],"items_purchased_type":["Relic"],"build_version":"2020-12-22","purchased_purges":2,"victory":false,"max_hp_per_floor":[72,72,72,72,72,72,72,72,72,72,72,72,72,72,72,72,72,72,72,72,72,72,72,72],"card_choices":[{"not_picked":["CrushJoints","EmptyFist"],"picked":"Sanctity","floor":1},{"not_picked":["LikeWater","Evaluate"],"picked":"FollowUp","floor":5},{"not_picked":["EmptyFist","MentalFortress"],"picked":"Prostrate","floor":7},{"not_picked":["BowlingBash","FlyingSleeves"],"picked":"Alpha","floor":8},{"not_picked":["ConjureBlade","Collect"],"picked":"CrushJoints","floor":12},{"not_picked":["WheelKick","CutThroughFate"],"picked":"Prostrate","floor":14},{"not_picked":["BowlingBash","EmptyBody","MentalFortress"],"picked":"SKIP","floor":14},{"not_picked":["Vault","Establishment"],"picked":"LessonLearned","floor":16},{"not_picked":[],"picked":"Evaluate","floor":18},{"not_picked":[],"picked":"JustLucky","floor":18},{"not_picked":[],"picked":"CutThroughFate","floor":21},{"not_picked":["EmptyBody"],"picked":"SKIP","floor":21},{"not_picked":[],"picked":"Pray","floor":22},{"not_picked":["Study"],"picked":"SKIP","floor":22}],"player_experience":260497,"relics_obtained":[{"floor":8,"key":"Prayer Wheel"},{"floor":9,"key":"Darkstone Periapt"},{"floor":12,"key":"StoneCalendar"}],"event_choices":[{"damage_healed":0,"gold_gain":0,"player_choice":"Take Damage","damage_taken":18,"relics_obtained":["Golden Idol"],"max_hp_gain":0,"max_hp_loss":0,"event_name":"Golden Idol","floor":2,"gold_loss":0},{"damage_healed":18,"gold_gain":0,"player_choice":"Healed","damage_taken":0,"max_hp_gain":0,"max_hp_loss":0,"event_name":"The Cleric","floor":4,"gold_loss":35},{"damage_healed":0,"gold_gain":0,"player_choice":"Success","damage_taken":18,"relics_obtained":["Matryoshka"],"max_hp_gain":0,"max_hp_loss":0,"event_name":"Scrap Ooze","floor":11,"gold_loss":0},{"damage_healed":0,"gold_gain":180,"player_choice":"GOLD GOLD ","damage_taken":19,"max_hp_gain":0,"max_hp_loss":0,"event_name":"Knowing Skull","floor":20,"potions_obtained":[],"gold_loss":0,"cards_obtained":[]}],"is_beta":false,"boss_relics":[{"not_picked":["Cursed Key","Coffee Dripper"],"picked":"Busted Crown"}],"items_purged_floors":[3,13],"is_endless":false,"potions_floor_spawned":[5,7,14,21],"killed_by":"Gremlin Leader","ascension_level":0}}