{"host":"neeznpvpgo0qgfkd","time":1612076002,"event":{"mods":["AchievementEnabler","BaseMod","BetterRewards","Colored Map","Colored Powertips","Exacting","Minty Spire (QoL Compilation)","Permanent Neow","Quick Restart","Shop Mod"],"gold_per_floor":[113,113,153,153,53,79,79,95,95,95,107,132,142,172,172,248,248,274,284,199,199,248,248,288,288,288,306,334,5,5,33,33,105,105,122,122,122,397,408,435,447,95,172,205,205,224,237,262,262,262,262,262,62,89,89,89],"floor_reached":55,"language":"ENG","playtime":3489,"items_purged":["Regret"],"score":2247,"play_id":"bb6b31fe-7f20-4c72-97fa-6d7d6974cc4a","local_time":"20210131015322","is_ascension_mode":true,"campfire_choices":[{"floor":7.0,"key":"REST"},{"floor":15,"key":"REST"},{"floor":23,"key":"RECALL"},{"data":"After Image","floor":25,"key":"SMITH"},{"floor":32,"key":"REST"},{"floor":41,"key":"REST"},{"data":"A Thousand Cuts","floor":49,"key":"SMITH"},{"data":"Envenom","floor":52,"key":"SMITH"}],"circlet_count":0,"master_deck":["AscendersBane","Strike_G","Strike_G","Strike_G","Strike_G","Strike_G","Defend_G","Defend_G","Defend_G","Defend_G","Defend_G","Survivor","Neutralize","Noxious Fumes","Apotheosis+1","Dagger Spray","Madness","Poisoned Stab","Dodge and Roll","Dramatic Entrance","Prepared","Well Laid Plans","Backflip","Cloak And Dagger","After Image+1","Die Die Die","Dagger Spray","Leg Sweep+1","A Thousand Cuts+1","Outmaneuver","Adrenaline","Bane","Madness","Madness","Regret","Dagger Spray","Corpse Explosion","Caltrops","Noxious Fumes+1","Outmaneuver","Envenom+1","Phantasmal Killer","Noxious Fumes"],"relics":["Ring of the Snake","Gremlin Horn","Peace Pipe","Tiny Chest","CaptainsWheel","Incense Burner","Blue Candle","Centennial Puzzle","Meat on the Bone","The Courier","Bottled Flame","White Beast Statue","InkBottle","Nloth\u0027s Gift","Bag of Preparation","Calipers","Anchor","Vajra","Lantern","ClockworkSouvenir","Shuriken","Runic Dome","Letter Opener","MawBank","Blood Vial","Ginger","Pear","Ornamental Fan","Potion Belt","Nunchaku","Bottled Lightning"],"acts_visited":["Exordium","TheCity","TheBeyond","TheEnding"],"potions_floor_usage":[33,46,54,55,55,55],"damage_taken":[{"damage":2.0,"enemies":"Small Slimes","floor":1.0,"turns":4.0},{"damage":0.0,"enemies":"2 Louse","floor":3.0,"turns":2.0},{"damage":11.0,"enemies":"3 Sentries","floor":6.0,"turns":4.0},{"damage":1.0,"enemies":"Jaw Worm","floor":8.0,"turns":2.0},{"damage":0.0,"enemies":"2 Fungi Beasts","floor":11.0,"turns":2.0},{"damage":10.0,"enemies":"Lagavulin","floor":12.0,"turns":6.0},{"damage":8.0,"enemies":"Blue Slaver","floor":13.0,"turns":3.0},{"damage":20,"enemies":"Gremlin Nob","floor":14,"turns":5},{"damage":1,"enemies":"Slime Boss","floor":16,"turns":10},{"damage":5,"enemies":"Chosen","floor":18,"turns":4},{"damage":2,"enemies":"Spheric Guardian","floor":19,"turns":5},{"damage":24,"enemies":"Slavers","floor":24,"turns":5},{"damage":1,"enemies":"Snake Plant","floor":27,"turns":7},{"damage":0,"enemies":"Book of Stabbing","floor":28,"turns":7},{"damage":0,"enemies":"Gremlin Leader","floor":31,"turns":5},{"damage":37,"enemies":"Champ","floor":33,"turns":12},{"damage":0,"enemies":"Orb Walker","floor":35,"turns":4},{"damage":0,"enemies":"3 Shapes","floor":39,"turns":1},{"damage":1,"enemies":"Nemesis","floor":40,"turns":7},{"damage":1,"enemies":"Giant Head","floor":44,"turns":8},{"damage":0,"enemies":"Transient","floor":46,"turns":5},{"damage":8,"enemies":"3 Darklings","floor":47,"turns":3},{"damage":0,"enemies":"Reptomancer","floor":48,"turns":5},{"damage":41,"enemies":"Awakened One","floor":50,"turns":14},{"damage":56,"enemies":"Shield and Spear","floor":54,"turns":6},{"damage":27,"enemies":"The Heart","floor":55,"turns":5}],"seed_played":"616263667926179153","potions_obtained":[{"floor":6.0,"key":"DuplicationPotion"},{"floor":6.0,"key":"EssenceOfSteel"},{"floor":12.0,"key":"SkillPotion"},{"floor":14,"key":"Ancient Potion"},{"floor":18,"key":"BlessingOfTheForge"},{"floor":24,"key":"DuplicationPotion"},{"floor":33,"key":"DistilledChaos"},{"floor":46,"key":"EssenceOfSteel"},{"floor":48,"key":"BlessingOfTheForge"},{"floor":54,"key":"FearPotion"}],"is_trial":false,"path_per_floor":["M","?","M","?","$","E","R","M","T","T","M","E","M","E","R","B",null,"M","M","?","?","T","R","E","R","T","M","E","$","?","E","R","B",null,"M","?","T","?","M","E","R","$","T","E","T","M","M","E","R","B",null,"R","$","E","B"],"character_chosen":"THE_SILENT","items_purchased":["Gremlin Horn","Tiny Chest","Noxious Fumes","CaptainsWheel","Apotheosis","Dagger Spray","Madness","Dramatic Entrance","Lantern","ClockworkSouvenir","Blood Vial","Ginger","Nunchaku","Phantasmal Killer"],"campfire_rested":4,"item_purchase_floors":[0,0,0,0,0,0,0,5,29,29,42,42,53,53],"current_hp_per_floor":[57,57,57,57,57,46,65,64,64,64,64,54,46,38,57,56,64,59,57,57,57,57,57,45,45,45,44,44,44,44,44,63,38,59,59,47,47,47,47,46,65,65,65,75,75,76,68,76,76,39,67,67,67,25,0,0],"gold":89,"neow_bonus":"","is_daily":false,"chose_seed":false,"campfire_upgraded":3,"win_rate":0.0,"timestamp":1612076002,"path_taken":["M","?","M","?","?","E","R","M","T","?","?","E","M","E","R","BOSS","M","M","?","?","?","R","E","R","T","?","E","$","?","E","R","BOSS","M","?","?","?","?","E","R","?","T","E","?","M","M","E","R","BOSS","R","$","E","BOSS"],"items_purchased_type":["Relic","Relic","Card","Relic","Card","Card","Card","Card","Relic","Relic","Relic","Relic","Relic","Card"],"build_version":"2020-12-22","purchased_purges":1,"victory":false,"max_hp_per_floor":[66,66,66,66,66,66,66,66,66,66,66,66,66,66,66,66,66,66,66,66,66,66,66,66,66,66,66,66,66,66,66,66,66,66,66,66,66,66,66,66,66,66,66,76,76,76,76,76,76,76,76,76,76,76,76,76],"card_choices":[{"not_picked":["Escape Plan","Underhanded Strike"],"picked":"Poisoned Stab","floor":1.0},{"not_picked":["Dagger Throw","Catalyst"],"picked":"Dodge and Roll","floor":3.0},{"not_picked":["Quick Slash","Outmaneuver"],"picked":"Prepared","floor":6.0},{"not_picked":["Eviscerate","Dagger Throw"],"picked":"Well Laid Plans","floor":8.0},{"not_picked":["Dagger Throw","Prepared"],"picked":"Backflip","floor":11.0},{"not_picked":["Backflip","Choke"],"picked":"Cloak And Dagger","floor":12.0},{"not_picked":["Slice","Quick Slash","All Out Attack"],"picked":"SKIP","floor":13.0},{"not_picked":["Predator","Calculated Gamble"],"picked":"After Image","floor":14},{"not_picked":["Storm of Steel","Unload"],"picked":"Die Die Die","floor":16},{"not_picked":["Reflex","Well Laid Plans"],"picked":"Dagger Spray","floor":18},{"not_picked":["Crippling Poison","Deadly Poison","Masterful Stab"],"picked":"SKIP","floor":19},{"not_picked":["Riddle With Holes","Escape Plan"],"picked":"Leg Sweep+1","floor":24},{"not_picked":["Heel Hook","Backflip","Predator"],"picked":"SKIP","floor":27},{"not_picked":["Venomology","Flechettes"],"picked":"A Thousand Cuts","floor":28},{"not_picked":["Bullet Time","Storm of Steel"],"picked":"Outmaneuver","floor":31},{"not_picked":["Night Terror","Glass Knife"],"picked":"Adrenaline","floor":33},{"not_picked":["Quick Slash","Expertise"],"picked":"Bane","floor":35},{"not_picked":["Deadly Poison+1","Prepared"],"picked":"Dagger Spray","floor":39},{"not_picked":["Unload","Quick Slash"],"picked":"Corpse Explosion","floor":40},{"not_picked":["Crippling Poison+1","Dagger Throw+1"],"picked":"Caltrops","floor":40},{"not_picked":["Footwork","Deadly Poison"],"picked":"Noxious Fumes+1","floor":44},{"not_picked":["Well Laid Plans+1","Slice"],"picked":"Outmaneuver","floor":46},{"not_picked":["Acrobatics","Prepared","Backflip+1"],"picked":"SKIP","floor":47},{"not_picked":["Deflect","Doppelganger"],"picked":"Envenom","floor":48},{"not_picked":["Sucker Punch","Bane"],"picked":"Noxious Fumes","floor":54}],"player_experience":1935135,"relics_obtained":[{"floor":6.0,"key":"Centennial Puzzle"},{"floor":9.0,"key":"Meat on the Bone"},{"floor":10.0,"key":"The Courier"},{"floor":12.0,"key":"Bottled Flame"},{"floor":14,"key":"White Beast Statue"},{"floor":22,"key":"Bag of Preparation"},{"floor":24,"key":"Calipers"},{"floor":26,"key":"Anchor"},{"floor":28,"key":"Vajra"},{"floor":31,"key":"Shuriken"},{"floor":37,"key":"Letter Opener"},{"floor":40,"key":"MawBank"},{"floor":44,"key":"Pear"},{"floor":45,"key":"Ornamental Fan"},{"floor":48,"key":"Potion Belt"},{"floor":54,"key":"Bottled Lightning"}],"event_choices":[{"damage_healed":0.0,"max_hp_gain":0.0,"max_hp_loss":0.0,"gold_gain":0.0,"event_name":"Big Fish","player_choice":"Box","floor":2.0,"gold_loss":0.0,"damage_taken":0.0,"relics_obtained":["Blue Candle"],"cards_obtained":["Regret"]},{"damage_healed":0.0,"max_hp_gain":0.0,"max_hp_loss":0.0,"gold_gain":0.0,"event_name":"Living Wall","player_choice":"Grow","floor":4.0,"gold_loss":0.0,"damage_taken":0.0,"cards_upgraded":["Apotheosis"]},{"damage_healed":0,"gold_gain":0,"player_choice":"Obtained Relic","damage_taken":0,"relics_obtained":["InkBottle"],"max_hp_gain":0,"max_hp_loss":0,"event_name":"Addict","floor":20,"gold_loss":85},{"damage_healed":0,"gold_gain":0,"player_choice":"Traded Relic","damage_taken":0,"relics_obtained":["Nloth\u0027s Gift"],"max_hp_gain":0,"max_hp_loss":0,"event_name":"N\u0027loth","floor":21,"relics_lost":["WristBlade"],"gold_loss":0},{"damage_healed":0,"gold_gain":0,"player_choice":"Ignored","damage_taken":0,"max_hp_gain":0,"max_hp_loss":0,"event_name":"Ghosts","floor":30,"gold_loss":0},{"damage_healed":0,"gold_gain":0,"player_choice":"Embrace Madness","damage_taken":12,"max_hp_gain":0,"max_hp_loss":0,"event_name":"Winding Halls","floor":36,"gold_loss":0,"cards_obtained":["Madness","Madness"]},{"damage_healed":0,"gold_gain":275,"player_choice":"Desecrate","damage_taken":0,"max_hp_gain":0,"max_hp_loss":0,"event_name":"Golden Shrine","floor":38,"gold_loss":0,"cards_obtained":["Regret"]}],"is_beta":false,"boss_relics":[{"not_picked":["Philosopher\u0027s Stone","HoveringKite"],"picked":"WristBlade"},{"not_picked":["Pandora\u0027s Box","Snecko Eye"],"picked":"Runic Dome"}],"items_purged_floors":[29],"is_endless":false,"potions_floor_spawned":[6,12,13,14,16,18,19,24,27,28,31,33,35,39,40,44,46,47,48,54],"killed_by":"The Heart","ascension_level":16}}