{"host":"fkig9nrckec4xsh0","time":1612056335,"event":{"mods":["Act Like it!","BaseMod","Colored Map","Gensokyo","Hermit","Marisa????????","Minty Spire (QoL Compilation)","Quick Restart","Replay The Spire","StSLib"],"gold_per_floor":[114,114,127,277,301,326,326,359,404,438,451,451,60,60,60,158,158,182,182,182],"floor_reached":19,"language":"ENG","playtime":859,"items_purged":["Doubt"],"score":364,"play_id":"c61f7ff6-b948-46b3-a523-78249b4dfb6e","local_time":"20210130202535","is_ascension_mode":true,"campfire_choices":[{"data":"Acrobatics","floor":7,"key":"SMITH"},{"floor":12,"key":"REST"},{"data":"Tools of the Trade","floor":15,"key":"SMITH"}],"circlet_count":0,"master_deck":["AscendersBane","Strike_G","Strike_G","Strike_G","Strike_G","Strike_G","Defend_G","Defend_G","Defend_G","Defend_G","Defend_G","Survivor","Neutralize","ReplayTheSpireMod:The Works","Acrobatics+1","Choke","Phantasmal Killer","Tools of the Trade+1","ReplayTheSpireMod:Brewmster","Adrenaline","Outmaneuver+1"],"relics":["Ring of the Snake","NeowsBlessing","Replay:Rubber Ducky","Mercury Hourglass","Singing Bowl","Tiny Chest","Replay:Accelerometer","Golden Idol","SlaversCollar"],"acts_visited":["Exordium","TheCity"],"potions_floor_usage":[8,8,8,10,10,16,16,16,16,18,19,19,19,19],"damage_taken":[{"damage":0,"enemies":"Small Slimes","floor":1,"turns":1},{"damage":0,"enemies":"Cultist","floor":3,"turns":1},{"damage":0,"enemies":"Gremlin Nob","floor":6,"turns":1},{"damage":32,"enemies":"3 Sentries","floor":8,"turns":7},{"damage":16,"enemies":"Gremlin Nob","floor":10,"turns":3},{"damage":2,"enemies":"Jaw Worm","floor":11,"turns":3},{"damage":7,"enemies":"Fading Forest","floor":16,"turns":11},{"damage":17,"enemies":"3 Byrds","floor":18,"turns":5},{"damage":44,"enemies":"Masked Bandits","floor":19,"turns":3}],"seed_played":"3990246006670074542","potions_obtained":[{"floor":1,"key":"EntropicBrew"},{"floor":6,"key":"Venom Potion"},{"floor":8,"key":"Fire Potion"},{"floor":11,"key":"AttackPotion"},{"floor":18,"key":"Toxic Potion"}],"is_trial":false,"path_per_floor":["M","?","M","?","T","E","R","E","T","E","M","R","$","?","R","B",null,"M","?"],"character_chosen":"THE_SILENT","items_purchased":["Tools of the Trade","ReplayTheSpireMod:Brewmster"],"campfire_rested":1,"item_purchase_floors":[13,13],"current_hp_per_floor":[59,66,66,66,66,66,66,36,36,20,20,41,41,41,41,42,58,41,0,0],"gold":182,"neow_bonus":"THREE_ENEMY_KILL","is_daily":false,"chose_seed":false,"campfire_upgraded":2,"win_rate":0.0,"timestamp":1612056335,"path_taken":["M","?","?","?","?","E","R","E","T","E","?","R","$","?","R","BOSS","M","?"],"items_purchased_type":["Card","Card"],"build_version":"2020-12-22","purchased_purges":1,"victory":false,"max_hp_per_floor":[66,66,66,66,66,66,66,68,68,68,70,70,70,63,63,63,63,63,63,63],"card_choices":[{"not_picked":["Blur","Dagger Spray"],"picked":"ReplayTheSpireMod:The Works","floor":1},{"not_picked":["Toxin Wave","Deadly Poison"],"picked":"Acrobatics","floor":3},{"not_picked":["Quick Slash","Expertise"],"picked":"Choke","floor":6},{"not_picked":["Deadly Poison","Caltrops","Blade Dance"],"picked":"Singing Bowl","floor":8},{"not_picked":["Catalyst","Endless Agony"],"picked":"Phantasmal Killer","floor":10},{"not_picked":["Deflect","Dash","Poisoned Stab"],"picked":"Singing Bowl","floor":11},{"not_picked":["Tools of the Trade","Storm of Steel"],"picked":"Adrenaline","floor":16},{"not_picked":["Prepared","Reflex+1"],"picked":"Outmaneuver+1","floor":18}],"player_experience":415410,"relics_obtained":[{"floor":5,"key":"Replay:Rubber Ducky"},{"floor":6,"key":"Mercury Hourglass"},{"floor":8,"key":"Singing Bowl"},{"floor":9,"key":"Tiny Chest"},{"floor":10,"key":"Replay:Accelerometer"}],"event_choices":[{"damage_healed":7,"gold_gain":0,"player_choice":"Full Heal","damage_taken":0,"max_hp_gain":0,"max_hp_loss":0,"event_name":"Wheel of Change","floor":2,"gold_loss":0},{"damage_healed":0,"gold_gain":150,"player_choice":"AGREE","damage_taken":0,"max_hp_gain":0,"max_hp_loss":0,"event_name":"Liars Game","floor":4,"gold_loss":0,"cards_obtained":["Doubt"]},{"damage_healed":0,"gold_gain":0,"player_choice":"Lose Max HP","damage_taken":0,"relics_obtained":["Golden Idol"],"max_hp_gain":0,"max_hp_loss":7,"event_name":"Golden Idol","floor":14,"gold_loss":0},{"damage_healed":0,"gold_gain":0,"player_choice":"Fought Bandits","damage_taken":0,"max_hp_gain":0,"max_hp_loss":0,"event_name":"Masked Bandits","floor":19,"gold_loss":0}],"is_beta":false,"boss_relics":[{"not_picked":["Velvet Choker","Ectoplasm"],"picked":"SlaversCollar"}],"items_purged_floors":[13],"is_endless":false,"potions_floor_spawned":[1,6,8,11,18],"killed_by":"Masked Bandits","ascension_level":15}}