{"host":"dscols65uipasqd2","time":1612060996,"event":{"mods":["2.2 Compatiblity","AchievementEnabler","Aspiration","BaseMod","Colored Powertips","Downfall","Energized Spire","GifTheSpireLib","Hermit","Hubris","Infinite Spire","JesterMod","Jorbs\u0027s Wanderer Trilogy","Magitek Elite","Marisa????????","Minty Spire (QoL Compilation)","Rare Cards Sparkle","Replay The Spire","StSLib","Stuff the Spire","The Cursed","The Disciple","The Hierophant","The Judge","The Jungle","TheFirefly"],"gold_per_floor":[99,109,559,559,579,579,579,607,607,36,36,55,74,94,106,205,205,5,15,34,34,49,150,203,219,219,219,219],"floor_reached":26,"language":"ENG","playtime":1587,"items_purged":[],"score":310,"play_id":"8f5ebaf1-f68f-4967-aff9-1756033c06bf","local_time":"20210130214316","is_ascension_mode":false,"campfire_choices":[{"floor":9,"key":"REST"},{"floor":11,"key":"RECALL"}],"circlet_count":0,"master_deck":["sneckomod:Strike+1","sneckomod:Strike","sneckomod:Strike","sneckomod:Defend","sneckomod:Defend","sneckomod:Defend","sneckomod:TailWhip","sneckomod:SnekBite","sneckomod:Unknown","Footwork","sneckomod:QuickMove","downfall:Icky","Hello World","Delirium","Night Terror","expansioncontent:YouAreMine","sneckomod:SlitherStrike","Perfected Strike+1","sneckomod:IronFang","sneckomod:SnakeSap","Burning Pact","sneckomod:Unknown3Cost","hexamod:Haunt","sneckomod:UnknownBlock","stsjorbsmod:Amnesia","Regret","infinitespire:UltimateForm","sneckomod:SoulExchange","ReplayTheSpireMod:Splinters","sneckomod:SoulCleanse","sneckomod:UnknownCommonSkill","sneckomod:DefensiveFlair+1","sneckomod:UnendingSupply"],"relics":["sneckomod:SneckoSoul","m_SnakeBloodCore","Replay:Mystery Machine","Chameleon Ring","Replay:Wax Seal","Honey Jar","downfall:HeartBlessingRed","downfall:HeartBlessingBlue","Whetstone"],"acts_visited":["Exordium","TheCity"],"potions_floor_usage":[8,16,16,16,25,25],"damage_taken":[{"damage":6,"enemies":"2 Louse","floor":2,"turns":3},{"damage":13,"enemies":"Jaw Worm","floor":5,"turns":4},{"damage":28,"enemies":"Lagavulin","floor":8,"turns":11},{"damage":5,"enemies":"downfall:FleeingMerchant","floor":10,"turns":4},{"damage":3,"enemies":"Small Slimes","floor":12,"turns":3},{"damage":11,"enemies":"Red Slaver","floor":13,"turns":4},{"damage":9,"enemies":"Exordium Wildlife","floor":14,"turns":5},{"damage":0,"enemies":"Large Slime","floor":15,"turns":6},{"damage":10,"enemies":"SI_SHIV_ARCHETYPE","floor":16,"turns":5},{"damage":23,"enemies":"Shell Parasite","floor":19,"turns":6},{"damage":19,"enemies":"3 Byrds","floor":20,"turns":6},{"damage":22,"enemies":"Snake Plant","floor":22,"turns":4},{"damage":44,"enemies":"Shelled Parasite and Fungi","floor":25,"turns":12},{"damage":4,"enemies":"Centurion and Healer","floor":26,"turns":1}],"seed_played":"6923557173532561191","potions_obtained":[{"floor":0,"key":"bronze:BurnAndBuffPotion"},{"floor":0,"key":"SneckoOil"},{"floor":0,"key":"PowerPotion"},{"floor":18,"key":"Block Potion"},{"floor":18,"key":"bronze:BurnAndBuffPotion"},{"floor":19,"key":"Elixir"}],"is_trial":false,"path_per_floor":["R","M","?","?","M","?","T","E","R","$","R","M","M","M","M","B",null,"R","M","M","?","M","?","T","M","M"],"character_chosen":"THE_SNECKO","items_purchased":["Chameleon Ring","Replay:Wax Seal","SkillPotion","expansioncontent:YouAreMine","sneckomod:SlitherStrike"],"campfire_rested":1,"item_purchase_floors":[10,10,10,10,10],"current_hp_per_floor":[90,84,84,84,74,74,74,49,76,74,74,74,66,60,63,56,90,100,80,64,64,45,45,45,4,0,0,0],"gold":219,"neow_bonus":"THREE_SMALL_POTIONS","is_daily":false,"chose_seed":false,"campfire_upgraded":0,"win_rate":0.0,"timestamp":1612060996,"path_taken":["R","M","?","?","M","?","T","E","R","$","R","M","?","M","M","BOSS","R","M","M","?","M","?","T","M","?"],"items_purchased_type":["Relic","Relic","Potion","Card","Card"],"build_version":"2020-12-22","purchased_purges":0,"victory":false,"max_hp_per_floor":[90,90,90,90,90,90,90,90,90,90,90,90,90,90,90,90,90,100,100,100,100,100,100,100,100,100,100,100],"card_choices":[{"not_picked":["sneckomod:Memorize","sneckomod:UnknownDraw"],"picked":"sneckomod:QuickMove","floor":2},{"not_picked":["sneckomod:UnknownCommonAttack","sneckomod:UnknownBlock"],"picked":"Hello World","floor":5},{"not_picked":["Perfected Strike","sneckomod:DiceBoulder"],"picked":"Night Terror","floor":8},{"not_picked":["sneckomod:Unknown1Cost","sneckomod:SnakeSap"],"picked":"sneckomod:Unknown0Cost","floor":10},{"not_picked":["sneckomod:Unknown0Cost","sneckomod:WideSting"],"picked":"Perfected Strike","floor":12},{"not_picked":["sneckomod:UnknownCommonAttack","sneckomod:DiceBlock"],"picked":"sneckomod:IronFang","floor":13},{"not_picked":["sneckomod:DiceBlock","sneckomod:IronFang"],"picked":"sneckomod:SnakeSap","floor":14},{"not_picked":["sneckomod:UnknownUncommonSkill","sneckomod:UnknownDraw"],"picked":"Burning Pact","floor":15},{"not_picked":["Seek","Bullet Time"],"picked":"sneckomod:Unknown3Cost","floor":16},{"not_picked":["sneckomod:UnknownClassHEXA_GHOST_PURPLE","sneckomod:IronFang","sneckomod:UnknownClassGREEN"],"picked":"sneckomod:Memorize+1","floor":19},{"not_picked":["sneckomod:SoulDraw","sneckomod:QuickBite","sneckomod:IronFang"],"picked":"sneckomod:UnknownBlock","floor":20},{"not_picked":["infinitespire:SevenWalls","infinitespire:Starlight"],"picked":"infinitespire:UltimateForm","floor":21},{"not_picked":["sneckomod:DiceCrush+1","sneckomod:UnknownClassTHE_CURSED_PURPLE","sneckomod:UnknownClassHEXA_GHOST_PURPLE"],"picked":"sneckomod:SoulExchange","floor":22},{"not_picked":["sneckomod:PureSnecko","sneckomod:WideSting","sneckomod:UnknownClassHEXA_GHOST_PURPLE+1"],"picked":"sneckomod:SoulCleanse","floor":23},{"not_picked":["sneckomod:Unknown1Cost","sneckomod:QuickBite","sneckomod:UnknownCommonAttack+1"],"picked":"sneckomod:UnknownCommonSkill","floor":23},{"not_picked":["sneckomod:DiceBlock+1","sneckomod:UnknownX","sneckomod:SoulDraw+1"],"picked":"sneckomod:DefensiveFlair+1","floor":23},{"not_picked":["sneckomod:UnknownCommonAttack","sneckomod:UnknownX","sneckomod:DiceBlock"],"picked":"sneckomod:UnendingSupply","floor":25}],"player_experience":507030,"relics_obtained":[{"floor":8,"key":"Replay:Mystery Machine"},{"floor":24,"key":"Whetstone"}],"event_choices":[],"is_beta":false,"boss_relics":[{"not_picked":["energizedSpire:EnergizedDie","Runic Dome"],"picked":"Honey Jar"}],"items_purged_floors":[],"is_endless":false,"potions_floor_spawned":[2,13,14,15,19],"killed_by":"Centurion and Healer","ascension_level":0}}