{"host":"ez9lh5a3k31ytd04","time":1612079075,"event":{"mods":["Act Like it!","BaseMod","Gensokyo","KomeijiMod","Marisa£®ÏF”Í°°ƒß¿Ì…≥£©","Minty Spire (QoL Compilation)","Reimu£®≤©¿ˆ¡È√Œ£©","Remilia£®¿Ÿ√◊¿Ú—«£©","Replay The Spire","StSLib","Waifu the Spire","Youmu£®ªÍ∆«—˝√Œ£©","Yuyuko","noobMod"],"gold_per_floor":[173,25,86,86,86,117,117,132,157,168,179,204,204,154,154,249,249,249,249,249,249,249,249,249,249,249,53,53,53,53,53,53,53,53,53,12,12,12,12,12,12,12,12,12,12,12,12,12,12,12],"floor_reached":51,"language":"ZHS","playtime":3407,"items_purged":["Strike_Remiria","Defend_Remirira"],"score":749,"play_id":"9e0d9a6b-f8e6-4210-867e-3321f21e8d8e","local_time":"20210131154435","is_ascension_mode":false,"campfire_choices":[{"data":"BloodyLaserofSeventeenArticles","floor":7,"key":"SMITH"},{"data":"ThirstForBlood","floor":13,"key":"SMITH"},{"data":"NaturallyHealing","floor":15,"key":"SMITH"},{"data":"Absorbed","floor":25,"key":"SMITH"},{"data":"SealingFear","floor":29,"key":"SMITH"},{"data":"HeartBreak_Remiria","floor":32,"key":"SMITH"},{"data":"Paradox","floor":40,"key":"SMITH"},{"data":"PartStrengthen","floor":44,"key":"SMITH"},{"data":"DoubleEdge","floor":47,"key":"SMITH"},{"data":"StigmaNizer","floor":49,"key":"SMITH"}],"circlet_count":0,"master_deck":["Absorbed+1","Scratch","RocketKickup","BloodyMagicSquare+1","Feint","Paradox+1","BloodyLaserofSeventeenArticles+1","ThirstForBlood+1","BodyStrengthen","DemonLordWalk","HeartBreak_Remiria+1","SealingFear+1","RocketKickup+1","Paradox+1","RocketKickup","ThirstForBlood+1","Warpath","Warpath","Cripple","StigmaNizer+1","DoubleEdge+1","ChainGang+1","FateSonata","Gensokyo:AllTheWorldsEvil","Rewrite+1","BloodCollect+1","FierceSweep","VampireClaw+1","PartStrengthen+1","Exsanguinate","Feint+1","FateCollect+1"],"relics":["ice","NeowsBlessing","Tea:ReiMu","ThirstyCrossSpe","SpellCardsRuleRemi","PreservedInsect","Omamori","Blue Doll","Ectoplasm","Vajra","Kunai","Bird Faced Urn","Kintsugi","Replay:Baseball","Orichalcum"],"acts_visited":["Exordium","TheCity","TheBeyond"],"potions_floor_usage":[16,18,33,33,42,50],"damage_taken":[{"damage":0,"enemies":"Jaw Worm","floor":1,"turns":1},{"damage":6,"enemies":"Jaw Worm","floor":5,"turns":2},{"damage":0,"enemies":"Lagavulin","floor":6,"turns":1},{"damage":0,"enemies":"2 Louse","floor":8,"turns":2},{"damage":0,"enemies":"Small Slimes","floor":10,"turns":1},{"damage":3,"enemies":"Exordium Wildlife","floor":11,"turns":2},{"damage":12,"enemies":"3 Sentries","floor":12,"turns":4},{"damage":22,"enemies":"Fading Forest","floor":16,"turns":11},{"damage":0,"enemies":"3 Byrds","floor":18,"turns":4},{"damage":0,"enemies":"Chosen","floor":20,"turns":4},{"damage":8,"enemies":"3 Cultists","floor":22,"turns":4},{"damage":21,"enemies":"Book of Stabbing","floor":23,"turns":4},{"damage":4,"enemies":"Sentry and Sphere","floor":28,"turns":3},{"damage":1,"enemies":"Gremlin Leader","floor":30,"turns":4},{"damage":8,"enemies":"Snecko","floor":31,"turns":3},{"damage":16,"enemies":"Champ","floor":33,"turns":5},{"damage":13,"enemies":"Orb Walker","floor":35,"turns":2},{"damage":85,"enemies":"3 Darklings","floor":38,"turns":5},{"damage":2,"enemies":"Writhing Mass","floor":39,"turns":2},{"damage":24,"enemies":"Spire Growth","floor":41,"turns":3},{"damage":16,"enemies":"3 Darklings","floor":42,"turns":3},{"damage":18,"enemies":"Transient","floor":45,"turns":5},{"damage":18,"enemies":"Spire Growth","floor":46,"turns":4},{"damage":15,"enemies":"Sphere and 2 Shapes","floor":48,"turns":3},{"damage":58,"enemies":"Time Eater","floor":50,"turns":7}],"seed_played":"-2991805377877593979","potions_obtained":[{"floor":6,"key":"DuplicationPotion"},{"floor":12,"key":"ZuzhouPotion:ReiMu"},{"floor":20,"key":"Energy Potion"},{"floor":23,"key":"JyouchiReiPotion"},{"floor":33,"key":"FearPotion"},{"floor":39,"key":"Explosive Potion"},{"floor":41,"key":"Dexterity Potion"},{"floor":46,"key":"Elixir"}],"is_trial":false,"path_per_floor":["M","$","?","?","?","E","R","M","T","M","M","E","R","?","R","B",null,"M","?","M","?","M","E","?","R","T","$","M","R","E","M","R","B",null,"M","$","T","M","M","R","M","M","T","R","M","M","R","M","R","B",null],"character_chosen":"RemiriaScarlet","items_purchased":["BloodyMagicSquare","ServantFlier","Warpath","Cripple","BloodCollect+1","FierceSweep"],"campfire_rested":0,"item_purchase_floors":[2,27,27,27,36,36],"current_hp_per_floor":[100,100,75,75,69,69,69,69,69,69,66,54,54,54,54,44,100,100,100,100,100,93,72,72,72,72,72,68,68,67,59,59,51,100,87,87,87,14,100,100,79,65,65,96,108,98,112,99,117,120],"gold":12,"neow_bonus":"THREE_ENEMY_KILL","is_daily":false,"chose_seed":false,"campfire_upgraded":10,"win_rate":0.0,"timestamp":1612079075,"path_taken":["M","$","?","?","?","E","R","M","T","M","?","E","R","?","R","BOSS","M","?","?","?","M","E","?","R","T","$","M","R","E","M","R","BOSS","M","?","?","M","M","R","M","M","T","R","M","M","R","?","R","BOSS"],"items_purchased_type":["Card","Card","Card","Card","Card","Card"],"build_version":"2020-12-22","purchased_purges":2,"victory":true,"max_hp_per_floor":[100,100,100,100,100,100,100,100,100,100,100,100,100,100,100,100,100,100,100,100,100,100,100,100,100,100,100,100,100,100,100,100,100,100,100,100,100,100,100,100,102,104,104,104,109,112,112,117,117,125],"card_choices":[{"not_picked":["BloodCleaner","ScarletNetherworld"],"picked":"RocketKickup","floor":1},{"not_picked":["BloodPact","BodyStrengthen"],"picked":"Feint","floor":3},{"not_picked":["LifeBreak","PainBurst"],"picked":"Paradox","floor":3},{"not_picked":["VampirishNight","BloodySuit"],"picked":"NaturallyHealing","floor":5},{"not_picked":["BloodyCatastrophe","SuperhumanBloodyKnife"],"picked":"BloodyLaserofSeventeenArticles","floor":5},{"not_picked":["BloodCollect","VampireKiss_Remiria"],"picked":"ThirstForBlood","floor":6},{"not_picked":["BloodCollect","Impregnable"],"picked":"BodyStrengthen","floor":8},{"not_picked":["FastHealing","RedtheNightlessCastle","Feint"],"picked":"SKIP","floor":10},{"not_picked":["Feint","BloodCleaner","BloodySuit"],"picked":"SKIP","floor":11},{"not_picked":["PainBurst","Exsanguinate"],"picked":"DemonLordWalk","floor":12},{"not_picked":["RemiliaStalker","ScarletDestiny"],"picked":"HeartBreak_Remiria","floor":16},{"not_picked":["RocketKickup","Warpath"],"picked":"SealingFear","floor":18},{"not_picked":["DemonsDinnerFork_Remiria+1","FateCollect"],"picked":"RocketKickup+1","floor":20},{"not_picked":["SeparateFleshBlood","Feint"],"picked":"Paradox+1","floor":22},{"not_picked":["FateEnsemble","Feint"],"picked":"RocketKickup","floor":23},{"not_picked":["BloodPact","DamonLordCradle_Remiria"],"picked":"StigmaNizer","floor":28},{"not_picked":["Reaper_Remiria","DemonsDinnerFork_Remiria"],"picked":"DoubleEdge","floor":30},{"not_picked":["Warpath","Exsanguinate"],"picked":"ChainGang+1","floor":31},{"not_picked":["BombardNight","HeartBreak_Remiria"],"picked":"FateSonata","floor":33},{"not_picked":["Warpath","FierceSweep"],"picked":"Rewrite+1","floor":35},{"not_picked":["BloodySuit+1","Cripple+1"],"picked":"VampireClaw+1","floor":38},{"not_picked":["TricksterDevil+1","Impregnable+1","Tepes"],"picked":"SKIP","floor":39},{"not_picked":["RocketKickup+1","ThePrice"],"picked":"PartStrengthen","floor":41},{"not_picked":["Impregnable","Tearing"],"picked":"Exsanguinate","floor":42},{"not_picked":["BloodySuit","NaturallyHealing+1","SeparateFleshBlood+1"],"picked":"SKIP","floor":45},{"not_picked":["BloodySuit+1","SealingFear"],"picked":"Feint+1","floor":46},{"not_picked":["ChainGang","ServantFlier+1"],"picked":"FateCollect+1","floor":48}],"player_experience":45687,"relics_obtained":[{"floor":3,"key":"Tea:ReiMu"},{"floor":5,"key":"ThirstyCrossSpe"},{"floor":5,"key":"SpellCardsRuleRemi"},{"floor":6,"key":"PreservedInsect"},{"floor":9,"key":"Omamori"},{"floor":12,"key":"Blue Doll"},{"floor":23,"key":"Vajra"},{"floor":26,"key":"Kunai"},{"floor":30,"key":"Bird Faced Urn"},{"floor":37,"key":"Replay:Baseball"},{"floor":43,"key":"Orichalcum"}],"event_choices":[{"cards_removed":["Strike_Remiria"],"damage_healed":0,"gold_gain":0,"player_choice":"Card Removal","damage_taken":0,"max_hp_gain":0,"max_hp_loss":0,"event_name":"The Cleric","floor":14,"gold_loss":50},{"damage_healed":0,"gold_gain":0,"player_choice":"Upgraded","damage_taken":0,"max_hp_gain":0,"max_hp_loss":0,"event_name":"Upgrade Shrine","floor":19,"gold_loss":0,"cards_upgraded":["BloodyMagicSquare"]},{"damage_healed":0,"gold_gain":0,"player_choice":"Copied","damage_taken":0,"max_hp_gain":0,"max_hp_loss":0,"event_name":"Duplicator","floor":24,"gold_loss":0,"cards_obtained":["ThirstForBlood"]}],"is_beta":false,"boss_relics":[{"not_picked":["SlaversCollar","Tiny House"],"picked":"Ectoplasm"},{"not_picked":["Philosopher\u0027s Stone","Ring of Chaos"],"picked":"Kintsugi"}],"items_purged_floors":[2,27],"is_endless":false,"potions_floor_spawned":[6,12,20,23,33,39,41,46,48],"ascension_level":0}}