{"host":"8p5c6x4qt9411139","time":1612081434,"event":{"mods":["Aspiration","BaseMod","BetterRewards","Hubris","Infinite Spire","Minty Spire (QoL Compilation)","Quick Restart","Replay The Spire","Shop Mod","StSLib","The Animator","The Jungle"],"gold_per_floor":[109,109,121,121,196,196,196],"floor_reached":6,"language":"ENG","playtime":183,"items_purged":["Defend_G"],"score":34,"play_id":"0e465548-b2c5-48e2-b3b2-d0c7867b9759","local_time":"20210131002354","is_ascension_mode":false,"campfire_choices":[],"circlet_count":0,"master_deck":["Strike_G","Strike_G","Strike_G","Strike_G","Defend_G","Defend_G","Defend_G","Defend_G","Survivor","Neutralize","ReplayTheSpireMod:Scrap Shanks","Poisoned Stab","Cloak And Dagger","Dagger Throw","PiercingWail"],"relics":["Ring of the Snake","The Specimen","Replay:Multitool","hubris:Towel"],"acts_visited":["Exordium"],"potions_floor_usage":[],"damage_taken":[{"damage":10.0,"enemies":"Small Slimes","floor":1.0,"turns":4.0},{"damage":5.0,"enemies":"Jaw Worm","floor":3.0,"turns":3.0},{"damage":0,"enemies":"Lagavulin","floor":6,"turns":1}],"seed_played":"-3535719930639704822","potions_obtained":[{"floor":1.0,"key":"SkillPotion"},{"floor":3.0,"key":"Flashbang"}],"is_trial":false,"path_per_floor":["M","?","M","?","?","E"],"character_chosen":"THE_SILENT","items_purchased":["The Specimen","ReplayTheSpireMod:Scrap Shanks","Poisoned Stab","Cloak And Dagger"],"campfire_rested":0,"item_purchase_floors":[0,0,0,0],"current_hp_per_floor":[39,39,34,34,23,23,23],"gold":196,"neow_bonus":"","is_daily":false,"chose_seed":false,"campfire_upgraded":0,"win_rate":0.0,"timestamp":1612081434,"path_taken":["M","?","M","?","?","E"],"items_purchased_type":["Relic","Card","Card","Card"],"build_version":"2020-12-22","purchased_purges":1,"victory":false,"max_hp_per_floor":[70,70,70,70,70,70,70],"card_choices":[{"not_picked":["Outmaneuver","Footwork"],"picked":"Dagger Throw","floor":1.0},{"not_picked":["hubris:Sniper","Skewer"],"picked":"PiercingWail","floor":3.0}],"player_experience":407007,"relics_obtained":[],"event_choices":[{"cards_removed":["Strike_G"],"damage_healed":0.0,"max_hp_gain":0.0,"max_hp_loss":0.0,"gold_gain":0.0,"event_name":"Living Wall","player_choice":"Forget","floor":2.0,"gold_loss":0.0,"damage_taken":0.0},{"damage_healed":0.0,"max_hp_gain":0.0,"max_hp_loss":0.0,"gold_gain":75.0,"event_name":"World of Goop","player_choice":"Gather Gold","floor":5.0,"gold_loss":0.0,"damage_taken":11.0}],"is_beta":false,"boss_relics":[],"items_purged_floors":[0],"is_endless":false,"potions_floor_spawned":[1,3],"killed_by":"Lagavulin","ascension_level":0}}