{"host":"36t3qd3wjvajtu1z","time":1612089307,"event":{"mods":["AchievementEnabler","BaseMod","Block Reminder","Colored Powertips","Minty Spire (QoL Compilation)","Permanent Neow","Quick Restart","Random Character Button","Rare Cards Sparkle","Relic Stats","Slay-I","StSLib"],"gold_per_floor":[19,19,19,44,68,68,82,157,180,198,241,254,290,65,65,184,184,197,197,222,238,253,288,228,244,244,282,282,17,37,72,72,193,193,208,223,76,90,104,144,144,182,209,209,234,255,22,36,36,36],"floor_reached":51,"language":"ENG","playtime":2963,"items_purged":["Strike_B"],"score":1016,"play_id":"393cb984-a88e-4fed-b8b6-9a988864ab83","local_time":"20210131023507","is_ascension_mode":true,"campfire_choices":[{"data":"Defragment","floor":6.0,"key":"SMITH"},{"data":"Recycle","floor":15.0,"key":"SMITH"},{"data":"Storm","floor":28,"key":"SMITH"},{"floor":32,"key":"REST"},{"data":"Apotheosis","floor":41,"key":"SMITH"},{"data":"Capacitor","floor":49,"key":"SMITH"}],"circlet_count":0,"master_deck":["Defend_B","Zap","Dualcast","Double Energy","Defragment+1","FTL","Self Repair","Cold Snap","Recycle+1","Melter","Defragment","Cold Snap","Ball Lightning","Buffer","Storm+1","Loop","Go for the Eyes+1","Thunder Strike","BootSequence","Capacitor+1","Defragment","Apotheosis+1","Loop","Chaos","Storm","Electrodynamics","Heatsinks","Leap","Conserve Battery","Storm","Hologram","Defragment+1","Static Discharge","Force Field+1","Static Discharge+1","Steam Power","Coolheaded+1","Coolheaded","Master of Strategy","Leap+1"],"relics":["Cracked Core","Golden Idol","Centennial Puzzle","Anchor","Mummified Hand","Medical Kit","Runic Pyramid","Regal Pillow","White Beast Statue","Ornamental Fan","Bag of Marbles","Black Star","Pear","Pen Nib","StrikeDummy","Ancient Tea Set"],"acts_visited":["Exordium","TheCity","TheBeyond"],"potions_floor_usage":[23,23,25,30,31,33,39,46,48],"damage_taken":[{"damage":2.0,"enemies":"Small Slimes","floor":1.0,"turns":3.0},{"damage":0.0,"enemies":"2 Louse","floor":4.0,"turns":3.0},{"damage":1.0,"enemies":"Cultist","floor":5.0,"turns":3.0},{"damage":3.0,"enemies":"Looter","floor":7.0,"turns":4.0},{"damage":1.0,"enemies":"Lots of Slimes","floor":10.0,"turns":4.0},{"damage":21.0,"enemies":"Lagavulin","floor":11.0,"turns":6.0},{"damage":6.0,"enemies":"Blue Slaver","floor":12.0,"turns":5.0},{"damage":11.0,"enemies":"Gremlin Nob","floor":13.0,"turns":4.0},{"damage":5.0,"enemies":"Slime Boss","floor":16.0,"turns":7.0},{"damage":0.0,"enemies":"Spheric Guardian","floor":18.0,"turns":2.0},{"damage":9.0,"enemies":"2 Thieves","floor":20.0,"turns":3.0},{"damage":4.0,"enemies":"Centurion and Healer","floor":21.0,"turns":4.0},{"damage":16.0,"enemies":"Snake Plant","floor":22.0,"turns":3.0},{"damage":30,"enemies":"Gremlin Leader","floor":23,"turns":4},{"damage":15,"enemies":"3 Cultists","floor":25,"turns":4},{"damage":5,"enemies":"Book of Stabbing","floor":27,"turns":4},{"damage":10,"enemies":"Shelled Parasite and Fungi","floor":30,"turns":3},{"damage":20,"enemies":"Gremlin Leader","floor":31,"turns":4},{"damage":11,"enemies":"Automaton","floor":33,"turns":5},{"damage":17,"enemies":"Orb Walker","floor":35,"turns":3},{"damage":0,"enemies":"3 Darklings","floor":36,"turns":2},{"damage":0,"enemies":"Transient","floor":38,"turns":5},{"damage":1,"enemies":"Jaw Worm Horde","floor":39,"turns":3},{"damage":17,"enemies":"Nemesis","floor":40,"turns":5},{"damage":1,"enemies":"Giant Head","floor":42,"turns":5},{"damage":2,"enemies":"Sphere and 2 Shapes","floor":45,"turns":3},{"damage":1,"enemies":"Transient","floor":46,"turns":4},{"damage":7,"enemies":"3 Darklings","floor":48,"turns":4},{"damage":2,"enemies":"Donu and Deca","floor":50,"turns":3}],"seed_played":"-724944679264449682","potions_obtained":[{"floor":4.0,"key":"Block Potion"},{"floor":5.0,"key":"LiquidMemories"},{"floor":10.0,"key":"GamblersBrew"},{"floor":18.0,"key":"BlessingOfTheForge"},{"floor":20.0,"key":"SpeedPotion"},{"floor":27,"key":"GamblersBrew"},{"floor":30,"key":"Explosive Potion"},{"floor":31,"key":"Regen Potion"},{"floor":33,"key":"Strength Potion"},{"floor":35,"key":"SneckoOil"},{"floor":36,"key":"PowerPotion"},{"floor":39,"key":"LiquidMemories"},{"floor":46,"key":"FairyPotion"},{"floor":48,"key":"Fruit Juice"}],"is_trial":false,"path_per_floor":["M","?","?","M","M","R","M","?","T","M","E","M","E","$","R","B",null,"M","?","M","M","M","E","?","M","T","E","R","$","M","E","R","B",null,"M","M","$","M","M","E","R","E","T","?","M","M","$","M","R","B",null],"character_chosen":"DEFECT","items_purchased":["Medical Kit","Apotheosis","Loop","PowerPotion","Conserve Battery","Storm","Hologram","Coolheaded","Master of Strategy"],"campfire_rested":1,"item_purchase_floors":[14,29,29,29,37,37,37,47,47],"current_hp_per_floor":[73,69,62,62,68,68,69,58,58,64,50,51,47,47,47,49,64,69,69,67,69,60,37,37,29,29,31,31,31,31,18,53,64,68,58,68,68,69,68,68,68,74,74,74,79,79,79,84,84,82],"gold":36,"neow_bonus":"TRANSFORM_TWO_CARDS","is_daily":false,"chose_seed":false,"campfire_upgraded":5,"win_rate":0.0,"timestamp":1612089307,"path_taken":["M","?","?","M","M","R","M","?","T","M","E","M","E","$","R","BOSS","M","?","M","?","M","E","?","?","T","E","R","$","M","E","R","BOSS","M","M","$","M","M","E","R","E","T","?","M","M","$","M","R","BOSS"],"items_purchased_type":["Relic","Card","Card","Potion","Card","Card","Card","Card","Card"],"build_version":"2020-12-22","purchased_purges":1,"victory":true,"max_hp_per_floor":[75,69,69,69,69,69,69,69,69,69,69,69,69,69,69,69,69,69,69,69,69,69,69,69,69,69,69,69,69,69,69,69,69,69,69,69,69,69,69,79,79,79,79,79,79,79,79,84,84,84],"relic_stats":{"Centennial Puzzle":[66],"Regal Pillow":15,"counters":[29,112],"Golden Idol":192,"Mummified Hand":[197],"Ornamental Fan":[16],"Pen Nib":[2],"Black Star":2,"Medical Kit":[0],"obtain_stats":[{"Regal Pillow":23,"Pear":40,"Golden Idol":2,"Pen Nib":40,"Medical Kit":14,"Ancient Tea Set":42,"White Beast Statue":26,"Centennial Puzzle":9,"Anchor":11,"Mummified Hand":13,"Ornamental Fan":27,"Bag of Marbles":31,"Black Star":34,"Cracked Core":0,"StrikeDummy":42,"Runic Pyramid":17},{"Regal Pillow":14,"Pear":24,"Golden Idol":1,"Pen Nib":24,"Medical Kit":8,"Ancient Tea Set":25,"White Beast Statue":15,"Centennial Puzzle":4,"Anchor":6,"Mummified Hand":8,"Ornamental Fan":16,"Bag of Marbles":18,"Black Star":19,"Cracked Core":0,"StrikeDummy":25,"Runic Pyramid":9},{"Regal Pillow":55,"Pear":93,"Golden Idol":3,"Pen Nib":93,"Medical Kit":32,"Ancient Tea Set":98,"White Beast Statue":59,"Centennial Puzzle":13,"Anchor":23,"Mummified Hand":32,"Ornamental Fan":63,"Bag of Marbles":70,"Black Star":75,"Cracked Core":0,"StrikeDummy":98,"Runic Pyramid":39}]},"card_choices":[{"not_picked":["Rebound","Compile Driver"],"picked":"FTL","floor":1.0},{"not_picked":["Turbo","Rebound"],"picked":"Self Repair","floor":4.0},{"not_picked":["Blizzard","Hologram"],"picked":"Cold Snap","floor":5.0},{"not_picked":["Storm","Chaos"],"picked":"Recycle","floor":7.0},{"not_picked":["Go for the Eyes","Doom and Gloom"],"picked":"Melter","floor":10.0},{"not_picked":["Reprogram","Thunder Strike"],"picked":"Defragment","floor":11.0},{"not_picked":["Stack","Capacitor"],"picked":"Cold Snap","floor":12.0},{"not_picked":["Undo","Barrage"],"picked":"Ball Lightning","floor":13.0},{"not_picked":["Machine Learning","Amplify"],"picked":"Buffer","floor":16.0},{"not_picked":["Cold Snap+1","Darkness+1"],"picked":"Storm","floor":18.0},{"not_picked":["Sweeping Beam+1","Beam Cell"],"picked":"Go for the Eyes+1","floor":20.0},{"not_picked":["Streamline+1","Leap"],"picked":"Thunder Strike","floor":21.0},{"not_picked":["Gash+1","Go for the Eyes+1","Compile Driver"],"picked":"SKIP","floor":22.0},{"not_picked":["Steam","Cold Snap","Darkness"],"picked":"SKIP","floor":23},{"not_picked":["Hologram","Go for the Eyes"],"picked":"Defragment","floor":25},{"not_picked":["Turbo+1","Redo","Sweeping Beam+1"],"picked":"SKIP","floor":27},{"not_picked":["Compile Driver","Scrape"],"picked":"Chaos","floor":30},{"not_picked":["Chill","Turbo+1"],"picked":"Storm","floor":31},{"not_picked":["Meteor Strike","Multi-Cast"],"picked":"Electrodynamics","floor":33},{"not_picked":["Steam","Reinforced Body"],"picked":"Heatsinks","floor":35},{"not_picked":["FTL","Sweeping Beam+1"],"picked":"Leap","floor":36},{"not_picked":["Fusion+1","Rebound"],"picked":"Defragment+1","floor":38},{"not_picked":["Go for the Eyes+1","Hologram+1"],"picked":"Static Discharge","floor":39},{"not_picked":["Capacitor+1","Beam Cell+1"],"picked":"Force Field+1","floor":40},{"not_picked":["Auto Shields","Fusion+1"],"picked":"Static Discharge+1","floor":42},{"not_picked":["Cold Snap+1","Stack"],"picked":"Steam Power","floor":45},{"not_picked":["Streamline+1","Rip and Tear+1"],"picked":"Coolheaded+1","floor":46},{"not_picked":["Conserve Battery","Hello World+1"],"picked":"Leap+1","floor":48}],"player_experience":374915,"relics_obtained":[{"floor":9.0,"key":"Centennial Puzzle"},{"floor":11.0,"key":"Anchor"},{"floor":13.0,"key":"Mummified Hand"},{"floor":23,"key":"Regal Pillow"},{"floor":26,"key":"White Beast Statue"},{"floor":27,"key":"Ornamental Fan"},{"floor":31,"key":"Bag of Marbles"},{"floor":40,"key":"Pear"},{"floor":40,"key":"Pen Nib"},{"floor":42,"key":"StrikeDummy"},{"floor":42,"key":"Ancient Tea Set"}],"event_choices":[{"damage_healed":0.0,"max_hp_gain":0.0,"max_hp_loss":6.0,"gold_gain":0.0,"event_name":"Golden Idol","player_choice":"Lose Max HP","floor":2.0,"gold_loss":0.0,"damage_taken":0.0,"relics_obtained":["Golden Idol"]},{"cards_removed":["Defend_B"],"damage_healed":0.0,"max_hp_gain":0.0,"max_hp_loss":0.0,"gold_gain":0.0,"event_name":"Golden Wing","player_choice":"Card Removal","floor":3.0,"gold_loss":0.0,"damage_taken":7.0},{"damage_healed":0.0,"max_hp_gain":0.0,"max_hp_loss":0.0,"gold_gain":75.0,"event_name":"World of Goop","player_choice":"Gather Gold","floor":8.0,"gold_loss":0.0,"damage_taken":11.0},{"damage_healed":0.0,"max_hp_gain":0.0,"max_hp_loss":0.0,"gold_gain":0.0,"cards_transformed":["Strike_B"],"event_name":"Transmorgrifier","player_choice":"Transformed","floor":19.0,"gold_loss":0.0,"damage_taken":0.0,"cards_obtained":["Loop"]},{"damage_healed":0,"gold_gain":0,"cards_transformed":["Defend_B","Defend_B"],"player_choice":"Transformed Cards","damage_taken":0,"max_hp_gain":0,"max_hp_loss":0,"event_name":"Designer","floor":24,"gold_loss":60,"cards_obtained":["BootSequence","Capacitor"]},{"damage_healed":0,"gold_gain":0,"player_choice":"Bought 0 Potions","damage_taken":0,"max_hp_gain":0,"max_hp_loss":0,"event_name":"The Woman in Blue","floor":44,"gold_loss":0}],"is_beta":false,"boss_relics":[{"not_picked":["SlaversCollar","Velvet Choker"],"picked":"Runic Pyramid"},{"not_picked":["SacredBark","Coffee Dripper"],"picked":"Black Star"}],"items_purged_floors":[14],"is_endless":false,"potions_floor_spawned":[4,5,10,18,20,22,27,30,31,33,35,36,38,39,40,42,45,46,48],"ascension_level":5}}