{"host":"9el4dfae55z5uwq4","time":1612083567,"event":{"mods":["BaseMod","Colored Map","Colored Powertips","Custom Start","DeckTracker","Lobotomy","Minty Spire (QoL Compilation)","StSLib","SuperFastMode"],"gold_per_floor":[109,109,119,139,55,55,55,67,149,170,170,170,198,213,213,213,213],"floor_reached":16,"language":"KOR","playtime":465,"items_purged":[],"score":200,"play_id":"fae719d5-af10-4956-9215-9b4ee7bb8000","local_time":"20210131175927","is_ascension_mode":true,"campfire_choices":[{"data":"Pommel Strike","floor":7.0,"key":"SMITH"},{"data":"Battle Trance","floor":12,"key":"SMITH"},{"floor":15,"key":"REST"}],"circlet_count":0,"master_deck":["AscendersBane","Strike_R","Strike_R","Strike_R","Strike_R","Strike_R+1","Defend_R","Defend_R+1","Defend_R","Defend_R","Bash","Pommel Strike+1","Flame Barrier","Pommel Strike","Second Wind","Power Through","Rage","Battle Trance+1","True Grit","Evolve"],"relics":["Burning Blood","Odd Mushroom","Omamori"],"acts_visited":["Exordium"],"potions_floor_usage":[14,16],"damage_taken":[{"damage":6.0,"enemies":"2 Louse","floor":1.0,"turns":3.0},{"damage":2.0,"enemies":"Jaw Worm","floor":3.0,"turns":5.0},{"damage":5.0,"enemies":"Small Slimes","floor":4.0,"turns":4.0},{"damage":2.0,"enemies":"2 Fungi Beasts","floor":8.0,"turns":3.0},{"damage":32.0,"enemies":"The Mushroom Lair","floor":10.0,"turns":6.0},{"damage":27,"enemies":"3 Sentries","floor":13,"turns":9},{"damage":6,"enemies":"Exordium Thugs","floor":14,"turns":10},{"damage":38,"enemies":"The Guardian","floor":16,"turns":16}],"seed_played":"4693716419377564927","potions_obtained":[{"floor":1.0,"key":"LiquidBronze"},{"floor":10.0,"key":"Block Potion"}],"is_trial":false,"path_per_floor":["M","?","M","M","$","?","R","M","T","?","?","R","E","M","R","B"],"character_chosen":"IRONCLAD","items_purchased":["Power Through"],"campfire_rested":1,"item_purchase_floors":[5],"current_hp_per_floor":[68,73,77,78,78,54,54,58,58,32,32,32,11,11,35,0,0],"gold":213,"neow_bonus":"THREE_CARDS","is_daily":false,"chose_seed":false,"campfire_upgraded":2,"win_rate":0.0,"timestamp":1612083567,"path_taken":["M","?","M","M","$","?","R","M","T","?","?","R","E","M","R","BOSS"],"items_purchased_type":["Card"],"build_version":"2020-12-22","purchased_purges":0,"victory":false,"max_hp_per_floor":[75,80,80,80,80,80,80,80,80,80,80,80,80,80,80,80,80],"card_choices":[{"not_picked":["Sentinel","Havoc"],"picked":"Pommel Strike","floor":0.0},{"not_picked":["Sever Soul","Twin Strike"],"picked":"Flame Barrier","floor":1.0},{"not_picked":["Anger","Clash"],"picked":"Pommel Strike","floor":3.0},{"not_picked":["Twin Strike","Shrug It Off"],"picked":"Second Wind","floor":4.0},{"not_picked":["Shockwave","Impervious"],"picked":"Rage","floor":8.0},{"not_picked":["Headbutt","Seeing Red"],"picked":"Battle Trance","floor":10.0},{"not_picked":["Bloodletting","Exhume"],"picked":"True Grit","floor":13},{"not_picked":["Havoc","Twin Strike"],"picked":"Evolve","floor":14}],"player_experience":1549942,"relics_obtained":[{"floor":10.0,"key":"Odd Mushroom"},{"floor":13,"key":"Omamori"}],"event_choices":[{"damage_healed":0.0,"max_hp_gain":5.0,"max_hp_loss":0.0,"gold_gain":0.0,"event_name":"Big Fish","player_choice":"Donut","floor":2.0,"gold_loss":0.0,"damage_taken":0.0},{"damage_healed":0.0,"max_hp_gain":0.0,"max_hp_loss":0.0,"gold_gain":0.0,"event_name":"Shining Light","player_choice":"Entered Light","floor":6.0,"gold_loss":0.0,"damage_taken":24.0,"cards_upgraded":["Strike_R","Defend_R"]},{"damage_healed":0.0,"max_hp_gain":0.0,"max_hp_loss":0.0,"gold_gain":0.0,"event_name":"Mushrooms","player_choice":"Fought Mushrooms","floor":10.0,"gold_loss":0.0,"damage_taken":0.0},{"damage_healed":0,"gold_gain":0,"player_choice":"Searched \u00271\u0027 times","damage_taken":0,"max_hp_gain":0,"max_hp_loss":0,"event_name":"Dead Adventurer","floor":11,"gold_loss":0}],"is_beta":false,"boss_relics":[],"items_purged_floors":[],"is_endless":false,"potions_floor_spawned":[1,10],"killed_by":"The Guardian","ascension_level":20}}