{"host":"7s9cy3ihj997zbmc","time":1612062388,"event":{"mods":["Act Like it!","BaseMod","Card Filter","Custom Start","Downfall","Highlight Path","Minty Spire (QoL Compilation)","Permanent Neow","Quick Restart","Relic Filter","Relic Sorter","StSLib","SuperFastMode"],"gold_per_floor":[0,16,29,43,43,43,28,28,28,60,60,70,70,84,103,128,128,140,140,140,140],"floor_reached":19,"language":"ZHS","playtime":499,"items_purged":[],"score":135,"play_id":"fc8e1cd7-e7c8-4e4f-aeab-60604a53a43d","local_time":"20210131110628","is_ascension_mode":true,"campfire_choices":[{"data":"champ:SteelEdge","floor":1.0,"key":"SMITH"},{"data":"champ:Taunt","floor":11.0,"key":"SMITH"}],"circlet_count":0,"master_deck":["champ:Strike","champ:Strike","champ:Strike","champ:Defend","champ:Defend","champ:Defend","champ:Defend","champ:Execute","champ:Taunt+1","champ:SteelEdge+1","champ:BerserkersShout","champ:EnchantSword","champ:SteelEdge","champ:RageSigil","champ:EnchantCrown"],"relics":["champ:ChampionCrown","Akabeko","White Beast Statue","Kunai","Ornamental Fan"],"acts_visited":["Exordium"],"potions_floor_usage":[19],"damage_taken":[{"damage":18.0,"enemies":"Small Slimes","floor":2.0,"turns":3.0},{"damage":11.0,"enemies":"Cultist","floor":3.0,"turns":4.0},{"damage":12.0,"enemies":"Jaw Worm","floor":4.0,"turns":5.0},{"damage":35.0,"enemies":"downfall:FleeingMerchant","floor":7.0,"turns":4.0},{"damage":46.0,"enemies":"Lagavulin","floor":10.0,"turns":7.0},{"damage":15.0,"enemies":"3 Louse","floor":12.0,"turns":4.0},{"damage":5.0,"enemies":"Blue Slaver","floor":14.0,"turns":2.0},{"damage":14.0,"enemies":"3 Louse","floor":15.0,"turns":3.0},{"damage":37,"enemies":"Gremlin Nob","floor":16,"turns":3},{"damage":10,"enemies":"Exordium Thugs","floor":18,"turns":3},{"damage":30,"enemies":"IC_STATUS_ARCHETYPE","floor":19,"turns":2}],"seed_played":"826381156350359679","potions_obtained":[{"floor":4.0,"key":"Explosive Potion"},{"floor":10.0,"key":"EntropicBrew"},{"floor":12.0,"key":"Weak Potion"},{"floor":14.0,"key":"EssenceOfSteel"},{"floor":15.0,"key":"ColorlessPotion"},{"floor":18,"key":"Strength Potion"}],"is_trial":false,"path_per_floor":["R","M","M","M","?","?","$","T","T","E","R","M","T","M","M","E","?","M","B"],"character_chosen":"THE_CHAMP","items_purchased":[],"campfire_rested":0,"item_purchase_floors":[],"current_hp_per_floor":[90,82,81,79,84,79,69,69,69,48,48,48,48,48,44,32,32,27,0,0,0],"gold":140,"neow_bonus":"THREE_RARE_CARDS","is_daily":false,"chose_seed":false,"campfire_upgraded":2,"win_rate":0.0,"timestamp":1612062388,"path_taken":["R","M","M","M","?","?","$","T","T","E","R","?","?","M","M","E","?","M","BOSS"],"items_purchased_type":[],"build_version":"2020-12-22","purchased_purges":0,"victory":false,"max_hp_per_floor":[90,90,90,90,95,95,95,95,95,95,95,95,95,95,95,95,95,95,95,95,95],"card_choices":[{"not_picked":["champ:Improvising","champ:TripleStrike"],"picked":"champ:SteelEdge","floor":0.0},{"not_picked":["champ:Haymaker","champ:PreciseThrust","champ:PerfectedStrike"],"picked":"SKIP","floor":2.0},{"not_picked":["champ:FlashCut","champ:DefensiveShout","champ:RisingSlash"],"picked":"SKIP","floor":3.0},{"not_picked":["champ:PreemptiveStrike","champ:DefensiveShout"],"picked":"champ:BerserkersShout","floor":4.0},{"not_picked":["champ:ShieldSigil","champ:Circumvent"],"picked":"champ:EnchantSword","floor":7.0},{"not_picked":["champ:EnGarde","champ:SkillfulDodge"],"picked":"champ:SteelEdge","floor":10.0},{"not_picked":["champ:SkillfulDodge","champ:Circumvent","champ:CrownThrow"],"picked":"SKIP","floor":12.0},{"not_picked":["champ:GutPunch","champ:IronFortress"],"picked":"champ:RageSigil","floor":14.0},{"not_picked":["champ:ArenaPreparation","champ:Lariat","champ:RapidStrikes"],"picked":"SKIP","floor":15.0},{"not_picked":["champ:SetATrap","champ:PreciseThrust","champ:ShieldSigil"],"picked":"SKIP","floor":16},{"not_picked":["champ:FanOfKnives","champ:AdrenalArmor"],"picked":"champ:EnchantCrown","floor":18}],"player_experience":390024,"relics_obtained":[{"floor":8.0,"key":"Akabeko"},{"floor":10.0,"key":"White Beast Statue"},{"floor":13.0,"key":"Kunai"},{"floor":16,"key":"Ornamental Fan"}],"event_choices":[{"damage_healed":0.0,"max_hp_gain":5.0,"max_hp_loss":0.0,"gold_gain":0.0,"event_name":"Big Fish","player_choice":"Donut","floor":5.0,"gold_loss":0.0,"damage_taken":0.0}],"is_beta":false,"boss_relics":[],"items_purged_floors":[],"is_endless":false,"potions_floor_spawned":[4,10,12,14,15,16,18],"killed_by":"IC_STATUS_ARCHETYPE","ascension_level":1}}