{"host":"uv5ws9rdk87e8i5k","time":1612070736,"event":{"mods":["AchievementEnabler","BaseMod","Colored Map","Minty Spire (QoL Compilation)","Permanent Neow","Quick Restart","StSLib","SuperFastMode","The Necromancer"],"gold_per_floor":[113,113,126,145,159,184,204,217,217,250,268,302,314,332,332,428,428,444,455,467,485,495,523,448,448,473,498,498,528,20,50,50,148,148,168,187,187,202,255,255,288,288,288,314,324,324,374,446,446,446],"floor_reached":51,"language":"ENG","playtime":1254,"items_purged":["Strike_G"],"score":1360,"play_id":"8309e772-9a70-4c43-9f12-75cf5a25469e","local_time":"20210130232536","is_ascension_mode":true,"campfire_choices":[{"data":"Night Terror","floor":15.0,"key":"SMITH"},{"data":"Infinite Blades","floor":25.0,"key":"SMITH"},{"data":"A Thousand Cuts","floor":28.0,"key":"SMITH"},{"data":"Accuracy","floor":32.0,"key":"SMITH"},{"data":"Adrenaline","floor":40,"key":"SMITH"},{"data":"Cloak And Dagger","floor":42,"key":"SMITH"},{"data":"Phantasmal Killer","floor":46,"key":"SMITH"},{"floor":49,"key":"REST"}],"circlet_count":0,"master_deck":["Defend_G","Defend_G","Defend_G","Defend_G","Defend_G","Survivor","Neutralize","Acrobatics","Blade Dance","Blade Dance","Cloak And Dagger+1","Tactician","Dash","Escape Plan","Blade Dance","Leg Sweep","Night Terror+1","Finisher+1","Dagger Throw+1","A Thousand Cuts+1","Accuracy+1","Infinite Blades+1","Backflip","Storm of Steel","Phantasmal Killer+1","Adrenaline+1","Acrobatics","Terror+1","Reflex+1","Cloak And Dagger+1","Blade Dance+1"],"relics":["WristBlade","Ninja Scroll","Meat on the Bone","Omamori","Molten Egg 2","Philosopher\u0027s Stone","Ornamental Fan","PreservedInsect","Tiny Chest","Boot","Nunchaku","Singing Bowl","Empty Cage","CaptainsWheel","Frozen Egg 2","Eternal Feather","Darkstone Periapt","Tingsha","Gremlin Horn"],"acts_visited":["Exordium","TheCity","TheBeyond"],"potions_floor_usage":[39,41,47,50,50],"damage_taken":[{"damage":0.0,"enemies":"Jaw Worm","floor":1.0,"turns":4.0},{"damage":0.0,"enemies":"Cultist","floor":3.0,"turns":2.0},{"damage":0.0,"enemies":"Small Slimes","floor":4.0,"turns":1.0},{"damage":2.0,"enemies":"3 Louse","floor":5.0,"turns":2.0},{"damage":3.0,"enemies":"Lagavulin","floor":6.0,"turns":5.0},{"damage":0.0,"enemies":"Blue Slaver","floor":7.0,"turns":1.0},{"damage":0.0,"enemies":"2 Fungi Beasts","floor":8.0,"turns":1.0},{"damage":0.0,"enemies":"Gremlin Nob","floor":10.0,"turns":3.0},{"damage":3.0,"enemies":"3 Louse","floor":11.0,"turns":2.0},{"damage":5.0,"enemies":"3 Sentries","floor":12.0,"turns":3.0},{"damage":0.0,"enemies":"Exordium Wildlife","floor":13.0,"turns":1.0},{"damage":0.0,"enemies":"Blue Slaver","floor":14.0,"turns":1.0},{"damage":19.0,"enemies":"The Guardian","floor":16.0,"turns":9.0},{"damage":2.0,"enemies":"2 Thieves","floor":18.0,"turns":2.0},{"damage":0.0,"enemies":"Spheric Guardian","floor":19.0,"turns":1.0},{"damage":7.0,"enemies":"Centurion and Healer","floor":20.0,"turns":4.0},{"damage":0.0,"enemies":"3 Cultists","floor":21.0,"turns":2.0},{"damage":0.0,"enemies":"Snake Plant","floor":22.0,"turns":1.0},{"damage":0.0,"enemies":"Gremlin Leader","floor":23.0,"turns":3.0},{"damage":0.0,"enemies":"Book of Stabbing","floor":27.0,"turns":3.0},{"damage":0.0,"enemies":"Gremlin Leader","floor":29.0,"turns":2.0},{"damage":0.0,"enemies":"Book of Stabbing","floor":31.0,"turns":3.0},{"damage":18.0,"enemies":"Champ","floor":33.0,"turns":7.0},{"damage":0.0,"enemies":"3 Darklings","floor":35.0,"turns":3.0},{"damage":8.0,"enemies":"3 Shapes","floor":36.0,"turns":2.0},{"damage":9,"enemies":"Writhing Mass","floor":38,"turns":4},{"damage":4,"enemies":"2 Orb Walkers","floor":39,"turns":3},{"damage":13,"enemies":"Nemesis","floor":41,"turns":3},{"damage":15,"enemies":"Reptomancer","floor":44,"turns":3},{"damage":10,"enemies":"Spire Growth","floor":45,"turns":3},{"damage":23,"enemies":"Mind Bloom Boss Battle","floor":47,"turns":3},{"damage":56,"enemies":"Awakened One","floor":50,"turns":5}],"seed_played":"6192793544783421399","potions_obtained":[{"floor":5.0,"key":"EssenceOfSteel"},{"floor":6.0,"key":"SkillPotion"},{"floor":8.0,"key":"SkillPotion"},{"floor":11.0,"key":"GamblersBrew"},{"floor":13.0,"key":"Energy Potion"},{"floor":14.0,"key":"Block Potion"},{"floor":16.0,"key":"Weak Potion"},{"floor":21.0,"key":"SpeedPotion"},{"floor":23.0,"key":"Fire Potion"},{"floor":27.0,"key":"GamblersBrew"},{"floor":29.0,"key":"SkillPotion"},{"floor":36.0,"key":"Block Potion"},{"floor":38,"key":"Energy Potion"},{"floor":39,"key":"Block Potion"},{"floor":45,"key":"Swift Potion"}],"is_trial":false,"path_per_floor":["M","?","M","M","M","E","M","M","T","E","M","E","M","M","R","B",null,"M","M","M","M","M","E","?","R","T","E","R","E","$","E","R","B",null,"M","M","?","M","?","R","E","R","T","E","M","R","?","T","R","B",null],"character_chosen":"THE_SILENT","items_purchased":["Nunchaku","LiquidMemories","Storm of Steel","Phantasmal Killer"],"campfire_rested":1,"item_purchase_floors":[30,30,30,30],"current_hp_per_floor":[63,63,63,63,61,58,58,58,58,58,55,50,50,50,50,43,63,61,61,54,54,54,54,54,54,54,54,54,54,54,56,56,38,64,64,58,58,49,47,47,46,46,46,45,47,65,42,42,78,34],"gold":446,"neow_bonus":"BOSS_RELIC","is_daily":false,"chose_seed":false,"campfire_upgraded":7,"win_rate":0.0,"timestamp":1612070736,"path_taken":["M","?","?","M","M","E","M","M","T","E","?","E","M","M","R","BOSS","M","M","?","M","M","E","?","R","T","E","R","E","$","E","R","BOSS","M","M","?","M","?","R","E","R","T","E","M","R","?","?","R","BOSS"],"items_purchased_type":["Relic","Potion","Card","Card"],"build_version":"2020-12-22","purchased_purges":1,"victory":true,"max_hp_per_floor":[70,70,70,70,70,70,70,70,70,70,70,70,70,70,70,70,70,70,70,70,70,70,70,70,70,70,70,70,70,70,72,72,72,72,72,74,74,74,76,76,76,76,76,78,78,78,78,78,78,78],"card_choices":[{"not_picked":["Dagger Throw","Prepared"],"picked":"Blade Dance","floor":1.0},{"not_picked":["Deflect","Dodge and Roll"],"picked":"Blade Dance","floor":3.0},{"not_picked":["Endless Agony","Quick Slash"],"picked":"Blade Dance","floor":4.0},{"not_picked":["Noxious Fumes","Blade Dance"],"picked":"Cloak And Dagger","floor":5.0},{"not_picked":["Acrobatics","Reflex"],"picked":"Tactician","floor":6.0},{"not_picked":["Bane","Riddle With Holes"],"picked":"Dash","floor":7.0},{"not_picked":["Envenom","Calculated Gamble"],"picked":"Escape Plan","floor":8.0},{"not_picked":["Acrobatics","Caltrops"],"picked":"Blade Dance","floor":10.0},{"not_picked":["Dagger Spray","Underhanded Strike"],"picked":"Leg Sweep","floor":11.0},{"not_picked":["Setup","Deflect"],"picked":"Night Terror","floor":12.0},{"not_picked":["Backstab+1","Tactician"],"picked":"Finisher+1","floor":13.0},{"not_picked":["Deadly Poison","Deflect"],"picked":"Dagger Throw+1","floor":14.0},{"not_picked":["Bullet Time","Storm of Steel"],"picked":"A Thousand Cuts","floor":16.0},{"not_picked":["Deflect","Dagger Spray+1","Flying Knee+1"],"picked":"SKIP","floor":18.0},{"not_picked":["Cloak And Dagger","Blur+1"],"picked":"Accuracy","floor":19.0},{"not_picked":["Well Laid Plans","Bane+1"],"picked":"Infinite Blades","floor":20.0},{"not_picked":["Dash+1","PiercingWail","Poisoned Stab+1"],"picked":"SKIP","floor":21.0},{"not_picked":["Deflect","Slice+1","Outmaneuver+1"],"picked":"SKIP","floor":22.0},{"not_picked":["Poisoned Stab+1","Tactician","Slice+1"],"picked":"SKIP","floor":23.0},{"not_picked":["Deadly Poison","Blur+1"],"picked":"Backflip","floor":27.0},{"not_picked":["Catalyst","Sucker Punch+1","Caltrops+1"],"picked":"SKIP","floor":29.0},{"not_picked":["Phantasmal Killer","Dagger Spray+1","Poisoned Stab+1"],"picked":"Singing Bowl","floor":31.0},{"not_picked":["Tools of the Trade","Corpse Explosion"],"picked":"Adrenaline","floor":33.0},{"not_picked":["Prepared","Bane+1"],"picked":"Acrobatics","floor":35.0},{"not_picked":["Bane+1","Dagger Spray+1","Poisoned Stab+1"],"picked":"Singing Bowl","floor":36.0},{"not_picked":["Eviscerate+1","Slice+1"],"picked":"Terror+1","floor":38},{"not_picked":["Well Laid Plans","Terror","Dodge and Roll+1"],"picked":"Singing Bowl","floor":39},{"not_picked":["Dagger Throw+1","Quick Slash+1"],"picked":"Reflex+1","floor":41},{"not_picked":["Slice+1","Dagger Spray+1","Quick Slash+1"],"picked":"Singing Bowl","floor":44},{"not_picked":["Underhanded Strike+1","Deadly Poison"],"picked":"Cloak And Dagger+1","floor":45},{"not_picked":["Glass Knife+1","Deadly Poison"],"picked":"Blade Dance+1","floor":47}],"player_experience":318415,"relics_obtained":[{"floor":6.0,"key":"Ninja Scroll"},{"floor":9.0,"key":"Meat on the Bone"},{"floor":10.0,"key":"Omamori"},{"floor":12.0,"key":"Molten Egg 2"},{"floor":23.0,"key":"Ornamental Fan"},{"floor":26.0,"key":"PreservedInsect"},{"floor":27.0,"key":"Tiny Chest"},{"floor":29.0,"key":"Boot"},{"floor":31.0,"key":"Singing Bowl"},{"floor":39,"key":"CaptainsWheel"},{"floor":41,"key":"Frozen Egg 2"},{"floor":43,"key":"Eternal Feather"},{"floor":44,"key":"Darkstone Periapt"},{"floor":47,"key":"Tingsha"},{"floor":48,"key":"Gremlin Horn"}],"event_choices":[{"damage_healed":0.0,"max_hp_gain":0.0,"max_hp_loss":0.0,"gold_gain":0.0,"cards_transformed":["Strike_G"],"event_name":"Transmorgrifier","player_choice":"Transformed","floor":2.0,"gold_loss":0.0,"damage_taken":0.0,"cards_obtained":["Acrobatics"]},{"cards_removed":["Strike_G"],"damage_healed":0.0,"max_hp_gain":0.0,"max_hp_loss":0.0,"gold_gain":0.0,"event_name":"Beggar","player_choice":"Gave Gold","floor":24.0,"gold_loss":75.0,"damage_taken":0.0},{"cards_removed":["Blade Dance"],"damage_healed":0.0,"max_hp_gain":0.0,"max_hp_loss":0.0,"gold_gain":0.0,"event_name":"Falling","player_choice":"Removed Skill","floor":37.0,"gold_loss":0.0,"damage_taken":0.0},{"damage_healed":0,"gold_gain":0,"player_choice":"Fight","damage_taken":0,"max_hp_gain":0,"max_hp_loss":0,"event_name":"Mysterious Sphere","floor":39,"gold_loss":0},{"damage_healed":0,"gold_gain":0,"player_choice":"Fight","damage_taken":0,"max_hp_gain":0,"max_hp_loss":0,"event_name":"MindBloom","floor":47,"gold_loss":0}],"is_beta":false,"boss_relics":[{"not_picked":["Pandora\u0027s Box","Calling Bell"],"picked":"Philosopher\u0027s Stone"},{"not_picked":["Runic Pyramid","Astrolabe"],"picked":"Empty Cage"}],"items_purged_floors":[30],"is_endless":false,"potions_floor_spawned":[5,6,8,11,13,14,16,21,23,27,29,36,38,39,45],"ascension_level":9}}