{"host":"sad04l3m69qtnhom","time":1612094804,"event":{"mods":["AchievementEnabler","BaseMod","Colored Map","Colored Powertips","DeckTracker","Highlight Path","Minty Spire (QoL Compilation)","Permanent Neow","Quick Restart","SuperFastMode","everything is the same but u backflip on backflip"],"gold_per_floor":[116,116,42,57,70,70,145,172,172,188,188,206,222,232,232,333,333,351,364,364,289,133,167,167,177,177,192,223,70,70,83,83,184,184,194,194,194,12,24,49,49,66,120,138,138,154,25,44,44,44,44,44,44,79,79],"floor_reached":56,"language":"KOR","playtime":3249,"items_purged":["Defend_B","Defend_B"],"score":1530,"play_id":"24cf09e6-5535-471f-aeb4-701a347b5a3d","local_time":"20210131210644","is_ascension_mode":true,"campfire_choices":[{"data":"Glacier","floor":6,"key":"SMITH"},{"data":"Biased Cognition","floor":11,"key":"SMITH"},{"data":"Glacier","floor":15,"key":"SMITH"},{"data":"Defragment","floor":24,"key":"SMITH"},{"data":"Biased Cognition","floor":30,"key":"SMITH"},{"floor":32,"key":"RECALL"},{"data":"Creative AI","floor":41,"key":"SMITH"},{"data":"Capacitor","floor":45,"key":"SMITH"},{"data":"Echo Form","floor":49,"key":"SMITH"},{"data":"Conserve Battery","floor":52,"key":"SMITH"}],"circlet_count":0,"master_deck":["Strike_B","Strike_B","Strike_B","Strike_B","Defend_B","Zap","Dualcast","Conserve Battery+1","Glacier+1","Biased Cognition+1","BootSequence","Echo Form+1","Glacier+1","Biased Cognition+1","Defragment+1","Creative AI+1","Defragment+1","Capacitor+1","Cold Snap+1","Coolheaded+1","Double Energy+1","Coolheaded+1","Blizzard+1","Panacea+1","Seek+1"],"relics":["Cracked Core","Calipers","Mercury Hourglass","Pen Nib","Eternal Feather","Velvet Choker","Molten Egg 2","HornCleat","Kunai","Bag of Preparation","Coffee Dripper","Toxic Egg 2","Pocketwatch"],"acts_visited":["Exordium","TheCity","TheBeyond","TheEnding"],"potions_floor_usage":[23,27,28,33,33,46,48,54,55],"damage_taken":[{"damage":1,"enemies":"Cultist","floor":1,"turns":3},{"damage":0,"enemies":"2 Louse","floor":4,"turns":2},{"damage":0,"enemies":"Jaw Worm","floor":5,"turns":3},{"damage":3,"enemies":"3 Sentries","floor":8,"turns":8},{"damage":0,"enemies":"Large Slime","floor":10,"turns":6},{"damage":3,"enemies":"Exordium Thugs","floor":12,"turns":5},{"damage":0,"enemies":"2 Fungi Beasts","floor":13,"turns":3},{"damage":0,"enemies":"Exordium Wildlife","floor":14,"turns":1},{"damage":0,"enemies":"Slime Boss","floor":16,"turns":13},{"damage":4,"enemies":"Shell Parasite","floor":18,"turns":6},{"damage":0,"enemies":"3 Byrds","floor":19,"turns":5},{"damage":0,"enemies":"Book of Stabbing","floor":23,"turns":8},{"damage":0,"enemies":"Snake Plant","floor":25,"turns":4},{"damage":0,"enemies":"Shelled Parasite and Fungi","floor":27,"turns":4},{"damage":1,"enemies":"Slavers","floor":28,"turns":5},{"damage":0,"enemies":"Chosen and Byrds","floor":31,"turns":4},{"damage":0,"enemies":"Automaton","floor":33,"turns":15},{"damage":0,"enemies":"3 Darklings","floor":35,"turns":5},{"damage":14,"enemies":"3 Shapes","floor":39,"turns":4},{"damage":0,"enemies":"Nemesis","floor":40,"turns":11},{"damage":0,"enemies":"Spire Growth","floor":42,"turns":5},{"damage":0,"enemies":"Maw","floor":44,"turns":8},{"damage":0,"enemies":"Transient","floor":46,"turns":5},{"damage":1,"enemies":"Jaw Worm Horde","floor":48,"turns":5},{"damage":1,"enemies":"Donu and Deca","floor":50,"turns":9},{"damage":24,"enemies":"Shield and Spear","floor":54,"turns":8},{"damage":11,"enemies":"The Heart","floor":55,"turns":13}],"seed_played":"-6367318670252831715","potions_obtained":[{"floor":8,"key":"Dexterity Potion"},{"floor":10,"key":"Weak Potion"},{"floor":12,"key":"FearPotion"},{"floor":16,"key":"PotionOfCapacity"},{"floor":25,"key":"DistilledChaos"},{"floor":27,"key":"LiquidBronze"},{"floor":28,"key":"DistilledChaos"},{"floor":31,"key":"AttackPotion"},{"floor":33,"key":"ColorlessPotion"},{"floor":39,"key":"Regen Potion"},{"floor":42,"key":"LiquidMemories"},{"floor":46,"key":"FearPotion"}],"is_trial":false,"path_per_floor":["M","T","$","M","M","R","?","E","T","M","R","M","M","M","R","B",null,"M","M","?","?","$","E","R","M","T","M","E","$","R","M","R","B",null,"M","?","?","$","M","E","R","M","T","M","R","M","$","M","R","B",null,"R","$","E","B",null],"character_chosen":"DEFECT","items_purchased":["Glacier","Defragment","Bag of Preparation","Capacitor","Cold Snap+1","Blizzard+1","Panacea+1"],"campfire_rested":0,"item_purchase_floors":[3,22,29,38,38,47,47],"current_hp_per_floor":[67,67,67,67,67,67,56,53,53,53,59,56,56,56,65,65,68,64,64,64,64,64,64,68,68,68,68,67,67,68,68,68,68,68,68,68,68,68,54,54,66,66,66,66,68,68,68,67,68,67,68,68,68,54,43],"gold":79,"neow_bonus":"ONE_RARE_RELIC","is_daily":false,"chose_seed":false,"campfire_upgraded":9,"win_rate":0.0,"timestamp":1612094804,"path_taken":["M","?","$","M","M","R","?","E","T","M","R","M","M","M","R","BOSS","M","M","?","?","$","E","R","M","T","?","E","$","R","M","R","BOSS","M","?","?","$","M","E","R","M","T","M","R","?","$","M","R","BOSS","R","$","E","BOSS"],"items_purchased_type":["Card","Card","Relic","Card","Card","Card","Card"],"build_version":"2020-12-22","purchased_purges":2,"victory":true,"max_hp_per_floor":[68,68,68,68,68,68,68,68,68,68,68,68,68,68,68,68,68,68,68,68,68,68,68,68,68,68,68,68,68,68,68,68,68,68,68,68,68,68,68,68,68,68,68,68,68,68,68,68,68,68,68,68,68,68,68],"card_choices":[{"not_picked":["Gash","Fusion"],"picked":"Conserve Battery","floor":1},{"not_picked":["Rebound","Cold Snap"],"picked":"Biased Cognition","floor":4},{"not_picked":["Redo","Sweeping Beam","Steam"],"picked":"SKIP","floor":5},{"not_picked":["Loop","Stack","Steam Power"],"picked":"SKIP","floor":8},{"not_picked":["Beam Cell","Streamline","Redo"],"picked":"SKIP","floor":10},{"not_picked":["Scrape","Gash"],"picked":"BootSequence","floor":12},{"not_picked":["Cold Snap","Undo"],"picked":"Echo Form","floor":13},{"not_picked":["Sweeping Beam","Conserve Battery"],"picked":"Glacier","floor":14},{"not_picked":["All For One","Multi-Cast"],"picked":"Biased Cognition","floor":16},{"not_picked":["Gash","Undo","Reinforced Body"],"picked":"SKIP","floor":18},{"not_picked":["Stack","Conserve Battery+1","Heatsinks"],"picked":"SKIP","floor":19},{"not_picked":["Go for the Eyes+1","Hologram","Ball Lightning+1"],"picked":"SKIP","floor":23},{"not_picked":["Go for the Eyes+1","Hologram","Ball Lightning+1"],"picked":"SKIP","floor":23},{"not_picked":["Hello World","Recycle+1","Turbo"],"picked":"SKIP","floor":25},{"not_picked":["Conserve Battery","Reinforced Body","Steam"],"picked":"SKIP","floor":27},{"not_picked":["Leap","Storm","FTL+1"],"picked":"SKIP","floor":28},{"not_picked":["Streamline+1","Reinforced Body","Self Repair"],"picked":"SKIP","floor":31},{"not_picked":["Biased Cognition","All For One+1"],"picked":"Creative AI","floor":33},{"not_picked":["Streamline+1","Force Field","Ball Lightning+1"],"picked":"SKIP","floor":35},{"not_picked":["Rebound+1","Compile Driver+1","Stack"],"picked":"SKIP","floor":39},{"not_picked":["Buffer","Steam Power+1"],"picked":"Coolheaded+1","floor":40},{"not_picked":["Barrage+1","Capacitor"],"picked":"Double Energy+1","floor":42},{"not_picked":["Auto Shields+1","Gash+1","Compile Driver+1"],"picked":"SKIP","floor":44},{"not_picked":["Beam Cell+1","Rip and Tear+1"],"picked":"Coolheaded+1","floor":46},{"not_picked":["Beam Cell+1","Rebound+1","Sweeping Beam+1"],"picked":"SKIP","floor":48},{"not_picked":["Sweeping Beam+1","Rebound+1"],"picked":"Seek+1","floor":54}],"player_experience":426819,"relics_obtained":[{"floor":2,"key":"Mercury Hourglass"},{"floor":8,"key":"Pen Nib"},{"floor":9,"key":"Eternal Feather"},{"floor":23,"key":"Molten Egg 2"},{"floor":26,"key":"HornCleat"},{"floor":28,"key":"Kunai"},{"floor":40,"key":"Toxic Egg 2"},{"floor":54,"key":"Pocketwatch"}],"event_choices":[{"damage_healed":0,"gold_gain":75,"player_choice":"Gather Gold","damage_taken":11,"max_hp_gain":0,"max_hp_loss":0,"event_name":"World of Goop","floor":7,"gold_loss":0},{"damage_healed":0,"gold_gain":0,"player_choice":"Ignored","damage_taken":0,"max_hp_gain":0,"max_hp_loss":0,"event_name":"Vampires","floor":20,"gold_loss":0},{"cards_removed":["Defend_B"],"damage_healed":0,"gold_gain":0,"player_choice":"Gave Gold","damage_taken":0,"max_hp_gain":0,"max_hp_loss":0,"event_name":"Beggar","floor":21,"gold_loss":75},{"damage_healed":0,"gold_gain":0,"player_choice":"Ignored","damage_taken":0,"max_hp_gain":0,"max_hp_loss":0,"event_name":"Tomb of Lord Red Mask","floor":36,"gold_loss":0},{"damage_healed":0,"gold_gain":0,"player_choice":"Copied","damage_taken":0,"max_hp_gain":0,"max_hp_loss":0,"event_name":"Duplicator","floor":37,"gold_loss":0,"cards_obtained":["Defragment"]}],"is_beta":false,"boss_relics":[{"not_picked":["Calling Bell","Fusion Hammer"],"picked":"Velvet Choker"},{"not_picked":["Snecko Eye","SlaversCollar"],"picked":"Coffee Dripper"}],"items_purged_floors":[22,38],"is_endless":false,"potions_floor_spawned":[8,10,12,14,16,25,27,28,31,33,39,40,42,46],"ascension_level":4}}