{"host":"6xsbn6ynqlzwllfm","time":1612115986,"event":{"mods":["2.2 Compatiblity","BaseMod","Bestiary","Colored Map","Colored Powertips","Curses Come First","Highlight Path","Keyboard Shortcuts","Minty Spire (QoL Compilation)","Relic Stats","Slay the Relics Exporter","StSLib","SuperFastMode"],"gold_per_floor":[118,130,130,145,162,187,187,212,212,223,237,237,237,237],"floor_reached":13,"language":"ENG","playtime":359,"items_purged":[],"score":194,"play_id":"d0bc9646-ba85-4474-a14d-a467724045c7","local_time":"20210131125946","is_ascension_mode":true,"campfire_choices":[{"data":"SandsOfTime","floor":7,"key":"SMITH"},{"data":"Vault","floor":12,"key":"SMITH"}],"circlet_count":0,"master_deck":["AscendersBane","Strike_P","Strike_P","Strike_P","Defend_P","Defend_P","Defend_P","Defend_P","Eruption","Vigilance","BowlingBash","CutThroughFate","EmptyFist","SandsOfTime+1","Vault+1"],"relics":["PureWater","NeowsBlessing","Regal Pillow","Ancient Tea Set","Blue Candle"],"acts_visited":["Exordium"],"potions_floor_usage":[6,13],"damage_taken":[{"damage":0,"enemies":"2 Louse","floor":1,"turns":1},{"damage":0,"enemies":"Small Slimes","floor":2,"turns":1},{"damage":0,"enemies":"Jaw Worm","floor":4,"turns":1},{"damage":0,"enemies":"Exordium Wildlife","floor":5,"turns":2},{"damage":8,"enemies":"Gremlin Nob","floor":6,"turns":3},{"damage":15,"enemies":"3 Sentries","floor":8,"turns":6},{"damage":6,"enemies":"Exordium Thugs","floor":10,"turns":4},{"damage":9,"enemies":"Looter","floor":11,"turns":4},{"damage":0,"enemies":"Lagavulin","floor":13,"turns":5}],"seed_played":"1618114289545760841","potions_obtained":[{"floor":1,"key":"BottledMiracle"},{"floor":2,"key":"Dexterity Potion"},{"floor":6,"key":"PowerPotion"}],"is_trial":false,"path_per_floor":["M","M","?","M","M","E","R","E","T","M","M","R","E"],"character_chosen":"WATCHER","items_purchased":[],"campfire_rested":0,"item_purchase_floors":[],"current_hp_per_floor":[61,61,54,54,54,46,46,31,31,25,16,16,16,16],"gold":237,"neow_bonus":"THREE_ENEMY_KILL","is_daily":false,"chose_seed":false,"campfire_upgraded":2,"win_rate":0.0,"timestamp":1612115986,"path_taken":["M","M","?","M","M","E","R","E","T","M","M","R","E"],"items_purchased_type":[],"build_version":"2020-12-22","purchased_purges":0,"victory":false,"max_hp_per_floor":[68,68,68,68,68,68,68,68,68,68,68,68,68,68],"relic_stats":{"Regal Pillow":0,"counters":[9,27],"Blue Candle":[0],"obtain_stats":[{"Regal Pillow":6,"NeowsBlessing":0,"Blue Candle":9,"PureWater":0,"Ancient Tea Set":8},{"Regal Pillow":5,"NeowsBlessing":0,"Blue Candle":6,"PureWater":0,"Ancient Tea Set":6},{"Regal Pillow":8,"NeowsBlessing":0,"Blue Candle":14,"PureWater":0,"Ancient Tea Set":14}]},"card_choices":[{"not_picked":["TalkToTheHand","JustLucky"],"picked":"BowlingBash","floor":1},{"not_picked":["Consecrate","Evaluate"],"picked":"CutThroughFate","floor":2},{"not_picked":["Protect","Weave"],"picked":"EmptyFist","floor":4},{"not_picked":["BowlingBash","FlyingSleeves"],"picked":"SandsOfTime","floor":6},{"not_picked":["Adaptation","Consecrate"],"picked":"Vault","floor":8}],"player_experience":1361412,"relics_obtained":[{"floor":6,"key":"Regal Pillow"},{"floor":8,"key":"Ancient Tea Set"},{"floor":9,"key":"Blue Candle"}],"event_choices":[{"cards_removed":["Strike_P"],"damage_healed":0,"gold_gain":0,"player_choice":"Card Removal","damage_taken":7,"max_hp_gain":0,"max_hp_loss":0,"event_name":"Golden Wing","floor":3,"gold_loss":0}],"is_beta":false,"boss_relics":[],"items_purged_floors":[],"is_endless":false,"potions_floor_spawned":[1,2,6,11],"killed_by":"Lagavulin","ascension_level":20}}