{"host":"yecadp3kwkksam5a","time":1612072356,"event":{"mods":["100% Spire Juice","Arknights","BaseMod","Minty Spire (QoL Compilation)","StSLib","SuperFastMode","The Cursed","WarShipGirlsR/??á´Ò³R mod"],"gold_per_floor":[111,186,186,186,41,70,89,118,166,185,196,207,240,250,250,250,250],"floor_reached":16,"language":"KOR","playtime":475,"items_purged":[],"score":250,"play_id":"8f6b7472-fd52-435f-8036-693e2f8dc119","local_time":"20210131145236","is_ascension_mode":true,"campfire_choices":[{"data":"Uppercut","floor":15,"key":"SMITH"}],"circlet_count":0,"master_deck":["AscendersBane","Strike_R","Strike_R","Strike_R","Strike_R","Defend_R","Defend_R","Defend_R","Defend_R","Bash","Cleave","Impervious","Armaments","Second Wind","Sword Boomerang","Spot Weakness","Corruption","Carnage","Sentinel","Uppercut+1"],"relics":["Burning Blood","NeowsBlessing","Orrery","Happy Flower","Letter Opener","Centennial Puzzle","Singing Bowl"],"acts_visited":["Exordium"],"potions_floor_usage":[],"damage_taken":[{"damage":0,"enemies":"Jaw Worm","floor":1,"turns":1},{"damage":0,"enemies":"Lagavulin","floor":6,"turns":1},{"damage":0,"enemies":"Small Slimes","floor":7,"turns":1},{"damage":52,"enemies":"Gremlin Nob","floor":8,"turns":5},{"damage":1,"enemies":"Cultist","floor":10,"turns":4},{"damage":10,"enemies":"Exordium Wildlife","floor":11,"turns":2},{"damage":8,"enemies":"Blue Slaver","floor":12,"turns":4},{"damage":10,"enemies":"Lagavulin","floor":13,"turns":4},{"damage":0,"enemies":"Large Slime","floor":14,"turns":5},{"damage":33,"enemies":"Slime Boss","floor":16,"turns":11}],"seed_played":"-7015754652678849397","potions_obtained":[{"floor":7,"key":"EssenceOfSteel"},{"floor":8,"key":"SpeedPotion"},{"floor":12,"key":"HeartOfIron"}],"is_trial":false,"path_per_floor":["M","?","?","?","$","E","M","E","T","M","M","M","E","M","R","B"],"character_chosen":"IRONCLAD","items_purchased":["Orrery"],"campfire_rested":0,"item_purchase_floors":[5],"current_hp_per_floor":[74,63,68,61,61,67,73,27,27,32,28,26,24,30,30,0,0],"gold":250,"neow_bonus":"THREE_ENEMY_KILL","is_daily":false,"chose_seed":false,"campfire_upgraded":1,"win_rate":0.0,"timestamp":1612072356,"path_taken":["M","?","?","?","?","E","M","E","T","M","M","?","E","M","R","BOSS"],"items_purchased_type":["Relic"],"build_version":"2020-12-22","purchased_purges":0,"victory":false,"max_hp_per_floor":[75,75,80,80,80,80,80,80,80,80,80,80,82,82,82,82,82],"card_choices":[{"not_picked":["Clothesline","Wild Strike"],"picked":"Cleave","floor":1},{"not_picked":["True Grit","Twin Strike"],"picked":"Impervious","floor":5},{"not_picked":["Brutality","Iron Wave"],"picked":"Armaments","floor":5},{"not_picked":["Seeing Red","Twin Strike"],"picked":"Second Wind","floor":5},{"not_picked":["Second Wind","Headbutt"],"picked":"Sword Boomerang","floor":6},{"not_picked":["Iron Wave","True Grit"],"picked":"Spot Weakness","floor":7},{"not_picked":["Sever Soul","Disarm"],"picked":"Corruption","floor":8},{"not_picked":["Sword Boomerang","Fire Breathing","Rampage"],"picked":"SKIP","floor":10},{"not_picked":["Anger","Wild Strike"],"picked":"Carnage","floor":11},{"not_picked":["Evolve","Warcry"],"picked":"Sentinel","floor":12},{"not_picked":["Havoc","Heavy Blade","Battle Trance"],"picked":"Singing Bowl","floor":13},{"not_picked":["Spot Weakness","Body Slam"],"picked":"Uppercut","floor":14}],"player_experience":568998,"relics_obtained":[{"floor":6,"key":"Happy Flower"},{"floor":8,"key":"Letter Opener"},{"floor":9,"key":"Centennial Puzzle"},{"floor":13,"key":"Singing Bowl"}],"event_choices":[{"damage_healed":0,"gold_gain":75,"player_choice":"Gather Gold","damage_taken":11,"max_hp_gain":0,"max_hp_loss":0,"event_name":"World of Goop","floor":2,"gold_loss":0},{"damage_healed":0,"gold_gain":0,"player_choice":"Donut","damage_taken":0,"max_hp_gain":5,"max_hp_loss":0,"event_name":"Big Fish","floor":3,"gold_loss":0},{"cards_removed":["Strike_R"],"damage_healed":0,"gold_gain":0,"player_choice":"Card Removal","damage_taken":7,"max_hp_gain":0,"max_hp_loss":0,"event_name":"Golden Wing","floor":4,"gold_loss":0}],"is_beta":false,"boss_relics":[],"items_purged_floors":[],"is_endless":false,"potions_floor_spawned":[7,8,12,14],"killed_by":"Slime Boss","ascension_level":14}}