{"host":"q6r63elxu27obe7v","time":1612109091,"event":{"mods":["2.2 Compatiblity","AchievementEnabler","BaseMod","CapriCore","DeckTracker","Keyboard Shortcuts","Minty Spire (QoL Compilation)","Permanent Neow","Quick Restart","Replay The Spire","StSLib","SuperFastMode","¡¼?Úª?ø«¡½REMEMod"],"gold_per_floor":[18,36,47,71,22,22,33,33,57,69,69,110,130,144,144,264,264,282,17,40,40,65,65,98,121,197,197,97,97,129,144,144,248,248,260,260,46,46,62,62,81,81,81,81,96,96,107,123,173,173,173,173,0,35,35,35],"floor_reached":55,"language":"KOR","playtime":1831,"items_purged":["Strike_G","Defend_G","Defend_G"],"score":661,"play_id":"b705eaab-5e75-46c5-8e20-03118f067d2b","local_time":"20210201010451","is_ascension_mode":false,"campfire_choices":[{"floor":6,"key":"RECALL"},{"data":"REME_AllRoundStrike","floor":8,"key":"SMITH"},{"data":"Enlightenment","floor":15,"key":"SMITH"},{"data":"Sneak Up","floor":23,"key":"SMITH"},{"data":"Backflip","floor":27,"key":"SMITH"},{"floor":40,"key":"REST"},{"floor":44,"key":"REST"},{"floor":52,"key":"REST"}],"circlet_count":0,"master_deck":["Strike_G","Strike_G","Strike_G","Defend_G","Defend_G+1","Defend_G+1","Survivor","Neutralize","REME_AllRoundStrike+1","Dagger Throw","Slice","Enlightenment+1","Backflip+1","Poisoned Stab","Reflex","Sneak Up+1","Calculated Gamble","Die Die Die+1","Prepared+1","Terror+1","Backstab+1","ReplayTheSpireMod:The Works","Venomology","Bandage Up","Slice+1"],"relics":["Ring of the Snake","REME_ComplimentaryCards","Simple Rune","Bloody Idol","Molten Egg 2","SlaversCollar","HandDrill","Happy Flower","Gremlin Horn","Replay:Rubber Ducky","Fusion Hammer","Replay:Kaleidoscope","Ornamental Fan","Pondfish Scales","Blue Doll"],"acts_visited":["Exordium","TheCity","TheBeyond","TheEnding"],"potions_floor_usage":[12,30,33,33,33,47,49,49,50,54,54,54,55],"damage_taken":[{"damage":0,"enemies":"Cultist","floor":1,"turns":2},{"damage":0,"enemies":"2 Louse","floor":2,"turns":1},{"damage":3,"enemies":"Jaw Worm","floor":3,"turns":2},{"damage":0,"enemies":"Blue Slaver","floor":7,"turns":1},{"damage":10,"enemies":"Exordium Thugs","floor":10,"turns":2},{"damage":3,"enemies":"3 Sentries","floor":12,"turns":5},{"damage":0,"enemies":"Red Slaver","floor":13,"turns":4},{"damage":0,"enemies":"Looter","floor":14,"turns":1},{"damage":5,"enemies":"Hexaghost","floor":16,"turns":7},{"damage":0,"enemies":"Shell Parasite","floor":18,"turns":3},{"damage":0,"enemies":"Spheric Guardian","floor":20,"turns":1},{"damage":0,"enemies":"3 Cultists","floor":22,"turns":5},{"damage":9,"enemies":"Replay:Snechameleon","floor":24,"turns":2},{"damage":5,"enemies":"Sentry and Sphere","floor":25,"turns":3},{"damage":4,"enemies":"Book of Stabbing","floor":30,"turns":2},{"damage":0,"enemies":"Snecko","floor":31,"turns":2},{"damage":2,"enemies":"Automaton","floor":33,"turns":4},{"damage":16,"enemies":"3 Darklings","floor":35,"turns":2},{"damage":0,"enemies":"Orb Walker","floor":39,"turns":1},{"damage":5,"enemies":"Jaw Worm Horde","floor":41,"turns":3},{"damage":0,"enemies":"Transient","floor":45,"turns":5},{"damage":9,"enemies":"Sphere and 2 Shapes","floor":47,"turns":1},{"damage":1,"enemies":"Maw","floor":48,"turns":4},{"damage":0,"enemies":"Mind Bloom Boss Battle","floor":49,"turns":2},{"damage":46,"enemies":"Donu and Deca","floor":50,"turns":5},{"damage":33,"enemies":"Shield and Spear","floor":54,"turns":6},{"damage":58,"enemies":"The Heart","floor":55,"turns":2}],"seed_played":"-4302564852648088008","potions_obtained":[{"floor":3,"key":"Block Potion"},{"floor":10,"key":"GamblersBrew"},{"floor":12,"key":"SkillPotion"},{"floor":20,"key":"Fire Potion"},{"floor":31,"key":"LifebloodPotion"},{"floor":36,"key":"AttackPotion"},{"floor":36,"key":"Toxic Potion"},{"floor":36,"key":"Doom Potion"},{"floor":39,"key":"Explosive Potion"},{"floor":47,"key":"PowerPotion"}],"is_trial":false,"path_per_floor":["M","M","M","T","$","R","M","R","T","M","?","E","M","M","R","B",null,"M","$","M","$","M","R","E","M","T","R","$","?","E","M","R","B",null,"M","?","$","T","M","R","M","$","T","R","M","$","M","M","R","B",null,"R","$","E","B"],"character_chosen":"THE_SILENT","items_purchased":["Backflip","HandDrill","Prepared+1","Bandage Up","ColorlessPotion","SkillPotion","LifebloodPotion"],"campfire_rested":3,"item_purchase_floors":[5,19,19,37,53,53,53],"current_hp_per_floor":[70,70,67,67,67,67,67,67,67,57,40,37,37,37,37,32,70,70,70,70,70,70,70,61,56,56,56,56,56,57,62,62,65,70,59,59,59,59,64,70,70,70,70,70,70,70,66,70,70,24,70,70,70,46,0,0],"gold":35,"neow_bonus":"RANDOM_COLORLESS_2","is_daily":false,"chose_seed":false,"campfire_upgraded":4,"win_rate":0.0,"timestamp":1612109091,"path_taken":["M","M","M","?","$","R","M","R","T","M","?","E","M","M","R","BOSS","M","$","M","$","M","R","E","M","T","R","$","?","E","M","R","BOSS","M","?","$","?","M","R","M","$","T","R","?","?","M","M","R","BOSS","R","$","E","BOSS"],"items_purchased_type":["Card","Relic","Card","Card","Potion","Potion","Potion"],"build_version":"2020-12-22","purchased_purges":3,"victory":false,"max_hp_per_floor":[70,70,70,70,70,70,70,70,70,70,70,70,70,70,70,70,70,70,70,70,70,70,70,70,70,70,70,70,70,70,70,70,70,70,70,70,70,70,70,70,70,70,70,70,70,70,70,70,70,70,70,70,70,70,70,70],"card_choices":[{"not_picked":["Violence","REME_ProfessionalPlagiarism"],"picked":"REME_AllRoundStrike","floor":0},{"not_picked":["Sucker Punch","Flying Knee"],"picked":"Dagger Throw","floor":1},{"not_picked":["Dodge and Roll","Outmaneuver"],"picked":"Slice","floor":2},{"not_picked":["Deflect","Poisoned Stab","Sucker Punch"],"picked":"SKIP","floor":3},{"not_picked":["Cloak And Dagger","Bane"],"picked":"Poisoned Stab","floor":7},{"not_picked":["PiercingWail","Outmaneuver"],"picked":"Reflex","floor":10},{"not_picked":["Flying Knee+1","Underhanded Strike+1"],"picked":"Sneak Up","floor":12},{"not_picked":["Acrobatics","Bane+1"],"picked":"Calculated Gamble","floor":13},{"not_picked":["Calculated Gamble","Deflect","Hidden Blade"],"picked":"SKIP","floor":14},{"not_picked":["Glass Knife+1","Grand Finale+1"],"picked":"Die Die Die+1","floor":16},{"not_picked":["Dodge and Roll","Crippling Poison","Bouncing Flask"],"picked":"SKIP","floor":18},{"not_picked":["Fluid Movement","Replay:Poison Smokescreen","Footwork"],"picked":"SKIP","floor":20},{"not_picked":["Dodge and Roll","Infinite Blades+1","Catalyst"],"picked":"SKIP","floor":22},{"not_picked":["Outmaneuver","Well Laid Plans+1"],"picked":"Terror+1","floor":24},{"not_picked":["Dagger Throw+1","Crippling Poison"],"picked":"Backstab+1","floor":25},{"not_picked":["Hidden Blade","ReplayTheSpireMod:Scrap Shanks","Accuracy"],"picked":"SKIP","floor":30},{"not_picked":["Eviscerate+1","ReplayTheSpireMod:Shiv Toss+1","Hidden Blade"],"picked":"SKIP","floor":31},{"not_picked":["Glass Knife+1","Storm of Steel"],"picked":"Venomology","floor":33},{"not_picked":["Acrobatics+1","REME_ShadowStrike+1","Deflect"],"picked":"SKIP","floor":35},{"not_picked":["Dagger Spray+1","Outmaneuver","Hidden Blade+1"],"picked":"SKIP","floor":39},{"not_picked":["PiercingWail+1","Unload+1","REME_GreenPollution+1"],"picked":"SKIP","floor":41},{"not_picked":["Heel Hook+1","Dodge and Roll"],"picked":"Slice+1","floor":45},{"not_picked":["Poisoned Stab+1","Quick Slash+1","Blur"],"picked":"SKIP","floor":47},{"not_picked":["Leg Sweep","Dodge and Roll+1","Prepared"],"picked":"SKIP","floor":48},{"not_picked":["Dodge and Roll+1","Expertise","REME_GreenPollution"],"picked":"SKIP","floor":54}],"player_experience":77889,"relics_obtained":[{"floor":4,"key":"Simple Rune"},{"floor":12,"key":"Molten Egg 2"},{"floor":24,"key":"Happy Flower"},{"floor":26,"key":"Gremlin Horn"},{"floor":30,"key":"Replay:Rubber Ducky"},{"floor":38,"key":"Replay:Kaleidoscope"},{"floor":43,"key":"Ornamental Fan"},{"floor":49,"key":"Pondfish Scales"},{"floor":54,"key":"Blue Doll"}],"event_choices":[{"damage_healed":0,"gold_gain":0,"player_choice":"Take Damage","damage_taken":17,"relics_obtained":["Golden Idol"],"max_hp_gain":0,"max_hp_loss":0,"event_name":"Golden Idol","floor":11,"gold_loss":0},{"damage_healed":0,"gold_gain":0,"player_choice":"Gave Idol","damage_taken":0,"relics_obtained":["Bloody Idol"],"max_hp_gain":0,"max_hp_loss":0,"event_name":"Forgotten Altar","floor":29,"relics_lost":["Golden Idol"],"gold_loss":0},{"damage_healed":0,"gold_gain":0,"player_choice":"Got Potions","damage_taken":0,"max_hp_gain":0,"max_hp_loss":0,"event_name":"Lab","floor":36,"gold_loss":0},{"damage_healed":0,"gold_gain":0,"player_choice":"Fight","damage_taken":0,"max_hp_gain":0,"max_hp_loss":0,"event_name":"MindBloom","floor":49,"gold_loss":0}],"is_beta":false,"boss_relics":[{"not_picked":["Cursed Key","Replay:Bronze Core"],"picked":"SlaversCollar"},{"not_picked":["Sozu","ReplayTheSpireMod:DimensionalGlitch"],"picked":"Fusion Hammer"}],"items_purged_floors":[19,28,37],"is_endless":false,"potions_floor_spawned":[3,10,12,20,31,39,41,45,47],"killed_by":"The Heart","ascension_level":0}}