{"host":"4gr5irrdjh39ysed","time":1612111717,"event":{"mods":["AchievementEnabler","BaseMod","Colored Map","Downfall","Hermit","Minty Spire (QoL Compilation)","Random Character Button","StSLib","The Construct","The Cursed","The Disciple","The Hierophant","The Mystic","The Necromancer","The Runesmith"],"gold_per_floor":[110,130,205,222,233,265,43,55,55,85,119,119,157,43,43,171,171,195,220,9,22,35,35,76,76,76,76,97,97,97,128,128,256,256,277,277,277,123,194,194,233,233,282,315,335,335,335,188,188,188,188,188,30,74,74],"floor_reached":56,"language":"ENG","playtime":2393,"items_purged":["Defend_B","Tempest","Glacier"],"score":1909,"play_id":"e7b405f7-f1b6-4395-a4e4-875fc1257960","local_time":"20210131094837","is_ascension_mode":true,"campfire_choices":[{"floor":15,"key":"RECALL"},{"data":"Hyperbeam","floor":23,"key":"SMITH"},{"data":"Reprogram","floor":29,"key":"SMITH"},{"data":"Hyperbeam","floor":32,"key":"SMITH"},{"data":"RitualDagger","floor":40,"key":"SMITH"},{"data":"Seek","floor":42,"key":"SMITH"},{"data":"Madness","floor":46,"key":"SMITH"},{"data":"Madness","floor":49,"key":"SMITH"},{"data":"Meteor Strike","floor":52,"key":"SMITH"}],"circlet_count":0,"master_deck":["AscendersBane","Zap","Dualcast","Gash","Gash","Doom and Gloom","Rip and Tear","Compile Driver","Hyperbeam+1","Rip and Tear","Hyperbeam+1","Chill","Sweeping Beam","Sweeping Beam","Steam Power","Reboot+1","Reprogram+1","Self Repair","Doom and Gloom","Chaos","White Noise","Melter","Scrape","Doom and Gloom","RitualDagger+1","Meteor Strike+1","Beam Cell+1","Madness+1","Madness+1","Impatience","Panache","Dramatic Entrance","Scrape","Seek+1","Reprogram","Turbo","Reboot"],"relics":["Cracked Core","Juzu Bracelet","DollysMirror","FossilizedHelix","Mango","Golden Idol","Incense Burner","Pandora\u0027s Box","Ancient Tea Set","Meat on the Bone","Art of War","Nuclear Battery","Singing Bowl","Oddly Smooth Stone","Lantern","Pear","Bag of Preparation","construct:FoamFinger"],"acts_visited":["Exordium","TheCity","TheBeyond","TheEnding"],"potions_floor_usage":[6,13,21,41,55],"damage_taken":[{"damage":15,"enemies":"2 Louse","floor":1,"turns":3},{"damage":1,"enemies":"Cultist","floor":2,"turns":3},{"damage":12,"enemies":"Jaw Worm","floor":4,"turns":2},{"damage":14,"enemies":"Red Slaver","floor":5,"turns":2},{"damage":32,"enemies":"Gremlin Nob","floor":6,"turns":4},{"damage":14,"enemies":"Exordium Wildlife","floor":8,"turns":3},{"damage":20,"enemies":"Lagavulin","floor":11,"turns":5},{"damage":0,"enemies":"Gremlin Nob","floor":13,"turns":3},{"damage":23,"enemies":"Slime Boss","floor":16,"turns":8},{"damage":0,"enemies":"Spheric Guardian","floor":18,"turns":3},{"damage":28,"enemies":"Shell Parasite","floor":19,"turns":5},{"damage":10,"enemies":"Snecko","floor":21,"turns":4},{"damage":20,"enemies":"Centurion and Healer","floor":22,"turns":5},{"damage":59,"enemies":"Book of Stabbing","floor":24,"turns":5},{"damage":12,"enemies":"Cultist and Chosen","floor":28,"turns":4},{"damage":21,"enemies":"Slavers","floor":31,"turns":3},{"damage":187,"enemies":"Automaton","floor":33,"turns":11},{"damage":0,"enemies":"Orb Walker","floor":35,"turns":2},{"damage":166,"enemies":"Nemesis","floor":41,"turns":9},{"damage":216,"enemies":"Giant Head","floor":44,"turns":10},{"damage":34,"enemies":"3 Darklings","floor":45,"turns":4},{"damage":137,"enemies":"Time Eater","floor":50,"turns":8},{"damage":58,"enemies":"Shield and Spear","floor":54,"turns":3},{"damage":409,"enemies":"The Heart","floor":55,"turns":10}],"seed_played":"6520347612888622168","potions_obtained":[{"floor":4,"key":"PowerPotion"},{"floor":5,"key":"bronze:BurnAndBuffPotion"},{"floor":11,"key":"Fire Potion"},{"floor":18,"key":"DuplicationPotion"},{"floor":31,"key":"FairyPotion"},{"floor":33,"key":"Swift Potion"},{"floor":45,"key":"SteroidPotion"}],"is_trial":false,"path_per_floor":["M","M","?","M","M","E","$","M","T","?","E","?","E","$","R","B",null,"M","M","$","M","M","R","E","$","T","?","M","R","?","E","R","B",null,"M","?","?","$","T","R","E","R","T","E","M","R","?","$","R","B",null,"R","$","E","B",null],"character_chosen":"DEFECT","items_purchased":["Rip and Tear","DollysMirror","Steam Power","Scrape","Doom and Gloom","Dramatic Entrance","Scrape","Turbo","Reboot"],"campfire_rested":0,"item_purchase_floors":[7,7,14,20,20,38,38,48,53],"current_hp_per_floor":[2053,2052,1845,1833,1819,1787,1787,1773,1773,1773,1767,1767,1767,1767,1767,1744,1878,1878,1857,1857,1847,1827,1827,1775,1775,1775,1775,1763,1763,1757,1736,1736,1556,1831,1831,1591,1586,1586,1586,1586,1427,1427,1427,1221,1189,1189,1189,1189,1189,1052,1714,1714,1714,1658,1249],"gold":74,"neow_bonus":"TRANSFORM_CARD","is_daily":false,"chose_seed":false,"campfire_upgraded":8,"win_rate":0.0,"timestamp":1612111717,"path_taken":["M","M","?","M","?","E","$","M","T","?","E","?","E","$","R","BOSS","M","M","$","M","M","R","E","$","T","?","M","R","?","E","R","BOSS","M","?","?","$","?","R","E","R","T","E","M","R","?","$","R","BOSS","R","$","E","BOSS"],"items_purchased_type":["Card","Relic","Card","Card","Card","Card","Card","Card","Card"],"build_version":"2020-12-22","purchased_purges":3,"victory":true,"max_hp_per_floor":[2075,2075,2075,2075,2075,2075,2075,2075,2075,2075,2089,1922,1922,1922,1922,1922,1922,1922,1922,1922,1922,1922,1922,1922,1922,1922,1922,1922,1922,1922,1922,1922,1922,1922,1922,1922,1922,1922,1922,1922,1922,1922,1922,1932,1934,1934,1934,1934,1934,1934,1934,1934,1934,1936,1936],"card_choices":[{"not_picked":["Go for the Eyes","Rebound"],"picked":"Gash","floor":1},{"not_picked":["Static Discharge","Compile Driver"],"picked":"Doom and Gloom","floor":2},{"not_picked":["Ball Lightning","Conserve Battery"],"picked":"Rip and Tear","floor":4},{"not_picked":["Steam","Cold Snap"],"picked":"Compile Driver","floor":5},{"not_picked":["Barrage","Coolheaded"],"picked":"Hyperbeam","floor":6},{"not_picked":["Fusion","Rebound"],"picked":"Chill","floor":8},{"not_picked":["BootSequence","Leap"],"picked":"Sweeping Beam","floor":11},{"not_picked":["Coolheaded","Compile Driver"],"picked":"Sweeping Beam","floor":13},{"not_picked":["Rainbow","Electrodynamics"],"picked":"Reboot","floor":16},{"not_picked":["Cold Snap","Stack+1"],"picked":"White Noise","floor":18},{"not_picked":["Conserve Battery","Leap"],"picked":"Melter","floor":19},{"not_picked":["Stack","Steam","Leap"],"picked":"SKIP","floor":21},{"not_picked":["Tempest","Leap","Redo"],"picked":"SKIP","floor":22},{"not_picked":["Multi-Cast","Sweeping Beam","Static Discharge"],"picked":"SKIP","floor":24},{"not_picked":["Chill","Stack","Capacitor"],"picked":"SKIP","floor":28},{"not_picked":["Leap+1","Doom and Gloom","Compile Driver"],"picked":"SKIP","floor":31},{"not_picked":["Core Surge","Creative AI"],"picked":"Meteor Strike","floor":33},{"not_picked":["Conserve Battery","Hologram"],"picked":"Beam Cell+1","floor":35},{"not_picked":["Forethought","Magnetism"],"picked":"Impatience","floor":37},{"not_picked":["Deep Breath","Purity"],"picked":"Panache","floor":37},{"not_picked":["Capacitor","Streamline"],"picked":"Seek","floor":41},{"not_picked":["Multi-Cast","Leap"],"picked":"Reprogram","floor":44},{"not_picked":["Undo","Ball Lightning","Hologram"],"picked":"Singing Bowl","floor":45},{"not_picked":["Steam Power+1","Chaos+1","Electrodynamics"],"picked":"Singing Bowl","floor":54}],"player_experience":269381,"relics_obtained":[{"floor":6,"key":"Juzu Bracelet"},{"floor":11,"key":"Mango"},{"floor":13,"key":"Incense Burner"},{"floor":24,"key":"Ancient Tea Set"},{"floor":26,"key":"Meat on the Bone"},{"floor":31,"key":"Art of War"},{"floor":39,"key":"Singing Bowl"},{"floor":41,"key":"Oddly Smooth Stone"},{"floor":43,"key":"Lantern"},{"floor":44,"key":"Pear"},{"floor":54,"key":"construct:FoamFinger"}],"event_choices":[{"damage_healed":0,"gold_gain":75,"player_choice":"Touch","damage_taken":207,"max_hp_gain":0,"max_hp_loss":0,"event_name":"FaceTrader","floor":3,"gold_loss":0},{"damage_healed":0,"gold_gain":30,"player_choice":"Searched \u00272\u0027 times","damage_taken":0,"relics_obtained":["FossilizedHelix"],"max_hp_gain":0,"max_hp_loss":0,"event_name":"Dead Adventurer","floor":10,"gold_loss":0},{"damage_healed":0,"gold_gain":0,"player_choice":"Lose Max HP","damage_taken":0,"relics_obtained":["Golden Idol"],"max_hp_gain":0,"max_hp_loss":167,"event_name":"Golden Idol","floor":12,"gold_loss":0},{"damage_healed":0,"gold_gain":0,"player_choice":"Upgraded","damage_taken":0,"max_hp_gain":0,"max_hp_loss":0,"event_name":"Upgrade Shrine","floor":27,"gold_loss":0,"cards_upgraded":["Reboot"]},{"damage_healed":0,"gold_gain":0,"player_choice":"Joined the Cult","damage_taken":6,"max_hp_gain":0,"max_hp_loss":0,"event_name":"Nest","floor":30,"gold_loss":0,"cards_obtained":["RitualDagger"]},{"damage_healed":0,"gold_gain":0,"player_choice":"Embrace Madness","damage_taken":240,"max_hp_gain":0,"max_hp_loss":0,"event_name":"Winding Halls","floor":36,"gold_loss":0,"cards_obtained":["Madness","Madness"]},{"damage_healed":0,"gold_gain":0,"player_choice":"Memory 2","damage_taken":5,"max_hp_gain":0,"max_hp_loss":0,"event_name":"SensoryStone","floor":37,"gold_loss":0},{"damage_healed":0,"gold_gain":0,"player_choice":"Gave Potion","damage_taken":0,"relics_obtained":["Bag of Preparation"],"max_hp_gain":0,"max_hp_loss":0,"event_name":"WeMeetAgain","floor":47,"gold_loss":0}],"is_beta":false,"boss_relics":[{"not_picked":["Astrolabe","Black Star"],"picked":"Pandora\u0027s Box"},{"not_picked":["Philosopher\u0027s Stone","Empty Cage"],"picked":"Nuclear Battery"}],"items_purged_floors":[14,20,48],"is_endless":false,"potions_floor_spawned":[4,5,11,18,31,33,45],"ascension_level":12}}