{"host":"r53pw7z744tg3fxg","time":1612117665,"event":{"mods":["AchievementEnabler","BaseMod","Colored Map","Colored Powertips","Highlight Path","Minty Spire (QoL Compilation)","Quick Restart","Transform Curses"],"gold_per_floor":[119,45,57,75,75,75,95,127,178,178,192,192,204,224,224,301,301,315,335,335,348,367,80,80,41,120,120,120,120],"floor_reached":28,"language":"ENG","playtime":879,"items_purged":[],"score":422,"play_id":"9bf4ab91-5c1e-463a-8ced-b271deff1016","local_time":"20210131112745","is_ascension_mode":true,"campfire_choices":[{"data":"TalkToTheHand","floor":6.0,"key":"SMITH"},{"data":"Pray","floor":10,"key":"SMITH"},{"data":"ClearTheMind","floor":12,"key":"SMITH"},{"floor":15,"key":"REST"},{"floor":27,"key":"REST"}],"circlet_count":0,"master_deck":["AscendersBane","Strike_P","Strike_P","Strike_P","Strike_P","Defend_P","Defend_P","Defend_P","Defend_P","Eruption+1","Vigilance","TalkToTheHand+1","Halt","Tantrum","Pray+1","ClearTheMind+1","CarveReality","ReachHeaven","Evaluate","Establishment","Conclude","PathToVictory","Prostrate","InnerPeace"],"relics":["PureWater","Blood Vial","Mummified Hand","Damaru","Black Star","Matryoshka","Smiling Mask","Yang"],"acts_visited":["Exordium","TheCity"],"potions_floor_usage":[16],"damage_taken":[{"damage":0.0,"enemies":"2 Louse","floor":1.0,"turns":4.0},{"damage":5.0,"enemies":"Cultist","floor":3.0,"turns":4.0},{"damage":11.0,"enemies":"Small Slimes","floor":4.0,"turns":5.0},{"damage":3,"enemies":"Looter","floor":7,"turns":2},{"damage":10,"enemies":"Gremlin Nob","floor":8,"turns":3},{"damage":4,"enemies":"Large Slime","floor":11,"turns":4},{"damage":24,"enemies":"Gremlin Gang","floor":13,"turns":4},{"damage":0,"enemies":"2 Fungi Beasts","floor":14,"turns":1},{"damage":16,"enemies":"Hexaghost","floor":16,"turns":6},{"damage":20,"enemies":"Shell Parasite","floor":18,"turns":5},{"damage":0,"enemies":"Chosen","floor":19,"turns":3},{"damage":17,"enemies":"Centurion and Healer","floor":21,"turns":4},{"damage":17,"enemies":"Sentry and Sphere","floor":22,"turns":3},{"damage":163,"enemies":"Cultist and Chosen","floor":28,"turns":7}],"seed_played":"-6026313558203031058","potions_obtained":[{"floor":1.0,"key":"FairyPotion"},{"floor":3.0,"key":"Energy Potion"},{"floor":14,"key":"BlessingOfTheForge"},{"floor":18,"key":"SmokeBomb"}],"is_trial":false,"path_per_floor":["M","$","M","M","?","R","M","E","T","R","M","R","M","M","R","B",null,"M","M","?","M","M","$","?","$","T","R","M"],"character_chosen":"WATCHER","items_purchased":["TalkToTheHand","Matryoshka","InnerPeace"],"campfire_rested":2,"item_purchase_floors":[2,23,25],"current_hp_per_floor":[63,63,60,51,51,51,50,42,42,42,40,40,18,20,40,26,58,40,42,42,27,12,12,12,12,12,32,0,0],"gold":120,"neow_bonus":"RANDOM_COMMON_RELIC","is_daily":false,"chose_seed":false,"campfire_upgraded":3,"win_rate":0.0,"timestamp":1612117665,"path_taken":["M","$","M","M","?","R","M","E","T","R","M","R","?","M","R","BOSS","M","M","?","?","M","$","?","$","T","R","M"],"items_purchased_type":["Card","Relic","Card"],"build_version":"2020-12-22","purchased_purges":0,"victory":false,"max_hp_per_floor":[68,68,68,68,68,68,68,68,68,68,68,68,68,68,68,68,68,68,68,68,68,68,68,68,68,68,68,68,68],"card_choices":[{"not_picked":["EmptyMind","Adaptation","SignatureMove"],"picked":"SKIP","floor":1.0},{"not_picked":["JustLucky","CrushJoints"],"picked":"Halt","floor":3.0},{"not_picked":["Swivel","Adaptation"],"picked":"Tantrum","floor":4.0},{"not_picked":["CutThroughFate","FlyingSleeves"],"picked":"Pray","floor":7},{"not_picked":["Tantrum","CrushJoints"],"picked":"ClearTheMind","floor":8},{"not_picked":["EmptyFist","CutThroughFate"],"picked":"CarveReality","floor":11},{"not_picked":["SashWhip","ClearTheMind"],"picked":"ReachHeaven","floor":13},{"not_picked":["Crescendo","ThirdEye"],"picked":"Evaluate","floor":14},{"not_picked":["Omniscience","SpiritShield"],"picked":"Establishment","floor":16},{"not_picked":["Consecrate","Evaluate"],"picked":"Conclude","floor":18},{"not_picked":["ThirdEye","PathToVictory","FlyingSleeves"],"picked":"SKIP","floor":19},{"not_picked":["EmptyFist","Evaluate"],"picked":"PathToVictory","floor":21},{"not_picked":["Consecrate+1","Blasphemy"],"picked":"Prostrate","floor":22}],"player_experience":1404433,"relics_obtained":[{"floor":8,"key":"Mummified Hand"},{"floor":9,"key":"Damaru"},{"floor":26,"key":"Smiling Mask"},{"floor":26,"key":"Yang"}],"event_choices":[{"damage_healed":0.0,"max_hp_gain":0.0,"max_hp_loss":0.0,"gold_gain":0.0,"event_name":"Accursed Blacksmith","player_choice":"Forge","floor":5.0,"gold_loss":0.0,"damage_taken":0.0,"cards_upgraded":["Eruption"]},{"damage_healed":0,"gold_gain":0,"player_choice":"Ignored","damage_taken":0,"max_hp_gain":0,"max_hp_loss":0,"event_name":"N\u0027loth","floor":20,"gold_loss":0},{"damage_healed":0,"gold_gain":0,"player_choice":"Ignored","damage_taken":0,"max_hp_gain":0,"max_hp_loss":0,"event_name":"Ghosts","floor":24,"gold_loss":0}],"is_beta":false,"boss_relics":[{"not_picked":["Runic Dome","Snecko Eye"],"picked":"Black Star"}],"items_purged_floors":[],"is_endless":false,"potions_floor_spawned":[1,3,14,18,21],"killed_by":"Cultist and Chosen","ascension_level":18}}