{"host":"6xsbn6ynqlzwllfm","time":1612112868,"event":{"mods":["2.2 Compatiblity","BaseMod","Bestiary","Colored Map","Colored Powertips","Curses Come First","Highlight Path","Keyboard Shortcuts","Minty Spire (QoL Compilation)","Relic Stats","Slay the Relics Exporter","StSLib","SuperFastMode"],"gold_per_floor":[112,112,125,138,155,155,165,165,165,198,198,232,247,260,260,334,334,350,368,368,379,398,398,398,398],"floor_reached":24,"language":"ENG","playtime":622,"items_purged":[],"score":524,"play_id":"02c2950f-b10b-4db0-b8a7-5ac123f8e90f","local_time":"20210131120748","is_ascension_mode":true,"campfire_choices":[{"data":"Judgement","floor":6,"key":"SMITH"},{"data":"CrushJoints","floor":8,"key":"SMITH"},{"data":"CutThroughFate","floor":15,"key":"SMITH"},{"data":"CutThroughFate","floor":23,"key":"SMITH"}],"circlet_count":0,"master_deck":["AscendersBane","Strike_P","Strike_P+1","Strike_P","Strike_P","Defend_P","Defend_P","Defend_P","Defend_P","Eruption","Vigilance+1","Judgement+1","DeceiveReality","CutThroughFate+1","CrushJoints+1","BowlingBash","WheelKick","ThirdEye","DeusExMachina","EmptyBody","CutThroughFate+1","CutThroughFate","FearNoEvil"],"relics":["PureWater","Blue Candle","HornCleat","Yang","Thread and Needle","VioletLotus"],"acts_visited":["Exordium","TheCity"],"potions_floor_usage":[12,16],"damage_taken":[{"damage":0,"enemies":"Cultist","floor":1,"turns":1},{"damage":2,"enemies":"Jaw Worm","floor":3,"turns":2},{"damage":0,"enemies":"2 Louse","floor":4,"turns":3},{"damage":0,"enemies":"Blue Slaver","floor":5,"turns":4},{"damage":0,"enemies":"Red Slaver","floor":7,"turns":1},{"damage":7,"enemies":"3 Sentries","floor":10,"turns":6},{"damage":8,"enemies":"Lagavulin","floor":12,"turns":5},{"damage":0,"enemies":"2 Fungi Beasts","floor":13,"turns":2},{"damage":0,"enemies":"Looter","floor":14,"turns":2},{"damage":0,"enemies":"Slime Boss","floor":16,"turns":6},{"damage":0,"enemies":"3 Byrds","floor":18,"turns":4},{"damage":0,"enemies":"Spheric Guardian","floor":19,"turns":2},{"damage":8,"enemies":"Snecko","floor":21,"turns":4},{"damage":1,"enemies":"Snake Plant","floor":22,"turns":4},{"damage":51,"enemies":"Slavers","floor":24,"turns":3}],"seed_played":"-8198833155382071060","potions_obtained":[{"floor":1,"key":"PowerPotion"},{"floor":4,"key":"Strength Potion"},{"floor":10,"key":"Strength Potion"},{"floor":13,"key":"FearPotion"},{"floor":16,"key":"SteroidPotion"}],"is_trial":false,"path_per_floor":["M","?","M","M","M","R","M","R","T","E","?","E","M","M","R","B",null,"M","M","?","M","M","R","E"],"character_chosen":"WATCHER","items_purchased":[],"campfire_rested":0,"item_purchase_floors":[],"current_hp_per_floor":[61,41,39,39,39,39,39,39,39,32,27,19,19,19,19,19,56,56,56,56,48,47,47,0,0],"gold":398,"neow_bonus":"ONE_RANDOM_RARE_CARD","is_daily":false,"chose_seed":false,"campfire_upgraded":4,"win_rate":0.0,"timestamp":1612112868,"path_taken":["M","?","M","M","M","R","M","R","T","E","?","E","M","M","R","BOSS","M","M","?","M","M","R","E"],"items_purchased_type":[],"build_version":"2020-12-22","purchased_purges":0,"victory":false,"max_hp_per_floor":[68,68,68,68,68,68,68,68,68,68,68,68,68,68,68,68,68,68,68,68,68,68,68,68,68],"relic_stats":{"counters":[15,49],"Blue Candle":[1],"Yang":[52],"VioletLotus":[3],"obtain_stats":[{"HornCleat":10,"Blue Candle":9,"Yang":11,"Thread and Needle":12,"VioletLotus":17,"PureWater":0},{"HornCleat":6,"Blue Candle":5,"Yang":6,"Thread and Needle":7,"VioletLotus":10,"PureWater":0},{"HornCleat":17,"Blue Candle":11,"Yang":17,"Thread and Needle":22,"VioletLotus":32,"PureWater":0}]},"card_choices":[{"not_picked":["Protect","Wireheading"],"picked":"DeceiveReality","floor":1},{"not_picked":["Crescendo","EmptyMind"],"picked":"CutThroughFate","floor":4},{"not_picked":["Halt","MentalFortress"],"picked":"CrushJoints","floor":5},{"not_picked":["Prostrate","Nirvana"],"picked":"BowlingBash","floor":7},{"not_picked":["Tantrum","SandsOfTime"],"picked":"WheelKick","floor":10},{"not_picked":["Indignation","ReachHeaven","ClearTheMind"],"picked":"SKIP","floor":12},{"not_picked":["Wish","Prostrate"],"picked":"ThirdEye","floor":13},{"not_picked":["Establishment","ConjureBlade"],"picked":"DeusExMachina","floor":16},{"not_picked":["Fasting2","SashWhip"],"picked":"EmptyBody","floor":18},{"not_picked":["BattleHymn+1","Halt"],"picked":"CutThroughFate","floor":19},{"not_picked":["BowlingBash","CrushJoints"],"picked":"CutThroughFate","floor":21},{"not_picked":["FlyingSleeves","Prostrate"],"picked":"FearNoEvil","floor":22}],"player_experience":1358507,"relics_obtained":[{"floor":9,"key":"Blue Candle"},{"floor":10,"key":"HornCleat"},{"floor":12,"key":"Thread and Needle"}],"event_choices":[{"damage_healed":0,"gold_gain":0,"player_choice":"Entered Light","damage_taken":20,"max_hp_gain":0,"max_hp_loss":0,"event_name":"Shining Light","floor":2,"gold_loss":0,"cards_upgraded":["Vigilance","Strike_P"]},{"damage_healed":0,"gold_gain":0,"player_choice":"Success","damage_taken":5,"relics_obtained":["Yang"],"max_hp_gain":0,"max_hp_loss":0,"event_name":"Scrap Ooze","floor":11,"gold_loss":0},{"damage_healed":0,"gold_gain":0,"player_choice":"Ignored","damage_taken":0,"max_hp_gain":0,"max_hp_loss":0,"event_name":"Cursed Tome","floor":20,"gold_loss":0}],"is_beta":false,"boss_relics":[{"not_picked":["Snecko Eye","Fusion Hammer"],"picked":"VioletLotus"}],"items_purged_floors":[],"is_endless":false,"potions_floor_spawned":[1,4,10,13,16],"killed_by":"Slavers","ascension_level":20}}