{"host":"facnppb4175fcpe2","time":1612087582,"event":{"mods":["AchievementEnabler","BaseMod","Colored Map","Colored Powertips","Highlight Path","Minty Spire (QoL Compilation)","Quick Restart","Rare Cards Sparkle","Relic Stats","StSLib","SuperFastMode"],"gold_per_floor":[119,119,119,119,143,174,186,198,210,222,222],"floor_reached":10,"language":"ZHS","playtime":187,"items_purged":[],"score":74,"play_id":"aeb7a6b0-7a57-4261-a8ea-b7532e2d6a1d","local_time":"20210131180622","is_ascension_mode":true,"campfire_choices":[],"circlet_count":0,"master_deck":["Strike_G","Strike_G","Strike_G","Strike_G","Defend_G","Defend_G","Defend_G","Defend_G","Defend_G","Survivor","Neutralize","Noxious Fumes+1"],"relics":["Runic Dome","Boot","Golden Idol","MawBank","Singing Bowl"],"acts_visited":["Exordium"],"potions_floor_usage":[],"damage_taken":[{"damage":0,"enemies":"Small Slimes","floor":1,"turns":5},{"damage":2,"enemies":"Jaw Worm","floor":5,"turns":3},{"damage":41,"enemies":"3 Sentries","floor":6,"turns":13},{"damage":7,"enemies":"Lagavulin","floor":10,"turns":5}],"seed_played":"-2503117388588338418","potions_obtained":[],"is_trial":false,"path_per_floor":["M","?","?","?","M","E","?","?","T","E"],"character_chosen":"THE_SILENT","items_purchased":[],"campfire_rested":0,"item_purchase_floors":[],"current_hp_per_floor":[70,70,53,53,51,10,10,3,3,0,0],"gold":222,"neow_bonus":"BOSS_RELIC","is_daily":false,"chose_seed":false,"campfire_upgraded":0,"win_rate":0.0,"timestamp":1612087582,"path_taken":["M","?","?","?","?","E","?","?","T","E"],"items_purchased_type":[],"build_version":"2020-12-22","purchased_purges":0,"victory":false,"max_hp_per_floor":[70,70,70,70,70,70,70,70,70,70,70],"relic_stats":{"Singing Bowl":0,"counters":[4,26],"Golden Idol":11,"Boot":[17],"MawBank":48,"obtain_stats":[{"Runic Dome":0,"Singing Bowl":9,"Golden Idol":3,"Boot":2,"MawBank":6,"Ring of the Snake":0},{"Runic Dome":0,"Singing Bowl":3,"Golden Idol":1,"Boot":1,"MawBank":3,"Ring of the Snake":0},{"Runic Dome":0,"Singing Bowl":21,"Golden Idol":5,"Boot":5,"MawBank":21,"Ring of the Snake":0}]},"card_choices":[{"not_picked":["Quick Slash","Flying Knee","Acrobatics"],"picked":"SKIP","floor":1},{"not_picked":["Cloak And Dagger","Blade Dance","Deadly Poison"],"picked":"SKIP","floor":5},{"not_picked":["Acrobatics","Slice"],"picked":"Noxious Fumes","floor":6}],"player_experience":96488,"relics_obtained":[{"floor":6,"key":"MawBank"},{"floor":9,"key":"Singing Bowl"}],"event_choices":[{"damage_healed":0,"gold_gain":0,"player_choice":"Box","damage_taken":0,"relics_obtained":["Boot"],"max_hp_gain":0,"max_hp_loss":0,"event_name":"Big Fish","floor":2,"gold_loss":0,"cards_obtained":["Regret"]},{"damage_healed":0,"gold_gain":0,"player_choice":"Take Damage","damage_taken":17,"relics_obtained":["Golden Idol"],"max_hp_gain":0,"max_hp_loss":0,"event_name":"Golden Idol","floor":3,"gold_loss":0},{"cards_removed":["Regret"],"damage_healed":0,"gold_gain":0,"player_choice":"Purged","damage_taken":0,"max_hp_gain":0,"max_hp_loss":0,"event_name":"Purifier","floor":4,"gold_loss":0},{"damage_healed":0,"gold_gain":0,"player_choice":"Grow","damage_taken":0,"max_hp_gain":0,"max_hp_loss":0,"event_name":"Living Wall","floor":7,"gold_loss":0,"cards_upgraded":["Noxious Fumes"]},{"cards_removed":["Strike_G"],"damage_healed":0,"gold_gain":0,"player_choice":"Card Removal","damage_taken":7,"max_hp_gain":0,"max_hp_loss":0,"event_name":"Golden Wing","floor":8,"gold_loss":0}],"is_beta":false,"boss_relics":[],"items_purged_floors":[],"is_endless":false,"potions_floor_spawned":[],"killed_by":"Lagavulin","ascension_level":3}}