{"host":"2se5dq1do2gp0x9k","time":1612065308,"event":{"mods":["AchievementEnabler","BaseMod","Block Reminder","Colored Map","Colored Powertips","Minty Spire (QoL Compilation)","Relic Stats","StSLib","SuperFastMode"],"gold_per_floor":[114,14,25,25,25,25,56,73,99,60,88,238,30,30,30,30,30],"floor_reached":16,"language":"ENG","playtime":444,"items_purged":["Defend_P","Pain"],"score":249,"play_id":"7e194c99-1d30-4bc9-8ed2-9da881cc3b62","local_time":"20210130195508","is_ascension_mode":true,"campfire_choices":[{"data":"Eruption","floor":6.0,"key":"SMITH"},{"data":"Vigilance","floor":15,"key":"SMITH"}],"circlet_count":0,"master_deck":["AscendersBane","Strike_P","Strike_P","Strike_P","Defend_P","Defend_P","Defend_P","Eruption+1","Vigilance+1","EmptyFist","Consecrate","ReachHeaven","Meditate","CutThroughFate","Doubt","Discovery","Pray"],"relics":["PureWater","NeowsBlessing","WarpedTongs","Orichalcum","Bronze Scales","Nunchaku"],"acts_visited":["Exordium"],"potions_floor_usage":[],"damage_taken":[{"damage":0.0,"enemies":"2 Louse","floor":1.0,"turns":1.0},{"damage":0.0,"enemies":"Cultist","floor":3.0,"turns":1.0},{"damage":0.0,"enemies":"Gremlin Nob","floor":7.0,"turns":1.0},{"damage":6.0,"enemies":"Jaw Worm","floor":8.0,"turns":3.0},{"damage":35.0,"enemies":"3 Sentries","floor":11.0,"turns":7.0},{"damage":23,"enemies":"The Guardian","floor":16,"turns":8}],"seed_played":"-1977390118823713736","potions_obtained":[{"floor":3.0,"key":"Swift Potion"},{"floor":7.0,"key":"GamblersBrew"}],"is_trial":false,"path_per_floor":["M","$","M","?","$","R","E","M","T","$","E","?","$","?","R","B"],"character_chosen":"WATCHER","items_purchased":["Consecrate","Meditate","Discovery"],"campfire_rested":0,"item_purchase_floors":[2,10,13],"current_hp_per_floor":[61,61,61,61,61,61,61,55,55,55,20,20,20,20,20,0,0],"gold":30,"neow_bonus":"THREE_ENEMY_KILL","is_daily":false,"chose_seed":false,"campfire_upgraded":2,"win_rate":0.0,"timestamp":1612065308,"path_taken":["M","$","M","?","?","R","E","M","T","$","E","?","$","?","R","BOSS"],"items_purchased_type":["Card","Card","Card"],"build_version":"2020-12-22","purchased_purges":2,"victory":false,"max_hp_per_floor":[68,68,68,68,68,68,68,68,68,68,68,68,68,68,68,68,68],"relic_stats":{"Nunchaku":[1],"counters":[6,21],"Bronze Scales":[39],"Orichalcum":[42],"obtain_stats":[{"Nunchaku":11,"NeowsBlessing":0,"Bronze Scales":9,"PureWater":0,"Orichalcum":7,"WarpedTongs":4},{"Nunchaku":5,"NeowsBlessing":0,"Bronze Scales":4,"PureWater":0,"Orichalcum":3,"WarpedTongs":2},{"Nunchaku":13,"NeowsBlessing":0,"Bronze Scales":6,"PureWater":0,"Orichalcum":3,"WarpedTongs":2}],"WarpedTongs":[19]},"card_choices":[{"not_picked":["FlyingSleeves","Conclude"],"picked":"EmptyFist","floor":1.0},{"not_picked":["Pray","EmptyFist","Conclude"],"picked":"SKIP","floor":3.0},{"not_picked":["EmptyFist","FlurryOfBlows"],"picked":"ReachHeaven","floor":7.0},{"not_picked":["WindmillStrike","Nirvana","Consecrate"],"picked":"SKIP","floor":8.0},{"not_picked":["ForeignInfluence","ClearTheMind"],"picked":"CutThroughFate","floor":11.0}],"player_experience":4008725,"relics_obtained":[{"floor":7.0,"key":"Orichalcum"},{"floor":9.0,"key":"Bronze Scales"},{"floor":11.0,"key":"Nunchaku"}],"event_choices":[{"damage_healed":0.0,"max_hp_gain":0.0,"max_hp_loss":0.0,"gold_gain":0.0,"event_name":"Accursed Blacksmith","player_choice":"Rummage","floor":4.0,"gold_loss":0.0,"damage_taken":0.0,"relics_obtained":["WarpedTongs"],"cards_obtained":["Pain"]},{"damage_healed":0,"gold_gain":150,"player_choice":"AGREE","damage_taken":0,"max_hp_gain":0,"max_hp_loss":0,"event_name":"Liars Game","floor":12,"gold_loss":0,"cards_obtained":["Doubt"]},{"damage_healed":0,"gold_gain":0,"cards_transformed":["Strike_P"],"player_choice":"Transformed","damage_taken":0,"max_hp_gain":0,"max_hp_loss":0,"event_name":"Transmorgrifier","floor":14,"gold_loss":0,"cards_obtained":["Pray"]}],"is_beta":false,"boss_relics":[],"items_purged_floors":[2,13],"is_endless":false,"potions_floor_spawned":[3,7,8],"killed_by":"The Guardian","ascension_level":18}}