{"host":"c2vrdknshfutmcsq","time":1612105931,"event":{"mods":["BaseMod","Minty Spire (QoL Compilation)"],"gold_per_floor":[113,125,145,145,159,184,184,216,216,216,230,230,244,72,72,146,146,163,174,207,207,122,122,147,197,248,264,264,278,278,294,294,368,368,387,609,620,674,685,685,286,286,311,311,311,311,311,328,328,328],"floor_reached":51,"language":"ENG","playtime":4967,"items_purged":["Strike_B"],"score":1238,"play_id":"13fba752-22c3-4bde-9281-d8c9820d0cee","local_time":"20210131161211","is_ascension_mode":true,"campfire_choices":[{"floor":10.0,"key":"DIG"},{"floor":12.0,"key":"DIG"},{"floor":15.0,"key":"DIG"},{"floor":23.0,"key":"REST"},{"floor":28.0,"key":"DIG"},{"floor":30.0,"key":"DIG"},{"floor":32.0,"key":"REST"},{"floor":40.0,"key":"DIG"},{"floor":42.0,"key":"DIG"},{"floor":44.0,"key":"REST"},{"floor":47.0,"key":"DIG"},{"floor":49,"key":"REST"}],"circlet_count":0,"master_deck":["AscendersBane","Strike_B","Strike_B","Strike_B","Defend_B","Defend_B","Defend_B","Defend_B","Zap","Dualcast+1","Glacier","Thunder Strike","Doom and Gloom","Stack","Streamline","Chaos","Conserve Battery","Barrage","Melter","Thunder Strike","Glacier+1","Compile Driver","Lockon+1","Go for the Eyes","Compile Driver","Necronomicurse","Redo+1","Sunder+1","FTL+1","Undo","Stack","Reboot","Undo+1","Leap","Loop+1","Conserve Battery+1","Sunder+1","Ball Lightning","Core Surge","Decay"],"relics":["Cracked Core","Meat on the Bone","Shovel","Prayer Wheel","Torii","Bag of Marbles","Pear","PreservedInsect","DataDisk","SlaversCollar","Red Mask","Necronomicon","Blood Vial","Du-Vu Doll","Vajra","White Beast Statue","Strawberry","Inserter","WingedGreaves","InkBottle","Akabeko","Oddly Smooth Stone","Pen Nib","Potion Belt"],"acts_visited":["Exordium","TheCity","TheBeyond"],"potions_floor_usage":[50,50],"damage_taken":[{"damage":0.0,"enemies":"Cultist","floor":1.0,"turns":3.0},{"damage":4.0,"enemies":"2 Louse","floor":2.0,"turns":3.0},{"damage":1.0,"enemies":"Jaw Worm","floor":3.0,"turns":5.0},{"damage":1.0,"enemies":"2 Fungi Beasts","floor":5.0,"turns":3.0},{"damage":37.0,"enemies":"3 Sentries","floor":6.0,"turns":8.0},{"damage":15.0,"enemies":"Lagavulin","floor":8.0,"turns":6.0},{"damage":0.0,"enemies":"Exordium Wildlife","floor":11.0,"turns":1.0},{"damage":7.0,"enemies":"Looter","floor":13.0,"turns":3.0},{"damage":21.0,"enemies":"Slime Boss","floor":16.0,"turns":10.0},{"damage":10.0,"enemies":"Spheric Guardian","floor":18.0,"turns":4.0},{"damage":6.0,"enemies":"3 Byrds","floor":19.0,"turns":5.0},{"damage":6.0,"enemies":"Masked Bandits","floor":20.0,"turns":4.0},{"damage":10.0,"enemies":"Book of Stabbing","floor":24.0,"turns":5.0},{"damage":2.0,"enemies":"3 Cultists","floor":27.0,"turns":5.0},{"damage":0.0,"enemies":"Sentry and Sphere","floor":29.0,"turns":3.0},{"damage":0.0,"enemies":"Cultist and Chosen","floor":31.0,"turns":5.0},{"damage":47.0,"enemies":"Automaton","floor":33.0,"turns":8.0},{"damage":1.0,"enemies":"Orb Walker","floor":35.0,"turns":3.0},{"damage":19.0,"enemies":"3 Darklings","floor":37.0,"turns":5.0},{"damage":1.0,"enemies":"2 Orb Walkers","floor":38.0,"turns":3.0},{"damage":33.0,"enemies":"Jaw Worm Horde","floor":39.0,"turns":4.0},{"damage":10,"enemies":"4 Shapes","floor":48,"turns":12},{"damage":43,"enemies":"Time Eater","floor":50,"turns":10}],"seed_played":"7952087273950605705","potions_obtained":[{"floor":2.0,"key":"FearPotion"},{"floor":8.0,"key":"Fire Potion"},{"floor":11.0,"key":"Fruit Juice"},{"floor":13.0,"key":"Energy Potion"},{"floor":16.0,"key":"SteroidPotion"},{"floor":20.0,"key":"ColorlessPotion"},{"floor":29.0,"key":"AttackPotion"},{"floor":33.0,"key":"EssenceOfSteel"},{"floor":35.0,"key":"SteroidPotion"},{"floor":37.0,"key":"AttackPotion"},{"floor":38.0,"key":"FearPotion"},{"floor":39.0,"key":"Block Potion"},{"floor":48,"key":"Explosive Potion"}],"is_trial":false,"path_per_floor":["M","M","M","?","M","E","?","E","T","R","M","R","M","$","R","B",null,"M","M","?","?","?","R","E","?","T","M","R","M","R","M","R","B",null,"M","?","M","?","M","R","$","R","T","R","?","?","R","M","R","B",null],"character_chosen":"DEFECT","items_purchased":["PreservedInsect","Akabeko","Core Surge"],"campfire_rested":4,"item_purchase_floors":[14,41,41],"current_hp_per_floor":[71,67,66,66,65,40,40,37,37,37,54,64,57,57,57,48,82,72,66,60,39,39,66,58,58,58,58,58,60,67,69,99,53,88,89,89,72,73,54,54,54,54,54,84,84,84,84,76,100,57],"gold":328,"neow_bonus":"TEN_PERCENT_HP_BONUS","is_daily":false,"chose_seed":false,"campfire_upgraded":0,"win_rate":0.0,"timestamp":1612105931,"path_taken":["M","?","M","?","?","E","?","E","T","R","M","R","M","$","R","BOSS","M","M","?","?","?","R","E","?","T","M","R","M","R","?","R","BOSS","M","?","M","?","M","R","$","R","T","R","?","?","R","M","R","BOSS"],"items_purchased_type":["Relic","Relic","Card"],"build_version":"2020-12-22","purchased_purges":1,"victory":true,"max_hp_per_floor":[78,78,78,78,78,78,78,78,78,78,83,93,93,93,93,93,93,93,93,93,93,93,93,93,93,93,93,93,93,100,100,100,100,100,100,100,100,100,100,100,100,100,100,100,100,100,100,100,100,100],"card_choices":[{"not_picked":["Go for the Eyes","Streamline"],"picked":"Glacier","floor":1.0},{"not_picked":["Cold Snap","Redo"],"picked":"Thunder Strike","floor":2.0},{"not_picked":["Defragment","Hologram"],"picked":"Doom and Gloom","floor":3.0},{"not_picked":["Blizzard","Cold Snap"],"picked":"Stack","floor":5.0},{"not_picked":["Tempest","Hologram"],"picked":"Streamline","floor":6.0},{"not_picked":["Coolheaded","Tempest"],"picked":"Chaos","floor":8.0},{"not_picked":["Beam Cell","Barrage"],"picked":"Conserve Battery","floor":11.0},{"not_picked":["Storm","Skim"],"picked":"Barrage","floor":11.0},{"not_picked":["Go for the Eyes","Streamline"],"picked":"Melter","floor":13.0},{"not_picked":["Tempest","Force Field"],"picked":"Sweeping Beam","floor":13.0},{"not_picked":["Meteor Strike","Creative AI"],"picked":"Thunder Strike","floor":16.0},{"not_picked":["Tempest+1","Conserve Battery"],"picked":"Glacier+1","floor":18.0},{"not_picked":["Redo","Beam Cell"],"picked":"Compile Driver","floor":18.0},{"not_picked":["Conserve Battery","Rebound"],"picked":"Lockon+1","floor":19.0},{"not_picked":["Hologram","Force Field"],"picked":"Go for the Eyes","floor":19.0},{"not_picked":["Darkness+1","Force Field"],"picked":"Compile Driver","floor":20.0},{"not_picked":["Meteor Strike","Amplify"],"picked":"Redo+1","floor":24.0},{"not_picked":["Cold Snap","Coolheaded"],"picked":"Sunder+1","floor":27.0},{"not_picked":["Cold Snap","Recycle","Beam Cell"],"picked":"SKIP","floor":27.0},{"not_picked":["Turbo","Coolheaded"],"picked":"FTL+1","floor":29.0},{"not_picked":["Force Field","Cold Snap","Hologram"],"picked":"SKIP","floor":29.0},{"not_picked":["Sweeping Beam","Go for the Eyes"],"picked":"Undo","floor":31.0},{"not_picked":["Streamline+1","Melter"],"picked":"Stack","floor":31.0},{"not_picked":["Biased Cognition","All For One"],"picked":"Reboot","floor":33.0},{"not_picked":["Steam Power","Ball Lightning"],"picked":"Undo+1","floor":35.0},{"not_picked":["Streamline+1","Hologram+1"],"picked":"Leap","floor":35.0},{"not_picked":["Force Field","Doom and Gloom"],"picked":"Loop+1","floor":37.0},{"not_picked":["Go for the Eyes","Sunder+1"],"picked":"Conserve Battery+1","floor":37.0},{"not_picked":["Gash","Sweeping Beam"],"picked":"Sunder+1","floor":38.0},{"not_picked":["Cold Snap","Blizzard"],"picked":"Ball Lightning","floor":39.0},{"not_picked":["Chaos","Doom and Gloom","Cold Snap+1"],"picked":"SKIP","floor":39.0},{"not_picked":["Go for the Eyes","Compile Driver","Sunder"],"picked":"SKIP","floor":48},{"not_picked":["Genetic Algorithm","Hologram","Skim"],"picked":"SKIP","floor":48}],"player_experience":1312656,"relics_obtained":[{"floor":4.0,"key":"Meat on the Bone"},{"floor":6.0,"key":"Shovel"},{"floor":8.0,"key":"Prayer Wheel"},{"floor":9.0,"key":"Torii"},{"floor":10.0,"key":"Bag of Marbles"},{"floor":12.0,"key":"Pear"},{"floor":15.0,"key":"DataDisk"},{"floor":20.0,"key":"Red Mask"},{"floor":21.0,"key":"Necronomicon"},{"floor":24.0,"key":"Du-Vu Doll"},{"floor":26.0,"key":"Vajra"},{"floor":28.0,"key":"White Beast Statue"},{"floor":30.0,"key":"Strawberry"},{"floor":38.0,"key":"WingedGreaves"},{"floor":40.0,"key":"InkBottle"},{"floor":42.0,"key":"Oddly Smooth Stone"},{"floor":43.0,"key":"Pen Nib"},{"floor":47.0,"key":"Potion Belt"}],"event_choices":[{"damage_healed":0.0,"max_hp_gain":0.0,"max_hp_loss":0.0,"gold_gain":0.0,"event_name":"Wheel of Change","player_choice":"Relic","floor":4.0,"gold_loss":0.0,"damage_taken":0.0},{"damage_healed":0.0,"max_hp_gain":0.0,"max_hp_loss":0.0,"gold_gain":0.0,"event_name":"Living Wall","player_choice":"Grow","floor":7.0,"gold_loss":0.0,"damage_taken":0.0,"cards_upgraded":["Dualcast"]},{"damage_healed":0.0,"max_hp_gain":0.0,"max_hp_loss":0.0,"gold_gain":0.0,"event_name":"Masked Bandits","player_choice":"Fought Bandits","floor":20.0,"gold_loss":0.0,"damage_taken":0.0},{"damage_healed":0.0,"max_hp_gain":0.0,"max_hp_loss":0.0,"gold_gain":0.0,"event_name":"Cursed Tome","player_choice":"Obtained Book","floor":21.0,"gold_loss":0.0,"damage_taken":21.0},{"damage_healed":0.0,"max_hp_gain":0.0,"max_hp_loss":0.0,"gold_gain":0.0,"event_name":"Addict","player_choice":"Obtained Relic","floor":22.0,"gold_loss":85.0,"damage_taken":0.0,"relics_obtained":["Blood Vial"]},{"damage_healed":0.0,"max_hp_gain":0.0,"max_hp_loss":0.0,"gold_gain":50.0,"event_name":"Golden Shrine","player_choice":"Pray","floor":25.0,"gold_loss":0.0,"damage_taken":0.0},{"damage_healed":0.0,"max_hp_gain":0.0,"max_hp_loss":0.0,"gold_gain":222.0,"event_name":"Tomb of Lord Red Mask","player_choice":"Wore Mask","floor":36.0,"gold_loss":0.0,"damage_taken":0.0},{"damage_healed":0.0,"max_hp_gain":0.0,"max_hp_loss":0.0,"gold_gain":0.0,"event_name":"Mysterious Sphere","player_choice":"Fight","floor":38.0,"gold_loss":0.0,"damage_taken":0.0},{"cards_removed":["Sweeping Beam"],"damage_healed":0.0,"max_hp_gain":0.0,"max_hp_loss":0.0,"gold_gain":0.0,"event_name":"Falling","player_choice":"Removed Attack","floor":45.0,"gold_loss":0.0,"damage_taken":0.0},{"damage_healed":0.0,"max_hp_gain":0.0,"max_hp_loss":0.0,"gold_gain":0.0,"event_name":"Wheel of Change","player_choice":"Cursed","floor":46.0,"gold_loss":0.0,"damage_taken":0.0,"cards_obtained":["Decay"]}],"is_beta":false,"boss_relics":[{"not_picked":["Coffee Dripper","Philosopher\u0027s Stone"],"picked":"SlaversCollar"},{"not_picked":["Sozu","Snecko Eye"],"picked":"Inserter"}],"items_purged_floors":[41],"is_endless":false,"potions_floor_spawned":[2,8,11,13,16,19,20,29,31,33,35,37,38,39,48],"ascension_level":18}}