{"host":"yx5rao87132cy5xq","time":1612102617,"event":{"mods":["2.2 Compatiblity","AchievementEnabler","BaseMod","Bestiary","Colored Map","Colored Powertips","Minty Spire (QoL Compilation)","Quick Restart","Relic Stats","Slay-I","SuperFastMode"],"gold_per_floor":[213,213,213,226,301,301,334,227,227,192,192,213,213,227,227,325,325,338,362,362,362,382,382,417,417,417,417,417],"floor_reached":27,"language":"ENG","playtime":2867,"items_purged":[],"score":412,"play_id":"bec0796c-2ab5-43e5-b63a-8cb56b3bf6a6","local_time":"20210131151657","is_ascension_mode":true,"campfire_choices":[{"floor":6,"key":"REST"},{"data":"Bash","floor":11,"key":"SMITH"},{"floor":15,"key":"REST"},{"floor":23,"key":"REST"},{"floor":25,"key":"REST"}],"circlet_count":0,"master_deck":["AscendersBane","Strike_R","Strike_R","Strike_R","Strike_R","Strike_R","Defend_R","Defend_R","Defend_R","Defend_R","Bash+1","Armaments","Sword Boomerang","Sword Boomerang","Pommel Strike","Shockwave","Perfected Strike","Infernal Blade","Berserk","Perfected Strike+1","Wild Strike+1","Ghostly Armor"],"relics":["Burning Blood","Bloody Idol","White Beast Statue","Pear","Snecko Eye","Pen Nib","Question Card"],"acts_visited":["Exordium","TheCity"],"potions_floor_usage":[14,16],"damage_taken":[{"damage":4,"enemies":"Jaw Worm","floor":1,"turns":4},{"damage":3,"enemies":"Small Slimes","floor":4,"turns":4},{"damage":52,"enemies":"3 Sentries","floor":7,"turns":13},{"damage":0,"enemies":"2 Louse","floor":12,"turns":3},{"damage":13,"enemies":"Lots of Slimes","floor":14,"turns":5},{"damage":52,"enemies":"Slime Boss","floor":16,"turns":12},{"damage":24,"enemies":"2 Thieves","floor":18,"turns":4},{"damage":19,"enemies":"Shell Parasite","floor":19,"turns":4},{"damage":34,"enemies":"Shelled Parasite and Fungi","floor":22,"turns":4},{"damage":28,"enemies":"Slavers","floor":24,"turns":5},{"damage":71,"enemies":"Book of Stabbing","floor":27,"turns":5}],"seed_played":"-4482373031343217164","potions_obtained":[{"floor":7,"key":"Ancient Potion"},{"floor":12,"key":"Block Potion"},{"floor":14,"key":"AttackPotion"},{"floor":16,"key":"CultistPotion"},{"floor":22,"key":"Weak Potion"}],"is_trial":false,"path_per_floor":["M","?","?","M","?","R","E","$","T","?","R","M","$","M","R","B",null,"M","M","?","?","M","R","E","R","T","E"],"character_chosen":"IRONCLAD","items_purchased":["Pommel Strike","Shockwave"],"campfire_rested":4,"item_purchase_floors":[8,8],"current_hp_per_floor":[70,44,44,47,36,58,12,12,22,43,43,49,49,42,67,21,69,51,38,38,38,15,40,23,48,48,0,0],"gold":417,"neow_bonus":"HUNDRED_GOLD","is_daily":false,"chose_seed":false,"campfire_upgraded":1,"win_rate":0.0,"timestamp":1612102617,"path_taken":["M","?","?","M","?","R","E","$","T","?","R","M","?","?","R","BOSS","M","M","?","?","M","R","E","R","T","E"],"items_purchased_type":["Card","Card"],"build_version":"2020-12-22","purchased_purges":0,"victory":false,"max_hp_per_floor":[75,75,75,75,75,75,75,75,85,85,85,85,85,85,85,85,85,85,85,85,85,85,85,85,85,85,85,85],"relic_stats":{"counters":[11,63],"Bloody Idol":10,"Snecko Eye":[43,36,40,30],"Pen Nib":[1],"Question Card":0,"obtain_stats":[{"Pear":9,"Golden Idol":2,"Bloody Idol":20,"Snecko Eye":17,"Pen Nib":24,"Question Card":26,"Burning Blood":0,"White Beast Statue":7},{"Pear":3,"Golden Idol":1,"Bloody Idol":8,"Snecko Eye":6,"Pen Nib":10,"Question Card":10,"Burning Blood":0,"White Beast Statue":3},{"Pear":21,"Golden Idol":4,"Bloody Idol":49,"Snecko Eye":41,"Pen Nib":58,"Question Card":58,"Burning Blood":0,"White Beast Statue":21}],"Burning Blood":60},"card_choices":[{"not_picked":["Havoc","Intimidate"],"picked":"Armaments","floor":1},{"not_picked":["Metallicize","Headbutt"],"picked":"Sword Boomerang","floor":4},{"not_picked":["Headbutt","Ghostly Armor"],"picked":"Sword Boomerang","floor":7},{"not_picked":["Rage","Rampage"],"picked":"Perfected Strike","floor":12},{"not_picked":["Dark Embrace","Clash"],"picked":"Infernal Blade","floor":14},{"not_picked":["Exhume","Limit Break"],"picked":"Berserk","floor":16},{"not_picked":["Bloodletting","Heavy Blade+1","Headbutt"],"picked":"SKIP","floor":18},{"not_picked":["Fire Breathing","Burning Pact"],"picked":"Perfected Strike+1","floor":19},{"not_picked":["Dark Embrace","Heavy Blade"],"picked":"Wild Strike+1","floor":22},{"not_picked":["Seeing Red","Heavy Blade+1"],"picked":"Ghostly Armor","floor":24}],"player_experience":940759,"relics_obtained":[{"floor":7,"key":"White Beast Statue"},{"floor":9,"key":"Pear"},{"floor":24,"key":"Pen Nib"},{"floor":26,"key":"Question Card"}],"event_choices":[{"damage_healed":0,"gold_gain":0,"player_choice":"Take Damage","damage_taken":26,"relics_obtained":["Golden Idol"],"max_hp_gain":0,"max_hp_loss":0,"event_name":"Golden Idol","floor":2,"gold_loss":0},{"damage_healed":0,"gold_gain":0,"player_choice":"Ignored","damage_taken":0,"max_hp_gain":0,"max_hp_loss":0,"event_name":"Shining Light","floor":3,"gold_loss":0},{"damage_healed":0,"gold_gain":75,"player_choice":"Gather Gold","damage_taken":11,"max_hp_gain":0,"max_hp_loss":0,"event_name":"World of Goop","floor":5,"gold_loss":0},{"damage_healed":21,"gold_gain":0,"player_choice":"Healed","damage_taken":0,"max_hp_gain":0,"max_hp_loss":0,"event_name":"The Cleric","floor":10,"gold_loss":35},{"damage_healed":0,"gold_gain":0,"player_choice":"Gave Idol","damage_taken":0,"relics_obtained":["Bloody Idol"],"max_hp_gain":0,"max_hp_loss":0,"event_name":"Forgotten Altar","floor":20,"relics_lost":["Golden Idol"],"gold_loss":0},{"damage_healed":0,"gold_gain":0,"player_choice":"Ignored","damage_taken":0,"max_hp_gain":0,"max_hp_loss":0,"event_name":"Vampires","floor":21,"gold_loss":0}],"is_beta":false,"boss_relics":[{"not_picked":["Coffee Dripper","Philosopher\u0027s Stone"],"picked":"Snecko Eye"}],"items_purged_floors":[],"is_endless":false,"potions_floor_spawned":[7,12,14,16,18,19,22,24],"killed_by":"Book of Stabbing","ascension_level":16}}