{"host":"q9718omregw4er46","time":1612083058,"event":{"mods":["BaseMod","Bestiary","Colored Powertips","Custom Start","Minty Spire (QoL Compilation)","Practice Mode","Quick Restart","Relic Stats"],"gold_per_floor":[113,113,128,147,17,44,44,44,44,77,97,97,129,152,152,224,224,234,70,90,102,27,27,61,61,107,141,11,61,61,79,79,153,153,164,79,79,79,94,94,127,127,127,127,155,174,174,174,174],"floor_reached":48,"language":"ENG","playtime":2140,"items_purged":["Shame","Parasite"],"score":1184,"play_id":"f92205cb-7983-44b3-8f46-cc28c41f1e11","local_time":"20210131135058","is_ascension_mode":true,"campfire_choices":[{"data":"TalkToTheHand","floor":8.0,"key":"SMITH"},{"data":"Conclude","floor":12.0,"key":"SMITH"},{"data":"Worship","floor":15.0,"key":"SMITH"},{"data":"WheelKick","floor":23.0,"key":"SMITH"},{"data":"ThirdEye","floor":25.0,"key":"SMITH"},{"data":"BowlingBash","floor":32,"key":"SMITH"},{"data":"Wallop","floor":40,"key":"SMITH"},{"data":"MentalFortress","floor":42,"key":"SMITH"},{"data":"1","floor":47,"key":"LIFT"}],"circlet_count":0,"master_deck":["AscendersBane","Strike_P+1","Defend_P","Defend_P+1","Defend_P+1","Defend_P","Eruption","Vigilance","FlyingSleeves+1","CutThroughFate+1","TalkToTheHand+1","FlurryOfBlows+1","Worship+1","Conclude+1","ThirdEye+1","BowlingBash+1","LessonLearned","Tantrum+1","WheelKick+1","EmptyMind","CutThroughFate+1","MentalFortress+1","Wallop+1","Flash of Steel","Good Instincts+1","Panacea","Wireheading","Writhe","Sanctity"],"relics":["Cursed Key","Eternal Feather","Blood Vial","Akabeko","Odd Mushroom","Busted Crown","Pear","Oddly Smooth Stone","Runic Pyramid","Singing Bowl","Girya","Strawberry","Ancient Tea Set"],"acts_visited":["Exordium","TheCity","TheBeyond"],"potions_floor_usage":[33],"damage_taken":[{"damage":1.0,"enemies":"2 Louse","floor":1.0,"turns":4.0},{"damage":0.0,"enemies":"Cultist","floor":3.0,"turns":3.0},{"damage":9.0,"enemies":"Small Slimes","floor":4.0,"turns":3.0},{"damage":0.0,"enemies":"Gremlin Nob","floor":6.0,"turns":2.0},{"damage":23.0,"enemies":"3 Sentries","floor":10.0,"turns":8.0},{"damage":18.0,"enemies":"Exordium Thugs","floor":11.0,"turns":5.0},{"damage":0.0,"enemies":"Gremlin Nob","floor":13.0,"turns":2.0},{"damage":10.0,"enemies":"The Mushroom Lair","floor":14.0,"turns":2.0},{"damage":7.0,"enemies":"The Guardian","floor":16.0,"turns":13.0},{"damage":0.0,"enemies":"3 Byrds","floor":18.0,"turns":4.0},{"damage":8.0,"enemies":"2 Thieves","floor":20.0,"turns":4.0},{"damage":24.0,"enemies":"Snake Plant","floor":21.0,"turns":4.0},{"damage":10.0,"enemies":"Slavers","floor":24.0,"turns":4.0},{"damage":16.0,"enemies":"Book of Stabbing","floor":27.0,"turns":4.0},{"damage":0,"enemies":"Centurion and Healer","floor":31,"turns":4},{"damage":22,"enemies":"Collector","floor":33,"turns":5},{"damage":0,"enemies":"Orb Walker","floor":35,"turns":3},{"damage":16,"enemies":"3 Darklings","floor":39,"turns":3},{"damage":14,"enemies":"Giant Head","floor":41,"turns":7},{"damage":42,"enemies":"Reptomancer","floor":45,"turns":5},{"damage":2,"enemies":"Sphere and 2 Shapes","floor":46,"turns":4},{"damage":52,"enemies":"Spire Growth","floor":48,"turns":4}],"seed_played":"2423799515231199584","potions_obtained":[{"floor":3.0,"key":"SkillPotion"},{"floor":13.0,"key":"Block Potion"},{"floor":14.0,"key":"CultistPotion"},{"floor":20.0,"key":"BottledMiracle"},{"floor":24.0,"key":"SkillPotion"},{"floor":33,"key":"SpeedPotion"},{"floor":39,"key":"SkillPotion"},{"floor":45,"key":"Block Potion"}],"is_trial":false,"path_per_floor":["M","?","M","M","$","E","?","R","T","E","M","R","E","?","R","B",null,"M","$","M","M","?","R","E","R","T","E","$","?","?","M","R","B",null,"M","$","?","?","M","R","E","R","T","?","E","M","R","M"],"character_chosen":"WATCHER","items_purchased":["TalkToTheHand","SteroidPotion","Tantrum","CutThroughFate","Wallop"],"campfire_rested":0,"item_purchase_floors":[5,5,19,28,36],"current_hp_per_floor":[60,60,60,51,51,51,51,57,57,34,18,27,29,21,30,25,57,59,59,53,31,31,40,42,51,51,37,37,37,37,39,51,31,64,66,66,56,56,42,57,47,62,62,69,31,31,46,0,0],"gold":174,"neow_bonus":"BOSS_RELIC","is_daily":false,"chose_seed":false,"campfire_upgraded":8,"win_rate":0.0,"timestamp":1612083058,"path_taken":["M","?","M","M","?","E","?","R","T","E","?","R","E","?","R","BOSS","M","$","M","M","?","R","E","R","T","E","$","?","?","M","R","BOSS","M","$","?","?","M","R","E","R","T","?","E","M","R","M"],"items_purchased_type":["Card","Potion","Card","Card","Card"],"build_version":"2020-12-22","purchased_purges":2,"victory":false,"max_hp_per_floor":[68,68,68,68,68,68,68,68,68,68,68,68,68,68,68,68,68,68,68,68,68,68,68,78,78,78,78,75,75,75,75,75,75,75,75,75,75,71,71,71,73,73,73,80,82,82,82,82,82],"relic_stats":{"Blood Vial":34,"Busted Crown":32,"Singing Bowl":4,"counters":[22,97],"Eternal Feather":99,"Cursed Key":3,"obtain_stats":[{"Girya":43,"Pear":24,"Singing Bowl":41,"Oddly Smooth Stone":26,"Eternal Feather":6,"Odd Mushroom":14,"Cursed Key":0,"Ancient Tea Set":45,"Akabeko":13,"Blood Vial":10,"Busted Crown":17,"Strawberry":44,"PureWater":0,"Runic Pyramid":34},{"Girya":19,"Pear":13,"Singing Bowl":19,"Oddly Smooth Stone":13,"Eternal Feather":4,"Odd Mushroom":8,"Cursed Key":0,"Ancient Tea Set":20,"Akabeko":7,"Blood Vial":5,"Busted Crown":9,"Strawberry":19,"PureWater":0,"Runic Pyramid":16},{"Girya":84,"Pear":58,"Singing Bowl":84,"Oddly Smooth Stone":58,"Eternal Feather":12,"Odd Mushroom":29,"Cursed Key":0,"Ancient Tea Set":89,"Akabeko":27,"Blood Vial":20,"Busted Crown":42,"Strawberry":84,"PureWater":0,"Runic Pyramid":71}]},"card_choices":[{"not_picked":["Crescendo","Prostrate"],"picked":"FlyingSleeves","floor":1.0},{"not_picked":["Swivel","PathToVictory"],"picked":"CutThroughFate","floor":3.0},{"not_picked":["Crescendo","Prostrate","Ragnarok"],"picked":"SKIP","floor":4.0},{"not_picked":["Halt","WindmillStrike"],"picked":"FlurryOfBlows","floor":6.0},{"not_picked":["Swivel","Sanctity","Study"],"picked":"SKIP","floor":10.0},{"not_picked":["Halt","EmptyBody"],"picked":"Conclude","floor":11.0},{"not_picked":["Evaluate","EmptyFist"],"picked":"ThirdEye","floor":13.0},{"not_picked":["ThirdEye","ClearTheMind"],"picked":"BowlingBash","floor":14.0},{"not_picked":["Scrawl","Vault"],"picked":"LessonLearned","floor":16.0},{"not_picked":["ClearTheMind"],"picked":"SKIP","floor":18.0},{"not_picked":[],"picked":"WheelKick","floor":20.0},{"not_picked":["PathToVictory"],"picked":"SKIP","floor":21.0},{"not_picked":["CarveReality"],"picked":"SKIP","floor":24.0},{"not_picked":[],"picked":"EmptyMind","floor":27},{"not_picked":["PathToVictory+1"],"picked":"SKIP","floor":31},{"not_picked":[],"picked":"MentalFortress","floor":35},{"not_picked":[],"picked":"Flash of Steel","floor":37},{"not_picked":[],"picked":"Good Instincts","floor":37},{"not_picked":[],"picked":"Panacea","floor":37},{"not_picked":[],"picked":"Wireheading","floor":39},{"not_picked":["BowlingBash"],"picked":"Singing Bowl","floor":41},{"not_picked":["ClearTheMind"],"picked":"Singing Bowl","floor":45},{"not_picked":[],"picked":"Sanctity","floor":46}],"player_experience":767562,"relics_obtained":[{"floor":6.0,"key":"Eternal Feather"},{"floor":10.0,"key":"Blood Vial"},{"floor":13.0,"key":"Akabeko"},{"floor":14.0,"key":"Odd Mushroom"},{"floor":24.0,"key":"Pear"},{"floor":26.0,"key":"Oddly Smooth Stone"},{"floor":41,"key":"Singing Bowl"},{"floor":43,"key":"Girya"},{"floor":45,"key":"Ancient Tea Set"}],"event_choices":[{"cards_removed":["Strike_P"],"damage_healed":0.0,"max_hp_gain":0.0,"max_hp_loss":0.0,"gold_gain":0.0,"event_name":"Bonfire Elementals","player_choice":"Offered Basic","floor":2.0,"gold_loss":0.0,"damage_taken":0.0},{"damage_healed":0.0,"max_hp_gain":0.0,"max_hp_loss":0.0,"gold_gain":0.0,"cards_transformed":["Strike_P"],"event_name":"Transmorgrifier","player_choice":"Transformed","floor":7.0,"gold_loss":0.0,"damage_taken":0.0,"cards_obtained":["Worship"]},{"damage_healed":0.0,"max_hp_gain":0.0,"max_hp_loss":0.0,"gold_gain":0.0,"event_name":"Mushrooms","player_choice":"Fought Mushrooms","floor":14.0,"gold_loss":0.0,"damage_taken":0.0},{"cards_removed":["Strike_P"],"damage_healed":0.0,"max_hp_gain":0.0,"max_hp_loss":0.0,"gold_gain":0.0,"event_name":"Beggar","player_choice":"Gave Gold","floor":22.0,"gold_loss":75.0,"damage_taken":0.0},{"damage_healed":0,"gold_gain":50,"player_choice":"Stole From Cult","damage_taken":0,"max_hp_gain":0,"max_hp_loss":0,"event_name":"Nest","floor":29,"gold_loss":0},{"damage_healed":0,"gold_gain":0,"player_choice":"Memory 3","damage_taken":10,"max_hp_gain":0,"max_hp_loss":0,"event_name":"SensoryStone","floor":37,"gold_loss":0},{"damage_healed":0,"gold_gain":0,"player_choice":"Max HP","damage_taken":0,"max_hp_gain":0,"max_hp_loss":4,"event_name":"Winding Halls","floor":38,"gold_loss":0},{"damage_healed":0,"gold_gain":0,"player_choice":"Gave Potion","damage_taken":0,"relics_obtained":["Strawberry"],"max_hp_gain":0,"max_hp_loss":0,"event_name":"WeMeetAgain","floor":44,"gold_loss":0}],"is_beta":false,"boss_relics":[{"not_picked":["Coffee Dripper","VioletLotus"],"picked":"Busted Crown"},{"not_picked":["Astrolabe","Empty Cage"],"picked":"Runic Pyramid"}],"items_purged_floors":[19,28],"is_endless":false,"potions_floor_spawned":[3,13,14,16,18,20,24,33,39,41,45],"killed_by":"Spire Growth","ascension_level":20}}