{"host":"k7udt7atmcuzf6l0","time":1612120027,"event":{"mods":["AchievementEnabler","BaseMod","BetterRewards","Colored Map","Colored Powertips","Highlight Path","Minty Spire (QoL Compilation)","Quick Restart","Rare Cards Sparkle","Relic Stats","StSLib","UnlockEverythingMod"],"gold_per_floor":[113,44,58,75,85,85,55,55,55,55,70,87,114,114,114,219,219,230,230,243,93,93,93,113,113,164,195,195,212,244,244,244],"floor_reached":31,"language":"ZHS","playtime":543,"items_purged":[],"score":300,"play_id":"d853168f-8e65-45ee-8574-1ac27ba5f993","local_time":"20210201030707","is_ascension_mode":false,"campfire_choices":[{"data":"Flex","floor":6.0,"key":"SMITH"},{"data":"Whirlwind","floor":8.0,"key":"SMITH"},{"data":"Sword Boomerang","floor":10.0,"key":"SMITH"},{"data":"Body Slam","floor":15.0,"key":"SMITH"},{"data":"Trip","floor":23,"key":"SMITH"},{"data":"Shockwave","floor":25,"key":"SMITH"}],"circlet_count":0,"master_deck":["Strike_R","Strike_R","Strike_R","Strike_R","Strike_R","Defend_R","Defend_R","Defend_R","Defend_R","Bash","Flex+1","Dropkick","Sword Boomerang+1","Whirlwind+1","Clash","Body Slam+1","Exhume","Rupture+1","Hemokinesis","Trip+1","Spot Weakness","Shockwave+1","Seeing Red"],"relics":["Burning Blood","NeowsBlessing","Strawberry","Mercury Hourglass","Coffee Dripper","Kunai","Boot","Blood Vial","Matryoshka","Orichalcum"],"acts_visited":["Exordium","TheCity"],"potions_floor_usage":[24,27,30],"damage_taken":[{"damage":0.0,"enemies":"Cultist","floor":1.0,"turns":1.0},{"damage":0.0,"enemies":"Jaw Worm","floor":3.0,"turns":1.0},{"damage":0.0,"enemies":"2 Louse","floor":4.0,"turns":1.0},{"damage":8.0,"enemies":"Red Slaver","floor":5.0,"turns":2.0},{"damage":0.0,"enemies":"Exordium Thugs","floor":11.0,"turns":2.0},{"damage":0.0,"enemies":"3 Louse","floor":12.0,"turns":1.0},{"damage":0.0,"enemies":"Gremlin Nob","floor":13.0,"turns":1.0},{"damage":49.0,"enemies":"The Guardian","floor":16.0,"turns":7.0},{"damage":5.0,"enemies":"Chosen","floor":18.0,"turns":3.0},{"damage":4.0,"enemies":"Spheric Guardian","floor":20.0,"turns":3.0},{"damage":4,"enemies":"Cultist and Chosen","floor":24,"turns":3},{"damage":50,"enemies":"Book of Stabbing","floor":27,"turns":4},{"damage":22,"enemies":"Centurion and Healer","floor":29,"turns":3},{"damage":28,"enemies":"Gremlin Leader","floor":30,"turns":6}],"seed_played":"-4681728053204344003","potions_obtained":[{"floor":1.0,"key":"Fire Potion"},{"floor":5.0,"key":"FearPotion"},{"floor":7.0,"key":"Swift Potion"},{"floor":7.0,"key":"Swift Potion"},{"floor":11.0,"key":"AttackPotion"},{"floor":13.0,"key":"ColorlessPotion"},{"floor":16.0,"key":"HeartOfIron"},{"floor":18.0,"key":"SkillPotion"},{"floor":22,"key":"PowerPotion"},{"floor":22,"key":"ColorlessPotion"},{"floor":29,"key":"SmokeBomb"},{"floor":30,"key":"DuplicationPotion"}],"is_trial":false,"path_per_floor":["M","$","M","M","M","R","?","R","T","R","M","M","E","$","R","B",null,"M","T","M","$","?","R","M","R","T","E","T","M","E","?"],"character_chosen":"IRONCLAD","items_purchased":["Dropkick","Trip","Spot Weakness"],"campfire_rested":0,"item_purchase_floors":[2,21,21],"current_hp_per_floor":[80,80,80,80,78,78,78,78,85,85,87,87,87,87,87,44,87,87,87,87,87,87,87,87,87,87,43,43,29,9,0,0],"gold":244,"neow_bonus":"THREE_ENEMY_KILL","is_daily":false,"chose_seed":false,"campfire_upgraded":6,"win_rate":0.0,"timestamp":1612120027,"path_taken":["M","?","M","M","?","R","?","R","T","R","M","M","E","$","R","BOSS","M","?","M","$","?","R","?","R","T","E","?","M","E","?"],"items_purchased_type":["Card","Card","Card"],"build_version":"2020-12-22","purchased_purges":0,"victory":false,"max_hp_per_floor":[80,80,80,80,80,80,80,80,87,87,87,87,87,87,87,87,87,87,87,87,87,87,87,87,87,87,87,87,87,87,92,92],"relic_stats":{"Blood Vial":4,"counters":[14,38],"Kunai":[4],"Orichalcum":[0],"Boot":[8],"obtain_stats":[{"Blood Vial":27,"Matryoshka":28,"NeowsBlessing":0,"Strawberry":9,"Coffee Dripper":17,"Kunai":19,"Orichalcum":30,"Boot":26,"Burning Blood":0,"Mercury Hourglass":13},{"Blood Vial":12,"Matryoshka":12,"NeowsBlessing":0,"Strawberry":4,"Coffee Dripper":8,"Kunai":9,"Orichalcum":14,"Boot":11,"Burning Blood":0,"Mercury Hourglass":7},{"Blood Vial":29,"Matryoshka":29,"NeowsBlessing":0,"Strawberry":5,"Coffee Dripper":16,"Kunai":19,"Orichalcum":38,"Boot":25,"Burning Blood":0,"Mercury Hourglass":9}],"Burning Blood":45,"Mercury Hourglass":[109]},"card_choices":[{"not_picked":["Bloodletting","Headbutt"],"picked":"Flex","floor":1.0},{"not_picked":["Searing Blow","Wild Strike","Dark Embrace"],"picked":"SKIP","floor":3.0},{"not_picked":["Entrench","Warcry"],"picked":"Sword Boomerang","floor":4.0},{"not_picked":["Fire Breathing","Burning Pact"],"picked":"Whirlwind","floor":5.0},{"not_picked":["Pommel Strike","Anger"],"picked":"Clash","floor":11.0},{"not_picked":["Clash","Clothesline","Blood for Blood"],"picked":"SKIP","floor":12.0},{"not_picked":["Clash","Flame Barrier"],"picked":"Body Slam","floor":13.0},{"not_picked":["Barricade","Bludgeon"],"picked":"Exhume","floor":16.0},{"not_picked":["Body Slam+1","Cleave+1"],"picked":"Rupture+1","floor":18.0},{"not_picked":["Heavy Blade+1","Flame Barrier"],"picked":"Hemokinesis","floor":20.0},{"not_picked":["Pommel Strike","Cleave"],"picked":"Shockwave","floor":24},{"not_picked":["Dark Embrace","Clothesline+1"],"picked":"Seeing Red","floor":27},{"not_picked":["Thunderclap","Exhume","Shrug It Off"],"picked":"SKIP","floor":29},{"not_picked":["Feel No Pain","Anger","Shrug It Off"],"picked":"SKIP","floor":30}],"player_experience":24520,"relics_obtained":[{"floor":9.0,"key":"Strawberry"},{"floor":13.0,"key":"Mercury Hourglass"},{"floor":19.0,"key":"Kunai"},{"floor":26,"key":"Boot"},{"floor":27,"key":"Blood Vial"},{"floor":28,"key":"Matryoshka"},{"floor":30,"key":"Orichalcum"}],"event_choices":[{"damage_healed":0.0,"max_hp_gain":0.0,"max_hp_loss":0.0,"gold_gain":0.0,"event_name":"The Woman in Blue","player_choice":"Bought 2 Potions","floor":7.0,"gold_loss":0.0,"damage_taken":0.0},{"damage_healed":0,"gold_gain":0,"player_choice":"Got Potions","damage_taken":0,"max_hp_gain":0,"max_hp_loss":0,"event_name":"Lab","floor":22,"gold_loss":0}],"is_beta":false,"boss_relics":[{"not_picked":["Cursed Key","Empty Cage"],"picked":"Coffee Dripper"}],"items_purged_floors":[],"is_endless":false,"potions_floor_spawned":[1,5,11,13,16,18,29,30],"ascension_level":0}}