{"host":"59wnhi65kiwmnpg4","time":1612105630,"event":{"mods":["2.2 Compatiblity","AchievementEnabler","BaseMod","BetterRewards","Colored Map","Custom Start","Disable Question Mark Monsters","Highlight Path","Minty Spire (QoL Compilation)","Permanent Neow","Relic Sorter","Relic Stats"],"gold_per_floor":[15,29,29,46,62,95,95,129,129,162,162,19,52,64,64,161,161,177,80,94,94,144,204,223,256,256,287,319,331,343,39,39,194,194,238,94,146,146,186,221,221,221,221,265,265,292,312,329,329,329],"floor_reached":51,"language":"ENG","playtime":9697,"items_purged":["Defend_P"],"score":1011,"play_id":"18346f16-c9d1-4abc-a269-fec2c49382a2","local_time":"20210131150710","is_ascension_mode":true,"campfire_choices":[{"data":"Wish","floor":7.0,"key":"SMITH"},{"data":"Omniscience","floor":11.0,"key":"SMITH"},{"data":"TalkToTheHand","floor":15.0,"key":"SMITH"},{"data":"ForeignInfluence","floor":32,"key":"SMITH"},{"data":"Ragnarok","floor":45,"key":"SMITH"},{"floor":49,"key":"REST"}],"circlet_count":0,"master_deck":["Strike_P","Strike_P","Strike_P","Strike_P","Defend_P","Defend_P","Eruption","Vigilance","Wish+1","BowlingBash","Conclude","Tantrum","TalkToTheHand+1","Omniscience+1","Crescendo","Ragnarok+1","Wallop","FollowUp","FearNoEvil","Writhe","Scrawl","ForeignInfluence+1","WaveOfTheHand","Wireheading+1","BowlingBash+1","MentalFortress","Indignation","Weave","Brilliance","Prostrate+1","ReachHeaven+1","TalkToTheHand+1","Wallop+1","Meditate+1","Collect+1"],"relics":["PureWater","Oddly Smooth Stone","Centennial Puzzle","Yang","Pocketwatch","Nunchaku","Bag of Marbles","SacredBark","Pear","Question Card","MealTicket","Mummified Hand","Blue Candle","Snecko Eye","Sling","Thread and Needle","Lizard Tail","Molten Egg 2"],"acts_visited":["Exordium","TheCity","TheBeyond"],"potions_floor_usage":[28,30,33,50,50,50,50,50],"damage_taken":[{"damage":12.0,"enemies":"Cultist","floor":1.0,"turns":6.0},{"damage":4.0,"enemies":"Small Slimes","floor":2.0,"turns":4.0},{"damage":0.0,"enemies":"Jaw Worm","floor":4.0,"turns":3.0},{"damage":12.0,"enemies":"Looter","floor":5.0,"turns":4.0},{"damage":10.0,"enemies":"3 Sentries","floor":6.0,"turns":3.0},{"damage":0.0,"enemies":"Lagavulin","floor":8.0,"turns":3.0},{"damage":10.0,"enemies":"3 Sentries","floor":10.0,"turns":3.0},{"damage":19.0,"enemies":"Lagavulin","floor":13.0,"turns":5.0},{"damage":0.0,"enemies":"3 Louse","floor":14.0,"turns":1.0},{"damage":3.0,"enemies":"Hexaghost","floor":16.0,"turns":7.0},{"damage":0.0,"enemies":"2 Thieves","floor":18.0,"turns":1.0},{"damage":0.0,"enemies":"Spheric Guardian","floor":20.0,"turns":2.0},{"damage":0.0,"enemies":"Centurion and Healer","floor":22.0,"turns":3.0},{"damage":14.0,"enemies":"Slavers","floor":23.0,"turns":7.0},{"damage":0.0,"enemies":"Sentry and Sphere","floor":24.0,"turns":1.0},{"damage":0.0,"enemies":"Gremlin Leader","floor":25.0,"turns":3.0},{"damage":14.0,"enemies":"Slavers","floor":27.0,"turns":3.0},{"damage":21,"enemies":"Snake Plant","floor":28,"turns":4},{"damage":1,"enemies":"Cultist and Chosen","floor":29,"turns":4},{"damage":0,"enemies":"Centurion and Healer","floor":30,"turns":2},{"damage":36,"enemies":"Collector","floor":33,"turns":5},{"damage":4,"enemies":"3 Shapes","floor":35,"turns":6},{"damage":22,"enemies":"2 Orb Walkers","floor":37,"turns":3},{"damage":0,"enemies":"3 Darklings","floor":39,"turns":2},{"damage":0,"enemies":"Nemesis","floor":40,"turns":1},{"damage":3,"enemies":"Jaw Worm Horde","floor":44,"turns":2},{"damage":14,"enemies":"Reptomancer","floor":46,"turns":4},{"damage":0,"enemies":"Sphere and 2 Shapes","floor":47,"turns":2},{"damage":29,"enemies":"4 Shapes","floor":48,"turns":6},{"damage":0,"enemies":"Awakened One","floor":50,"turns":7}],"seed_played":"-3102618223378243302","potions_obtained":[{"floor":1.0,"key":"BlessingOfTheForge"},{"floor":4.0,"key":"Dexterity Potion"},{"floor":5.0,"key":"Regen Potion"},{"floor":6.0,"key":"CultistPotion"},{"floor":10.0,"key":"Strength Potion"},{"floor":22.0,"key":"Block Potion"},{"floor":23.0,"key":"Explosive Potion"},{"floor":24.0,"key":"Strength Potion"},{"floor":29,"key":"SkillPotion"},{"floor":33,"key":"EntropicBrew"}],"is_trial":false,"path_per_floor":["M","M","$","M","M","E","R","E","T","E","R","$","E","M","R","B",null,"M","$","M","?","M","E","M","E","T","E","M","M","M","$","R","B",null,"M","$","?","?","M","E","?","$","T","M","R","E","M","M","R","B",null],"character_chosen":"WATCHER","items_purchased":["Nunchaku","BottledMiracle","FollowUp","Strength Potion","Weave","Ambrosia","Sling"],"campfire_rested":1,"item_purchase_floors":[12,19,19,31,31,31,36],"current_hp_per_floor":[60,56,56,56,44,43,43,43,43,33,33,33,14,14,14,11,72,72,72,72,82,82,68,68,68,68,54,33,32,32,47,47,11,82,78,82,60,60,60,60,60,75,75,72,72,58,58,29,53,82],"gold":329,"neow_bonus":"THREE_RARE_CARDS","is_daily":false,"chose_seed":false,"campfire_upgraded":5,"win_rate":0.0,"timestamp":1612105630,"path_taken":["M","M","$","?","M","E","R","E","T","E","R","$","E","M","R","BOSS","M","$","?","?","M","E","M","E","T","E","M","M","M","$","R","BOSS","M","$","?","?","M","E","?","$","T","M","R","E","M","M","R","BOSS"],"items_purchased_type":["Relic","Potion","Card","Potion","Card","Potion","Relic"],"build_version":"2020-12-22","purchased_purges":1,"victory":true,"max_hp_per_floor":[72,72,72,72,72,72,72,72,72,72,72,72,72,72,72,72,72,72,72,72,82,82,82,82,82,82,82,82,82,82,82,82,82,82,82,82,82,82,82,82,82,82,82,82,82,82,82,82,82,82],"relic_stats":{"Centennial Puzzle":[39],"Nunchaku":[18],"Lizard Tail":0,"counters":[30,107],"Mummified Hand":[26],"Blue Candle":[0],"Snecko Eye":[55,70,63,59],"Yang":[185],"MealTicket":34,"Question Card":15,"obtain_stats":[{"Pear":21,"SacredBark":17,"Blue Candle":27,"Oddly Smooth Stone":6,"Yang":9,"Thread and Needle":37,"Question Card":23,"Sling":36,"Centennial Puzzle":8,"Nunchaku":12,"Lizard Tail":40,"Mummified Hand":26,"Snecko Eye":34,"MealTicket":25,"Molten Egg 2":46,"Bag of Marbles":13,"PureWater":0,"Pocketwatch":10},{"Pear":12,"SacredBark":10,"Blue Candle":17,"Oddly Smooth Stone":5,"Yang":6,"Thread and Needle":23,"Question Card":14,"Sling":22,"Centennial Puzzle":6,"Nunchaku":7,"Lizard Tail":25,"Mummified Hand":16,"Snecko Eye":21,"MealTicket":16,"Molten Egg 2":27,"Bag of Marbles":8,"PureWater":0,"Pocketwatch":7},{"Pear":42,"SacredBark":39,"Blue Candle":59,"Oddly Smooth Stone":20,"Yang":23,"Thread and Needle":83,"Question Card":52,"Sling":80,"Centennial Puzzle":23,"Nunchaku":26,"Lizard Tail":86,"Mummified Hand":56,"Snecko Eye":74,"MealTicket":56,"Molten Egg 2":92,"Bag of Marbles":31,"PureWater":0,"Pocketwatch":26}],"Pocketwatch":[66]},"card_choices":[{"not_picked":["Alpha","Brilliance"],"picked":"Wish","floor":0.0},{"not_picked":["Study","Prostrate","CarveReality"],"picked":"SKIP","floor":1.0},{"not_picked":["ForeignInfluence","CutThroughFate"],"picked":"BowlingBash","floor":2.0},{"not_picked":["PathToVictory","BowlingBash"],"picked":"Conclude","floor":4.0},{"not_picked":["FollowUp","BowlingBash"],"picked":"Tantrum","floor":5.0},{"not_picked":["FlyingSleeves","JustLucky","Prostrate"],"picked":"SKIP","floor":6.0},{"not_picked":["EmptyFist","Swivel"],"picked":"TalkToTheHand","floor":8.0},{"not_picked":["Judgement","SignatureMove"],"picked":"Omniscience","floor":10.0},{"not_picked":["PathToVictory","MasterReality","Nirvana"],"picked":"SKIP","floor":13.0},{"not_picked":["CrushJoints","EmptyMind"],"picked":"Crescendo","floor":14.0},{"not_picked":["Vault","Establishment"],"picked":"Ragnarok","floor":16.0},{"not_picked":["InnerPeace+1","FlurryOfBlows"],"picked":"Wallop","floor":18.0},{"not_picked":["SandsOfTime+1","FlyingSleeves+1"],"picked":"FearNoEvil","floor":20.0},{"not_picked":["EmptyFist","Swivel","Crescendo"],"picked":"SKIP","floor":22.0},{"not_picked":["SashWhip+1","Prostrate"],"picked":"Scrawl","floor":23.0},{"not_picked":["Adaptation","InnerPeace+1","Evaluate"],"picked":"ForeignInfluence","floor":24.0},{"not_picked":["FlyingSleeves+1","Tantrum","FlurryOfBlows"],"picked":"WaveOfTheHand","floor":25.0},{"not_picked":["CutThroughFate","Meditate","ThirdEye"],"picked":"Wireheading+1","floor":27.0},{"not_picked":["JustLucky+1","BattleHymn+1","MentalFortress+1"],"picked":"BowlingBash+1","floor":28},{"not_picked":["Prostrate","Weave","Sanctity"],"picked":"MentalFortress","floor":29},{"not_picked":["FollowUp+1","JustLucky","Tantrum"],"picked":"Indignation","floor":30},{"not_picked":["Judgement","LessonLearned","MasterReality"],"picked":"Brilliance","floor":33},{"not_picked":["EmptyBody","CrushJoints","FollowUp+1"],"picked":"Prostrate+1","floor":35},{"not_picked":["FlurryOfBlows+1","Crescendo+1","CrushJoints"],"picked":"ReachHeaven+1","floor":37},{"not_picked":["JustLucky","Fasting2+1","DeusExMachina"],"picked":"TalkToTheHand+1","floor":39},{"not_picked":["Nirvana","EmptyFist","Crescendo"],"picked":"Wallop+1","floor":40},{"not_picked":["PathToVictory+1","BowlingBash","CutThroughFate"],"picked":"Meditate+1","floor":44},{"not_picked":["EmptyFist+1","ThirdEye+1","CrushJoints+1","InnerPeace"],"picked":"SKIP","floor":46},{"not_picked":["Indignation","ThirdEye","EmptyFist+1","Protect"],"picked":"SKIP","floor":47},{"not_picked":["WaveOfTheHand","ClearTheMind","JustLucky+1"],"picked":"Collect+1","floor":48}],"player_experience":858509,"relics_obtained":[{"floor":6.0,"key":"Oddly Smooth Stone"},{"floor":8.0,"key":"Centennial Puzzle"},{"floor":9.0,"key":"Yang"},{"floor":10.0,"key":"Pocketwatch"},{"floor":13.0,"key":"Bag of Marbles"},{"floor":23.0,"key":"Question Card"},{"floor":25.0,"key":"MealTicket"},{"floor":26.0,"key":"Mummified Hand"},{"floor":27.0,"key":"Blue Candle"},{"floor":37,"key":"Thread and Needle"},{"floor":40,"key":"Lizard Tail"},{"floor":46,"key":"Molten Egg 2"}],"event_choices":[{"damage_healed":0.0,"max_hp_gain":0.0,"max_hp_loss":0.0,"gold_gain":0.0,"event_name":"The Mausoleum","player_choice":"Opened","floor":21.0,"gold_loss":0.0,"damage_taken":0.0,"relics_obtained":["Pear"],"cards_obtained":["Writhe"]},{"damage_healed":0,"gold_gain":0,"player_choice":"Fight","damage_taken":0,"max_hp_gain":0,"max_hp_loss":0,"event_name":"Mysterious Sphere","floor":37,"gold_loss":0},{"cards_removed":["Defend_P"],"damage_healed":0,"gold_gain":0,"player_choice":"Removed Skill","damage_taken":0,"max_hp_gain":0,"max_hp_loss":0,"event_name":"Falling","floor":38,"gold_loss":0},{"damage_healed":0,"gold_gain":0,"player_choice":"Ignored","damage_taken":0,"max_hp_gain":0,"max_hp_loss":0,"event_name":"Tomb of Lord Red Mask","floor":41,"gold_loss":0}],"is_beta":false,"boss_relics":[{"not_picked":["Runic Pyramid","Busted Crown"],"picked":"SacredBark"},{"not_picked":["Astrolabe","Pandora\u0027s Box"],"picked":"Snecko Eye"}],"items_purged_floors":[31],"is_endless":false,"potions_floor_spawned":[1,4,5,6,10,22,23,24,29,33,37,47,48],"ascension_level":2}}