{"host":"usru02jcpe2a942d","time":1612056492,"event":{"mods":["Act Like it!","Astrologer","BaseMod","Chen","Colored Powertips","GifTheSpireLib","Highlight Path","HornydragonMod","Hubris","Infinite Spire","Jedi Mod","Minty Spire (QoL Compilation)","MostiFishMod","Pale of the Ancients","Quick Restart","Relic Stats","RumiaBox-露米娅的神秘盒子","StSLib","noobMod","【遗物卡牌】REMEMod","篝火指南"],"gold_per_floor":[79,79,92,92,108,138,138,149,149,176,186,34,49,106,106,202,202,222,238,238,238,238,273,273,307,307,337,337,337,6,18,18,119,119,136,136,153,15,61,61,72,172,223,242,275,275,0,0,0,0],"floor_reached":51,"language":"ZHS","playtime":2431,"items_purged":["Strike_HD","Writhe","Strike_HD+1","Defend_HD+1","DrunkenFist","Strike_HD+1"],"score":731,"play_id":"4cb20264-520d-47e8-b2cd-6a4052e7e8a9","local_time":"20210131092812","is_ascension_mode":false,"campfire_choices":[{"data":"Icecream","floor":7.0,"key":"SMITH"},{"data":"CardDestruct","floor":15.0,"key":"SMITH"},{"data":"GetWldd","floor":24.0,"key":"SMITH"},{"data":"GetToilet","floor":32.0,"key":"SMITH"},{"data":"Refill","floor":40.0,"key":"SMITH"},{"data":"GetAlcoholSmell","floor":49,"key":"SMITH"}],"circlet_count":0,"master_deck":["Defend_HD+1","Defend_HD+1","AlcoholBarrier","BreakDrink","GetAlcoholSmell+1","HeadDefend","Icecream+1","CardDestruct+1","Fly","BloodyMary","Beer","LightAttack","GetToilet+1","Fury","BloodyMary","Linda","Icecream+1","DrunkForget","GetWldd+1","Sadman570+1","IceTea+1","ShrimpCocktail+1","CardDestruct+1","CardReborn+1","Refill+1","BraveAlcohol+1","CardReborn+1","AlcoholAttack+1","FearFace","Metabolism+1","Margarita","CrazyDrinking","MemeAttack"],"relics":["WineBottle","DaveBox","ice","REME_ComplimentaryCards","Civilization","SynthV:TestCard","MoreBug","Potion Belt","Bottled Flame","hubris:ToyBattleship","CombinedTypeHook","hubris:Backtick","DollysMirror","ImprovedEquipment","hubris:Towel","jedi:HeartOfTheCards","Juzu Bracelet","Kunai","infinitespire:Magic Flask","jedi:matchstick","Membership Card","infinitespire:Eraser","Empty Cage","War Paint","hubris:GlazedTorus","Disulfiram","jedi:cryingmask","jedi:shrinkray","Bottled Tornado","REME_HourglassOfDeath"],"acts_visited":["Exordium","TheCity","TheBeyond"],"potions_floor_usage":[],"damage_taken":[{"damage":10.0,"enemies":"Small Slimes","floor":1.0,"turns":4.0},{"damage":0.0,"enemies":"2 Louse","floor":3.0,"turns":3.0},{"damage":0.0,"enemies":"Cultist","floor":5.0,"turns":3.0},{"damage":0.0,"enemies":"Lagavulin","floor":6.0,"turns":6.0},{"damage":0.0,"enemies":"Exordium Thugs","floor":8.0,"turns":5.0},{"damage":0.0,"enemies":"3 Louse","floor":11.0,"turns":2.0},{"damage":0.0,"enemies":"2 Fungi Beasts","floor":13.0,"turns":3.0},{"damage":29.0,"enemies":"Gremlin Nob","floor":14.0,"turns":5.0},{"damage":5.0,"enemies":"The Guardian","floor":16.0,"turns":7.0},{"damage":5.0,"enemies":"3 Byrds","floor":18.0,"turns":3.0},{"damage":1.0,"enemies":"Shell Parasite","floor":19.0,"turns":2.0},{"damage":11.0,"enemies":"Slavers","floor":23.0,"turns":3.0},{"damage":17.0,"enemies":"Gremlin Leader","floor":25.0,"turns":4.0},{"damage":35.0,"enemies":"Nightmare","floor":27.0,"turns":6.0},{"damage":2.0,"enemies":"Cultist and Chosen","floor":31.0,"turns":4.0},{"damage":19.0,"enemies":"hubris:MusketHawk","floor":33.0,"turns":6.0},{"damage":0.0,"enemies":"3 Shapes","floor":35.0,"turns":4.0},{"damage":6.0,"enemies":"3 Darklings","floor":37.0,"turns":4.0},{"damage":32.0,"enemies":"2 Orb Walkers","floor":39.0,"turns":5.0},{"damage":0.0,"enemies":"Transient","floor":41.0,"turns":5.0},{"damage":14.0,"enemies":"infinitespire:Three Voidlings","floor":42.0,"turns":4.0},{"damage":64.0,"enemies":"Nightmare_Alpha","floor":42.0,"turns":8.0},{"damage":0,"enemies":"Writhing Mass","floor":44,"turns":1},{"damage":18,"enemies":"Nightmare","floor":45,"turns":8},{"damage":0,"enemies":"Time Eater","floor":50,"turns":1}],"seed_played":"-5751229167486795589","potions_obtained":[{"floor":3.0,"key":"SneckoOil"},{"floor":8.0,"key":"SkillPotion"},{"floor":13.0,"key":"SneckoOil"},{"floor":14.0,"key":"ColorlessPotion"},{"floor":19.0,"key":"Weak Potion"},{"floor":27.0,"key":"AttackPotion"},{"floor":44,"key":"jedi:StrikingPotion"}],"is_trial":false,"path_per_floor":["M","?","M","?","M","E","R","M","T","T","M","$","M","?","R","B",null,"M","M","?","?","?","E","R","E","T","NM","AVR","?","$","M","R","B",null,"M","?","M","$","?","R","M","?","T","M","NM","?","$","T","R","B",null],"character_chosen":"HORNYDRAGON","items_purchased":["GetToilet","Membership Card","infinitespire:Eraser","War Paint","Bottled Tornado"],"campfire_rested":0,"item_purchase_floors":[12,30,30,38,47],"current_hp_per_floor":[87,87,91,79,84,89,89,98,98,98,107,107,116,109,109,123,136,141,146,146,146,146,140,140,132,132,120,120,120,120,131,131,126,171,176,176,180,180,158,158,184,153,153,158,174,174,174,174,174,179],"gold":0,"neow_bonus":"TEN_PERCENT_HP_BONUS","is_daily":false,"chose_seed":false,"campfire_upgraded":6,"win_rate":0.0,"timestamp":1612056492,"path_taken":["M","?","M","?","M","E","R","M","T","?","?","?","M","?","R","BOSS","M","M","?","?","?","E","R","E","T","NM","AVR","?","?","M","R","BOSS","M","?","M","$","?","R","M","?","T","M","NM","?","$","?","R","BOSS"],"items_purchased_type":["Card","Relic","Relic","Relic","Relic"],"build_version":"2020-12-22","purchased_purges":6,"victory":true,"max_hp_per_floor":[97,97,101,101,106,111,111,116,116,116,121,121,126,131,131,136,136,141,146,146,146,146,151,151,156,156,161,161,161,161,166,166,171,171,176,176,181,181,186,186,191,201,201,206,211,211,211,211,211,216],"relic_stats":{"counters":[25,103],"Juzu Bracelet":2,"Kunai":[4],"War Paint":["Sadman570","CardReborn"],"obtain_stats":[{"CombinedTypeHook":14,"DaveBox":0,"ice":0,"Juzu Bracelet":25,"Bottled Tornado":47,"Empty Cage":34,"jedi:shrinkray":45,"Civilization":0,"hubris:Backtick":17,"DollysMirror":17,"jedi:matchstick":28,"Disulfiram":42,"jedi:cryingmask":43,"Kunai":26,"infinitespire:Eraser":30,"WineBottle":0,"hubris:GlazedTorus":39,"MoreBug":4,"Potion Belt":6,"ImprovedEquipment":20,"infinitespire:Magic Flask":27,"hubris:Towel":22,"War Paint":38,"jedi:HeartOfTheCards":23,"Bottled Flame":9,"SynthV:TestCard":1,"REME_HourglassOfDeath":48,"hubris:ToyBattleship":10,"Membership Card":30,"REME_ComplimentaryCards":0},{"CombinedTypeHook":8,"DaveBox":0,"ice":0,"Juzu Bracelet":13,"Bottled Tornado":24,"Empty Cage":16,"jedi:shrinkray":24,"Civilization":0,"hubris:Backtick":9,"DollysMirror":9,"jedi:matchstick":14,"Disulfiram":22,"jedi:cryingmask":22,"Kunai":13,"infinitespire:Eraser":14,"WineBottle":0,"hubris:GlazedTorus":19,"MoreBug":2,"Potion Belt":4,"ImprovedEquipment":11,"infinitespire:Magic Flask":14,"hubris:Towel":11,"War Paint":18,"jedi:HeartOfTheCards":12,"Bottled Flame":5,"SynthV:TestCard":1,"REME_HourglassOfDeath":24,"hubris:ToyBattleship":5,"Membership Card":14,"REME_ComplimentaryCards":0},{"CombinedTypeHook":31,"DaveBox":0,"ice":0,"Juzu Bracelet":48,"Bottled Tornado":102,"Empty Cage":63,"jedi:shrinkray":102,"Civilization":0,"hubris:Backtick":37,"DollysMirror":37,"jedi:matchstick":53,"Disulfiram":93,"jedi:cryingmask":93,"Kunai":48,"infinitespire:Eraser":53,"WineBottle":0,"hubris:GlazedTorus":76,"MoreBug":7,"Potion Belt":16,"ImprovedEquipment":41,"infinitespire:Magic Flask":53,"hubris:Towel":41,"War Paint":71,"jedi:HeartOfTheCards":44,"Bottled Flame":21,"SynthV:TestCard":4,"REME_HourglassOfDeath":102,"hubris:ToyBattleship":21,"Membership Card":53,"REME_ComplimentaryCards":0}]},"card_choices":[{"not_picked":["AlcoholBarrier","Timmie"],"picked":"HeadDefend","floor":1.0},{"not_picked":["MemeAttack","Beer","Scp261","BloodyMary"],"picked":"CardDestruct","floor":3.0},{"not_picked":["DrumStick","Circle","Noodle","BlackJackAttack"],"picked":"Fly","floor":5.0},{"not_picked":["AlcoholAttack","Oolong","Ahahah","Circle"],"picked":"BloodyMary","floor":6.0},{"not_picked":["KingRound","DrumStick","Noodle","ShrimpCocktail"],"picked":"Beer","floor":8.0},{"not_picked":["Conch","DrunkenFist","AlcoholBarrier","RainbowAttack"],"picked":"LightAttack","floor":11.0},{"not_picked":["Circle","Melancholia","Guppy","ChickenAttack"],"picked":"Fury","floor":13.0},{"not_picked":["Beer","GetAll","Fly","AlcoholGun"],"picked":"BloodyMary","floor":14.0},{"not_picked":["Vomiting","Scp500","JohnCena","FearFace"],"picked":"Linda","floor":16.0},{"not_picked":["BunnyJump","AlcoholBarrier+1","DrumStick","Bike"],"picked":"DrunkForget","floor":18.0},{"not_picked":["Distracted+1","LuckyCoin","Timmie","DrunkenFist"],"picked":"GetWldd","floor":19.0},{"not_picked":["Timmie","Trumpet+1","Scp261","Yeast"],"picked":"Sadman570","floor":23.0},{"not_picked":["Metabolism","Twin","BloodyMary","Fury"],"picked":"IceTea+1","floor":25.0},{"not_picked":["Vodka","Icecream","Platelet","BreakDrink"],"picked":"ShrimpCocktail+1","floor":27.0},{"not_picked":["Nihilism","Susie","Fury+1","Guppy"],"picked":"CardReborn+1","floor":31.0},{"not_picked":["GetAlcoholSmell","Linda","UnoWild4","Vomiting"],"picked":"Refill","floor":33.0},{"not_picked":["Trumpet","Nihilism","Conch+1","BreakDrink"],"picked":"BraveAlcohol+1","floor":35.0},{"not_picked":["BreakDrink+1","AlcoholBarrier","Bike+1","RainbowAttack+1"],"picked":"AlcoholAttack+1","floor":37.0},{"not_picked":["RainbowAttack","BirdAttack+1","Fly","DrunkardWalk+1"],"picked":"FearFace","floor":39.0},{"not_picked":["Beer","Circle","DrumStick","BloodyMary"],"picked":"Metabolism+1","floor":41.0},{"not_picked":["hubris:InfiniteBlow","infinitespire:Execution"],"picked":"infinitespire:SealOfDarkness+","floor":42},{"not_picked":["BirdAttack+1","Conch","Ocd","RainbowAttack"],"picked":"Margarita","floor":42},{"not_picked":["Metabolism","Fury+1","Fly","Alcoholic"],"picked":"CrazyDrinking","floor":44},{"not_picked":["infinitespire:Oblivion","infinitespire:Menacing"],"picked":"infinitespire:SealOfDarkness+","floor":45},{"not_picked":["Twin","BunnyJump+1","Alcoholic","BloodyMary+1"],"picked":"MemeAttack","floor":45}],"player_experience":235558,"relics_obtained":[{"floor":1.0,"key":"SynthV:TestCard"},{"floor":6.0,"key":"Potion Belt"},{"floor":9.0,"key":"Bottled Flame"},{"floor":10.0,"key":"hubris:ToyBattleship"},{"floor":14.0,"key":"CombinedTypeHook"},{"floor":23.0,"key":"jedi:HeartOfTheCards"},{"floor":25.0,"key":"Juzu Bracelet"},{"floor":26.0,"key":"Kunai"},{"floor":27.0,"key":"infinitespire:Magic Flask"},{"floor":39.0,"key":"hubris:GlazedTorus"},{"floor":42,"key":"Disulfiram"},{"floor":43,"key":"jedi:cryingmask"},{"floor":45,"key":"jedi:shrinkray"},{"floor":48,"key":"REME_HourglassOfDeath"}],"event_choices":[{"damage_healed":0.0,"max_hp_gain":0.0,"max_hp_loss":0.0,"gold_gain":0.0,"event_name":"Scrap Ooze","player_choice":"Success","floor":4.0,"gold_loss":0.0,"damage_taken":12.0,"relics_obtained":["MoreBug"]},{"damage_healed":0.0,"max_hp_gain":0.0,"max_hp_loss":0.0,"gold_gain":30.0,"event_name":"Dead Adventurer","player_choice":"Searched \u00273\u0027 times","floor":14.0,"gold_loss":0.0,"damage_taken":0.0},{"damage_healed":0.0,"max_hp_gain":0.0,"max_hp_loss":0.0,"gold_gain":0.0,"event_name":"The Mausoleum","player_choice":"Opened","floor":20.0,"gold_loss":0.0,"damage_taken":0.0,"relics_obtained":["ImprovedEquipment"],"cards_obtained":["Writhe"]},{"damage_healed":0.0,"max_hp_gain":0.0,"max_hp_loss":0.0,"gold_gain":0.0,"event_name":"Back to Basics","player_choice":"Simplicity","floor":21.0,"gold_loss":0.0,"damage_taken":0.0,"cards_upgraded":["Strike_HD","Strike_HD","Strike_HD","Defend_HD","Defend_HD","Defend_HD","Defend_HD"]},{"damage_healed":0.0,"max_hp_gain":0.0,"max_hp_loss":0.0,"gold_gain":0.0,"event_name":"Duplicator","player_choice":"Copied","floor":29.0,"gold_loss":0.0,"damage_taken":0.0,"cards_obtained":["CardDestruct"]},{"damage_healed":0.0,"max_hp_gain":0.0,"max_hp_loss":0.0,"gold_gain":0.0,"event_name":"Match and Keep!","player_choice":"1 cards matched","floor":36.0,"gold_loss":0.0,"damage_taken":0.0,"cards_obtained":["CardReborn"]},{"damage_healed":0.0,"max_hp_gain":0.0,"max_hp_loss":0.0,"gold_gain":0.0,"event_name":"Mysterious Sphere","player_choice":"Fight","floor":39.0,"gold_loss":0.0,"damage_taken":0.0}],"is_beta":false,"boss_relics":[{"not_picked":["SoulBox","hubris:HollowSoul"],"picked":"hubris:Backtick"},{"not_picked":["EasyGame_NEW","EE1DDrone"],"picked":"Empty Cage"}],"items_purged_floors":[12,28,30,38,47,47],"is_endless":false,"potions_floor_spawned":[3,8,13,14,19,25,27,35,39,44],"ascension_level":0}}