{"host":"rlwsj8oje50c4na7","time":1612119719,"event":{"mods":["2.2 Compatiblity","Act Like it!","Arknights","Aspiration","BaseMod","Beaked The Cultist","Bestiary","Better Altar","Better Skull","Better Third Choice","Better Vampires","BetterRewards","Colored Map","Colored Powertips","Conspire","Defuse TimeMaze Blight","Energized Spire","Friendly Minions","Gensokyo","GifTheSpireLib","GungeonMod","Halation","Hallownest","Hermit","Highlight Path","Hubris","Infinite Spire","Ironclad Rager","Jedi Mod","JesterMod","Jorbs\u0027s Wanderer Trilogy","Mad Scientist","Minty Spire (QoL Compilation)","Pale of the Ancients","Quick Restart","Random Character Button","Relic Stats","Reliquary","Reorder Act Four","Replay The Spire","Retaliation","Shade Mod","Shop Mod","Spicy Shops","StSLib","Stuff the Spire","The Administrix","The Blackbeard","The Bladedancer","The Blue Laboratory","The Bug Knight","The Clintock","The Construct","The Cursed","The Disciple","The Exalted","The Forsaken","The Hierophant","The IronCluck","The Judge","The Kombatant","The Marked","The Mystic","The Necromancer","The Runesmith","The Servant 0.9.4","TheSwordswoman","Waifu the Spire","everything is the same but u backflip on backflip","slay the spire mod where everything is the same but ironclad has a cowboy hat"],"gold_per_floor":[111,127,127,137,149,176,176,176,230,258,275,307,307,307,307,407,407,421,432,432,449,409,409,521,521,521,534,28,28,44,156,156,257,257,276,290,290,290],"floor_reached":37,"language":"ENG","playtime":5167,"items_purged":[],"score":529,"play_id":"3fcc717f-b86f-4242-83e3-282e8562645d","local_time":"20210131210159","is_ascension_mode":false,"campfire_choices":[{"data":"jesterMod:Tinker","floor":7.0,"key":"SMITH"},{"floor":8.0,"key":"REST"},{"floor":13,"key":"RECALL"},{"data":"jesterMod:ButterflyDance","floor":15,"key":"SMITH"},{"floor":23,"key":"REST"},{"floor":29,"key":"REST"},{"data":"jesterMod:Exasperation","floor":32,"key":"SMITH"}],"circlet_count":0,"master_deck":["jesterMod:Strike","jesterMod:Strike","jesterMod:Strike","jesterMod:Strike","jesterMod:Sickle","jesterMod:Defend","jesterMod:Defend","jesterMod:Defend","jesterMod:Defend","jesterMod:Dodge","jesterMod:TrickyDodge","jesterMod:FlameDance+1","jesterMod:Haste","jesterMod:Tinker+1","jesterMod:ButterflyDance+1","jesterMod:PerfectDodge","jesterMod:RecklessStrike","StuffTheSpire:GlassShard+1","jesterMod:Exasperation+1","jesterMod:Illness+1","jesterMod:Contradiction","jesterMod:JackInTheBox+1","jesterMod:Precipitation","jesterMod:Momentum","jesterMod:Patience+1"],"relics":["jesterMod:JesterCap","NeowsBlessing","WingedGreaves","StuffTheSpire:GrapeVine","Bromod:ArcaneTrickery","StuffTheSpire:TintedRock","Replay:Grab Bag","hubris:VirtuousBlindfold","energizedSpire:OgreHead","Bromod:ArcaneBarrier","aspiration:TomeofQuesting","Molten Egg 2","StuffTheSpire:Barrel","DemoMod:SerJunkan","Replay:Bottled Flurry","DemoMod:Junk","Black Star"],"acts_visited":["Exordium","TheCity","TheBeyond"],"potions_floor_usage":[18,21,24,27,30,31,33,33,35],"damage_taken":[{"damage":0.0,"enemies":"2 Louse","floor":1.0,"turns":1.0},{"damage":0.0,"enemies":"Cultist","floor":2.0,"turns":1.0},{"damage":0.0,"enemies":"Small Slimes","floor":4.0,"turns":1.0},{"damage":0.0,"enemies":"Looter","floor":5.0,"turns":5.0},{"damage":23.0,"enemies":"Gremlin Nob","floor":6.0,"turns":5.0},{"damage":13.0,"enemies":"3 Sentries","floor":10.0,"turns":7.0},{"damage":0,"enemies":"Red Slaver","floor":11,"turns":5},{"damage":0,"enemies":"Lagavulin","floor":12,"turns":7},{"damage":8,"enemies":"Hexaghost","floor":16,"turns":6},{"damage":8,"enemies":"2 Thieves","floor":18,"turns":4},{"damage":22,"enemies":"conspire:FuzzyDice","floor":19,"turns":4},{"damage":13,"enemies":"Centurion and Healer","floor":21,"turns":4},{"damage":12,"enemies":"conspire:SneckoGhost","floor":24,"turns":7},{"damage":0,"enemies":"Sentry and Sphere","floor":27,"turns":4},{"damage":0,"enemies":"Shelled Parasite and Fungi","floor":30,"turns":5},{"damage":0,"enemies":"conspire:Head Lice","floor":31,"turns":9},{"damage":20,"enemies":"hubris:MusketHawk","floor":33,"turns":8},{"damage":19,"enemies":"3 Darklings","floor":35,"turns":5},{"damage":31,"enemies":"Orb Walker","floor":36,"turns":6},{"damage":26,"enemies":"Sphere and 2 Shapes","floor":37,"turns":7}],"seed_played":"-3629536985409206849","potions_obtained":[{"floor":1.0,"key":"Energy Potion"},{"floor":2.0,"key":"PowerPotion"},{"floor":4.0,"key":"DDmod:CleansePotion"},{"floor":6.0,"key":"blueLaboratory:BottleOfRum"},{"floor":10.0,"key":"blueLaboratory:FruitPunch"},{"floor":22,"key":"blueLaboratory:LouseDecoction"},{"floor":22,"key":"SteroidPotion"},{"floor":22,"key":"blueLaboratory:PhilterOfMotion"},{"floor":24,"key":"Swift Potion"},{"floor":27,"key":"blueLaboratory:ImpenetrablePotion"},{"floor":30,"key":"blueLaboratory:Moonshine"},{"floor":31,"key":"blueLaboratory:ImpenetrablePotion"},{"floor":36,"key":"blueLaboratory:BottleOfRum"}],"is_trial":false,"path_per_floor":["M","M","?","M","M","E","R","R","T","E","M","E","R","?","R","B",null,"M","M","?","M","?","R","E","R","T","M","$","R","M","E","R","B",null,"M","M","M"],"character_chosen":"THE_JESTER","items_purchased":["DemoMod:SerJunkan","Replay:Bottled Flurry"],"campfire_rested":3,"item_purchase_floors":[28,28],"current_hp_per_floor":[70,70,70,70,70,47,47,68,68,55,55,55,55,32,32,24,70,64,42,42,29,29,50,38,38,38,38,38,59,67,72,72,52,72,53,22,0,0],"gold":290,"neow_bonus":"THREE_ENEMY_KILL","is_daily":false,"chose_seed":false,"campfire_upgraded":3,"win_rate":0.0,"timestamp":1612119719,"path_taken":["M","M","?","?","M","E","R","R","T","E","M","E","R","?","R","BOSS","M","M","?","M","?","R","E","R","T","M","$","R","M","E","R","BOSS","M","M","M"],"items_purchased_type":["Relic","Relic"],"build_version":"2020-12-22","purchased_purges":0,"victory":false,"max_hp_per_floor":[70,70,70,70,70,70,70,70,70,70,70,70,70,70,70,70,70,72,72,72,72,72,72,72,72,72,72,72,72,72,72,72,72,72,72,72,72,72],"relic_stats":{"counters":[20,100],"Black Star":0,"obtain_stats":[{"StuffTheSpire:TintedRock":14,"DemoMod:Junk":31,"StuffTheSpire:Barrel":26,"NeowsBlessing":0,"Replay:Grab Bag":17,"hubris:VirtuousBlindfold":17,"aspiration:TomeofQuesting":20,"jesterMod:JesterCap":0,"DemoMod:GlassGuonStoneRelic":1,"StuffTheSpire:GrapeVine":10,"energizedSpire:OgreHead":17,"Bromod:ArcaneTrickery":12,"Bromod:ArcaneBarrier":17,"Molten Egg 2":24,"WingedGreaves":6,"DemoMod:SerJunkan":28,"Replay:Bottled Flurry":28,"Black Star":34},{"StuffTheSpire:TintedRock":8,"DemoMod:Junk":16,"StuffTheSpire:Barrel":13,"NeowsBlessing":0,"Replay:Grab Bag":9,"hubris:VirtuousBlindfold":9,"aspiration:TomeofQuesting":11,"jesterMod:JesterCap":0,"DemoMod:GlassGuonStoneRelic":1,"StuffTheSpire:GrapeVine":6,"energizedSpire:OgreHead":9,"Bromod:ArcaneTrickery":8,"Bromod:ArcaneBarrier":9,"Molten Egg 2":13,"WingedGreaves":5,"DemoMod:SerJunkan":14,"Replay:Bottled Flurry":14,"Black Star":17},{"StuffTheSpire:TintedRock":32,"DemoMod:Junk":74,"StuffTheSpire:Barrel":57,"NeowsBlessing":0,"Replay:Grab Bag":38,"hubris:VirtuousBlindfold":38,"aspiration:TomeofQuesting":46,"jesterMod:JesterCap":0,"DemoMod:GlassGuonStoneRelic":1,"StuffTheSpire:GrapeVine":20,"energizedSpire:OgreHead":38,"Bromod:ArcaneTrickery":32,"Bromod:ArcaneBarrier":38,"Molten Egg 2":57,"WingedGreaves":13,"DemoMod:SerJunkan":61,"Replay:Bottled Flurry":61,"Black Star":82}]},"card_choices":[{"not_picked":["jesterMod:MudBall","jesterMod:DanceOfChaos"],"picked":"jesterMod:TrickyDodge","floor":1.0},{"not_picked":["jesterMod:Disposophobia","jesterMod:Anticipation"],"picked":"jesterMod:FlameDance","floor":2.0},{"not_picked":["jesterMod:RecklessStrike","jesterMod:Exasperation"],"picked":"jesterMod:Haste","floor":4.0},{"not_picked":["jesterMod:Unleash","jesterMod:Frenzy"],"picked":"jesterMod:Tinker","floor":5.0},{"not_picked":["jesterMod:QuickStrike","jesterMod:Taunt"],"picked":"jesterMod:ButterflyDance","floor":6.0},{"not_picked":["jesterMod:QuickStrike","jesterMod:DaggerRain"],"picked":"jesterMod:PerfectDodge","floor":10.0},{"not_picked":["jesterMod:SmokeScreen","jesterMod:OblivionStrike"],"picked":"jesterMod:RecklessStrike","floor":11},{"not_picked":["jesterMod:Tinker","jesterMod:LightTheWick","jesterMod:Finale"],"picked":"SKIP","floor":12},{"not_picked":["jesterMod:Tinker","jesterMod:LightTheWick","jesterMod:Finale"],"picked":"SKIP","floor":12},{"not_picked":["jesterMod:Prankster","jesterMod:SmokeScreen"],"picked":"jesterMod:Exasperation","floor":18},{"not_picked":["jesterMod:Disposophobia+1","jesterMod:Tinker+1","jesterMod:QuickStrike"],"picked":"SKIP","floor":19},{"not_picked":["jesterMod:ButterKnife+1","jesterMod:RecklessStrike+1"],"picked":"jesterMod:Illness+1","floor":21},{"not_picked":["jesterMod:Schizophrenia","jesterMod:Twirl+1"],"picked":"jesterMod:Contradiction","floor":24},{"not_picked":["jesterMod:Pause","jesterMod:SmokeScreen"],"picked":"jesterMod:JackInTheBox+1","floor":27},{"not_picked":["jesterMod:Procrastination","jesterMod:Flee","jesterMod:Arrythmia"],"picked":"SKIP","floor":30},{"not_picked":["jesterMod:Momentum","jesterMod:SmokeScreen+1"],"picked":"jesterMod:Precipitation","floor":31},{"not_picked":["jesterMod:Drunkenness","jesterMod:ExperimentalTreatment"],"picked":"jesterMod:Momentum","floor":33},{"not_picked":["jesterMod:Procrastination+1","jesterMod:RecklessStrike+1","jesterMod:Hide+1"],"picked":"SKIP","floor":35},{"not_picked":["jesterMod:Dilapidation+1","jesterMod:SelfMockery+1"],"picked":"jesterMod:Patience+1","floor":36}],"player_experience":909851,"relics_obtained":[{"floor":6.0,"key":"WingedGreaves"},{"floor":10.0,"key":"StuffTheSpire:GrapeVine"},{"floor":12,"key":"Bromod:ArcaneTrickery"},{"floor":20,"key":"aspiration:TomeofQuesting"},{"floor":24,"key":"Molten Egg 2"},{"floor":26,"key":"StuffTheSpire:Barrel"},{"floor":31,"key":"DemoMod:Junk"}],"event_choices":[{"damage_healed":0.0,"max_hp_gain":0.0,"max_hp_loss":0.0,"gold_gain":0.0,"event_name":"Upgrade Shrine","player_choice":"Upgraded","floor":3.0,"gold_loss":0.0,"damage_taken":0.0,"cards_upgraded":["jesterMod:FlameDance"]},{"damage_healed":0,"gold_gain":1,"player_choice":"Card Relic ","damage_taken":23,"max_hp_gain":0,"max_hp_loss":0,"event_name":"betterThird:BetterScrap","floor":14,"gold_loss":0,"cards_obtained":["StuffTheSpire:GlassShard","jedi:studyshivs"]},{"damage_healed":0,"gold_gain":0,"player_choice":"Bought 3 Potions","damage_taken":0,"max_hp_gain":0,"max_hp_loss":0,"event_name":"The Woman in Blue","floor":22,"gold_loss":0}],"is_beta":false,"boss_relics":[{"not_picked":["Coffee Dripper","Pandora\u0027s Box"],"picked":"Replay:Grab Bag"},{"not_picked":["energizedSpire:RedRose","hubris:TerracottaHorce"],"picked":"hubris:VirtuousBlindfold"},{"not_picked":["Velvet Choker","StuffTheSpire:ModemDavis"],"picked":"energizedSpire:OgreHead"},{"not_picked":["StuffTheSpire:RunicHypercube","halation:Prosthetics"],"picked":"Bromod:ArcaneBarrier"},{"not_picked":["Snecko Eye","Kintsugi"],"picked":"Black Star"}],"items_purged_floors":[],"is_endless":false,"potions_floor_spawned":[1,2,4,6,10,24,27,30,31,36],"killed_by":"Sphere and 2 Shapes","ascension_level":0}}