{"host":"yq2wmfr0u0wuvxc0","time":1612072508,"event":{"mods":["Act Like it!","Aspiration","BaseMod","Curses Come First","Downfall","Friendly Minions","Gensokyo","Hubris","Infinite Spire","Marisa????????","Minty Spire (QoL Compilation)","Pale of the Ancients","Remilia??????","Shop Mod","Smile Girya","Spicy Shops","StSLib","The Jungle","The Servant 0.9.4","Wide Potions"],"gold_per_floor":[99,109,121,133,133,148,218,218,218,218,218,218,249,81,101,198,198,98,118,110,385,385,407,407,307,307,307,307],"floor_reached":26,"language":"ZHS","playtime":802,"items_purged":["Regret"],"score":224,"play_id":"580e4137-2a46-4152-a0b7-638c3dd89d1c","local_time":"20210130215508","is_ascension_mode":true,"campfire_choices":[{"data":"hexamod:Sear","floor":1,"key":"SMITH"},{"data":"hexamod:EtherealExpedition","floor":8,"key":"SMITH"},{"data":"hexamod:Haunt","floor":10,"key":"SMITH"},{"data":"hexamod:FlamesFromBeyond","floor":12,"key":"SMITH"},{"data":"hexamod:PowerFromBeyond","floor":18,"key":"SMITH"},{"data":"hexamod:FlamesFromBeyond","floor":25,"key":"SMITH"}],"circlet_count":0,"master_deck":["hexamod:Strike","hexamod:Strike","hexamod:Defend","hexamod:Defend","hexamod:Defend+1","hexamod:Sear+1","hexamod:Float","hexamod:Haunt+1","hexamod:EtherealExpedition+1","Slice","Survivor","Glass Knife","hexamod:FlamesFromBeyond+1","hexamod:PowerFromBeyond+1","hexamod:ShieldOfDarkness","hexamod:SixthSeal","CurseOfTheBell","hexamod:RainOfEmbers","hexamod:FirstSeal","hexamod:SecondSeal","hexamod:ThirdSeal","hexamod:FourthSeal","Regret"],"relics":["Black Star","Eternal Feather","Meat on the Bone","Blue Candle","aspiration:HummingbirdHeart","Juzu Bracelet","Calling Bell","Dream Catcher","hubris:DeckOfHolding","Unceasing Top","downfall:HeartBlessingGreen","downfall:HeartBlessingBlue"],"acts_visited":["Exordium","TheCity"],"potions_floor_usage":[26],"damage_taken":[{"damage":1,"enemies":"Cultist","floor":2,"turns":3},{"damage":5,"enemies":"2 Louse","floor":3,"turns":3},{"damage":1,"enemies":"Jaw Worm","floor":4,"turns":4},{"damage":8,"enemies":"Red Slaver","floor":6,"turns":4},{"damage":13,"enemies":"Gremlin Nob","floor":13,"turns":3},{"damage":3,"enemies":"downfall:FleeingMerchant","floor":14,"turns":4},{"damage":0,"enemies":"Exordium Wildlife","floor":15,"turns":3},{"damage":9,"enemies":"IC_STATUS_ARCHETYPE","floor":16,"turns":5},{"damage":6,"enemies":"Shell Parasite","floor":19,"turns":3},{"damage":22,"enemies":"Spheric Guardian","floor":23,"turns":5},{"damage":85,"enemies":"Gremlin Leader","floor":26,"turns":8}],"seed_played":"-7663779910518098805","potions_obtained":[{"floor":2,"key":"FearPotion"},{"floor":15,"key":"Block Potion"}],"is_trial":false,"path_per_floor":["R","M","M","M","?","M","T","R","?","R","?","R","E","$","M","B",null,"R","M","?","?","?","M","T","R","E"],"character_chosen":"THE_SPIRIT","items_purchased":["Juzu Bracelet"],"campfire_rested":0,"item_purchase_floors":[14],"current_hp_per_floor":[70,69,64,63,63,55,55,61,61,70,70,70,57,54,54,45,70,70,64,57,57,57,54,54,76,0,0,0],"gold":307,"neow_bonus":"BOSS_RELIC","is_daily":false,"chose_seed":false,"campfire_upgraded":6,"win_rate":0.0,"timestamp":1612072508,"path_taken":["R","M","M","M","?","?","T","R","?","R","?","R","E","$","M","BOSS","R","M","?","?","?","M","T","R","E"],"items_purchased_type":["Relic"],"build_version":"2020-12-22","purchased_purges":1,"victory":false,"max_hp_per_floor":[70,70,70,70,70,70,70,70,70,70,70,70,70,70,70,70,70,70,70,70,70,70,70,70,80,80,80,80],"card_choices":[{"not_picked":["hexamod:FlamesFromBeyond","hexamod:HauntingEcho"],"picked":"hexamod:Haunt","floor":2},{"not_picked":["hexamod:FourthSeal","hexamod:HeatMetal"],"picked":"hexamod:EtherealExpedition","floor":3},{"not_picked":["hexamod:Again","hexamod:SpectersWail"],"picked":"hexamod:FlamesFromBeyond","floor":4},{"not_picked":["hexamod:Firestarter","hexamod:GhostOfSpirePast"],"picked":"hexamod:FlamesFromBeyond","floor":6},{"not_picked":["hexamod:PhantomCloak","hexamod:SpectralSpark"],"picked":"hexamod:PowerFromBeyond","floor":13},{"not_picked":["hexamod:PhantomFireball","hexamod:ThermalTransfer","hexamod:Haunt"],"picked":"SKIP","floor":14},{"not_picked":["hexamod:FastForward","hexamod:NightmareGuise"],"picked":"hexamod:ShieldOfDarkness","floor":15},{"not_picked":["hexamod:Toasty","hexamod:TimeWarp"],"picked":"hexamod:SixthSeal","floor":16},{"not_picked":["hexamod:SpectersWail","hexamod:InspiringFlames"],"picked":"hexamod:RainOfEmbers","floor":19},{"not_picked":["hexamod:ApocalypticArmor","hexamod:SuperheatedStrike","hexamod:Again+1"],"picked":"SKIP","floor":23}],"player_experience":288337,"relics_obtained":[{"floor":7,"key":"Eternal Feather"},{"floor":13,"key":"Blue Candle"},{"floor":13,"key":"aspiration:HummingbirdHeart"},{"floor":17,"key":"Dream Catcher"},{"floor":17,"key":"hubris:DeckOfHolding"},{"floor":17,"key":"Unceasing Top"}],"event_choices":[{"damage_healed":0,"gold_gain":0,"player_choice":"Box","damage_taken":0,"relics_obtained":["Meat on the Bone"],"max_hp_gain":0,"max_hp_loss":0,"event_name":"Big Fish","floor":9,"gold_loss":0,"cards_obtained":["Regret"]}],"is_beta":false,"boss_relics":[{"not_picked":["Busted Crown","bronze:MakeshiftBattery"],"picked":"Calling Bell"}],"items_purged_floors":[14],"is_endless":false,"potions_floor_spawned":[2,13,15,16],"killed_by":"Gremlin Leader","ascension_level":2}}