{"host":"i4k7lz1yqqrdojuu","time":1612076140,"event":{"mods":["AchievementEnabler","Act Like it!","Arknights","BaseMod","Custom Start","Elementarium","Minty Spire (QoL Compilation)","Replay The Spire","Spicy Shops","StSLib","The Dragon Tamer","Uncapped"],"gold_per_floor":[110,128,128,128,144,100175,100187,100207,100282,100254,100254,100269,100269,100296,100296,100399,100399,100419,100469,98992,99009,99063,99098,99098,92379,92379,92397,92432,92442,92442,92442,92442,92537,92537,92551,89441,89441,89441,89441,89466,89495,89495,89529,89539,89562,89562,89574,84758,84758,84791,84791,84791,84791,84791,83664,83690,83690],"floor_reached":58,"language":"KOR","playtime":4561,"items_purged":["DTMod:TargetDefense","DTMod:Strike","DTMod:TargetDefense"],"score":1790,"play_id":"88e83af7-2f70-46b3-af55-310afaa780f4","local_time":"20210131155540","is_ascension_mode":false,"metric_token":799,"campfire_choices":[{"floor":11,"key":"RECALL"},{"floor":13,"key":"REST"},{"data":"DTMod:MagiciansMark","floor":15,"key":"SMITH"},{"data":"DTMod:WarmUp","floor":24,"key":"SMITH"},{"data":"DTMod:SealedStrike","floor":32,"key":"SMITH"},{"data":"1","floor":42,"key":"LIFT"},{"data":"2","floor":46,"key":"LIFT"},{"data":"3","floor":51,"key":"LIFT"}],"dtmod_dragon_data":[49,58,1,0,8,5],"circlet_count":4,"master_deck":["DTMod:Strike","DTMod:DoubleHit","DTMod:TargetDefense","DTMod:TargetDefense","DTMod:SwitchingTactic","DTMod:DarkBreath","DTMod:BalancedStrike","DTMod:BlazingStrike+1","DTMod:ComboAttack","DTMod:DeepFocus+1","DTMod:FlameSlash+1","DTMod:BreakAttack+1","DTMod:Hide","DTMod:MagiciansMark+1","DTMod:RepeatStrike","DTMod:WarmUp+1","DTMod:ForkedFire+1","Thinking Ahead","DTMod:BalancedStrike+1","DTMod:RunningTactic","DTMod:SealedStrike+1","DTMod:Cover","DTMod:ComboAttack","Pot Of Greed","Pot Of Greed","Pot Of Greed","DTMod:Training","DTMod:BurningForce+1","Apotheosis+1","Master of Strategy+1","DTMod:ResonanceForm+1","DTMod:Conduct","DTMod:ForkedFire+1","DTMod:ExcessFootwork+1","DTMod:HeadStart+1","ReplayUltimateDefense+1"],"relics":["DTMod:PactStone","NeowsBlessing","Vajra","Circlet","Darkstone Periapt","Akabeko","Iron Hammer","HandDrill","Eternal Feather","Matryoshka","The Courier","ReplayFunnel","Art of War","Replay:Kaleidoscope","DTMod:BindingString","Orichalcum","Whetstone","Frozen Eye","Bronze Scales","Tiny Chest","TungstenRod","HornCleat","Boot","Singing Bowl","Blue Doll","Ornamental Fan","Question Card","Bag of Preparation","War Paint","TheAbacus","Bag of Marbles","Torii","Replay:WaspNest","MealTicket","Strawberry","Centennial Puzzle","Nunchaku","Kunai","Ginger","PreservedInsect","Regal Pillow","StoneCalendar","Lantern","Mirror","Simple Rune","Grinning Jar","Gremlin Horn","Oddly Smooth Stone","Counterbalance","Pear","DTMod:BasicTextbook","Anchor","Ancient Tea Set","Thread and Needle","Replay:Baseball","Golden Egg","Replay:Multitool","Elementarium:ElementariumTrophy","Medical Kit","Unceasing Top","Gremlin Food","Replay:Rubber Ducky","CeramicFish","Bird Faced Urn","Happy Flower","Girya","Molten Egg 2","Chameleon Ring","Blood Vial","Pantograph","Replay:Accelerometer","Turnip","DTMod:DragonFood","Potion Belt","Shuriken","Sundial","Bottled Lightning","Pen Nib","DTMod:TacticalNote","Juzu Bracelet","Letter Opener","Garlic","Omamori","ReplayTheSpireMod:Ninjato","Divine Protection","Lizard Tail","Frozen Egg 2","Mummified Hand","Blue Candle","Replay:Ringing Soul","Du-Vu Doll","Meat on the Bone","Incense Burner","Snack Pack","Durian","ClockworkSouvenir","DTMod:OddArmor","DTMod:AncientBone","Toxic Egg 2","Onion Ring","ReplayTheSpireMod:Shallot","Quantum Egg","InkBottle","Replay:Arrowhead","Mango","Calipers","Lee\u0027s Waffle"],"acts_visited":["Exordium","Exordium","TheBeyond","TheEnding"],"potions_floor_usage":[16],"damage_taken":[{"damage":0,"enemies":"Cultist","floor":1,"turns":1},{"damage":0,"enemies":"Jaw Worm","floor":2,"turns":1},{"damage":0,"enemies":"2 Louse","floor":5,"turns":1},{"damage":20,"enemies":"3 Sentries","floor":6,"turns":9},{"damage":0,"enemies":"Blue Slaver","floor":7,"turns":3},{"damage":0,"enemies":"Lots of Slimes","floor":8,"turns":2},{"damage":7,"enemies":"Exordium Thugs","floor":12,"turns":3},{"damage":0,"enemies":"Lagavulin","floor":14,"turns":3},{"damage":52,"enemies":"Fading Forest","floor":16,"turns":8},{"damage":0,"enemies":"Elementarium:2_ELEMENTALS","floor":18,"turns":2},{"damage":0,"enemies":"Elementarium:VoidCorruption","floor":21,"turns":2},{"damage":0,"enemies":"Elementarium:FIRE_NOBILITY","floor":23,"turns":2},{"damage":0,"enemies":"Elementarium:Hydrostalker","floor":27,"turns":2},{"damage":0,"enemies":"Elementarium:WarGolem","floor":28,"turns":1},{"damage":0,"enemies":"Elementarium:CYCLONE_AND_ORB_OF_FIRE","floor":29,"turns":2},{"damage":0,"enemies":"Elementarium:GolemEmperor","floor":33,"turns":3},{"damage":0,"enemies":"Orb Walker","floor":35,"turns":1},{"damage":0,"enemies":"3 Darklings","floor":40,"turns":1},{"damage":0,"enemies":"Sphere and 2 Shapes","floor":41,"turns":2},{"damage":0,"enemies":"Reptomancer","floor":43,"turns":1},{"damage":0,"enemies":"4 Shapes","floor":44,"turns":1},{"damage":0,"enemies":"Spire Growth","floor":47,"turns":1},{"damage":0,"enemies":"R_Hoarder","floor":50,"turns":2},{"damage":0,"enemies":"Time Eater","floor":52,"turns":2},{"damage":0,"enemies":"Shield and Spear","floor":56,"turns":2},{"damage":0,"enemies":"The Heart","floor":57,"turns":3}],"seed_played":"7449626379529448485","potions_obtained":[{"floor":5,"key":"Strength Potion"},{"floor":6,"key":"SpeedPotion"},{"floor":8,"key":"Reflective Coating"},{"floor":12,"key":"Reflective Coating"},{"floor":33,"key":"Doom Potion"},{"floor":50,"key":"FairyPotion"},{"floor":54,"key":"EssenceOfSteel"}],"is_trial":false,"path_per_floor":["M","M","T","?","M","E","M","M","T","?","R","M","R","E","R","B",null,"M","?","$","M","T","E","R","$","T","M","E","M","?","?","R","B",null,"M","$","T","PTL","PTL","M","M","R","E","M","T","R","M","$","?","E","R","B",null,"R","$","E","B",null],"character_chosen":"THE_DT","items_purchased":["Iron Hammer","DTMod:WarmUp","DTMod:ForkedFire+1","EntropicBrew","HandDrill","Eternal Feather","Matryoshka","Thinking Ahead","DTMod:BindingString","Orichalcum","Whetstone","Frozen Eye","Bronze Scales","Tiny Chest","TungstenRod","HornCleat","Boot","Singing Bowl","Blue Doll","Ornamental Fan","Question Card","Bag of Preparation","War Paint","TheAbacus","Bag of Marbles","Torii","Replay:WaspNest","MealTicket","Strawberry","Centennial Puzzle","Nunchaku","Kunai","Ginger","PreservedInsect","Regal Pillow","StoneCalendar","Lantern","Mirror","Simple Rune","DTMod:SealedStrike","DTMod:Cover","DTMod:ComboAttack","Grinning Jar","Gremlin Horn","Oddly Smooth Stone","Counterbalance","Pear","DTMod:BasicTextbook","Anchor","Ancient Tea Set","Thread and Needle","Medical Kit","Unceasing Top","Gremlin Food","Replay:Rubber Ducky","CeramicFish","Bird Faced Urn","Happy Flower","Girya","Molten Egg 2","Chameleon Ring","Blood Vial","Pantograph","Replay:Accelerometer","Turnip","DTMod:DragonFood","Potion Belt","Shuriken","DTMod:TacticalNote","Juzu Bracelet","Letter Opener","Garlic","Omamori","ReplayTheSpireMod:Ninjato","Divine Protection","Lizard Tail","Frozen Egg 2","Mummified Hand","Blue Candle","Replay:Ringing Soul","Du-Vu Doll","Meat on the Bone","Incense Burner","Snack Pack","Durian","ClockworkSouvenir","DTMod:OddArmor","DTMod:AncientBone","Toxic Egg 2","Onion Ring","ReplayTheSpireMod:Shallot","Quantum Egg","InkBottle","Replay:Arrowhead","Mango","Calipers","Lee\u0027s Waffle","DTMod:HeadStart+1","ReplayUltimateDefense+1"],"campfire_rested":1,"item_purchase_floors":[20,20,20,20,20,20,20,20,25,25,25,25,25,25,25,25,25,25,25,25,25,25,25,25,25,25,25,25,25,25,25,25,25,25,25,25,25,25,25,25,25,25,25,25,25,25,25,25,25,25,25,36,36,36,36,36,36,36,36,36,36,36,36,36,36,36,36,36,48,48,48,48,48,48,48,48,48,48,48,48,48,48,48,48,48,48,48,48,48,48,48,48,48,55,55,55,55,55,55],"current_hp_per_floor":[45,45,45,45,45,925,925,925,925,925,925,918,945,945,945,893,945,945,945,945,945,945,945,945,962,962,962,962,964,964,962,964,964,964,966,966,966,966,966,966,966,966,966,968,968,968,970,975,975,977,977,977,977,977,1001,1003,1003],"gold":83690,"neow_bonus":"THREE_ENEMY_KILL","is_daily":false,"chose_seed":false,"campfire_upgraded":3,"win_rate":0.0,"timestamp":1612076140,"path_taken":["M","M","?","?","M","E","M","M","T","?","R","M","R","E","R","BOSS","M","?","$","?","?","E","R","$","T","M","E","?","?","?","R","BOSS","M","$","?","PTL","PTL","M","M","R","E","M","T","R","M","$","?","E","R","BOSS","R","$","E","BOSS"],"items_purchased_type":["Relic","Card","Card","Potion","Relic","Relic","Relic","Card","Relic","Relic","Relic","Relic","Relic","Relic","Relic","Relic","Relic","Relic","Relic","Relic","Relic","Relic","Relic","Relic","Relic","Relic","Relic","Relic","Relic","Relic","Relic","Relic","Relic","Relic","Relic","Relic","Relic","Relic","Relic","Card","Card","Card","Relic","Relic","Relic","Relic","Relic","Relic","Relic","Relic","Relic","Relic","Relic","Relic","Relic","Relic","Relic","Relic","Relic","Relic","Relic","Relic","Relic","Relic","Relic","Relic","Relic","Relic","Relic","Relic","Relic","Relic","Relic","Relic","Relic","Relic","Relic","Relic","Relic","Relic","Relic","Relic","Relic","Relic","Relic","Relic","Relic","Relic","Relic","Relic","Relic","Relic","Relic","Relic","Relic","Relic","Relic","Card","Card"],"build_version":"2020-12-22","purchased_purges":3,"victory":true,"max_hp_per_floor":[45,45,45,45,45,945,945,945,945,945,945,945,945,945,945,945,945,945,945,945,945,945,945,945,962,962,962,962,964,964,964,964,964,964,966,966,966,966,966,966,966,966,966,968,968,968,970,975,975,977,977,977,977,977,1001,1003,1003],"card_choices":[{"not_picked":["DTMod:HeatWave","DTMod:BuildUp"],"picked":"DTMod:DarkBreath","floor":1},{"not_picked":["DTMod:QuickFly","DTMod:MagicField"],"picked":"DTMod:BalancedStrike","floor":2},{"not_picked":["DTMod:Punisher","DTMod:Cover"],"picked":"DTMod:ComboAttack","floor":5},{"not_picked":["DTMod:BuildUp","DTMod:Dissolve"],"picked":"DTMod:DeepFocus","floor":6},{"not_picked":["DTMod:Coolant","DTMod:BurningEnergy"],"picked":"DTMod:FlameSlash","floor":7},{"not_picked":["DTMod:BurningEnergy","DTMod:Feint"],"picked":"DTMod:BreakAttack","floor":8},{"not_picked":["DTMod:DarkBreath","DTMod:Observe"],"picked":"DTMod:Hide","floor":12},{"not_picked":["DTMod:DeepFocus","DTMod:QuickFly"],"picked":"DTMod:MagiciansMark","floor":14},{"not_picked":["DTMod:GearUp","DTMod:Safeguard"],"picked":"DTMod:RepeatStrike","floor":16},{"not_picked":["DTMod:BizarreTactic+1","DTMod:Feint+1","DTMod:MagicField"],"picked":"SKIP","floor":18},{"not_picked":["DTMod:GhostSkin+1","DTMod:Weaken+1"],"picked":"DTMod:BalancedStrike+1","floor":21},{"not_picked":["DTMod:BurningEnergy","DTMod:MagiciansMark"],"picked":"DTMod:RunningTactic","floor":23},{"not_picked":["DTMod:Haste+1","DTMod:MagicField","DTMod:DragonDance+1"],"picked":"DTMod:Training","floor":27},{"not_picked":["DTMod:SneakAttack","DTMod:Threaten","DTMod:CleansingStrike"],"picked":"DTMod:BurningForce+1","floor":28},{"not_picked":["DTMod:MagicField+1","DTMod:Haste","DTMod:ShieldDrain","DTMod:BreakAttack"],"picked":"Singing Bowl","floor":29},{"not_picked":["Sadistic Nature","ReplayTheSpireMod:Uncanny Aura","Trip"],"picked":"Apotheosis","floor":30},{"not_picked":["Good Instincts","Madness","Blind"],"picked":"Master of Strategy","floor":30},{"not_picked":["DTMod:SealedStrike","DTMod:Multitask","DTMod:Prediction"],"picked":"DTMod:ResonanceForm","floor":33},{"not_picked":["DTMod:Threaten","DTMod:ComboAttack","DTMod:Punisher+1","DTMod:MagicField"],"picked":"Singing Bowl","floor":35},{"not_picked":["DTMod:BlazingStrike+1","DTMod:CalculatedDefense","DTMod:CleansingStrike+1"],"picked":"DTMod:Conduct","floor":40},{"not_picked":["DTMod:HeatWave+1","DTMod:BuildUp+1","DTMod:QuickFly+1"],"picked":"DTMod:ForkedFire+1","floor":41},{"not_picked":["DTMod:DeepFocus+1","DTMod:Training+1","DTMod:BuildUp+1"],"picked":"DTMod:ExcessFootwork","floor":43},{"not_picked":["DTMod:Training","DTMod:ComboAttack+1","DTMod:Cover","DTMod:CleansingStrike+1"],"picked":"Singing Bowl","floor":44},{"not_picked":["DTMod:MagiciansMark+1","DTMod:Feint+1","DTMod:Weaken+1","DTMod:TauntingStrike+1"],"picked":"Singing Bowl","floor":47},{"not_picked":["DTMod:BalancedStrike+1","DTMod:MagicField+1","DTMod:Punisher+1","DTMod:RecklessFlurry+1"],"picked":"Singing Bowl","floor":50},{"not_picked":["DTMod:TagTeam+1","DTMod:DarkBreath+1","DTMod:LowKick+1","DTMod:Threaten+1"],"picked":"Singing Bowl","floor":56}],"player_experience":761792,"relics_obtained":[{"floor":6,"key":"Vajra"},{"floor":9,"key":"Darkstone Periapt"},{"floor":14,"key":"Akabeko"},{"floor":22,"key":"ReplayFunnel"},{"floor":22,"key":"Art of War"},{"floor":23,"key":"Replay:Kaleidoscope"},{"floor":26,"key":"Replay:Baseball"},{"floor":26,"key":"Golden Egg"},{"floor":28,"key":"Replay:Multitool"},{"floor":37,"key":"Sundial"},{"floor":43,"key":"Bottled Lightning"},{"floor":45,"key":"Pen Nib"},{"floor":56,"key":"Circlet"}],"event_choices":[{"damage_healed":0,"gold_gain":0,"player_choice":"Left Gold","damage_taken":0,"max_hp_gain":0,"max_hp_loss":0,"event_name":"World of Goop","floor":10,"gold_loss":28},{"damage_healed":0,"gold_gain":50,"player_choice":"Take","damage_taken":0,"max_hp_gain":0,"max_hp_loss":0,"event_name":"Elementarium:StickySituation","floor":19,"gold_loss":0},{"damage_healed":0,"gold_gain":0,"player_choice":"Machinery","damage_taken":0,"max_hp_gain":0,"max_hp_loss":0,"event_name":"Elementarium:IncubationChamber","floor":30,"gold_loss":0},{"damage_healed":0,"gold_gain":0,"player_choice":"Poke through","damage_taken":3,"max_hp_gain":0,"max_hp_loss":0,"event_name":"Elementarium:GreatTreasure","floor":31,"gold_loss":0},{"cards_removed":["DTMod:Strike"],"damage_healed":0,"gold_gain":0,"player_choice":"Purged","damage_taken":0,"max_hp_gain":0,"max_hp_loss":0,"event_name":"Purifier","floor":49,"gold_loss":0}],"is_beta":false,"boss_relics":[{"not_picked":["Replay:Bronze Core","Busted Crown","Replay:Wanted Poster"]},{"not_picked":["Ring of Chaos","Coffee Dripper","ChewingGum"]}],"items_purged_floors":[20,25,36],"is_endless":false,"potions_floor_spawned":[5,6,8,12,14,28,29,33,35,47,50,56],"ascension_level":0}}