{"host":"czyddnh1ekzxzhp2","time":1612077036,"event":{"mods":["BaseMod","Better Third Choice","BetterRewards","Hermit","Minty Spire (QoL Compilation)","StSLib"],"gold_per_floor":[110,110,120,145,155,189,189,219,287,287,301,326,342,146,146,248,248,248,248,248,260,350,350,376,376,453,135,147,172,184,216,216,316,316,329,340,16,0,0,0,33,33,33,13,23,35,45,64,64,64],"floor_reached":51,"language":"ENG","playtime":4043,"items_purged":["hermit:Strike_Hermit","hermit:Strike_Hermit"],"score":975,"play_id":"823abb4f-b144-4b82-b836-671f75ed4d6f","local_time":"20210131021036","is_ascension_mode":true,"campfire_choices":[{"floor":7,"key":"REST"},{"floor":10,"key":"REST"},{"floor":15,"key":"REST"},{"data":"hermit:Maintenance","floor":23,"key":"SMITH"},{"floor":25,"key":"REST"},{"floor":32,"key":"REST"},{"data":"hermit:Maintenance","floor":40,"key":"SMITH"},{"data":"hermit:Determination","floor":42,"key":"SMITH"},{"floor":49,"key":"REST"}],"circlet_count":0,"master_deck":["hermit:Strike_Hermit","hermit:Strike_Hermit","hermit:Defend_Hermit+1","hermit:Defend_Hermit","hermit:Defend_Hermit+1","hermit:Snapshot","hermit:Covet","hermit:CursedWeapon","Violence","hermit:Maintenance+1","hermit:GoldenBullet","hermit:Gestalt","hermit:RoundhouseKick","hermit:Enervate+1","hermit:Combo","hermit:Maintenance+1","hermit:Determination+1","hermit:EyeOfTheStorm","hermit:FinalCanter+1","hermit:Enervate+1","hermit:NoHoldsBarred+1","hermit:Quickdraw+1"],"relics":["hermit:Momento","Kunai","Lantern","Oddly Smooth Stone","Smiling Mask","Pear","Mango","MealTicket","Empty Cage","Prayer Wheel","Molten Egg 2","Membership Card","Regal Pillow","Toy Ornithopter","The Courier","Philosopher\u0027s Stone","Mummified Hand","Strange Spoon","Pantograph","Pen Nib","Red Mask","Bottled Lightning","Orichalcum"],"acts_visited":["Exordium","TheCity","TheBeyond"],"potions_floor_usage":[6,18,21,24,24,28,31,33,36,39,41,50,50],"damage_taken":[{"damage":7,"enemies":"Small Slimes","floor":1,"turns":3},{"damage":2,"enemies":"Jaw Worm","floor":3,"turns":4},{"damage":2,"enemies":"Cultist","floor":5,"turns":3},{"damage":12,"enemies":"3 Sentries","floor":6,"turns":7},{"damage":38,"enemies":"Lagavulin","floor":8,"turns":6},{"damage":2,"enemies":"Looter","floor":11,"turns":1},{"damage":20,"enemies":"3 Sentries","floor":12,"turns":9},{"damage":2,"enemies":"Blue Slaver","floor":13,"turns":2},{"damage":31,"enemies":"Hexaghost","floor":16,"turns":14},{"damage":0,"enemies":"3 Byrds","floor":18,"turns":1},{"damage":14,"enemies":"Shell Parasite","floor":21,"turns":5},{"damage":47,"enemies":"Book of Stabbing","floor":24,"turns":9},{"damage":9,"enemies":"Snake Plant","floor":28,"turns":4},{"damage":23,"enemies":"Slavers","floor":29,"turns":4},{"damage":2,"enemies":"3 Cultists","floor":30,"turns":3},{"damage":8,"enemies":"Gremlin Leader","floor":31,"turns":8},{"damage":38,"enemies":"Collector","floor":33,"turns":10},{"damage":31,"enemies":"3 Darklings","floor":35,"turns":4},{"damage":14,"enemies":"3 Shapes","floor":36,"turns":3},{"damage":8,"enemies":"Nemesis","floor":41,"turns":8},{"damage":13,"enemies":"Spire Growth","floor":45,"turns":4},{"damage":3,"enemies":"Maw","floor":46,"turns":6},{"damage":31,"enemies":"4 Shapes","floor":47,"turns":3},{"damage":10,"enemies":"Sphere and 2 Shapes","floor":48,"turns":3},{"damage":57,"enemies":"Time Eater","floor":50,"turns":7}],"seed_played":"2601970575605973398","potions_obtained":[{"floor":1,"key":"SmokeBomb"},{"floor":3,"key":"Dexterity Potion"},{"floor":11,"key":"Energy Potion"},{"floor":12,"key":"Dexterity Potion"},{"floor":21,"key":"BlessingOfTheForge"},{"floor":24,"key":"BlessingOfTheForge"},{"floor":30,"key":"Weak Potion"},{"floor":31,"key":"CultistPotion"},{"floor":35,"key":"BlessingOfTheForge"},{"floor":39,"key":"DistilledChaos"},{"floor":39,"key":"BlessingOfTheForge"},{"floor":39,"key":"Fruit Juice"},{"floor":41,"key":"EssenceOfSteel"},{"floor":45,"key":"hermit:BlackBile"}],"is_trial":false,"path_per_floor":["M","?","M","T","M","E","R","E","T","R","M","E","M","$","R","B",null,"M","?","?","M","?","R","E","R","T","$","M","E","M","E","R","B",null,"M","M","$","?","?","R","E","R","T","$","M","M","M","M","R","B",null],"character_chosen":"HERMIT","items_purchased":["Kunai","hermit:CursedWeapon","MealTicket","Membership Card","Regal Pillow","hermit:Enervate+1","Mummified Hand","Strange Spoon","Pantograph","Pen Nib","Strength Potion"],"campfire_rested":6,"item_purchase_floors":[0,0,14,27,27,27,37,37,37,37,44],"current_hp_per_floor":[53,38,36,36,34,22,44,6,16,41,39,33,31,31,60,29,99,99,99,99,85,73,73,26,55,55,70,61,38,36,33,77,44,99,68,59,74,74,84,84,81,81,81,96,83,80,49,39,85,57],"gold":64,"neow_bonus":"","is_daily":false,"chose_seed":false,"campfire_upgraded":3,"win_rate":0.0,"timestamp":1612077036,"path_taken":["M","?","M","?","?","E","R","E","T","R","M","E","M","$","R","BOSS","M","?","?","?","?","R","E","R","T","?","M","E","M","E","R","BOSS","M","M","$","?","?","R","E","R","T","$","M","?","?","M","R","BOSS"],"items_purchased_type":["Relic","Card","Relic","Relic","Relic","Card","Relic","Relic","Relic","Relic","Potion"],"build_version":"2020-12-22","purchased_purges":2,"victory":true,"max_hp_per_floor":[75,75,75,75,75,75,75,75,85,85,85,99,99,99,99,99,99,99,99,99,99,99,99,99,99,99,99,99,99,99,99,99,99,99,99,99,99,99,104,104,104,104,104,104,104,104,104,104,104,104],"card_choices":[{"not_picked":["hermit:Malice","hermit:CursedWeapon"],"picked":"hermit:Maintenance","floor":1},{"not_picked":["hermit:Vantage","hermit:NoHoldsBarred","hermit:SprayPray"],"picked":"SKIP","floor":3},{"not_picked":["hermit:EyeOfTheStorm","hermit:CalledShot","hermit:PistolWhip"],"picked":"SKIP","floor":5},{"not_picked":["hermit:HoleUp","hermit:Roulette","hermit:EternalForm"],"picked":"SKIP","floor":6},{"not_picked":["hermit:Ricochet","hermit:TrackingShot","hermit:Misfire"],"picked":"SKIP","floor":8},{"not_picked":["hermit:Quickdraw","hermit:Determination"],"picked":"hermit:GoldenBullet","floor":11},{"not_picked":["hermit:Misfire","hermit:FullyLoaded","hermit:CalledShot"],"picked":"SKIP","floor":12},{"not_picked":["hermit:Vantage","hermit:Ricochet"],"picked":"hermit:Gestalt","floor":13},{"not_picked":["hermit:HeroicBravado","hermit:FatalDesire"],"picked":"hermit:RoundhouseKick","floor":16},{"not_picked":["hermit:Feint","hermit:Dive","hermit:Desperado+1"],"picked":"SKIP","floor":21},{"not_picked":["hermit:Glare","hermit:Purgatory","hermit:WideOpen+1"],"picked":"SKIP","floor":24},{"not_picked":["hermit:FullyLoaded","hermit:LowProfile","hermit:TrackingShot+1"],"picked":"SKIP","floor":28},{"not_picked":["hermit:LuckOfTheDraw","hermit:Headshot+1","hermit:Virtue+1"],"picked":"SKIP","floor":28},{"not_picked":["hermit:Ricochet+1","hermit:WideOpen+1"],"picked":"hermit:Combo","floor":29},{"not_picked":["hermit:Magnum+1","hermit:GoldenBullet+1"],"picked":"hermit:Maintenance","floor":30},{"not_picked":["hermit:TakeAim","hermit:Feint"],"picked":"hermit:Determination","floor":30},{"not_picked":["hermit:WideOpen+1","hermit:Dive"],"picked":"hermit:EyeOfTheStorm","floor":31},{"not_picked":["hermit:Reprieve","hermit:OverwhelmingPower"],"picked":"hermit:FinalCanter+1","floor":33},{"not_picked":["hermit:Manifest","hermit:GhostlyPresence+1","hermit:WideOpen+1"],"picked":"SKIP","floor":35},{"not_picked":["hermit:BodyArmor","hermit:GhostlyPresence","hermit:Coalescence"],"picked":"SKIP","floor":35},{"not_picked":["hermit:DeadOrAlive+1","hermit:Ricochet+1"],"picked":"hermit:Enervate+1","floor":36},{"not_picked":["hermit:ItchyTrigger+1","hermit:LowProfile+1","hermit:Desperado+1"],"picked":"SKIP","floor":36},{"not_picked":["hermit:Vantage","hermit:Ricochet+1"],"picked":"hermit:NoHoldsBarred+1","floor":41},{"not_picked":["hermit:Misfire+1","hermit:LowProfile+1"],"picked":"hermit:Quickdraw+1","floor":45},{"not_picked":["hermit:Glare","hermit:Headshot+1","hermit:Desperado+1"],"picked":"SKIP","floor":45},{"not_picked":["hermit:Glare","hermit:Headshot+1","hermit:Desperado+1"],"picked":"SKIP","floor":45},{"not_picked":["hermit:Dive+1","hermit:Quickdraw+1","hermit:GoldenBullet+1"],"picked":"SKIP","floor":46},{"not_picked":["hermit:Feint+1","hermit:Roughhouse+1","hermit:HoleUp"],"picked":"SKIP","floor":46},{"not_picked":["hermit:EyeOfTheStorm+1","hermit:FlashPowder+1","hermit:Showdown+1"],"picked":"SKIP","floor":47},{"not_picked":["hermit:NoHoldsBarred+1","hermit:Dive+1","hermit:HoleUp+1"],"picked":"SKIP","floor":47},{"not_picked":["hermit:Manifest","hermit:Shortfuse+1","hermit:Combo+1"],"picked":"SKIP","floor":48},{"not_picked":["hermit:Snipe+1","hermit:Deadeye+1","hermit:Desperado+1"],"picked":"SKIP","floor":48}],"player_experience":865218,"relics_obtained":[{"floor":4,"key":"Lantern"},{"floor":6,"key":"Oddly Smooth Stone"},{"floor":8,"key":"Smiling Mask"},{"floor":9,"key":"Pear"},{"floor":12,"key":"Mango"},{"floor":24,"key":"Prayer Wheel"},{"floor":26,"key":"Molten Egg 2"},{"floor":29,"key":"Toy Ornithopter"},{"floor":31,"key":"The Courier"},{"floor":41,"key":"Bottled Lightning"},{"floor":43,"key":"Orichalcum"}],"event_choices":[{"damage_healed":53,"gold_gain":0,"player_choice":"Upgrade","damage_taken":15,"max_hp_gain":0,"max_hp_loss":75,"event_name":"betterThird:BetterShining","floor":2,"gold_loss":0,"cards_upgraded":["hermit:Defend_Hermit","hermit:Defend_Hermit"]},{"damage_healed":0,"gold_gain":0,"player_choice":"Ignored","damage_taken":0,"max_hp_gain":0,"max_hp_loss":0,"event_name":"Ghosts","floor":19,"gold_loss":0},{"damage_healed":0,"gold_gain":0,"player_choice":"1 cards matched","damage_taken":0,"max_hp_gain":0,"max_hp_loss":0,"event_name":"Match and Keep!","floor":20,"gold_loss":0,"cards_obtained":["hermit:Strike_Hermit"]},{"damage_healed":0,"gold_gain":90,"player_choice":"GOLD ","damage_taken":12,"max_hp_gain":0,"max_hp_loss":0,"event_name":"Knowing Skull","floor":22,"potions_obtained":[],"gold_loss":0,"cards_obtained":[]},{"damage_healed":0,"gold_gain":0,"player_choice":"Paid","damage_taken":0,"relics_obtained":["Red Mask"],"max_hp_gain":0,"max_hp_loss":0,"event_name":"Tomb of Lord Red Mask","floor":38,"gold_loss":16},{"damage_healed":0,"gold_gain":0,"player_choice":"Got Potions","damage_taken":0,"max_hp_gain":0,"max_hp_loss":0,"event_name":"Lab","floor":39,"gold_loss":0}],"is_beta":false,"boss_relics":[{"not_picked":["Fusion Hammer","Sozu"],"picked":"Empty Cage"},{"not_picked":["SacredBark","hermit:BartenderGlass"],"picked":"Philosopher\u0027s Stone"}],"items_purged_floors":[14,27],"is_endless":false,"potions_floor_spawned":[1,3,11,12,16,21,24,30,31,35,41,45,48],"ascension_level":1}}