{"host":"yvb207ks1sg3cxef","time":1612082178,"event":{"mods":["2.2 Compatiblity","BaseMod","Bestiary","Colored Powertips","Minty Spire (QoL Compilation)","Permanent Neow","Quick Restart","Relic Stats","StSLib"],"gold_per_floor":[366,377,388,408,50,50,90,159,186,241,241,279,338,380,380,483,483,495,495,17,17,17,17,72,72,99,111,111,111,111],"floor_reached":29,"language":"ENG","playtime":1234,"items_purged":["Strike_P","Strike_P"],"score":526,"play_id":"2bb45b3a-eddf-4fea-a194-5476723c1d03","local_time":"20210131140618","is_ascension_mode":true,"campfire_choices":[{"data":"Eruption","floor":6.0,"key":"SMITH"},{"data":"Adaptation","floor":15,"key":"SMITH"},{"floor":23,"key":"REST"},{"floor":25,"key":"REST"},{"floor":28,"key":"REST"}],"circlet_count":0,"master_deck":["AscendersBane","Strike_P","Strike_P","Defend_P","Defend_P","Defend_P","Defend_P","Eruption+1","Vigilance","ThirdEye","Adaptation+1","Prostrate","CutThroughFate","HandOfGreed+1","Adaptation","Brilliance","Prostrate","LikeWater","Prostrate","Blasphemy","Meditate","Ghostly","Ghostly","Ghostly","Purity","Omniscience","MentalFortress"],"relics":["PureWater","Lizard Tail","Happy Flower","Bronze Scales","Runic Dome","Matryoshka","Nloth\u0027s Gift","TungstenRod","TeardropLocket","Strawberry"],"acts_visited":["Exordium","TheCity"],"potions_floor_usage":[],"damage_taken":[{"damage":0.0,"enemies":"Cultist","floor":1.0,"turns":3.0},{"damage":0.0,"enemies":"Small Slimes","floor":2.0,"turns":2.0},{"damage":4.0,"enemies":"2 Louse","floor":3.0,"turns":3.0},{"damage":17.0,"enemies":"2 Fungi Beasts","floor":4.0,"turns":5.0},{"damage":2.0,"enemies":"3 Louse","floor":7.0,"turns":4.0},{"damage":11.0,"enemies":"3 Sentries","floor":8.0,"turns":11.0},{"damage":3.0,"enemies":"Gremlin Nob","floor":10.0,"turns":3.0},{"damage":0.0,"enemies":"Exordium Wildlife","floor":12.0,"turns":3.0},{"damage":4.0,"enemies":"Lagavulin","floor":13.0,"turns":6.0},{"damage":14,"enemies":"Lots of Slimes","floor":14,"turns":8},{"damage":2,"enemies":"Hexaghost","floor":16,"turns":8},{"damage":40,"enemies":"2 Thieves","floor":18,"turns":4},{"damage":12,"enemies":"Book of Stabbing","floor":24,"turns":5},{"damage":14,"enemies":"Spheric Guardian","floor":27,"turns":6},{"damage":43,"enemies":"Slavers","floor":29,"turns":5}],"seed_played":"-2554543834175694443","potions_obtained":[{"floor":2.0,"key":"Weak Potion"},{"floor":7.0,"key":"PowerPotion"},{"floor":10.0,"key":"Strength Potion"},{"floor":12.0,"key":"Ancient Potion"}],"is_trial":false,"path_per_floor":["M","M","M","M","$","R","M","E","T","E","?","M","E","M","R","B",null,"M","?","$","?","?","R","E","R","T","M","R","E"],"character_chosen":"WATCHER","items_purchased":["HandOfGreed","DistilledChaos","Matryoshka","Purity"],"campfire_rested":3,"item_purchase_floors":[5,5,20,20],"current_hp_per_floor":[61,61,57,40,40,40,38,27,27,26,26,28,26,14,14,14,50,12,12,12,6,6,16,4,14,21,7,19,0,0],"gold":111,"neow_bonus":"TWO_FIFTY_GOLD","is_daily":false,"chose_seed":false,"campfire_upgraded":2,"win_rate":0.0,"timestamp":1612082178,"path_taken":["M","?","M","M","$","R","M","E","T","E","?","M","E","M","R","BOSS","M","?","$","?","?","R","E","R","T","?","R","E"],"items_purchased_type":["Card","Potion","Relic","Card"],"build_version":"2020-12-22","purchased_purges":2,"victory":false,"max_hp_per_floor":[62,62,62,62,62,62,62,62,62,62,62,62,62,62,62,62,62,62,31,31,36,36,36,36,36,43,43,43,43,43],"relic_stats":{"Lizard Tail":21,"Happy Flower":[15],"counters":[15,76],"Bronze Scales":[135],"Nloth\u0027s Gift":1,"obtain_stats":[{"Blood Vial":9,"Runic Dome":17,"Lizard Tail":8,"Matryoshka":20,"Happy Flower":10,"Bronze Scales":13,"Strawberry":26,"Nloth\u0027s Gift":22,"TeardropLocket":26,"PureWater":0,"TungstenRod":24},{"Blood Vial":6,"Runic Dome":11,"Lizard Tail":6,"Matryoshka":12,"Happy Flower":7,"Bronze Scales":9,"Strawberry":13,"Nloth\u0027s Gift":12,"TeardropLocket":13,"PureWater":0,"TungstenRod":13},{"Blood Vial":28,"Runic Dome":56,"Lizard Tail":28,"Matryoshka":60,"Happy Flower":31,"Bronze Scales":40,"Strawberry":65,"Nloth\u0027s Gift":60,"TeardropLocket":65,"PureWater":0,"TungstenRod":65}],"TungstenRod":6},"card_choices":[{"not_picked":["Crescendo","FollowUp"],"picked":"ThirdEye","floor":1.0},{"not_picked":["EmptyBody","ClearTheMind"],"picked":"Adaptation","floor":2.0},{"not_picked":["CutThroughFate","Sanctity"],"picked":"Prostrate","floor":3.0},{"not_picked":["SashWhip","Worship"],"picked":"CutThroughFate","floor":4.0},{"not_picked":["Weave","JustLucky","PathToVictory"],"picked":"SKIP","floor":7.0},{"not_picked":["Establishment","DeceiveReality"],"picked":"Adaptation","floor":8.0},{"not_picked":["SashWhip","ThirdEye"],"picked":"Brilliance","floor":10.0},{"not_picked":["Sanctity","Weave"],"picked":"Prostrate","floor":12.0},{"not_picked":["SashWhip","Crescendo"],"picked":"LikeWater","floor":13.0},{"not_picked":["EmptyBody","Sanctity"],"picked":"Prostrate","floor":14},{"not_picked":["MasterReality","Brilliance"],"picked":"Blasphemy","floor":16},{"not_picked":["Prostrate","PathToVictory"],"picked":"Meditate","floor":18},{"not_picked":["Crescendo","Perseverance"],"picked":"Omniscience","floor":24},{"not_picked":["Perseverance","Vengeance"],"picked":"MentalFortress","floor":27}],"player_experience":511376,"relics_obtained":[{"floor":8.0,"key":"Lizard Tail"},{"floor":9.0,"key":"Blood Vial"},{"floor":10.0,"key":"Happy Flower"},{"floor":13.0,"key":"Bronze Scales"},{"floor":24,"key":"TungstenRod"},{"floor":26,"key":"TeardropLocket"},{"floor":26,"key":"Strawberry"}],"event_choices":[{"damage_healed":0.0,"max_hp_gain":0.0,"max_hp_loss":0.0,"gold_gain":0.0,"event_name":"Upgrade Shrine","player_choice":"Upgraded","floor":11.0,"gold_loss":0.0,"damage_taken":0.0,"cards_upgraded":["HandOfGreed"]},{"damage_healed":0,"gold_gain":0,"player_choice":"Became a Ghost","damage_taken":0,"max_hp_gain":0,"max_hp_loss":31,"event_name":"Ghosts","floor":19,"gold_loss":0,"cards_obtained":["Ghostly","Ghostly","Ghostly"]},{"damage_healed":0,"gold_gain":0,"player_choice":"Shed Blood","damage_taken":11,"max_hp_gain":5,"max_hp_loss":0,"event_name":"Forgotten Altar","floor":21,"gold_loss":0},{"damage_healed":0,"gold_gain":0,"player_choice":"Traded Relic","damage_taken":0,"relics_obtained":["Nloth\u0027s Gift"],"max_hp_gain":0,"max_hp_loss":0,"event_name":"N\u0027loth","floor":22,"relics_lost":["Blood Vial"],"gold_loss":0}],"is_beta":false,"boss_relics":[{"not_picked":["Philosopher\u0027s Stone","Snecko Eye"],"picked":"Runic Dome"}],"items_purged_floors":[5,20],"is_endless":false,"potions_floor_spawned":[2,7,10,12,13,18],"killed_by":"Slavers","ascension_level":20}}