{"host":"zp68vqn57s53e67f","time":1612075261,"event":{"mods":["Act Like it!","BaseMod","Downfall","Hallownest","Hermit","Minty Spire (QoL Compilation)","Replay The Spire","Shop Mod","StSLib","The Cursed","The Servant 0.9.4"],"gold_per_floor":[114,132,132,144,43,43,54,86,123,150,162,273,310,497,509,617,629,656,682,84,84,97,97,122,122,204,303,303,303,335,350,350,455,455,473,21,31,43,93,120,120,132,180,198,198,198,227,227,227,227],"floor_reached":51,"language":"ENG","playtime":10961,"items_purged":["TheCursedMod:Defend_TheCursed"],"score":928,"play_id":"3911d9cd-a62b-41f5-9d40-cab6bbd1bef9","local_time":"20210130224101","is_ascension_mode":false,"campfire_choices":[{"data":"TheCursedMod:HellsGateOpen","floor":6.0,"key":"SMITH"},{"data":"TheCursedMod:CursedWand","floor":11.0,"key":"SMITH"},{"floor":15.0,"key":"REST"},{"floor":23.0,"key":"REST"},{"data":"TheCursedMod:StingEye","floor":25.0,"key":"SMITH"},{"floor":29.0,"key":"REST"},{"floor":32.0,"key":"REST"},{"floor":41.0,"key":"REST"},{"data":"TheCursedMod:CursedRelics","floor":45,"key":"SMITH"},{"data":"TheCursedMod:ManaCirculation","floor":45,"key":"SMITH"},{"data":"TheCursedMod:CircleOfFlame","floor":49,"key":"SMITH"},{"data":"Replay:Parry","floor":49,"key":"SMITH"}],"circlet_count":0,"master_deck":["TheCursedMod:Strike_TheCursed","TheCursedMod:Strike_TheCursed","TheCursedMod:Strike_TheCursed","TheCursedMod:Strike_TheCursed","TheCursedMod:Defend_TheCursed","TheCursedMod:Defend_TheCursed","TheCursedMod:Defend_TheCursed+1","TheCursedMod:CursedWand+1","TheCursedMod:CleanUpWorkshop","TheCursedMod:Dregs","TheCursedMod:Obscuration","TheCursedMod:CursedAmulet+1","TheCursedMod:SurpriseAttack+1","TheCursedMod:HellsGateOpen+1","TheCursedMod:Stigma","TheCursedMod:DemonSword","TheCursedMod:StingEye+1","ReplayTheSpireMod:Splinters","TheCursedMod:VitalStrike","TheCursedMod:Mangle","TheCursedMod:Mangle","Doubt","TheCursedMod:ReleasedStrength+1","TheCursedMod:DarkBarrier+1","TheCursedMod:CircleOfBlood+1","TheCursedMod:Obscuration+1","TheCursedMod:CircleOfCorruption","TheCursedMod:Torture","TheCursedMod:AbyssShockwave+1","Bandage Up","Shame","TheCursedMod:SpitefulPlan+1","TheCursedMod:WearCloak+1","ReplayTheSpireMod:Doomed","Necronomicurse","Pot Of Greed","Pot Of Greed","Pot Of Greed","TheCursedMod:BlessingInDisguise+1","Pot Of Greed","TheCursedMod:CircleOfFlame+1","TheCursedMod:CursedRelics+1","TheCursedMod:CircleOfCorruption","Replay:Parry+1","TheCursedMod:SpreadPlague","TheCursedMod:Hemoplague+1","TheCursedMod:Evocation","TheCursedMod:Stigma+1","TheCursedMod:CircleOfAmplification+1","TheCursedMod:ManaCirculation+1","ReplayTheSpireMod:IOU","TheCursedMod:FuryStrike+1","Pot Of Greed","TheCursedMod:Torture"],"relics":["TheCursedMod:BlackMagic101","NeowsBlessing","MawBank","Gremlin Food","Centennial Puzzle","Replay:Grab Bag","Velvet Choker","Cursed Key","Astrolabe","Ginger","Replay:Kaleidoscope","Oddly Smooth Stone","Mirror","Necronomicon","Grinning Jar","Honey Jar","FossilizedHelix","Turnip","Replay:Arrowhead","Omamori","Sundial"],"acts_visited":["Exordium","TheCity","TheBeyond"],"potions_floor_usage":[47,47,50,50],"damage_taken":[{"damage":0.0,"enemies":"Cultist","floor":1.0,"turns":1.0},{"damage":0.0,"enemies":"Jaw Worm","floor":2.0,"turns":1.0},{"damage":0.0,"enemies":"2 Louse","floor":4.0,"turns":1.0},{"damage":9.0,"enemies":"Large Slime","floor":7.0,"turns":11.0},{"damage":16.0,"enemies":"Lagavulin","floor":8.0,"turns":7.0},{"damage":1.0,"enemies":"2 Fungi Beasts","floor":10.0,"turns":3.0},{"damage":13.0,"enemies":"3 Sentries","floor":13.0,"turns":8.0},{"damage":9.0,"enemies":"Hexaghost","floor":16.0,"turns":7.0},{"damage":20.0,"enemies":"2 Thieves","floor":18.0,"turns":4.0},{"damage":20.0,"enemies":"Spheric Guardian","floor":19.0,"turns":4.0},{"damage":16.0,"enemies":"Snecko","floor":22.0,"turns":4.0},{"damage":14.0,"enemies":"Book of Stabbing","floor":24.0,"turns":4.0},{"damage":1.0,"enemies":"Gremlin Leader","floor":30.0,"turns":4.0},{"damage":19.0,"enemies":"Cultist and Chosen","floor":31.0,"turns":4.0},{"damage":23.0,"enemies":"Collector","floor":33.0,"turns":7.0},{"damage":19.0,"enemies":"3 Shapes","floor":35.0,"turns":1.0},{"damage":31.0,"enemies":"3 Darklings","floor":37.0,"turns":3.0},{"damage":0.0,"enemies":"Transient","floor":38.0,"turns":5.0},{"damage":0.0,"enemies":"Mind Bloom Boss Battle","floor":39.0,"turns":5.0},{"damage":2.0,"enemies":"Nemesis","floor":40.0,"turns":5.0},{"damage":0,"enemies":"Maw","floor":42,"turns":6},{"damage":3,"enemies":"Writhing Mass","floor":44,"turns":4},{"damage":22,"enemies":"Reptomancer","floor":47,"turns":6},{"damage":43,"enemies":"Awakened One","floor":50,"turns":9}],"seed_played":"109445219649184323","potions_obtained":[{"floor":1.0,"key":"TheCursedMod:DregsPotion"},{"floor":2.0,"key":"Ancient Potion"},{"floor":10.0,"key":"sneckomod:MuddlingPotion"},{"floor":13.0,"key":"Strength Potion"},{"floor":16.0,"key":"Dexterity Potion"},{"floor":22.0,"key":"Block Potion"},{"floor":24.0,"key":"LiquidBronze"},{"floor":31.0,"key":"Elixir"},{"floor":33.0,"key":"SkillPotion"},{"floor":37.0,"key":"ColorlessPotion"},{"floor":38.0,"key":"champ:CounterPotion"},{"floor":40.0,"key":"bronze:BurnAndBuffPotion"},{"floor":47,"key":"GamblersBrew"}],"is_trial":false,"path_per_floor":["M","M","?","M","$","R","M","E","T","M","R","?","E","?","R","B",null,"M","M","$","?","M","R","E","R","T","?","?","R","E","M","R","B",null,"M","$","M","M","?","E","R","M","T","M","R","?","E","?","R","B",null],"character_chosen":"THE_CURSED","items_purchased":["TheCursedMod:SurpriseAttack","TheCursedMod:HellsGateOpen","TheCursedMod:Torture","Ginger","TheCursedMod:AbyssShockwave","Bandage Up","Replay:Parry","FossilizedHelix","TheCursedMod:SpreadPlague"],"campfire_rested":5,"item_purchase_floors":[5,5,20,20,20,20,36,36,36],"current_hp_per_floor":[75,75,75,75,75,75,66,50,50,49,49,49,36,36,58,49,75,59,39,39,39,27,49,51,51,51,51,35,57,72,64,75,56,75,67,67,36,36,40,42,64,72,72,75,75,71,53,53,53,18],"gold":227,"neow_bonus":"THREE_ENEMY_KILL","is_daily":false,"chose_seed":false,"campfire_upgraded":7,"win_rate":0.0,"timestamp":1612075261,"path_taken":["M","?","?","M","$","R","M","E","T","?","R","?","E","?","R","BOSS","M","M","$","?","M","R","E","R","T","?","?","R","E","M","R","BOSS","M","$","M","M","?","E","R","M","T","M","R","?","E","?","R","BOSS"],"items_purchased_type":["Card","Card","Card","Relic","Card","Card","Card","Relic","Card"],"build_version":"2020-12-22","purchased_purges":1,"victory":true,"max_hp_per_floor":[75,75,75,75,75,75,75,75,75,75,75,75,75,75,75,75,75,75,75,75,75,75,75,75,75,75,75,75,75,75,75,75,75,75,75,75,75,75,75,75,75,75,75,75,75,71,71,71,71,71],"card_choices":[{"not_picked":["TheCursedMod:AshesToAshes","TheCursedMod:SpitefulStrike"],"picked":"TheCursedMod:Obscuration","floor":1.0},{"not_picked":["TheCursedMod:Stigma","TheCursedMod:RapidMovement"],"picked":"TheCursedMod:CursedAmulet","floor":2.0},{"not_picked":["TheCursedMod:SaltUponWound","TheCursedMod:Stretching"],"picked":"TheCursedMod:SpreadPlague","floor":4.0},{"not_picked":["TheCursedMod:CircleOfWindfury","TheCursedMod:Hemoplague"],"picked":"TheCursedMod:Stigma","floor":7.0},{"not_picked":["TheCursedMod:WearCloak","TheCursedMod:Obscuration"],"picked":"TheCursedMod:DemonSword","floor":8.0},{"not_picked":["TheCursedMod:FuryStrike","TheCursedMod:Mangle"],"picked":"TheCursedMod:StingEye","floor":10.0},{"not_picked":["TheCursedMod:CircleOfCorruption","TheCursedMod:FleshFromBone"],"picked":"TheCursedMod:VitalStrike","floor":12.0},{"not_picked":["TheCursedMod:Wield","TheCursedMod:CursedAmulet"],"picked":"TheCursedMod:SmokeScreen","floor":12.0},{"not_picked":["TheCursedMod:CircleOfFocus","TheCursedMod:Torture"],"picked":"TheCursedMod:Mangle","floor":12.0},{"not_picked":["TheCursedMod:SurpriseAttack","TheCursedMod:CircleOfCorruption"],"picked":"TheCursedMod:Mangle","floor":13.0},{"not_picked":["TheCursedMod:UltimatePain","TheCursedMod:DemonSword"],"picked":"TheCursedMod:OutForBlood","floor":16.0},{"not_picked":["TheCursedMod:Wield","TheCursedMod:SpitefulStrike"],"picked":"TheCursedMod:Obscuration+1","floor":18.0},{"not_picked":["TheCursedMod:Stretching","TheCursedMod:SpitefulStrike"],"picked":"TheCursedMod:CircleOfCorruption","floor":19.0},{"not_picked":["TheCursedMod:SmokeScreen","TheCursedMod:TacticalStrike"],"picked":"TheCursedMod:SpitefulPlan+1","floor":22.0},{"not_picked":["TheCursedMod:RapidMovement","TheCursedMod:SpitefulPlan"],"picked":"TheCursedMod:WearCloak+1","floor":24.0},{"not_picked":["TheCursedMod:VitalStrike+1","TheCursedMod:WearCloak"],"picked":"TheCursedMod:BlessingInDisguise+1","floor":30.0},{"not_picked":["TheCursedMod:HellsGateOpen","TheCursedMod:DarkBarrier"],"picked":"TheCursedMod:CircleOfFlame","floor":31.0},{"not_picked":["TheCursedMod:CircleOfAbyss","TheCursedMod:DemonicPact"],"picked":"TheCursedMod:CursedRelics","floor":33.0},{"not_picked":["TheCursedMod:FuryStrike","TheCursedMod:CursedSpellbook","TheCursedMod:SurpriseAttack"],"picked":"TheCursedMod:CircleOfCorruption","floor":35.0},{"not_picked":["TheCursedMod:Stigma","TheCursedMod:SurpriseAttack+1","TheCursedMod:TacticalStrike+1"],"picked":"TheCursedMod:Hemoplague+1","floor":37.0},{"not_picked":["TheCursedMod:SurpriseAttack+1","TheCursedMod:CursedBoomerang+1","TheCursedMod:LuckyCharm+1"],"picked":"TheCursedMod:Evocation","floor":38.0},{"not_picked":["TheCursedMod:EmpowerCircles","TheCursedMod:Torture+1","TheCursedMod:CursedBoomerang+1"],"picked":"TheCursedMod:Stigma+1","floor":39.0},{"not_picked":["TheCursedMod:CircleOfWindfury","TheCursedMod:VitalStrike+1","TheCursedMod:Stigma"],"picked":"TheCursedMod:CircleOfAmplification+1","floor":40.0},{"not_picked":["TheCursedMod:Stretching+1","TheCursedMod:Stigma+1","TheCursedMod:PrepareRite+1"],"picked":"TheCursedMod:ManaCirculation","floor":42},{"not_picked":["TheCursedMod:SpitefulStrike","TheCursedMod:Wield+1","TheCursedMod:CursedMace+1"],"picked":"TheCursedMod:FuryStrike+1","floor":44},{"not_picked":["TheCursedMod:RapidMovement","TheCursedMod:CursedBoomerang","TheCursedMod:BloodBarrier"],"picked":"TheCursedMod:Torture","floor":47}],"player_experience":125293,"relics_obtained":[{"floor":8.0,"key":"MawBank"},{"floor":9.0,"key":"Gremlin Food"},{"floor":13.0,"key":"Centennial Puzzle"},{"floor":24.0,"key":"Oddly Smooth Stone"},{"floor":26.0,"key":"Mirror"},{"floor":28.0,"key":"Necronomicon"},{"floor":30.0,"key":"Grinning Jar"},{"floor":39.0,"key":"Turnip"},{"floor":40.0,"key":"Replay:Arrowhead"},{"floor":43,"key":"Omamori"},{"floor":47,"key":"Sundial"}],"event_choices":[{"damage_healed":0.0,"max_hp_gain":0.0,"max_hp_loss":0.0,"gold_gain":0.0,"event_name":"Fountain of Cleansing","player_choice":"Ignored","floor":3.0,"gold_loss":0.0,"damage_taken":0.0},{"damage_healed":0.0,"max_hp_gain":0.0,"max_hp_loss":0.0,"gold_gain":175.0,"event_name":"Liars Game","player_choice":"AGREE","floor":14.0,"gold_loss":0.0,"damage_taken":0.0,"cards_obtained":["Doubt"]},{"damage_healed":0.0,"max_hp_gain":0.0,"max_hp_loss":0.0,"gold_gain":0.0,"event_name":"Addict","player_choice":"Stole Relic","floor":21.0,"gold_loss":0.0,"damage_taken":0.0,"relics_obtained":["Replay:Kaleidoscope"],"cards_obtained":["Shame"]},{"damage_healed":0.0,"max_hp_gain":0.0,"max_hp_loss":0.0,"gold_gain":99.0,"event_name":"Nest","player_choice":"Stole From Cult","floor":27.0,"gold_loss":0.0,"damage_taken":0.0},{"damage_healed":0.0,"max_hp_gain":0.0,"max_hp_loss":0.0,"gold_gain":0.0,"event_name":"Cursed Tome","player_choice":"Obtained Book","floor":28.0,"gold_loss":0.0,"damage_taken":16.0},{"damage_healed":0.0,"max_hp_gain":0.0,"max_hp_loss":0.0,"gold_gain":0.0,"event_name":"MindBloom","player_choice":"Fight","floor":39.0,"gold_loss":0.0,"damage_taken":0.0},{"damage_healed":0,"gold_gain":0,"player_choice":"Max HP","damage_taken":0,"max_hp_gain":0,"max_hp_loss":4,"event_name":"Winding Halls","floor":46,"gold_loss":0},{"damage_healed":0,"gold_gain":0,"player_choice":"Ignored","damage_taken":0,"max_hp_gain":0,"max_hp_loss":0,"event_name":"SecretPortal","floor":48,"gold_loss":0}],"is_beta":false,"boss_relics":[{"not_picked":["Painkiller Herb","ChewingGum"],"picked":"Replay:Grab Bag"},{"not_picked":["Fusion Hammer","Ectoplasm"],"picked":"Velvet Choker"},{"not_picked":["TheCursedMod:OminousMark","Replay:Wanted Poster"],"picked":"Cursed Key"},{"not_picked":["Black Star","Empty Cage"],"picked":"Astrolabe"},{"not_picked":["Replay:Ancient Bell","Runic Dome"],"picked":"Honey Jar"}],"items_purged_floors":[20],"is_endless":false,"potions_floor_spawned":[1,2,10,13,16,22,24,31,33,37,38,40,47],"ascension_level":0}}