{"host":"yqw1zpryoutrnocq","time":1612056207,"event":{"mods":["2.2 Compatiblity","AchievementEnabler","BaseMod","Colored Map","Custom Start","DeckTracker","Minty Spire (QoL Compilation)","StSLib","SuperFastMode"],"gold_per_floor":[110,123,123,123,3,28,28,56,81,106,29,29,40,69,69,172,172,183,194,211,136,136,166,185,216,216,64,94,194,206,206,206,206,206],"floor_reached":33,"language":"KOR","playtime":1009,"items_purged":[],"score":558,"play_id":"f90e179a-ab3d-4ea7-8c54-30f055d1bfaf","local_time":"20210130192327","is_ascension_mode":true,"campfire_choices":[{"data":"Cloak And Dagger","floor":7,"key":"SMITH"},{"data":"Cloak And Dagger","floor":15,"key":"SMITH"},{"data":"Envenom","floor":32,"key":"SMITH"}],"circlet_count":0,"master_deck":["Strike_G","Strike_G","Strike_G","Strike_G","Defend_G+1","Defend_G","Defend_G","Defend_G+1","Defend_G+1","Survivor+1","Neutralize","Cloak And Dagger+1","Reflex","Footwork","Cloak And Dagger+1","Endless Agony","Dagger Spray","Cloak And Dagger+1","Blade Dance+1","PiercingWail","Endless Agony","PiercingWail","After Image","Acrobatics+1","Blur","Shame","Envenom+1","Deflect","Backstab","Cloak And Dagger+1","PiercingWail","PiercingWail","PiercingWail","Die Die Die"],"relics":["WristBlade","Pen Nib","Toy Ornithopter","Lantern","Bag of Preparation","War Paint","Black Star","CaptainsWheel","Anchor","Tingsha","Thread and Needle","Regal Pillow","InkBottle","DollysMirror","Tiny Chest","Art of War","Prayer Wheel","Question Card"],"acts_visited":["Exordium","TheCity"],"potions_floor_usage":[14,18,24,25,28,33],"damage_taken":[{"damage":6,"enemies":"Jaw Worm","floor":1,"turns":4},{"damage":0,"enemies":"Small Slimes","floor":2,"turns":2},{"damage":5,"enemies":"3 Sentries","floor":6,"turns":9},{"damage":0,"enemies":"Gremlin Nob","floor":8,"turns":4},{"damage":20,"enemies":"Lagavulin","floor":10,"turns":5},{"damage":0,"enemies":"Cultist","floor":13,"turns":1},{"damage":0,"enemies":"Gremlin Nob","floor":14,"turns":2},{"damage":2,"enemies":"Slime Boss","floor":16,"turns":6},{"damage":0,"enemies":"3 Byrds","floor":18,"turns":4},{"damage":0,"enemies":"Chosen","floor":19,"turns":2},{"damage":3,"enemies":"Shelled Parasite and Fungi","floor":20,"turns":4},{"damage":7,"enemies":"Book of Stabbing","floor":23,"turns":6},{"damage":4,"enemies":"3 Cultists","floor":24,"turns":5},{"damage":0,"enemies":"Slavers","floor":25,"turns":4},{"damage":12,"enemies":"Gremlin Leader","floor":28,"turns":6},{"damage":8,"enemies":"Colosseum Slavers","floor":29,"turns":5},{"damage":8,"enemies":"Colosseum Nobs","floor":29,"turns":5},{"damage":0,"enemies":"Centurion and Healer","floor":30,"turns":6},{"damage":46,"enemies":"Automaton","floor":33,"turns":6}],"seed_played":"6765462115070474955","potions_obtained":[{"floor":6,"key":"Swift Potion"},{"floor":8,"key":"CultistPotion"},{"floor":10,"key":"EntropicBrew"},{"floor":16,"key":"AttackPotion"},{"floor":23,"key":"BlessingOfTheForge"},{"floor":24,"key":"Dexterity Potion"},{"floor":25,"key":"Swift Potion"},{"floor":29,"key":"Fire Potion"}],"is_trial":false,"path_per_floor":["M","M","?","?","$","E","R","E","T","E","$","?","M","E","R","B",null,"M","M","M","?","?","E","M","E","T","$","E","?","M","?","R","B"],"character_chosen":"THE_SILENT","items_purchased":["Footwork","Cloak And Dagger","Blade Dance","PiercingWail","DollysMirror"],"campfire_rested":0,"item_purchase_floors":[5,5,11,11,27],"current_hp_per_floor":[64,64,50,50,50,45,45,45,45,25,25,25,25,30,30,28,60,65,65,62,62,62,55,56,61,61,61,54,38,38,38,38,0,0],"gold":206,"neow_bonus":"BOSS_RELIC","is_daily":false,"chose_seed":false,"campfire_upgraded":3,"win_rate":0.0,"timestamp":1612056207,"path_taken":["M","M","?","?","$","E","R","E","T","E","$","?","?","E","R","BOSS","M","M","M","?","?","E","M","E","T","$","E","?","?","?","R","BOSS"],"items_purchased_type":["Card","Card","Card","Card","Relic"],"build_version":"2020-12-22","purchased_purges":0,"victory":false,"max_hp_per_floor":[70,70,70,70,70,70,70,70,70,70,70,70,70,70,70,70,70,70,70,70,70,70,70,70,70,70,70,70,70,70,70,70,70,70],"card_choices":[{"not_picked":["Finisher","Dagger Throw"],"picked":"Cloak And Dagger","floor":1},{"not_picked":["Outmaneuver","Acrobatics"],"picked":"Reflex","floor":2},{"not_picked":["Catalyst","Dagger Spray"],"picked":"Endless Agony","floor":6},{"not_picked":["Accuracy","Predator"],"picked":"Dagger Spray","floor":8},{"not_picked":["Acrobatics","Accuracy"],"picked":"Cloak And Dagger","floor":10},{"not_picked":["Dagger Spray","Night Terror"],"picked":"Endless Agony","floor":13},{"not_picked":["Poisoned Stab","Reflex"],"picked":"PiercingWail","floor":14},{"not_picked":["Storm of Steel","Doppelganger"],"picked":"After Image","floor":16},{"not_picked":["Terror","Distraction+1"],"picked":"Acrobatics+1","floor":18},{"not_picked":["Sucker Punch","Underhanded Strike+1","Distraction+1"],"picked":"SKIP","floor":19},{"not_picked":["Choke","Escape Plan"],"picked":"Blur","floor":20},{"not_picked":["Dagger Spray","Flying Knee"],"picked":"Envenom","floor":23},{"not_picked":["Expertise","Riddle With Holes"],"picked":"Deflect","floor":24},{"not_picked":["Poisoned Stab","Grand Finale"],"picked":"Backstab","floor":25},{"not_picked":["Outmaneuver","Quick Slash"],"picked":"PiercingWail","floor":28},{"not_picked":["Acrobatics","Footwork"],"picked":"PiercingWail","floor":29},{"not_picked":["Acrobatics","Quick Slash","Expertise"],"picked":"PiercingWail","floor":30},{"not_picked":["Acrobatics","Poisoned Stab","Flechettes","Reflex+1"],"picked":"SKIP","floor":30}],"player_experience":242724,"relics_obtained":[{"floor":6,"key":"Pen Nib"},{"floor":8,"key":"Toy Ornithopter"},{"floor":9,"key":"Lantern"},{"floor":10,"key":"Bag of Preparation"},{"floor":14,"key":"War Paint"},{"floor":23,"key":"Anchor"},{"floor":23,"key":"Tingsha"},{"floor":25,"key":"Thread and Needle"},{"floor":25,"key":"Regal Pillow"},{"floor":26,"key":"InkBottle"},{"floor":28,"key":"Tiny Chest"},{"floor":28,"key":"Art of War"},{"floor":29,"key":"Prayer Wheel"},{"floor":29,"key":"Question Card"}],"event_choices":[{"damage_healed":0,"gold_gain":0,"player_choice":"Entered Light","damage_taken":14,"max_hp_gain":0,"max_hp_loss":0,"event_name":"Shining Light","floor":3,"gold_loss":0,"cards_upgraded":["Defend_G","Defend_G"]},{"damage_healed":0,"gold_gain":0,"player_choice":"Grow","damage_taken":0,"max_hp_gain":0,"max_hp_loss":0,"event_name":"Living Wall","floor":4,"gold_loss":0,"cards_upgraded":["Cloak And Dagger"]},{"damage_healed":0,"gold_gain":0,"player_choice":"Forge","damage_taken":0,"max_hp_gain":0,"max_hp_loss":0,"event_name":"Accursed Blacksmith","floor":12,"gold_loss":0,"cards_upgraded":["Blade Dance"]},{"cards_removed":["Strike_G"],"damage_healed":0,"gold_gain":0,"player_choice":"Gave Gold","damage_taken":0,"max_hp_gain":0,"max_hp_loss":0,"event_name":"Beggar","floor":21,"gold_loss":75},{"damage_healed":0,"gold_gain":0,"player_choice":"Stole Relic","damage_taken":0,"relics_obtained":["CaptainsWheel"],"max_hp_gain":0,"max_hp_loss":0,"event_name":"Addict","floor":22,"gold_loss":0,"cards_obtained":["Shame"]},{"damage_healed":0,"gold_gain":0,"player_choice":"Fight","damage_taken":0,"max_hp_gain":0,"max_hp_loss":0,"event_name":"Colosseum","floor":29,"gold_loss":0},{"damage_healed":0,"gold_gain":0,"player_choice":"Fought Nobs","damage_taken":0,"max_hp_gain":0,"max_hp_loss":0,"event_name":"Colosseum","floor":29,"gold_loss":0},{"damage_healed":0,"gold_gain":0,"player_choice":"Read","damage_taken":0,"max_hp_gain":0,"max_hp_loss":0,"event_name":"The Library","floor":31,"gold_loss":0,"cards_obtained":["Die Die Die"]}],"is_beta":false,"boss_relics":[{"not_picked":["Philosopher\u0027s Stone","Snecko Eye"],"picked":"Black Star"}],"items_purged_floors":[],"is_endless":false,"potions_floor_spawned":[6,8,10,16,23,24,25,29,29],"killed_by":"Automaton","ascension_level":5}}