{"host":"bq4pt811tk9yrmjl","time":1612100205,"event":{"mods":["AchievementEnabler","BaseMod","Colored Map","Colored Powertips","Defuse TimeMaze Blight","Hermit","Minty Spire (QoL Compilation)","Smile Girya","StSLib","SuperFastMode"],"gold_per_floor":[114,114,79,94,14,14,49,64,138,138,148,148,248,259,259,358,358,376,376,410,427,442,477,477,511,511,511,528,543,543,458,458,558,608,618,618,212,229,229,229,239,239,239,251,263,290,215,225,225,225,225,225,27,59,59,59],"floor_reached":55,"language":"ENG","playtime":1535,"items_purged":["Strike_G"],"score":878,"play_id":"d25d044d-8245-4759-8cde-ce08d851b73a","local_time":"20210131113645","is_ascension_mode":true,"campfire_choices":[{"data":"Infinite Blades","floor":6.0,"key":"SMITH"},{"data":"After Image","floor":10.0,"key":"SMITH"},{"data":"Leg Sweep","floor":12.0,"key":"SMITH"},{"data":"Skewer","floor":15.0,"key":"SMITH"},{"floor":24.0,"key":"REST"},{"data":"Footwork","floor":27.0,"key":"SMITH"},{"data":"Adrenaline","floor":30.0,"key":"SMITH"},{"data":"Escape Plan","floor":32.0,"key":"SMITH"},{"floor":40.0,"key":"RECALL"},{"data":"Blade Dance","floor":42,"key":"SMITH"},{"floor":49,"key":"REST"},{"data":"Blade Dance","floor":52,"key":"SMITH"}],"circlet_count":0,"master_deck":["Strike_G","Strike_G","Strike_G+1","Defend_G","Defend_G","Defend_G","Defend_G","Defend_G","Survivor","Neutralize+1","Slice","Skewer+1","Infinite Blades+1","After Image+1","Leg Sweep+1","Blade Dance+1","Escape Plan+1","Adrenaline+1","Blade Dance+1","Dodge and Roll+1","Footwork+1","Escape Plan+1","PiercingWail+1","Backstab+1","Dagger Spray+1","Blade Dance+1","Blade Dance+1","Terror+1","Blade Dance+1"],"relics":["Ring of the Snake","NeowsBlessing","Dream Catcher","WristBlade","Red Mask","StrikeDummy","Letter Opener","Prayer Wheel","Shuriken","Tiny House","ClockworkSouvenir","Oddly Smooth Stone","Regal Pillow","Bottled Tornado","Nunchaku","Pocketwatch"],"acts_visited":["Exordium","TheCity","TheBeyond","TheEnding"],"potions_floor_usage":[41,41,41,41,54,55,55],"damage_taken":[{"damage":0.0,"enemies":"Small Slimes","floor":1.0,"turns":1.0},{"damage":0.0,"enemies":"Jaw Worm","floor":4.0,"turns":1.0},{"damage":0.0,"enemies":"Lagavulin","floor":7.0,"turns":1.0},{"damage":0.0,"enemies":"Cultist","floor":8.0,"turns":3.0},{"damage":0.0,"enemies":"3 Louse","floor":11.0,"turns":6.0},{"damage":5.0,"enemies":"Looter","floor":14.0,"turns":4.0},{"damage":28.0,"enemies":"Hexaghost","floor":16.0,"turns":15.0},{"damage":0.0,"enemies":"Shell Parasite","floor":18.0,"turns":4.0},{"damage":0.0,"enemies":"Masked Bandits","floor":20.0,"turns":3.0},{"damage":7.0,"enemies":"Spheric Guardian","floor":21.0,"turns":4.0},{"damage":0.0,"enemies":"Centurion and Healer","floor":22.0,"turns":6.0},{"damage":20.0,"enemies":"Slavers","floor":23.0,"turns":7.0},{"damage":0.0,"enemies":"Book of Stabbing","floor":25.0,"turns":6.0},{"damage":0.0,"enemies":"3 Cultists","floor":28.0,"turns":5.0},{"damage":0.0,"enemies":"Snake Plant","floor":29.0,"turns":5.0},{"damage":0.0,"enemies":"Champ","floor":33.0,"turns":10.0},{"damage":3.0,"enemies":"3 Shapes","floor":35.0,"turns":2.0},{"damage":0.0,"enemies":"3 Darklings","floor":38.0,"turns":5.0},{"damage":3,"enemies":"Jaw Worm Horde","floor":41,"turns":4},{"damage":4,"enemies":"Transient","floor":44,"turns":5},{"damage":0,"enemies":"Sphere and 2 Shapes","floor":45,"turns":3},{"damage":27,"enemies":"Nemesis","floor":46,"turns":5},{"damage":2,"enemies":"Maw","floor":48,"turns":5},{"damage":34,"enemies":"Awakened One","floor":50,"turns":10},{"damage":11,"enemies":"Shield and Spear","floor":54,"turns":4},{"damage":90,"enemies":"The Heart","floor":55,"turns":8}],"seed_played":"-5601825360669486303","potions_obtained":[{"floor":8.0,"key":"Dexterity Potion"},{"floor":16.0,"key":"BlessingOfTheForge"},{"floor":18.0,"key":"SkillPotion"},{"floor":28.0,"key":"Block Potion"},{"floor":29.0,"key":"Explosive Potion"},{"floor":33.0,"key":"FearPotion"},{"floor":34.0,"key":"Weak Potion"},{"floor":35.0,"key":"Explosive Potion"},{"floor":41,"key":"Energy Potion"}],"is_trial":false,"path_per_floor":["M","?","?","M","$","R","E","M","T","R","M","R","?","M","R","B",null,"M","?","?","M","M","E","R","E","T","R","M","M","R","?","R","B",null,"M","?","$","M","?","R","M","R","T","M","M","E","$","M","R","B",null,"R","$","E","B"],"character_chosen":"THE_SILENT","items_purchased":["Infinite Blades","ClockworkSouvenir","Oddly Smooth Stone","EntropicBrew","Nunchaku","PowerPotion"],"campfire_rested":2,"item_purchase_floors":[5,37,37,37,53,53],"current_hp_per_floor":[70,56,70,70,70,70,70,70,70,70,70,70,70,65,65,37,70,70,57,57,50,50,30,52,52,52,52,52,52,52,52,52,52,80,77,77,77,77,77,77,74,74,74,70,70,43,43,41,80,46,80,80,80,69,0,0],"gold":59,"neow_bonus":"THREE_ENEMY_KILL","is_daily":false,"chose_seed":false,"campfire_upgraded":9,"win_rate":0.0,"timestamp":1612100205,"path_taken":["M","?","?","M","$","R","E","M","T","R","M","R","?","M","R","BOSS","M","?","?","M","M","E","R","E","T","R","M","M","R","?","R","BOSS","M","?","?","M","?","R","?","R","T","M","?","E","$","?","R","BOSS","R","$","E","BOSS"],"items_purchased_type":["Card","Relic","Relic","Potion","Relic","Potion"],"build_version":"2020-12-22","purchased_purges":1,"victory":false,"max_hp_per_floor":[70,70,70,70,70,70,70,70,70,70,70,70,70,70,70,70,70,70,75,75,75,75,75,75,75,75,75,75,75,75,75,75,75,80,80,80,80,80,80,80,80,80,80,80,80,80,80,80,80,80,80,80,80,80,80,80],"card_choices":[{"not_picked":["Dodge and Roll","Poisoned Stab"],"picked":"Slice","floor":1.0},{"not_picked":["Acrobatics","Dodge and Roll"],"picked":"Skewer","floor":4.0},{"not_picked":["Backstab","Distraction"],"picked":"After Image","floor":7.0},{"not_picked":["Terror","Sucker Punch"],"picked":"Leg Sweep","floor":8.0},{"not_picked":["Deadly Poison","Cloak And Dagger"],"picked":"Blade Dance","floor":11.0},{"not_picked":["Blade Dance","Finisher"],"picked":"Escape Plan","floor":14.0},{"not_picked":["Malaise","Corpse Explosion"],"picked":"Adrenaline","floor":16.0},{"not_picked":["Finisher","Crippling Poison+1"],"picked":"Blade Dance","floor":18.0},{"not_picked":["Dagger Spray+1","Expertise+1"],"picked":"Dodge and Roll+1","floor":20.0},{"not_picked":["Flechettes","Dagger Spray","Poisoned Stab"],"picked":"SKIP","floor":21.0},{"not_picked":["Escape Plan","Calculated Gamble"],"picked":"Footwork","floor":22.0},{"not_picked":["Phantasmal Killer","Predator","Outmaneuver+1"],"picked":"SKIP","floor":23.0},{"not_picked":["Prepared","Distraction"],"picked":"Escape Plan+1","floor":24.0},{"not_picked":["Backflip+1","Distraction"],"picked":"PiercingWail+1","floor":25.0},{"not_picked":["Dagger Spray","Doppelganger"],"picked":"Backstab+1","floor":28.0},{"not_picked":["Terror","Crippling Poison","Backflip"],"picked":"SKIP","floor":28.0},{"not_picked":["Sucker Punch","Cloak And Dagger+1"],"picked":"Dagger Spray+1","floor":29.0},{"not_picked":["Predator","All Out Attack","Backflip"],"picked":"SKIP","floor":29.0},{"not_picked":["Acrobatics+1","PiercingWail+1","Deflect"],"picked":"SKIP","floor":35.0},{"not_picked":["Dagger Spray","Setup+1","Outmaneuver"],"picked":"SKIP","floor":35.0},{"not_picked":["Dodge and Roll+1","Storm of Steel","Underhanded Strike"],"picked":"SKIP","floor":38.0},{"not_picked":["PiercingWail+1","Sucker Punch","Cloak And Dagger"],"picked":"SKIP","floor":38.0},{"not_picked":["Cloak And Dagger","Calculated Gamble+1"],"picked":"Blade Dance+1","floor":41},{"not_picked":["Outmaneuver+1","Dodge and Roll","Poisoned Stab+1"],"picked":"SKIP","floor":41},{"not_picked":["Dagger Spray+1","Deadly Poison+1"],"picked":"Blade Dance+1","floor":44},{"not_picked":["Backstab+1","Skewer","Cloak And Dagger"],"picked":"SKIP","floor":44},{"not_picked":["Venomology","Finisher+1","Heel Hook"],"picked":"SKIP","floor":45},{"not_picked":["Deflect","Prepared","Finisher+1"],"picked":"SKIP","floor":45},{"not_picked":["Poisoned Stab+1","Riddle With Holes+1","Outmaneuver"],"picked":"SKIP","floor":46},{"not_picked":["Dodge and Roll","Crippling Poison+1"],"picked":"Terror+1","floor":48},{"not_picked":["Dagger Spray+1","Prepared","Blur"],"picked":"SKIP","floor":48},{"not_picked":["Prepared","Outmaneuver+1"],"picked":"Blade Dance","floor":49},{"not_picked":["Expertise","Eviscerate+1","Cloak And Dagger"],"picked":"SKIP","floor":54}],"player_experience":289722,"relics_obtained":[{"floor":7.0,"key":"Dream Catcher"},{"floor":20.0,"key":"Red Mask"},{"floor":23.0,"key":"StrikeDummy"},{"floor":25.0,"key":"Letter Opener"},{"floor":26.0,"key":"Prayer Wheel"},{"floor":43,"key":"Regal Pillow"},{"floor":46,"key":"Bottled Tornado"},{"floor":54,"key":"Pocketwatch"}],"event_choices":[{"damage_healed":0.0,"max_hp_gain":0.0,"max_hp_loss":0.0,"gold_gain":0.0,"event_name":"Shining Light","player_choice":"Entered Light","floor":2.0,"gold_loss":0.0,"damage_taken":14.0,"cards_upgraded":["Strike_G","Neutralize"]},{"damage_healed":17.0,"max_hp_gain":0.0,"max_hp_loss":0.0,"gold_gain":0.0,"event_name":"The Cleric","player_choice":"Healed","floor":3.0,"gold_loss":35.0,"damage_taken":0.0},{"damage_healed":0.0,"max_hp_gain":0.0,"max_hp_loss":0.0,"gold_gain":100.0,"event_name":"Golden Shrine","player_choice":"Pray","floor":13.0,"gold_loss":0.0,"damage_taken":0.0},{"damage_healed":0.0,"max_hp_gain":5.0,"max_hp_loss":0.0,"gold_gain":0.0,"event_name":"Forgotten Altar","player_choice":"Shed Blood","floor":19.0,"gold_loss":0.0,"damage_taken":18.0},{"damage_healed":0.0,"max_hp_gain":0.0,"max_hp_loss":0.0,"gold_gain":0.0,"event_name":"Masked Bandits","player_choice":"Fought Bandits","floor":20.0,"gold_loss":0.0,"damage_taken":0.0},{"damage_healed":0.0,"max_hp_gain":0.0,"max_hp_loss":0.0,"gold_gain":0.0,"event_name":"Addict","player_choice":"Obtained Relic","floor":31.0,"gold_loss":85.0,"damage_taken":0.0,"relics_obtained":["Shuriken"]},{"cards_removed":["Strike_G"],"damage_healed":0.0,"max_hp_gain":0.0,"max_hp_loss":0.0,"gold_gain":0.0,"event_name":"Purifier","player_choice":"Purged","floor":36.0,"gold_loss":0.0,"damage_taken":0.0},{"damage_healed":0.0,"max_hp_gain":0.0,"max_hp_loss":0.0,"gold_gain":0.0,"event_name":"Match and Keep!","player_choice":"0 cards matched","floor":39.0,"gold_loss":0.0,"damage_taken":0.0,"cards_obtained":[]}],"is_beta":false,"boss_relics":[{"not_picked":["Philosopher\u0027s Stone","Velvet Choker"],"picked":"WristBlade"},{"not_picked":["Cursed Key","SacredBark"],"picked":"Tiny House"}],"items_purged_floors":[47],"is_endless":false,"potions_floor_spawned":[8,16,18,28,29,33,35,41],"killed_by":"The Heart","ascension_level":1}}