{"host":"huzih8coe6eib4hq","time":1612069609,"event":{"mods":["AchievementEnabler","BaseMod","Bestiary","Highlight Path","Minty Spire (QoL Compilation)","Relic Stats"],"gold_per_floor":[116,116,130,15,38,38,54,54,135,178,191,222,222,236,236,360,360,378,378,78,64,78,78,109,19,66,66,66],"floor_reached":27,"language":"ENG","playtime":6372,"items_purged":["Well Laid Plans+1"],"score":389,"play_id":"38f86852-1f7c-4c6a-9fb0-add123984626","local_time":"20210131000649","is_ascension_mode":true,"campfire_choices":[{"data":"Cloak And Dagger","floor":6.0,"key":"SMITH"},{"data":"Well Laid Plans","floor":8.0,"key":"SMITH"},{"floor":15.0,"key":"REST"},{"floor":23,"key":"REST"}],"circlet_count":0,"master_deck":["AscendersBane","Strike_G+1","Strike_G+1","Strike_G","Defend_G","Defend_G","Defend_G","Defend_G","Defend_G","Survivor","Neutralize","Blade Dance","Cloak And Dagger+1","Dagger Throw","Flying Knee","Terror","Corpse Explosion","Noxious Fumes","Venomology","Deadly Poison+1","Mayhem","Concentrate","Poisoned Stab+1","Die Die Die"],"relics":["Ring of the Snake","Whetstone","Golden Idol","Singing Bowl","Ancient Tea Set","Peace Pipe","Runic Pyramid","Enchiridion","Unceasing Top","Snake Skull"],"acts_visited":["TheCity"],"potions_floor_usage":[21,21,24,24,27,27],"damage_taken":[{"damage":2.0,"enemies":"Jaw Worm","floor":1.0,"turns":4.0},{"damage":0.0,"enemies":"2 Louse","floor":3.0,"turns":2.0},{"damage":0.0,"enemies":"Cultist","floor":5.0,"turns":3.0},{"damage":2.0,"enemies":"Blue Slaver","floor":7.0,"turns":3.0},{"damage":11.0,"enemies":"Lagavulin","floor":10.0,"turns":5.0},{"damage":2.0,"enemies":"3 Louse","floor":11.0,"turns":4.0},{"damage":16.0,"enemies":"3 Sentries","floor":12.0,"turns":5.0},{"damage":0.0,"enemies":"Large Slime","floor":14.0,"turns":5.0},{"damage":10.0,"enemies":"The Guardian","floor":16.0,"turns":11.0},{"damage":10,"enemies":"3 Byrds","floor":18,"turns":3},{"damage":9,"enemies":"2 Thieves","floor":21,"turns":4},{"damage":18,"enemies":"Snake Plant","floor":22,"turns":4},{"damage":12,"enemies":"Gremlin Leader","floor":24,"turns":8},{"damage":44,"enemies":"Book of Stabbing","floor":27,"turns":4}],"seed_played":"6003985442535263601","potions_obtained":[{"floor":1.0,"key":"Ancient Potion"},{"floor":7.0,"key":"BlessingOfTheForge"},{"floor":14.0,"key":"Swift Potion"},{"floor":16.0,"key":"Regen Potion"},{"floor":21,"key":"FearPotion"},{"floor":22,"key":"LiquidBronze"},{"floor":24,"key":"PowerPotion"}],"is_trial":false,"path_per_floor":["M","?","M","$","M","R","M","R","T","E","M","E","?","M","R","B",null,"M","?","$","M","M","R","E","?","T","E"],"character_chosen":"THE_SILENT","items_purchased":["Well Laid Plans","Dagger Throw","Mayhem","Concentrate"],"campfire_rested":2,"item_purchase_floors":[4,4,20,20],"current_hp_per_floor":[61,44,44,44,44,44,42,42,42,33,31,17,17,17,39,29,63,53,37,37,42,26,48,36,36,36,0,0],"gold":66,"neow_bonus":"RANDOM_COMMON_RELIC","is_daily":false,"chose_seed":false,"campfire_upgraded":2,"win_rate":0.0,"timestamp":1612069609,"path_taken":["M","?","M","$","M","R","M","R","T","E","M","E","?","M","R","BOSS","M","?","$","M","M","R","E","?","T","E"],"items_purchased_type":["Card","Card","Card","Card"],"build_version":"2020-12-22","purchased_purges":1,"victory":false,"max_hp_per_floor":[70,70,70,70,70,70,70,70,70,72,72,74,74,74,74,74,74,74,74,74,74,76,76,76,76,76,76,76],"relic_stats":{"Peace Pipe":0,"Singing Bowl":6,"counters":[14,65],"Golden Idol":73,"Snake Skull":[4],"Whetstone":["Strike_G","Strike_G"],"obtain_stats":[{"Peace Pipe":12,"Singing Bowl":9,"Golden Idol":2,"Enchiridion":19,"Snake Skull":26,"Whetstone":0,"Ancient Tea Set":10,"Unceasing Top":24,"Ring of the Snake":0,"Runic Pyramid":17},{"Peace Pipe":7,"Singing Bowl":4,"Golden Idol":1,"Enchiridion":10,"Snake Skull":13,"Whetstone":0,"Ancient Tea Set":5,"Unceasing Top":13,"Ring of the Snake":0,"Runic Pyramid":9},{"Peace Pipe":26,"Singing Bowl":12,"Golden Idol":4,"Enchiridion":45,"Snake Skull":61,"Whetstone":0,"Ancient Tea Set":17,"Unceasing Top":61,"Ring of the Snake":0,"Runic Pyramid":42}],"Unceasing Top":[1],"Ring of the Snake":[28]},"card_choices":[{"not_picked":["Leg Sweep","Dagger Throw"],"picked":"Blade Dance","floor":1.0},{"not_picked":["Poisoned Stab","Dagger Throw"],"picked":"Cloak And Dagger","floor":3.0},{"not_picked":["Outmaneuver","Underhanded Strike"],"picked":"Flying Knee","floor":5.0},{"not_picked":["Quick Slash","Cloak And Dagger"],"picked":"Terror","floor":7.0},{"not_picked":["Deflect","Masterful Stab","Cloak And Dagger"],"picked":"Singing Bowl","floor":10.0},{"not_picked":["Bane","Flying Knee"],"picked":"Corpse Explosion","floor":11.0},{"not_picked":["Masterful Stab","Poisoned Stab","Dagger Spray"],"picked":"Singing Bowl","floor":12.0},{"not_picked":["Underhanded Strike","Deadly Poison"],"picked":"Noxious Fumes","floor":14.0},{"not_picked":["After Image","Storm of Steel"],"picked":"Venomology","floor":16.0},{"not_picked":["Distraction","Dagger Throw"],"picked":"Deadly Poison","floor":18},{"not_picked":["Deflect","Sucker Punch"],"picked":"Poisoned Stab+1","floor":21},{"not_picked":["Prepared","Quick Slash","Dodge and Roll"],"picked":"Singing Bowl","floor":22},{"not_picked":["Bane","Caltrops"],"picked":"Die Die Die","floor":24}],"player_experience":859205,"relics_obtained":[{"floor":9.0,"key":"Singing Bowl"},{"floor":10.0,"key":"Ancient Tea Set"},{"floor":12.0,"key":"Peace Pipe"},{"floor":19,"key":"Enchiridion"},{"floor":24,"key":"Unceasing Top"},{"floor":26,"key":"Snake Skull"}],"event_choices":[{"damage_healed":0.0,"max_hp_gain":0.0,"max_hp_loss":0.0,"gold_gain":0.0,"event_name":"Golden Idol","player_choice":"Take Damage","floor":2.0,"gold_loss":0.0,"damage_taken":17.0,"relics_obtained":["Golden Idol"]},{"cards_removed":["Strike_G"],"damage_healed":0.0,"max_hp_gain":0.0,"max_hp_loss":0.0,"gold_gain":0.0,"event_name":"Living Wall","player_choice":"Forget","floor":13.0,"gold_loss":0.0,"damage_taken":0.0},{"damage_healed":0,"gold_gain":0,"player_choice":"Obtained Book","damage_taken":16,"max_hp_gain":0,"max_hp_loss":0,"event_name":"Cursed Tome","floor":19,"gold_loss":0},{"cards_removed":["Strike_G"],"damage_healed":0,"gold_gain":0,"player_choice":"Upgrade and Remove","damage_taken":0,"max_hp_gain":0,"max_hp_loss":0,"event_name":"Designer","floor":25,"gold_loss":90,"cards_upgraded":["Deadly Poison"]}],"is_beta":false,"boss_relics":[{"not_picked":["Sozu","Pandora\u0027s Box"],"picked":"Runic Pyramid"}],"items_purged_floors":[20],"is_endless":false,"potions_floor_spawned":[1,7,14,16,21,22,24],"killed_by":"Book of Stabbing","ascension_level":12}}