{"host":"umlqh7ic0jf4k5hg","time":1612094026,"event":{"mods":["AchievementEnabler","Arknights","Bartender","BaseMod","Card Forge","Colored Powertips","DeckTracker","Hermit","Highlight Path","LagranYue(???·?)","Minty Spire (QoL Compilation)","Relic Stats","SOS???????","StSLib","Synergy Search","The Marked","The Spell Scribe"],"gold_per_floor":[112,131,131,53,53,82,82,82,109,109,123,158,193,63,63,176,176,176],"floor_reached":17,"language":"SPA","playtime":607,"items_purged":[],"score":186,"play_id":"556dd8fa-2caf-4868-8c41-faad55acfeb5","local_time":"20210131085346","is_ascension_mode":false,"campfire_choices":[{"floor":7,"key":"RECALL"},{"floor":10,"key":"REST"},{"floor":15,"key":"REST"}],"circlet_count":0,"master_deck":["theMarked:Strike+1","theMarked:Strike+1","theMarked:Strike+1","theMarked:Strike+1","theMarked:Defend+1","theMarked:Defend+1","theMarked:Defend+1","theMarked:Defend+1","theMarked:SoldierOfQuellstein+1","theMarked:MuscleMemory+1","theMarked:Improvise+1","theMarked:Maelstrom+1","theMarked:ResourceFulStrike+1","theMarked:Memento+1","theMarked:Toughness+1","theMarked:ChainLightning","theMarked:FavorableWinds","theMarked:SuspiciousRaven"],"relics":["theMarked:ArtifactOfAir","Hammer of Thor","Seething Fire","Anvil of the Gods","LagranYue:RandomDrawCardRelic","NeowsBlessing","Tiny Chest","Darkstone Periapt","Bronze Scales","Juzu Bracelet","CeramicFish","Odd Mushroom","theMarked:Eyepatch"],"acts_visited":["Exordium","TheCity"],"potions_floor_usage":[13,16,16],"damage_taken":[{"damage":0,"enemies":"2 Louse","floor":1,"turns":1},{"damage":0,"enemies":"Cultist","floor":2,"turns":1},{"damage":0,"enemies":"Gremlin Nob","floor":6,"turns":2},{"damage":7,"enemies":"Small Slimes","floor":11,"turns":2},{"damage":31,"enemies":"Lagavulin","floor":12,"turns":4},{"damage":24,"enemies":"The Mushroom Lair","floor":13,"turns":4},{"damage":14,"enemies":"Hexaghost","floor":16,"turns":7}],"seed_played":"8021428021707296044","potions_obtained":[{"floor":1,"key":"LiquidMemories"},{"floor":2,"key":"SteroidPotion"},{"floor":12,"key":"AttackPotion"},{"floor":13,"key":"Fire Potion"}],"is_trial":false,"path_per_floor":["M","M","?","$","T","E","R","?","T","R","M","E","?","$","R","B",null],"character_chosen":"THE_DEFAULT","items_purchased":["theMarked:Maelstrom","theMarked:FavorableWinds"],"campfire_rested":2,"item_purchase_floors":[4,14],"current_hp_per_floor":[70,70,70,70,70,70,70,63,63,70,63,32,8,8,29,15,70,70],"gold":176,"neow_bonus":"THREE_ENEMY_KILL","is_daily":false,"chose_seed":false,"campfire_upgraded":0,"win_rate":0.0,"timestamp":1612094026,"path_taken":["M","M","?","$","?","E","R","?","T","R","M","E","?","$","R","BOSS"],"items_purchased_type":["Card","Card"],"build_version":"2020-12-22","purchased_purges":0,"victory":false,"max_hp_per_floor":[70,70,70,70,70,70,70,70,70,70,70,70,70,70,70,70,70,70],"relic_stats":{"Darkstone Periapt":0,"counters":[7,21],"Bronze Scales":[54],"CeramicFish":36,"Tiny Chest":0,"Juzu Bracelet":0,"obtain_stats":[{"Darkstone Periapt":5,"LagranYue:RandomDrawCardRelic":0,"NeowsBlessing":0,"CeramicFish":12,"Hammer of Thor":0,"Juzu Bracelet":9,"Seething Fire":0,"Odd Mushroom":13,"theMarked:ArtifactOfAir":0,"Anvil of the Gods":0,"Bronze Scales":6,"Tiny Chest":3,"theMarked:Eyepatch":17},{"Darkstone Periapt":2,"LagranYue:RandomDrawCardRelic":0,"NeowsBlessing":0,"CeramicFish":5,"Hammer of Thor":0,"Juzu Bracelet":3,"Seething Fire":0,"Odd Mushroom":6,"theMarked:ArtifactOfAir":0,"Anvil of the Gods":0,"Bronze Scales":3,"Tiny Chest":2,"theMarked:Eyepatch":7},{"Darkstone Periapt":2,"LagranYue:RandomDrawCardRelic":0,"NeowsBlessing":0,"CeramicFish":10,"Hammer of Thor":0,"Juzu Bracelet":4,"Seething Fire":0,"Odd Mushroom":14,"theMarked:ArtifactOfAir":0,"Anvil of the Gods":0,"Bronze Scales":4,"Tiny Chest":2,"theMarked:Eyepatch":21}]},"card_choices":[{"not_picked":["theMarked:KeepCalmAndFight","theMarked:ResourceFulStrike"],"picked":"theMarked:MuscleMemory","floor":1},{"not_picked":["theMarked:Parkour","theMarked:SwordAndMagic"],"picked":"theMarked:Improvise","floor":2},{"not_picked":["theMarked:HeightenedSenses","theMarked:Pokerface"],"picked":"theMarked:ResourceFulStrike","floor":6},{"not_picked":["theMarked:Panic","theMarked:WastefulAttack"],"picked":"theMarked:Memento","floor":11},{"not_picked":["theMarked:MuscleMemory","theMarked:Aftermath"],"picked":"theMarked:Toughness","floor":12},{"not_picked":["theMarked:Opportunist","theMarked:Parkour"],"picked":"theMarked:ChainLightning","floor":13},{"not_picked":["theMarked:TurnInvisible","theMarked:Defy"],"picked":"theMarked:SuspiciousRaven","floor":16}],"player_experience":291893,"relics_obtained":[{"floor":5,"key":"Darkstone Periapt"},{"floor":6,"key":"Bronze Scales"},{"floor":9,"key":"Juzu Bracelet"},{"floor":12,"key":"CeramicFish"},{"floor":13,"key":"Odd Mushroom"}],"event_choices":[{"damage_healed":0,"gold_gain":0,"player_choice":"Gave Potion","damage_taken":0,"relics_obtained":["Tiny Chest"],"max_hp_gain":0,"max_hp_loss":0,"event_name":"WeMeetAgain","floor":3,"gold_loss":0},{"cards_removed":["theMarked:Strike"],"damage_healed":0,"gold_gain":0,"player_choice":"Card Removal","damage_taken":7,"max_hp_gain":0,"max_hp_loss":0,"event_name":"Golden Wing","floor":8,"gold_loss":0},{"damage_healed":0,"gold_gain":0,"player_choice":"Fought Mushrooms","damage_taken":0,"max_hp_gain":0,"max_hp_loss":0,"event_name":"Mushrooms","floor":13,"gold_loss":0}],"is_beta":false,"boss_relics":[{"not_picked":["Sozu","Ectoplasm"],"picked":"theMarked:Eyepatch"}],"items_purged_floors":[],"is_endless":false,"potions_floor_spawned":[1,2,12,13],"ascension_level":0}}