{"host":"utkjxzfynr8j9mxq","time":1612066779,"event":{"mods":["AchievementEnabler","BaseMod","Colored Map","Easy Mode","Minty Spire (QoL Compilation)","Permanent Neow","StSLib","SuperFastMode"],"gold_per_floor":[118,131,146,22,22,48,48,63,63,95,111,144,144,158,158,254,254,270,290,136,150,165,165,165,165],"floor_reached":24,"language":"KOR","playtime":3212,"items_purged":["Defend_B","Strike_B"],"score":220,"play_id":"32cdb109-4b1c-49cc-9c8a-8437e7ca2d84","local_time":"20210131131939","is_ascension_mode":false,"campfire_choices":[{"data":"Hologram","floor":7,"key":"SMITH"},{"data":"Consume","floor":15,"key":"SMITH"},{"data":"Coolheaded","floor":23,"key":"SMITH"}],"circlet_count":0,"master_deck":["Strike_B","Defend_B","Defend_B","Zap","Dualcast","Genetic Algorithm","Beam Cell","Ball Lightning","Streamline","Hologram+1","Coolheaded+1","All For One","Leap","Storm","Iron Wave","Consume+1","Fission","CurseOfTheBell","Coolheaded","Capacitor","Conserve Battery","Chaos+1"],"relics":["Cracked Core","Mummified Hand","Shuriken","Matryoshka","Calipers","Calling Bell","Bag of Marbles","HornCleat","Bird Faced Urn"],"acts_visited":["Exordium","TheCity"],"potions_floor_usage":[],"damage_taken":[{"damage":0,"enemies":"Jaw Worm","floor":1,"turns":4},{"damage":1,"enemies":"Small Slimes","floor":2,"turns":3},{"damage":3,"enemies":"Cultist","floor":3,"turns":3},{"damage":35,"enemies":"3 Sentries","floor":6,"turns":5},{"damage":2,"enemies":"Blue Slaver","floor":8,"turns":3},{"damage":10,"enemies":"Gremlin Nob","floor":10,"turns":4},{"damage":0,"enemies":"Looter","floor":11,"turns":2},{"damage":2,"enemies":"Lagavulin","floor":12,"turns":5},{"damage":0,"enemies":"Exordium Wildlife","floor":14,"turns":3},{"damage":23,"enemies":"The Guardian","floor":16,"turns":10},{"damage":4,"enemies":"Shell Parasite","floor":18,"turns":6},{"damage":8,"enemies":"Spheric Guardian","floor":19,"turns":6},{"damage":20,"enemies":"Centurion and Healer","floor":21,"turns":15},{"damage":17,"enemies":"Snake Plant","floor":22,"turns":5},{"damage":68,"enemies":"Slavers","floor":24,"turns":5}],"seed_played":"-6314690970877910349","potions_obtained":[{"floor":2,"key":"Energy Potion"},{"floor":8,"key":"BlessingOfTheForge"},{"floor":12,"key":"SkillPotion"},{"floor":21,"key":"CultistPotion"}],"is_trial":false,"path_per_floor":["M","M","M","$","?","E","R","M","T","E","M","E","?","M","R","B",null,"M","M","$","M","M","R","E"],"character_chosen":"DEFECT","items_purchased":["Streamline","Conserve Battery"],"campfire_rested":0,"item_purchase_floors":[4,20],"current_hp_per_floor":[68,67,65,65,65,33,33,66,66,58,68,66,66,68,68,45,68,64,60,60,50,53,53,0,0],"gold":165,"neow_bonus":"REMOVE_TWO","is_daily":false,"chose_seed":false,"campfire_upgraded":3,"win_rate":0.0,"timestamp":1612066779,"path_taken":["M","M","M","$","?","E","R","M","T","E","M","E","?","M","R","BOSS","M","M","$","M","M","R","E"],"items_purchased_type":["Card","Card"],"build_version":"2020-12-22","purchased_purges":2,"victory":false,"max_hp_per_floor":[68,68,68,68,68,68,68,68,68,68,68,68,68,68,68,68,68,68,68,68,68,68,68,68,68],"card_choices":[{"not_picked":["Compile Driver","Sweeping Beam"],"picked":"Genetic Algorithm","floor":1},{"not_picked":["Barrage","Heatsinks"],"picked":"Beam Cell","floor":2},{"not_picked":["Steam Power","Redo"],"picked":"Ball Lightning","floor":3},{"not_picked":["Compile Driver","Stack"],"picked":"Hologram","floor":6},{"not_picked":["Steam","Fusion"],"picked":"Coolheaded","floor":8},{"not_picked":["Rip and Tear","Streamline"],"picked":"All For One","floor":10},{"not_picked":["Coolheaded","White Noise"],"picked":"Leap","floor":11},{"not_picked":["Beam Cell","Compile Driver"],"picked":"Storm","floor":12},{"not_picked":["Stack","Beam Cell"],"picked":"Consume","floor":14},{"not_picked":["Reboot","Creative AI"],"picked":"Fission","floor":16},{"not_picked":["Darkness","Leap+1"],"picked":"Coolheaded","floor":18},{"not_picked":["Reprogram","Static Discharge"],"picked":"Capacitor","floor":19},{"not_picked":["Auto Shields","Skim+1","Ball Lightning"],"picked":"SKIP","floor":21},{"not_picked":["Ball Lightning","Streamline"],"picked":"Chaos+1","floor":22}],"player_experience":33474,"relics_obtained":[{"floor":6,"key":"Mummified Hand"},{"floor":9,"key":"Shuriken"},{"floor":10,"key":"Matryoshka"},{"floor":12,"key":"Calipers"},{"floor":17,"key":"Bag of Marbles"},{"floor":17,"key":"HornCleat"},{"floor":17,"key":"Bird Faced Urn"}],"event_choices":[{"damage_healed":0,"gold_gain":0,"player_choice":"Ignored","damage_taken":0,"max_hp_gain":0,"max_hp_loss":0,"event_name":"Liars Game","floor":5,"gold_loss":0},{"cards_removed":["Strike_B"],"damage_healed":0,"gold_gain":0,"player_choice":"Took Card","damage_taken":0,"max_hp_gain":0,"max_hp_loss":0,"event_name":"NoteForYourself","floor":13,"gold_loss":0,"cards_obtained":["Iron Wave"]}],"is_beta":false,"boss_relics":[{"not_picked":["SacredBark","Ectoplasm"],"picked":"Calling Bell"}],"items_purged_floors":[4,20],"is_endless":false,"potions_floor_spawned":[2,8,12,16,19,21],"killed_by":"Slavers","ascension_level":0}}