{"host":"ek3xvuouaw6vk9if","time":1612074521,"event":{"mods":["BaseMod","BetterRewards","Downfall","Minty Spire (QoL Compilation)","Permanent Neow","Quick Restart","Relic Stats","Replay The Spire","Robot Space Explorer","Spire Arcade","StSLib","The Marked"],"gold_per_floor":[13,25,43,58,58,89,105,124,176,207,207,53,80,97,97,195,195,215,235,160,172,172,189,143,143,143,162,212,223,238,249,249,353,353,367,575,588,588,227,227,73,73,73,103,103,103,117,144,144,144],"floor_reached":51,"language":"ENG","playtime":2550,"items_purged":["theMarked:Strike","theMarked:Strike"],"score":756,"play_id":"0cdd5226-3278-4cd1-9cbb-5ee2f880d786","local_time":"20210131012841","is_ascension_mode":false,"campfire_choices":[{"floor":11,"key":"REST"},{"data":"theMarked:ChannelForce","floor":15,"key":"SMITH"},{"data":"theMarked:EmpowerWeapon","floor":32,"key":"SMITH"},{"data":"theMarked:EmpowerWeapon","floor":40,"key":"SMITH"},{"data":"theMarked:BindingBlade","floor":42,"key":"SMITH"},{"floor":49,"key":"REST"}],"circlet_count":0,"master_deck":["theMarked:Strike","theMarked:Defend","theMarked:Defend","theMarked:Defend","theMarked:Defend","theMarked:SoldierOfQuellstein","theMarked:SwordAndMagic","theMarked:HeightenedSenses","theMarked:EnhanceMovement","theMarked:PowerFlow","theMarked:EmpowerWeapon+1","theMarked:EnhanceMovement","theMarked:RepellingDischarge","theMarked:GodGivenPower","theMarked:ChannelForce+1","theMarked:FavorableWinds","theMarked:Panic+1","theMarked:Generate","theMarked:EmpowerWeapon+1","theMarked:Polarize+1","theMarked:Challenge","theMarked:ResourceFulStrike+1","theMarked:BindingBlade+1","theMarked:OneWithTheBlade+1","theMarked:EnhanceMovement"],"relics":["theMarked:ArtifactOfAir","Blue Candle","Bronze Scales","CaptainsWheel","Sling","Garlic","Philosopher\u0027s Stone","MutagenicStrength","Mango","Sozu","Question Card","ClockworkSouvenir","Durian","Replay:Baseball","Bag of Marbles"],"acts_visited":["Exordium","TheCity","TheBeyond"],"potions_floor_usage":[30,33,33,48],"damage_taken":[{"damage":1,"enemies":"Cultist","floor":1,"turns":3},{"damage":1,"enemies":"Jaw Worm","floor":2,"turns":3},{"damage":3,"enemies":"Small Slimes","floor":3,"turns":3},{"damage":1,"enemies":"3 Louse","floor":4,"turns":3},{"damage":32,"enemies":"Gremlin Nob","floor":6,"turns":5},{"damage":4,"enemies":"Blue Slaver","floor":7,"turns":4},{"damage":0,"enemies":"Large Slime","floor":8,"turns":3},{"damage":18,"enemies":"Lagavulin","floor":10,"turns":6},{"damage":14,"enemies":"Gremlin Nob","floor":13,"turns":3},{"damage":2,"enemies":"Exordium Wildlife","floor":14,"turns":3},{"damage":1,"enemies":"Hexaghost","floor":16,"turns":6},{"damage":0,"enemies":"Chosen","floor":18,"turns":3},{"damage":0,"enemies":"Spheric Guardian","floor":19,"turns":3},{"damage":3,"enemies":"Centurion and Healer","floor":21,"turns":4},{"damage":5,"enemies":"Cultist and Chosen","floor":23,"turns":4},{"damage":8,"enemies":"Snake Plant","floor":27,"turns":3},{"damage":0,"enemies":"Sentry and Sphere","floor":29,"turns":3},{"damage":2,"enemies":"Shelled Parasite and Fungi","floor":30,"turns":3},{"damage":0,"enemies":"Cultist and Chosen","floor":31,"turns":6},{"damage":58,"enemies":"Automaton","floor":33,"turns":9},{"damage":0,"enemies":"3 Shapes","floor":35,"turns":3},{"damage":3,"enemies":"Orb Walker","floor":37,"turns":3},{"damage":17,"enemies":"Nemesis","floor":44,"turns":7},{"damage":1,"enemies":"Maw","floor":47,"turns":5},{"damage":14,"enemies":"Reptomancer","floor":48,"turns":5},{"damage":33,"enemies":"Time Eater","floor":50,"turns":10}],"seed_played":"7960510293062549218","potions_obtained":[{"floor":1,"key":"DuplicationPotion"},{"floor":7,"key":"sneckomod:MuddlingPotion"},{"floor":10,"key":"DistilledChaos"},{"floor":13,"key":"Venom Potion"},{"floor":33,"key":"Weak Potion"}],"is_trial":false,"path_per_floor":["M","M","M","M","?","E","M","M","T","E","R","$","E","M","R","B",null,"M","M","$","M","?","M","$","?","T","M","?","M","M","M","R","B",null,"M","?","M","?","$","R","$","R","T","E","?","$","M","E","R","B",null],"character_chosen":"THE_DEFAULT","items_purchased":["Sling","theMarked:EmpowerWeapon","Question Card","ClockworkSouvenir"],"campfire_rested":2,"item_purchase_floors":[12,24,39,41],"current_hp_per_floor":[69,68,65,64,64,32,28,28,28,10,31,31,17,15,15,14,70,70,70,70,67,67,62,62,62,76,68,68,68,66,66,66,8,84,84,51,48,48,48,48,48,48,53,36,36,36,35,21,47,14],"gold":144,"neow_bonus":"REMOVE_TWO","is_daily":false,"chose_seed":false,"campfire_upgraded":4,"win_rate":0.0,"timestamp":1612074521,"path_taken":["M","M","M","?","?","E","?","M","T","E","R","$","E","M","R","BOSS","M","M","$","M","?","M","$","?","T","M","?","M","?","M","R","BOSS","M","?","M","?","$","R","?","R","T","E","?","$","M","E","R","BOSS"],"items_purchased_type":["Relic","Card","Relic","Relic"],"build_version":"2020-12-22","purchased_purges":2,"victory":true,"max_hp_per_floor":[70,70,70,70,70,70,70,70,70,70,70,70,70,70,70,70,70,70,70,70,70,70,70,70,70,84,84,84,84,84,84,84,84,84,84,84,84,84,84,84,84,84,89,89,89,89,89,89,89,89],"relic_stats":{"Sozu":3,"counters":[26,113],"Blue Candle":[0],"Bronze Scales":[217],"Question Card":3,"obtain_stats":[{"Blue Candle":6,"Mango":26,"Sling":12,"Question Card":39,"ClockworkSouvenir":41,"Sozu":34,"theMarked:ArtifactOfAir":0,"CaptainsWheel":10,"Replay:Baseball":44,"Bronze Scales":9,"MutagenicStrength":25,"Philosopher\u0027s Stone":17,"Garlic":13,"Durian":43,"Bag of Marbles":48},{"Blue Candle":5,"Mango":15,"Sling":8,"Question Card":22,"ClockworkSouvenir":22,"Sozu":20,"theMarked:ArtifactOfAir":0,"CaptainsWheel":8,"Replay:Baseball":23,"Bronze Scales":7,"MutagenicStrength":15,"Philosopher\u0027s Stone":11,"Garlic":9,"Durian":22,"Bag of Marbles":25},{"Blue Candle":17,"Mango":56,"Sling":30,"Question Card":86,"ClockworkSouvenir":86,"Sozu":80,"theMarked:ArtifactOfAir":0,"CaptainsWheel":30,"Replay:Baseball":93,"Bronze Scales":24,"MutagenicStrength":56,"Philosopher\u0027s Stone":42,"Garlic":33,"Durian":86,"Bag of Marbles":103}]},"card_choices":[{"not_picked":["theMarked:TunnelVision","theMarked:Convert"],"picked":"theMarked:SwordAndMagic","floor":1},{"not_picked":["theMarked:Memento","theMarked:Static"],"picked":"theMarked:SwordAndMagic","floor":2},{"not_picked":["theMarked:Panic","theMarked:Improvise"],"picked":"theMarked:HeightenedSenses","floor":3},{"not_picked":["theMarked:Parkour","theMarked:Frustration"],"picked":"theMarked:EnhanceMovement","floor":4},{"not_picked":["theMarked:TakeCover","theMarked:ChainLightning"],"picked":"theMarked:EmpowerWeapon","floor":6},{"not_picked":["theMarked:BanishingStrike","theMarked:ResourceFulStrike"],"picked":"theMarked:EnhanceMovement","floor":7},{"not_picked":["theMarked:DispelDoubt","theMarked:Aftermath"],"picked":"theMarked:RepellingDischarge","floor":8},{"not_picked":["theMarked:Parkour","theMarked:Electrocute"],"picked":"theMarked:GodGivenPower","floor":10},{"not_picked":["theMarked:Generate","theMarked:Overthink"],"picked":"theMarked:ChannelForce","floor":13},{"not_picked":["theMarked:ShockingTouch","theMarked:GodGivenPower","theMarked:Heritage"],"picked":"SKIP","floor":14},{"not_picked":["theMarked:DispelDoubt","theMarked:Vacuum"],"picked":"theMarked:FavorableWinds","floor":16},{"not_picked":["theMarked:Electrify","theMarked:TakeCover"],"picked":"theMarked:Panic+1","floor":18},{"not_picked":["theMarked:ElectricStrings+1","theMarked:Improvise","theMarked:Frustration"],"picked":"SKIP","floor":19},{"not_picked":["theMarked:TwofoldDefense","theMarked:RepellingDischarge"],"picked":"theMarked:Generate","floor":21},{"not_picked":["theMarked:RepellingDischarge","theMarked:Improvise","theMarked:Aftermath"],"picked":"SKIP","floor":23},{"not_picked":["theMarked:ResourceFulStrike","theMarked:RogueSparks+1","theMarked:Memento"],"picked":"SKIP","floor":27},{"not_picked":["theMarked:Memento+1","theMarked:KeepCalmAndFight+1"],"picked":"theMarked:Polarize+1","floor":29},{"not_picked":["theMarked:Parkour","theMarked:WastefulAttack"],"picked":"theMarked:Challenge","floor":30},{"not_picked":["theMarked:AttractMetal","theMarked:CreepingChasm+1"],"picked":"theMarked:ResourceFulStrike+1","floor":31},{"not_picked":["theMarked:Snap","theMarked:FavorableWinds"],"picked":"theMarked:BindingBlade","floor":33},{"not_picked":["theMarked:BanishingStrike","theMarked:WastefulAttack+1","theMarked:Panic"],"picked":"SKIP","floor":35},{"not_picked":["theMarked:ChainLightning+1","theMarked:Memento","theMarked:TakeCover"],"picked":"SKIP","floor":37},{"not_picked":["theMarked:Parkour","theMarked:Frustration+1","theMarked:Memento+1","theMarked:Aftermath"],"picked":"SKIP","floor":44},{"not_picked":["theMarked:ComboAttacks","theMarked:ChainLightning","theMarked:ElectricStrings+1"],"picked":"theMarked:OneWithTheBlade+1","floor":47},{"not_picked":["theMarked:LightningStrikesTwice+1","theMarked:Improvise+1","theMarked:HeightenedSenses+1"],"picked":"theMarked:EnhanceMovement","floor":48}],"player_experience":749060,"relics_obtained":[{"floor":6,"key":"Blue Candle"},{"floor":9,"key":"Bronze Scales"},{"floor":10,"key":"CaptainsWheel"},{"floor":13,"key":"Garlic"},{"floor":26,"key":"Mango"},{"floor":43,"key":"Durian"},{"floor":44,"key":"Replay:Baseball"},{"floor":48,"key":"Bag of Marbles"}],"event_choices":[{"damage_healed":0,"gold_gain":0,"player_choice":"1 cards matched","damage_taken":0,"max_hp_gain":0,"max_hp_loss":0,"event_name":"Match and Keep!","floor":5,"gold_loss":0,"cards_obtained":["theMarked:PowerFlow"]},{"damage_healed":0,"gold_gain":0,"player_choice":"Ignored","damage_taken":0,"max_hp_gain":0,"max_hp_loss":0,"event_name":"Vampires","floor":22,"gold_loss":0},{"damage_healed":0,"gold_gain":0,"player_choice":"Inject Mutagens","damage_taken":0,"relics_obtained":["MutagenicStrength"],"max_hp_gain":0,"max_hp_loss":0,"event_name":"Drug Dealer","floor":25,"gold_loss":0},{"damage_healed":0,"gold_gain":100,"player_choice":"Bet on Murderer","damage_taken":0,"max_hp_gain":0,"max_hp_loss":0,"event_name":"The Joust","floor":28,"gold_loss":50},{"cards_removed":["theMarked:SwordAndMagic"],"damage_healed":0,"gold_gain":0,"player_choice":"Removed Attack","damage_taken":0,"max_hp_gain":0,"max_hp_loss":0,"event_name":"Falling","floor":38,"gold_loss":0},{"damage_healed":0,"gold_gain":0,"player_choice":"Ignored","damage_taken":0,"max_hp_gain":0,"max_hp_loss":0,"event_name":"Mysterious Sphere","floor":45,"gold_loss":0}],"is_beta":false,"boss_relics":[{"not_picked":["theMarked:BronzeBlade","Snecko Heart"],"picked":"Philosopher\u0027s Stone"},{"not_picked":["Busted Crown","ReplayTheSpireMod:DimensionalGlitch"],"picked":"Sozu"}],"items_purged_floors":[20,39],"is_endless":false,"potions_floor_spawned":[1,7,10,13,23,27,29,33,35,44,48],"ascension_level":0}}