{"host":"0z6l31g9ps0v9zzp","time":1612113610,"event":{"mods":["Act Like it!","Arknights","BaseMod","CapriCore","Minty Spire (QoL Compilation)","MostiFishMod","StSLib","[IsaacMod]ÒÔÈö¼âËþ"],"gold_per_floor":[109,109,126,126,136,136,167,187,265,277,307,53,79,95,95,174,174,186,70,89,101,101,130,130,130,430,461,761,761,789,802,802,877,877,890,900,228,242,253,279,279,307,307,307,322,357,357,377,377,377,377,377,377,83,115,115],"floor_reached":57,"language":"ZHS","playtime":3732,"items_purged":["ats:Strike S","ats:Armor Crushing Shot","ats:Strike V+1","ats:Strike G+1"],"score":3519,"play_id":"5749c27f-103e-452e-b8a8-3e7d2a4c59dd","local_time":"20210201012010","daily_mods":["Heirloom"],"is_ascension_mode":true,"campfire_choices":[{"data":"ats:Emotion Absorption","floor":6.0,"key":"SMITH"},{"data":"ats:Nebulous Foxfire","floor":15.0,"key":"SMITH"},{"data":"ats:Echo Reverb","floor":24.0,"key":"SMITH"},{"data":"ats:Guardian Obelisk","floor":29.0,"key":"SMITH"},{"data":"ats:Burning Ground","floor":32.0,"key":"SMITH"},{"data":"ats:Flame Of Heaven","floor":44.0,"key":"SMITH"},{"data":"ats:Volcano","floor":47,"key":"SMITH"},{"floor":49,"key":"RECALL"},{"data":"ats:Very Hot Blade","floor":53,"key":"SMITH"}],"circlet_count":0,"master_deck":["AscendersBane","ats:Strike C+1","ats:Defend","ats:Defend","ats:Defend","ats:Defend","ats:Emotion Absorption+1","ats:Wolf Pack","ats:Explosion Area Strengthen","ats:Very Hot Blade","ats:Ignite+1","ats:Very Hot Blade+1","ats:Guardian Obelisk+1","ats:Nebulous Foxfire+1","ats:Echo Reverb+1","ats:Absolute Focus","ats:Sunburst","ats:Literary Storm+1","ats:Burning Ground+1","ats:Mental Burst","ats:Flame Of Heaven+1","ats:Volcano+1","ats:Calcification"],"relics":["ats:Sanity","DaveBox","HushsDoor","GuppysTail","xbg","BlankCard","SynthV:TestCard","ats:Originium","White Beast Statue","Pear","DoctorsRemote","Medical Kit","Prayer Wheel","RhineCircuit","Kunai","Old Coin","TheBible","ats:Berate","FeatherPendant","GuppysHead","Mummified Hand","Ornamental Fan","Pen Nib","Art of War","Whetstone","Eternal Feather"],"acts_visited":["Exordium","TheCity","TheBeyond","TheEnding"],"potions_floor_usage":[56,56],"damage_taken":[{"damage":9.0,"enemies":"2 Louse","floor":1.0,"turns":4.0},{"damage":7.0,"enemies":"Jaw Worm","floor":3.0,"turns":3.0},{"damage":2.0,"enemies":"Small Slimes","floor":5.0,"turns":5.0},{"damage":6.0,"enemies":"Gremlin Nob","floor":7.0,"turns":4.0},{"damage":0.0,"enemies":"3 Louse","floor":8.0,"turns":2.0},{"damage":0.0,"enemies":"2 Fungi Beasts","floor":10.0,"turns":3.0},{"damage":0.0,"enemies":"3 Sentries","floor":11.0,"turns":2.0},{"damage":0.0,"enemies":"Gremlin Nob","floor":13.0,"turns":1.0},{"damage":6.0,"enemies":"Looter","floor":14.0,"turns":3.0},{"damage":8.0,"enemies":"Hexaghost","floor":16.0,"turns":8.0},{"damage":21.0,"enemies":"Shell Parasite","floor":18.0,"turns":5.0},{"damage":0.0,"enemies":"Spheric Guardian","floor":20.0,"turns":3.0},{"damage":21.0,"enemies":"Chosen and Byrds","floor":21.0,"turns":8.0},{"damage":0.0,"enemies":"Book of Stabbing","floor":23.0,"turns":1.0},{"damage":27.0,"enemies":"Slavers","floor":27.0,"turns":5.0},{"damage":49.0,"enemies":"Book of Stabbing","floor":30.0,"turns":6.0},{"damage":0.0,"enemies":"Centurion and Healer","floor":31.0,"turns":10.0},{"damage":0.0,"enemies":"Collector","floor":33.0,"turns":5.0},{"damage":7.0,"enemies":"3 Shapes","floor":35.0,"turns":1.0},{"damage":0.0,"enemies":"Orb Walker","floor":36.0,"turns":1.0},{"damage":0.0,"enemies":"Spire Growth","floor":38.0,"turns":2.0},{"damage":8.0,"enemies":"Writhing Mass","floor":39.0,"turns":2.0},{"damage":14.0,"enemies":"Reptomancer","floor":40.0,"turns":2.0},{"damage":9.0,"enemies":"Giant Head","floor":42.0,"turns":5.0},{"damage":0.0,"enemies":"Sphere and 2 Shapes","floor":45.0,"turns":1.0},{"damage":0.0,"enemies":"Reptomancer","floor":46.0,"turns":2.0},{"damage":4,"enemies":"Maw","floor":48,"turns":3},{"damage":35,"enemies":"Time Eater","floor":50,"turns":4},{"damage":0,"enemies":"Donu and Deca","floor":51,"turns":3},{"damage":50,"enemies":"Shield and Spear","floor":55,"turns":11},{"damage":0,"enemies":"LittleHush","floor":56,"turns":29}],"seed_played":"55191130224083747","potions_obtained":[{"floor":1.0,"key":"Ancient Potion"},{"floor":8.0,"key":"ats:Top Emergency Sanity Potion"},{"floor":10.0,"key":"DuplicationPotion"},{"floor":11.0,"key":"AttackPotion"},{"floor":13.0,"key":"Fire Potion"},{"floor":14.0,"key":"GamblersBrew"},{"floor":16.0,"key":"LiquidMemories"},{"floor":20.0,"key":"DuplicationPotion"},{"floor":21.0,"key":"AttackPotion"},{"floor":23.0,"key":"Weak Potion"},{"floor":27.0,"key":"Ancient Potion"},{"floor":30.0,"key":"SpeedPotion"},{"floor":31.0,"key":"PowerPotion"},{"floor":33.0,"key":"DuplicationPotion"},{"floor":40.0,"key":"Swift Potion"}],"is_trial":true,"path_per_floor":["M","?","M","?","M","R","E","M","T","M","E","$","E","M","R","B",null,"M","$","M","M","?","E","R","?","T","E","?","R","E","M","R","B",null,"M","M","$","M","M","E","?","E","T","R","M","E","R","M","R","B","B",null,"R","$","E","B",null],"character_chosen":"DOCTOR_CLASS","items_purchased":["ats:Guardian Obelisk","Medical Kit","ats:Sunburst","GuppysHead","ats:Flame Of Heaven","Mummified Hand","Ornamental Fan","Whetstone"],"campfire_rested":0,"item_purchase_floors":[12,12,19,34,34,37,37,54],"current_hp_per_floor":[55,34,27,50,48,48,42,42,52,52,52,52,52,46,46,55,75,65,65,69,65,65,65,65,65,65,47,47,47,20,64,64,73,64,57,57,57,57,57,43,43,61,61,61,61,61,61,57,57,43,58,60,60,60,61,61],"gold":115,"neow_bonus":"","is_daily":false,"chose_seed":false,"campfire_upgraded":8,"win_rate":0.0,"timestamp":1612113610,"path_taken":["M","?","M","?","M","R","E","M","T","M","E","$","E","M","R","BOSS","M","$","M","M","?","E","R","?","T","E","?","R","E","M","R","BOSS","M","M","$","M","M","E","?","E","T","R","M","E","R","M","R","BOSS","BOSS","R","$","E","BOSS"],"items_purchased_type":["Card","Relic","Card","Relic","Card","Relic","Relic","Relic"],"build_version":"2020-12-22","purchased_purges":4,"victory":true,"max_hp_per_floor":[71,71,71,71,71,71,71,71,81,81,81,81,81,81,81,81,81,81,81,81,81,81,81,81,81,81,81,81,81,81,81,81,81,64,64,64,64,64,64,64,61,61,61,61,61,61,61,61,61,61,61,61,61,61,61,61],"card_choices":[{"not_picked":["ats:Healing Drone","ats:Thorns","ats:Chain Hook"],"picked":"SKIP","floor":1.0},{"not_picked":["ats:Explosion Area Strengthen","ats:Blood Oath","ats:Absolute Focus","ats:Poison Spread"],"picked":"ats:Wolf Pack","floor":3.0},{"not_picked":["ats:Shell Defense","ats:Poison Spread","ats:Revitalization","ats:Hammer On"],"picked":"ats:Explosion Area Strengthen","floor":5.0},{"not_picked":["ats:Closed Bolt Burst Fire","ats:Assault Order","ats:Encircling Forest","ats:Flexible Camouflage"],"picked":"ats:Very Hot Blade","floor":7.0},{"not_picked":["ats:Echo Reverb","ats:Directed Diagnosis","ats:Apocalypse","ats:Explosion Area Strengthen"],"picked":"ats:Ignite","floor":8.0},{"not_picked":["ats:Curse Doll","ats:Cat Scratch","ats:Spore Proliferation","ats:Leaping Hammer"],"picked":"ats:Very Hot Blade","floor":10.0},{"not_picked":["ats:Sword Rain","ats:Hammer On","ats:Soul Rend","ats:Apocalypse","ats:Poison Spread"],"picked":"SKIP","floor":11.0},{"not_picked":["ats:Automatic Cover","ats:Very Hot Blade","ats:Revitalization","ats:Blood Oath","ats:Shell Defense"],"picked":"SKIP","floor":13.0},{"not_picked":["ats:Powerful Strike","ats:Explosion Area Strengthen","ats:Guardian Obelisk","ats:Blood Oath"],"picked":"ats:Nebulous Foxfire","floor":14.0},{"not_picked":["ats:Hammer On","ats:Shell Defense","ats:Ignite","ats:Spore Proliferation","ats:Neurotoxin"],"picked":"SKIP","floor":14.0},{"not_picked":["ats:Calcification","ats:Fractured Body","ats:Disruption Kick","ats:True Silver Slash"],"picked":"ats:Echo Reverb","floor":16.0},{"not_picked":["ats:Apocalypse+1","ats:Ignite+1","ats:Hammer On","ats:Guard Mode+1"],"picked":"ats:Absolute Focus","floor":18.0},{"not_picked":["ats:Leaping Hammer","ats:Powerful Strike","ats:Closed Bolt Burst Fire+1","ats:Red Shift","ats:Guard Mode"],"picked":"SKIP","floor":18.0},{"not_picked":["ats:Powerful Strike","ats:Consecutive Shot Auto","ats:Revitalization","ats:Assault Order","ats:Leaping Hammer"],"picked":"SKIP","floor":20.0},{"not_picked":["ats:Steam Pump","ats:Red Shift+1","ats:Curse Doll","ats:Song Of Battle","ats:Hammer On"],"picked":"SKIP","floor":20.0},{"not_picked":["ats:Charging Defense","ats:Blood Oath","ats:Guard Mode","ats:Leaping Hammer","ats:Cat Scratch"],"picked":"SKIP","floor":21.0},{"not_picked":["ats:Hammer On","ats:Rapid Magazine","ats:Flexible Camouflage","ats:True Silver Slash","ats:Absolute Focus"],"picked":"SKIP","floor":21.0},{"not_picked":["ats:Revitalization","ats:Guardian Obelisk","ats:Support Order","ats:Serious Mode"],"picked":"ats:Literary Storm+1","floor":23.0},{"not_picked":["ats:Curse Doll","ats:Cat Scratch+1","ats:Closed Bolt Burst Fire","ats:Revitalization","ats:Blood Oath"],"picked":"SKIP","floor":27.0},{"not_picked":["ats:Leaping Hammer","ats:Soul Rend","ats:Poison Spread","ats:Curse Doll"],"picked":"ats:Burning Ground","floor":30.0},{"not_picked":["ats:Explosion Area Strengthen","ats:Demon Strength","ats:Healing Strengthening","ats:Assault Order"],"picked":"ats:Mental Burst","floor":31.0},{"not_picked":["ats:Consecutive Shot Auto","ats:Counter Healing Mode+1","ats:Beaten Up","ats:Closed Bolt Burst Fire","ats:Leaping Hammer"],"picked":"SKIP","floor":31.0},{"not_picked":["ats:Absolute Focus+1","ats:Ignite","ats:Apocalypse+1","ats:Very Hot Blade","ats:Guardian Obelisk"],"picked":"SKIP","floor":35.0},{"not_picked":["ats:Assault Order","ats:Chain Hook+1","ats:Flexible Camouflage","ats:Shell Defense","ats:Guard Mode"],"picked":"SKIP","floor":35.0},{"not_picked":["ats:Encircling Forest+1","ats:Ignite","ats:Rapid Magazine+1","ats:Collapsing Strike+1","ats:Guard Mode"],"picked":"SKIP","floor":36.0},{"not_picked":["ats:Phantom+1","ats:Revitalization+1","ats:Shell Defense","ats:Assault Order","ats:Mental Burst"],"picked":"SKIP","floor":36.0},{"not_picked":["ats:Assault Order","ats:Chain Hook","ats:Song Of Battle+1","ats:Hook Shot+1"],"picked":"ats:Volcano","floor":38.0},{"not_picked":["ats:Absolute Focus","ats:Healing Strengthening","ats:Counter Healing Mode","ats:Shadow Raid+1","ats:Ignite"],"picked":"SKIP","floor":38.0},{"not_picked":["ats:Cat Scratch+1","ats:Poison Spread","ats:Collapsing Strike","ats:Shell Defense+1","ats:Mental Burst"],"picked":"SKIP","floor":39.0},{"not_picked":["ats:Burning Ground","ats:Flame Of Heaven","ats:Consecutive Shot Auto","ats:Shadow Raid+1","ats:Healing Strengthening"],"picked":"SKIP","floor":39.0},{"not_picked":["ats:Flexible Camouflage","ats:Sashimi Platter","ats:Hook Shot","ats:Flame Of Heaven","ats:Healing Strengthening"],"picked":"SKIP","floor":40.0},{"not_picked":["ats:Very Hot Blade","ats:Soul Absorption","ats:Automatic Cover","ats:Absolute Focus+1","ats:Wolf Pack"],"picked":"SKIP","floor":42.0},{"not_picked":["ats:Cat Scratch","ats:Guard Mode","ats:Magnetic Hammer","ats:Shell Defense","ats:Closed Bolt Burst Fire"],"picked":"SKIP","floor":45.0},{"not_picked":["ats:Encircling Forest","ats:Guard Mode+1","ats:Healing Strengthening","ats:Consecutive Shot Auto","ats:Powerful Strike+1"],"picked":"SKIP","floor":45.0},{"not_picked":["ats:Song Of Battle","ats:Assault Order","ats:Red Shift","ats:Leaping Hammer","ats:Overload"],"picked":"SKIP","floor":46},{"not_picked":["ats:Leaping Hammer","ats:Spore Proliferation","ats:Revitalization+1","ats:Shell Defense","ats:Ignite"],"picked":"SKIP","floor":48},{"not_picked":["ats:Consecutive Shot Auto","ats:Guard Mode","ats:Ignite+1","ats:Counter Healing Mode","ats:Apocalypse"],"picked":"SKIP","floor":48},{"not_picked":["ats:Beaten Up","ats:Rapid Magazine","ats:Leaping Hammer","ats:Burning Ground"],"picked":"ats:Calcification","floor":55}],"player_experience":283254,"relics_obtained":[{"floor":1.0,"key":"SynthV:TestCard"},{"floor":7.0,"key":"ats:Originium"},{"floor":7.0,"key":"White Beast Statue"},{"floor":9.0,"key":"Pear"},{"floor":11.0,"key":"ats:Originium"},{"floor":11.0,"key":"DoctorsRemote"},{"floor":13.0,"key":"ats:Originium"},{"floor":13.0,"key":"Prayer Wheel"},{"floor":23.0,"key":"ats:Originium"},{"floor":23.0,"key":"Kunai"},{"floor":26.0,"key":"Old Coin"},{"floor":27.0,"key":"TheBible"},{"floor":30.0,"key":"ats:Berate"},{"floor":40.0,"key":"Pen Nib"},{"floor":42.0,"key":"Art of War"},{"floor":55,"key":"Eternal Feather"}],"event_choices":[{"damage_healed":0.0,"max_hp_gain":0.0,"max_hp_loss":0.0,"gold_gain":0.0,"event_name":"Shining Light","player_choice":"Entered Light","floor":2.0,"gold_loss":0.0,"damage_taken":21.0,"cards_upgraded":["ats:Strike V","ats:Strike G"]},{"damage_healed":23.0,"max_hp_gain":0.0,"max_hp_loss":0.0,"gold_gain":0.0,"event_name":"Big Fish","player_choice":"Banana","floor":4.0,"gold_loss":0.0,"damage_taken":0.0},{"damage_healed":0.0,"max_hp_gain":0.0,"max_hp_loss":0.0,"gold_gain":0.0,"event_name":"The Mausoleum","player_choice":"Ignored","floor":22.0,"gold_loss":0.0,"damage_taken":0.0},{"damage_healed":0.0,"max_hp_gain":0.0,"max_hp_loss":0.0,"gold_gain":0.0,"event_name":"Vampires","player_choice":"Ignored","floor":25.0,"gold_loss":0.0,"damage_taken":0.0},{"damage_healed":0.0,"max_hp_gain":0.0,"max_hp_loss":3.0,"gold_gain":0.0,"event_name":"Winding Halls","player_choice":"Max HP","floor":41.0,"gold_loss":0.0,"damage_taken":0.0}],"is_beta":false,"boss_relics":[{"not_picked":["JellyFishMachine","Velvet Choker"],"picked":"RhineCircuit"},{"not_picked":[]},{"not_picked":["MoonlightInvasionPlan","Busted Crown"],"picked":"FeatherPendant"},{"not_picked":[]}],"items_purged_floors":[19,34,37,54],"is_endless":false,"potions_floor_spawned":[1,8,10,11,13,14,16,18,20,21,23,27,30,31,33,35,36,38,39,40,42,45,46,48,55],"ascension_level":20}}