{"host":"y7357sx8ps3jkgoj","time":1612087812,"event":{"mods":["BaseMod","Friendly Minions","Minty Spire (QoL Compilation)","Permanent Neow","Relic Stats","Shop Mod","StSLib","The Alterego","Uncapped","Unceasing Turn Reminder"],"gold_per_floor":[14,26,201,151,161,172,97,123,143,177,177,195,205,219,245,245,261,261,291,304,318,318,318,318,414,414,414,519,519,533,545,545,37,37,57,57,57,87,87,114,139,139,167,167,182,214,228,228,329,329,342,352,252,302,319,0,10,38,38,67,84,110,161,161,161,241,252,268,286,305,305,305,305,305,305,81,113,113,113],"floor_reached":78,"language":"ENG","playtime":6059,"items_purged":["alterego_mod:Defend","alterego_mod:Defend"],"score":1930,"play_id":"b7affa14-9b32-443b-aff0-1a86a8cce20b","local_time":"20210131041012","is_ascension_mode":true,"campfire_choices":[{"data":"alterego_mod:DiscoLights","floor":11.0,"key":"SMITH"},{"data":"alterego_mod:Clones","floor":18.0,"key":"SMITH"},{"data":"1","floor":22.0,"key":"LIFT"},{"data":"2","floor":24.0,"key":"LIFT"},{"data":"3","floor":27.0,"key":"LIFT"},{"data":"Apotheosis","floor":36,"key":"SMITH"},{"floor":42,"key":"RECALL"},{"data":"alterego_mod:ChallengeComplete","floor":48,"key":"SMITH"},{"data":"alterego_mod:TrickOrTreatment","floor":59,"key":"SMITH"},{"data":"alterego_mod:SideboobHour","floor":71,"key":"SMITH"},{"data":"alterego_mod:Nekomimi","floor":72,"key":"SMITH"},{"data":"alterego_mod:SakuraLabyrinth","floor":75,"key":"SMITH"}],"circlet_count":0,"master_deck":["AscendersBane","alterego_mod:BigMeatyClaws+1","alterego_mod:BrynhildrsRune","alterego_mod:IndependentAction","alterego_mod:DiscoLights+1","alterego_mod:Pet+1","alterego_mod:DeftHands","alterego_mod:RocketPunch","alterego_mod:Birthday+1","alterego_mod:Lift+1","alterego_mod:SakuraLabyrinth+1","alterego_mod:Clones+1","alterego_mod:ChallengeComplete+1","alterego_mod:BusterCard","Apotheosis+1","alterego_mod:Clones+1","alterego_mod:Nekomimi+1","Bite","Bite","Bite","Bite","Bite","alterego_mod:Clones+1","alterego_mod:Clones+1","alterego_mod:SakuraLabyrinth+1","alterego_mod:TrickOrTreatment+1","alterego_mod:BusterCard+1","alterego_mod:Table+1","alterego_mod:SideboobHour+1","Clumsy","alterego_mod:Belts","alterego_mod:Nekomimi+1"],"relics":["alterego_mod:MasochisticConstitution","War Paint","PreservedInsect","WingedGreaves","Anchor","Girya","Philosopher\u0027s Stone","Sozu","Tiny Chest","DollysMirror","Letter Opener","Pear","Lantern","Akabeko","Nunchaku","Orichalcum","Cursed Key","Thread and Needle","Red Mask","StrikeDummy","Art of War","Oddly Smooth Stone","Bag of Preparation","Bottled Tornado","Sundial","Bronze Scales","Gremlin Horn"],"acts_visited":["Exordium","TheCity","TheBeyond","TheEnding"],"potions_floor_usage":[45],"damage_taken":[{"damage":22.0,"enemies":"Cultist","floor":1.0,"turns":8.0},{"damage":22.0,"enemies":"Small Slimes","floor":2.0,"turns":7.0},{"damage":20.0,"enemies":"Jaw Worm","floor":5.0,"turns":7.0},{"damage":26.0,"enemies":"Gremlin Gang","floor":6.0,"turns":9.0},{"damage":5.0,"enemies":"Blue Slaver","floor":9.0,"turns":5.0},{"damage":4.0,"enemies":"Lagavulin","floor":10.0,"turns":12.0},{"damage":8.0,"enemies":"2 Fungi Beasts","floor":12.0,"turns":5.0},{"damage":0.0,"enemies":"Large Slime","floor":13.0,"turns":12.0},{"damage":4.0,"enemies":"Looter","floor":14.0,"turns":4.0},{"damage":16.0,"enemies":"Gremlin Nob","floor":15.0,"turns":3.0},{"damage":0.0,"enemies":"Exordium Thugs","floor":17.0,"turns":4.0},{"damage":7.0,"enemies":"Lagavulin","floor":19.0,"turns":6.0},{"damage":7.0,"enemies":"Exordium Wildlife","floor":20.0,"turns":9.0},{"damage":4.0,"enemies":"3 Louse","floor":21.0,"turns":7.0},{"damage":7.0,"enemies":"Slime Boss","floor":25.0,"turns":10.0},{"damage":9.0,"enemies":"Slime Boss","floor":28.0,"turns":12.0},{"damage":12.0,"enemies":"Chosen","floor":30.0,"turns":8.0},{"damage":6.0,"enemies":"3 Byrds","floor":31.0,"turns":10.0},{"damage":1,"enemies":"Centurion and Healer","floor":35,"turns":6},{"damage":23,"enemies":"Gremlin Leader","floor":38,"turns":6},{"damage":41,"enemies":"Book of Stabbing","floor":43,"turns":4},{"damage":0,"enemies":"Snake Plant","floor":45,"turns":2},{"damage":0,"enemies":"Gremlin Leader","floor":46,"turns":3},{"damage":0,"enemies":"Cultist and Chosen","floor":47,"turns":6},{"damage":16,"enemies":"Champ","floor":49,"turns":6},{"damage":0,"enemies":"Orb Walker","floor":51,"turns":2},{"damage":0,"enemies":"3 Shapes","floor":52,"turns":1},{"damage":43,"enemies":"Mind Bloom Boss Battle","floor":54,"turns":6},{"damage":13,"enemies":"Spire Growth","floor":55,"turns":4},{"damage":4,"enemies":"3 Darklings","floor":57,"turns":7},{"damage":21,"enemies":"Nemesis","floor":58,"turns":5},{"damage":1,"enemies":"Giant Head","floor":60,"turns":7},{"damage":56,"enemies":"Transient","floor":61,"turns":5},{"damage":11,"enemies":"Reptomancer","floor":62,"turns":6},{"damage":7,"enemies":"Writhing Mass","floor":67,"turns":4},{"damage":7,"enemies":"Spire Growth","floor":68,"turns":3},{"damage":13,"enemies":"3 Darklings","floor":69,"turns":3},{"damage":10,"enemies":"Sphere and 2 Shapes","floor":70,"turns":7},{"damage":40,"enemies":"Time Eater","floor":73,"turns":5},{"damage":27,"enemies":"Shield and Spear","floor":77,"turns":6},{"damage":111,"enemies":"The Heart","floor":78,"turns":3}],"seed_played":"7984634249167370698","potions_obtained":[{"floor":1.0,"key":"DuplicationPotion"},{"floor":2.0,"key":"LiquidMemories"},{"floor":9.0,"key":"FearPotion"},{"floor":13.0,"key":"EssenceOfSteel"},{"floor":17.0,"key":"ColorlessPotion"},{"floor":25.0,"key":"AttackPotion"}],"is_trial":false,"path_per_floor":["M","M","?","?","M","M","$","T","M","E","R","M","M","M","E","T","M","R","E","M","M","R","?","R","B",null,"R","B",null,"M","M","?","$","?","M","R","?","E","T","T","T","R","E","T","M","E","M","R","B",null,"M","M","$","?","M","?","M","E","R","E","M","E","T","T","?","T","M","M","M","M","R","R","B",null,"R","$","E","B"],"character_chosen":"The_Alterego","items_purchased":["Apotheosis","Tiny Chest","DollysMirror","alterego_mod:Nekomimi","alterego_mod:Belts","Bronze Scales"],"campfire_rested":0,"item_purchase_floors":[33,33,33,33,76,76],"current_hp_per_floor":[49,42,42,42,30,33,33,33,29,33,33,26,42,41,26,26,42,42,45,48,68,68,52,52,77,77,77,72,81,80,85,85,85,60,61,61,61,53,63,63,63,63,42,42,60,72,72,72,73,73,73,73,73,74,75,75,76,69,69,78,40,77,77,77,77,77,80,75,83,84,84,84,64,80,80,80,83,0,0],"gold":113,"neow_bonus":"REMOVE_TWO","is_daily":false,"chose_seed":false,"campfire_upgraded":8,"win_rate":0.0,"timestamp":1612087812,"path_taken":["M","M","?","?","M","M","$","?","M","E","R","M","?","M","E","T","M","R","E","M","M","R","?","R","BOSS","R","BOSS","M","M","?","$","?","M","R","?","E","?","T","T","R","E","?","M","E","M","R","BOSS","M","M","$","?","M","?","M","E","R","E","M","E","T","T","?","?","M","M","?","M","R","R","BOSS","R","$","E","BOSS"],"items_purchased_type":["Card","Relic","Relic","Card","Card","Relic"],"build_version":"2020-12-22","purchased_purges":2,"victory":false,"max_hp_per_floor":[71,72,72,72,73,74,74,74,75,76,76,77,77,78,79,79,79,79,80,81,82,82,82,82,83,83,83,84,84,85,86,86,86,60,61,61,61,62,72,72,72,72,73,73,72,72,72,72,73,73,73,73,73,74,75,75,76,77,77,78,79,80,80,80,80,80,81,82,83,84,84,84,85,85,85,85,86,86,86],"relic_stats":{"Gremlin Horn":[0,0],"counters":[41,245],"PreservedInsect":508,"Bag of Preparation":[14],"Letter Opener":[290],"War Paint":["alterego_mod:Pet","alterego_mod:BigMeatyClaws"],"Orichalcum":[132],"Cursed Key":3,"Sozu":12,"Nunchaku":[31],"Sundial":[0],"Bronze Scales":[60],"Tiny Chest":2,"Art of War":[7],"obtain_stats":[{"Lantern":40,"Gremlin Horn":77,"Bag of Preparation":63,"Bottled Tornado":64,"Cursed Key":50,"Sozu":29,"Nunchaku":44,"DollysMirror":33,"Sundial":66,"Philosopher\u0027s Stone":26,"Tiny Chest":33,"WingedGreaves":15,"Red Mask":56,"Girya":19,"alterego_mod:MasochisticConstitution":0,"Pear":39,"Oddly Smooth Stone":62,"Thread and Needle":54,"PreservedInsect":10,"Letter Opener":38,"War Paint":8,"Orichalcum":46,"Akabeko":43,"Anchor":16,"Bronze Scales":76,"Art of War":60,"StrikeDummy":58},{"Lantern":20,"Gremlin Horn":40,"Bag of Preparation":34,"Bottled Tornado":34,"Cursed Key":25,"Sozu":16,"Nunchaku":21,"DollysMirror":18,"Sundial":34,"Philosopher\u0027s Stone":15,"Tiny Chest":18,"WingedGreaves":10,"Red Mask":29,"Girya":12,"alterego_mod:MasochisticConstitution":0,"Pear":20,"Oddly Smooth Stone":34,"Thread and Needle":28,"PreservedInsect":6,"Letter Opener":20,"War Paint":4,"Orichalcum":23,"Akabeko":21,"Anchor":10,"Bronze Scales":39,"Art of War":32,"StrikeDummy":31},{"Lantern":150,"Gremlin Horn":242,"Bag of Preparation":214,"Bottled Tornado":214,"Cursed Key":171,"Sozu":120,"Nunchaku":154,"DollysMirror":138,"Sundial":214,"Philosopher\u0027s Stone":108,"Tiny Chest":138,"WingedGreaves":72,"Red Mask":184,"Girya":82,"alterego_mod:MasochisticConstitution":0,"Pear":150,"Oddly Smooth Stone":214,"Thread and Needle":180,"PreservedInsect":48,"Letter Opener":150,"War Paint":31,"Orichalcum":159,"Akabeko":154,"Anchor":72,"Bronze Scales":236,"Art of War":203,"StrikeDummy":196}]},"card_choices":[{"not_picked":["alterego_mod:Bloomers","alterego_mod:BiFurious"],"picked":"alterego_mod:IndependentAction","floor":1.0},{"not_picked":["alterego_mod:Cooking","alterego_mod:DustData"],"picked":"alterego_mod:DiscoLights","floor":2.0},{"not_picked":["alterego_mod:BoobPocket","alterego_mod:Stockings","alterego_mod:Maid"],"picked":"SKIP","floor":5.0},{"not_picked":["alterego_mod:DestructionOfProperty","alterego_mod:1TonWallop"],"picked":"alterego_mod:Pet","floor":6.0},{"not_picked":["alterego_mod:MagicResistance","alterego_mod:GoddessCore"],"picked":"alterego_mod:DeftHands","floor":9.0},{"not_picked":["alterego_mod:PresenceConcealment","alterego_mod:PurpleHair"],"picked":"alterego_mod:RocketPunch","floor":10.0},{"not_picked":["alterego_mod:MagicResistance","alterego_mod:IndependentAction"],"picked":"alterego_mod:Birthday","floor":12.0},{"not_picked":["alterego_mod:Schoolgirl","alterego_mod:Complex"],"picked":"alterego_mod:Lift","floor":13.0},{"not_picked":["alterego_mod:SuperDuperMasochism","alterego_mod:IndependentAction"],"picked":"alterego_mod:SakuraLabyrinth","floor":14.0},{"not_picked":["alterego_mod:BiFurious","alterego_mod:Table"],"picked":"alterego_mod:Clones","floor":15.0},{"not_picked":["alterego_mod:Bloomers","alterego_mod:Maid","alterego_mod:PerceptionDisorder"],"picked":"SKIP","floor":17.0},{"not_picked":["alterego_mod:Skirt","alterego_mod:RingBreak","alterego_mod:IndependentAction"],"picked":"SKIP","floor":19.0},{"not_picked":["alterego_mod:HighServant","alterego_mod:Swimsuit"],"picked":"alterego_mod:ChallengeComplete","floor":20.0},{"not_picked":["alterego_mod:Punishment","alterego_mod:RocketPunch","alterego_mod:Rip"],"picked":"SKIP","floor":21.0},{"not_picked":["alterego_mod:Complex+1","alterego_mod:Rip"],"picked":"alterego_mod:BusterCard","floor":30.0},{"not_picked":["alterego_mod:Skirt","alterego_mod:Bounce+1","alterego_mod:Punishment+1"],"picked":"SKIP","floor":31.0},{"not_picked":["alterego_mod:Rip","alterego_mod:Complex","alterego_mod:Jiggle"],"picked":"SKIP","floor":35},{"not_picked":["alterego_mod:Weigh","alterego_mod:BiFurious+1","alterego_mod:Clap+1"],"picked":"SKIP","floor":38},{"not_picked":["alterego_mod:Cycle","alterego_mod:GoddessCore","alterego_mod:Jiggle"],"picked":"SKIP","floor":43},{"not_picked":["alterego_mod:HighServant","alterego_mod:Crossover"],"picked":"alterego_mod:Clones+1","floor":45},{"not_picked":["alterego_mod:DeftHands","alterego_mod:DiscoLights"],"picked":"alterego_mod:Clones+1","floor":46},{"not_picked":["alterego_mod:DustData","alterego_mod:Mirror+1"],"picked":"alterego_mod:SakuraLabyrinth+1","floor":47},{"not_picked":["alterego_mod:Alter","alterego_mod:PainIsPleasure"],"picked":"alterego_mod:TrickOrTreatment","floor":49},{"not_picked":["alterego_mod:BoobPocket","alterego_mod:Pet","alterego_mod:RidiculouslyBig"],"picked":"SKIP","floor":51},{"not_picked":["alterego_mod:Pet","alterego_mod:Collar","alterego_mod:MaintainEyeContact+1"],"picked":"SKIP","floor":52},{"not_picked":["alterego_mod:Punishment","alterego_mod:HighServant+1"],"picked":"alterego_mod:BusterCard+1","floor":54},{"not_picked":["alterego_mod:Santa+1","alterego_mod:Complex+1","alterego_mod:Nekomimi"],"picked":"SKIP","floor":55},{"not_picked":["alterego_mod:MagicResistance","alterego_mod:1TonWallop+1"],"picked":"alterego_mod:Table+1","floor":57},{"not_picked":["alterego_mod:Cycle","alterego_mod:Maid+1","alterego_mod:Support"],"picked":"SKIP","floor":58},{"not_picked":["alterego_mod:RocketPunch+1","alterego_mod:MagicResistance","alterego_mod:Pet"],"picked":"SKIP","floor":60},{"not_picked":["alterego_mod:GoddessCore","alterego_mod:Mirror+1"],"picked":"alterego_mod:SideboobHour","floor":61},{"not_picked":["alterego_mod:Jiggle","alterego_mod:BustOut","alterego_mod:Cooking"],"picked":"SKIP","floor":62},{"not_picked":["alterego_mod:Clap+1","alterego_mod:Skirt+1","alterego_mod:Cooking+1"],"picked":"SKIP","floor":67},{"not_picked":["alterego_mod:Undulate","alterego_mod:Collar+1","alterego_mod:Maid+1"],"picked":"SKIP","floor":68},{"not_picked":["alterego_mod:PerceptionDisorder","alterego_mod:Swimsuit+1","alterego_mod:GoddessCore"],"picked":"SKIP","floor":69},{"not_picked":["alterego_mod:Bounce+1","alterego_mod:Complex","alterego_mod:MaintainEyeContact"],"picked":"SKIP","floor":70},{"not_picked":["alterego_mod:Complex","alterego_mod:Table"],"picked":"alterego_mod:Nekomimi+1","floor":77}],"player_experience":371408,"relics_obtained":[{"floor":8.0,"key":"War Paint"},{"floor":10.0,"key":"PreservedInsect"},{"floor":15.0,"key":"WingedGreaves"},{"floor":16.0,"key":"Anchor"},{"floor":19.0,"key":"Girya"},{"floor":38,"key":"Letter Opener"},{"floor":39,"key":"Pear"},{"floor":40,"key":"Lantern"},{"floor":43,"key":"Akabeko"},{"floor":44,"key":"Nunchaku"},{"floor":46,"key":"Orichalcum"},{"floor":54,"key":"Thread and Needle"},{"floor":58,"key":"StrikeDummy"},{"floor":60,"key":"Art of War"},{"floor":62,"key":"Oddly Smooth Stone"},{"floor":63,"key":"Bag of Preparation"},{"floor":64,"key":"Bottled Tornado"},{"floor":66,"key":"Sundial"},{"floor":77,"key":"Gremlin Horn"}],"event_choices":[{"damage_healed":0.0,"max_hp_gain":0.0,"max_hp_loss":0.0,"gold_gain":175.0,"event_name":"Liars Game","player_choice":"AGREE","floor":3.0,"gold_loss":0.0,"damage_taken":0.0,"cards_obtained":["Doubt"]},{"cards_removed":["Doubt"],"damage_healed":0.0,"max_hp_gain":0.0,"max_hp_loss":0.0,"gold_gain":0.0,"event_name":"The Cleric","player_choice":"Card Removal","floor":4.0,"gold_loss":50.0,"damage_taken":0.0},{"damage_healed":0.0,"max_hp_gain":0.0,"max_hp_loss":0.0,"gold_gain":0.0,"event_name":"Shining Light","player_choice":"Entered Light","floor":23.0,"gold_loss":0.0,"damage_taken":16.0,"cards_upgraded":["alterego_mod:Birthday","alterego_mod:Lift"]},{"damage_healed":0.0,"max_hp_gain":0.0,"max_hp_loss":0.0,"gold_gain":0.0,"event_name":"Ghosts","player_choice":"Ignored","floor":32.0,"gold_loss":0.0,"damage_taken":0.0},{"damage_healed":0,"gold_gain":0,"player_choice":"Became a vampire","damage_taken":0,"max_hp_gain":0,"max_hp_loss":26,"event_name":"Vampires","floor":34,"gold_loss":0,"cards_obtained":["Bite","Bite","Bite","Bite","Bite"]},{"cards_removed":["alterego_mod:Defend"],"damage_healed":0,"gold_gain":0,"player_choice":"Elegance","damage_taken":0,"max_hp_gain":0,"max_hp_loss":0,"event_name":"Back to Basics","floor":37,"gold_loss":0},{"damage_healed":0,"gold_gain":0,"player_choice":"Fight","damage_taken":0,"max_hp_gain":0,"max_hp_loss":0,"event_name":"MindBloom","floor":54,"gold_loss":0},{"damage_healed":0,"gold_gain":0,"player_choice":"Paid","damage_taken":0,"relics_obtained":["Red Mask"],"max_hp_gain":0,"max_hp_loss":0,"event_name":"Tomb of Lord Red Mask","floor":56,"gold_loss":319},{"cards_removed":["Doubt","Writhe"],"damage_healed":0,"gold_gain":0,"player_choice":"Removed Curses","damage_taken":0,"max_hp_gain":0,"max_hp_loss":0,"event_name":"Fountain of Cleansing","floor":65,"gold_loss":0}],"is_beta":false,"boss_relics":[{"not_picked":["Tiny House","Busted Crown"],"picked":"Philosopher\u0027s Stone"},{"not_picked":["SlaversCollar","Runic Dome"],"picked":"Sozu"},{"not_picked":["Calling Bell","SacredBark"],"picked":"Cursed Key"}],"items_purged_floors":[7,53],"is_endless":false,"potions_floor_spawned":[1,2,9,13,14,17,20,21,25,31,38,46,47,49,55,60,61,62,67,68,69],"killed_by":"The Heart","ascension_level":10}}