{"host":"2vsc07ejz3c3tnrv","time":1612099906,"event":{"mods":["BaseMod","Minty Spire (QoL Compilation)","StSLib"],"gold_per_floor":[117,117,70,245,21,21,41,53,53,63,63,76,88,88,88,166,166,183,183,98,113,163,163,189,37,88,98,118,134,34,47,47,124,124,153,165,177,201,213,225,251,276,342,371,393,79,79,79,79,79],"floor_reached":51,"language":"ENG","playtime":3327,"items_purged":["Doubt","Strike_B","Defend_B"],"score":1108,"play_id":"9d667434-b696-4228-b2cc-967e2ede8e12","local_time":"20210131103146","is_ascension_mode":true,"campfire_choices":[{"data":"Zap","floor":6.0,"key":"SMITH"},{"data":"Reinforced Body","floor":15.0,"key":"SMITH"},{"floor":23.0,"key":"REST"},{"floor":32,"key":"REST"},{"floor":40,"key":"REST"},{"floor":49,"key":"REST"}],"circlet_count":0,"master_deck":["AscendersBane","Defend_B","Defend_B+1","Defend_B+1","Zap+1","Dualcast","Gash","Gash","Flash of Steel","Gash","FTL","Reinforced Body+1","Electrodynamics","Echo Form","Gash+1","Go for the Eyes+1","Leap"],"relics":["Cracked Core","Pocketwatch","Fusion Hammer","InkBottle","Blood Vial","Omamori","War Paint","Bag of Marbles","Calling Bell","MawBank","Pear","TungstenRod","Regal Pillow","Bronze Scales"],"acts_visited":["Exordium","TheCity","TheBeyond"],"potions_floor_usage":[31,33,33,50],"damage_taken":[{"damage":8.0,"enemies":"Small Slimes","floor":1.0,"turns":3.0},{"damage":0.0,"enemies":"Cultist","floor":7.0,"turns":3.0},{"damage":0.0,"enemies":"Jaw Worm","floor":8.0,"turns":3.0},{"damage":5.0,"enemies":"2 Fungi Beasts","floor":10.0,"turns":3.0},{"damage":4.0,"enemies":"Red Slaver","floor":12.0,"turns":3.0},{"damage":8.0,"enemies":"Large Slime","floor":13.0,"turns":4.0},{"damage":12.0,"enemies":"The Guardian","floor":16.0,"turns":9.0},{"damage":28.0,"enemies":"2 Thieves","floor":18.0,"turns":3.0},{"damage":0.0,"enemies":"Chosen","floor":21.0,"turns":4.0},{"damage":25.0,"enemies":"Book of Stabbing","floor":24.0,"turns":6.0},{"damage":13.0,"enemies":"Shelled Parasite and Fungi","floor":27.0,"turns":4.0},{"damage":10.0,"enemies":"Snecko","floor":28.0,"turns":5.0},{"damage":15.0,"enemies":"Centurion and Healer","floor":29.0,"turns":4.0},{"damage":0,"enemies":"Snake Plant","floor":31,"turns":4},{"damage":23,"enemies":"Collector","floor":33,"turns":8},{"damage":18,"enemies":"3 Shapes","floor":35,"turns":5},{"damage":7,"enemies":"3 Darklings","floor":38,"turns":4},{"damage":14,"enemies":"Sphere and 2 Shapes","floor":41,"turns":5},{"damage":0,"enemies":"Jaw Worm Horde","floor":42,"turns":3},{"damage":0,"enemies":"4 Shapes","floor":44,"turns":4},{"damage":17,"enemies":"Maw","floor":45,"turns":7},{"damage":95,"enemies":"Donu and Deca","floor":50,"turns":9}],"seed_played":"-1927280986830255164","potions_obtained":[{"floor":10.0,"key":"SteroidPotion"},{"floor":16.0,"key":"EssenceOfSteel"},{"floor":21.0,"key":"AttackPotion"},{"floor":27.0,"key":"Dexterity Potion"},{"floor":31,"key":"Weak Potion"},{"floor":41,"key":"Ancient Potion"},{"floor":44,"key":"GamblersBrew"},{"floor":45,"key":"FairyPotion"}],"is_trial":false,"path_per_floor":["M","?","$","?","$","R","M","M","T","M","$","M","M","?","R","B",null,"M","T","?","M","?","R","E","$","T","M","M","M","$","M","R","B",null,"M","?","?","M","?","R","M","M","T","M","M","$","$","?","R","B",null],"character_chosen":"DEFECT","items_purchased":["Gash","Gash","Flash of Steel","War Paint","Strength Potion","Bronze Scales"],"campfire_rested":4,"item_purchase_floors":[3,5,5,25,46,46],"current_hp_per_floor":[42,42,42,42,42,42,42,42,42,37,37,33,25,25,25,13,60,32,32,32,34,34,56,33,33,33,22,14,1,1,3,25,4,67,51,51,51,46,46,70,58,60,60,62,47,47,47,47,81,24],"gold":79,"neow_bonus":"REMOVE_TWO","is_daily":false,"chose_seed":false,"campfire_upgraded":2,"win_rate":0.0,"timestamp":1612099906,"path_taken":["M","?","$","?","$","R","M","M","T","M","?","M","M","?","R","BOSS","M","?","?","M","?","R","E","$","T","M","M","?","?","M","R","BOSS","M","?","?","?","?","R","M","M","T","M","M","?","$","?","R","BOSS"],"items_purchased_type":["Card","Card","Card","Relic","Potion","Relic"],"build_version":"2020-12-22","purchased_purges":3,"victory":true,"max_hp_per_floor":[75,75,75,75,75,75,75,75,75,75,75,75,75,75,75,75,75,75,75,75,75,75,75,75,75,75,75,75,75,75,75,75,75,85,85,81,81,81,81,81,81,81,81,81,81,81,81,81,81,81],"card_choices":[{"not_picked":["Conserve Battery","Beam Cell","Barrage"],"picked":"SKIP","floor":1.0},{"not_picked":["Steam","Redo"],"picked":"Gash","floor":7.0},{"not_picked":["Gash","Barrage"],"picked":"FTL","floor":8.0},{"not_picked":["Sunder","Double Energy","Conserve Battery"],"picked":"SKIP","floor":10.0},{"not_picked":["Reprogram","Conserve Battery"],"picked":"Reinforced Body","floor":12.0},{"not_picked":["Barrage","Heatsinks","Aggregate"],"picked":"SKIP","floor":13.0},{"not_picked":["Meteor Strike","Fission"],"picked":"Echo Form","floor":16.0},{"not_picked":["Static Discharge","Stack","Heatsinks"],"picked":"SKIP","floor":18.0},{"not_picked":["BootSequence","Double Energy","Streamline"],"picked":"SKIP","floor":21.0},{"not_picked":["Self Repair+1","Reprogram"],"picked":"Gash+1","floor":24.0},{"not_picked":["Blizzard","Doom and Gloom","Steam"],"picked":"SKIP","floor":27.0},{"not_picked":["Capacitor","FTL","Hologram"],"picked":"SKIP","floor":28.0},{"not_picked":["Ball Lightning","Turbo","Double Energy"],"picked":"SKIP","floor":29.0},{"not_picked":["Conserve Battery","Reboot","Rebound"],"picked":"SKIP","floor":31},{"not_picked":["Barrage","Reinforced Body","Rebound"],"picked":"SKIP","floor":35},{"not_picked":["Redo","Turbo"],"picked":"Go for the Eyes+1","floor":38},{"not_picked":["Ball Lightning","Fusion"],"picked":"Leap","floor":41},{"not_picked":["Hologram","Beam Cell","Force Field"],"picked":"SKIP","floor":42},{"not_picked":["Creative AI","Blizzard","White Noise"],"picked":"SKIP","floor":44},{"not_picked":["Chaos+1","Tempest+1","Conserve Battery"],"picked":"SKIP","floor":45}],"player_experience":1544316,"relics_obtained":[{"floor":9.0,"key":"Pocketwatch"},{"floor":19.0,"key":"InkBottle"},{"floor":24.0,"key":"Omamori"},{"floor":26.0,"key":"Bag of Marbles"},{"floor":34,"key":"MawBank"},{"floor":34,"key":"Pear"},{"floor":34,"key":"TungstenRod"},{"floor":43,"key":"Regal Pillow"}],"event_choices":[{"cards_removed":["Strike_B"],"damage_healed":0.0,"max_hp_gain":0.0,"max_hp_loss":0.0,"gold_gain":0.0,"event_name":"Purifier","player_choice":"Purged","floor":2.0,"gold_loss":0.0,"damage_taken":0.0},{"damage_healed":0.0,"max_hp_gain":0.0,"max_hp_loss":0.0,"gold_gain":175.0,"event_name":"Liars Game","player_choice":"AGREE","floor":4.0,"gold_loss":0.0,"damage_taken":0.0,"cards_obtained":["Doubt"]},{"damage_healed":0.0,"max_hp_gain":0.0,"max_hp_loss":0.0,"gold_gain":0.0,"event_name":"Match and Keep!","player_choice":"1 cards matched","floor":14.0,"gold_loss":0.0,"damage_taken":0.0,"cards_obtained":["Electrodynamics"]},{"damage_healed":0.0,"max_hp_gain":0.0,"max_hp_loss":0.0,"gold_gain":0.0,"event_name":"Addict","player_choice":"Obtained Relic","floor":20.0,"gold_loss":85.0,"damage_taken":0.0,"relics_obtained":["Blood Vial"]},{"damage_healed":0.0,"max_hp_gain":0.0,"max_hp_loss":0.0,"gold_gain":100.0,"event_name":"The Joust","player_choice":"Bet on Murderer","floor":22.0,"gold_loss":50.0,"damage_taken":0.0},{"damage_healed":0,"gold_gain":0,"player_choice":"Max HP","damage_taken":0,"max_hp_gain":0,"max_hp_loss":4,"event_name":"Winding Halls","floor":36,"gold_loss":0},{"damage_healed":0,"gold_gain":0,"player_choice":"Ignored","damage_taken":0,"max_hp_gain":0,"max_hp_loss":0,"event_name":"Transmorgrifier","floor":37,"gold_loss":0},{"damage_healed":0,"gold_gain":0,"player_choice":"Ignored","damage_taken":0,"max_hp_gain":0,"max_hp_loss":0,"event_name":"Tomb of Lord Red Mask","floor":39,"gold_loss":0},{"damage_healed":0,"gold_gain":0,"player_choice":"Ignored","damage_taken":0,"max_hp_gain":0,"max_hp_loss":0,"event_name":"Mysterious Sphere","floor":48,"gold_loss":0}],"is_beta":false,"boss_relics":[{"not_picked":["Snecko Eye","SacredBark"],"picked":"Fusion Hammer"},{"not_picked":["Inserter","Runic Dome"],"picked":"Calling Bell"}],"items_purged_floors":[5,30,46],"is_endless":false,"potions_floor_spawned":[10,16,21,27,31,41,44,45],"ascension_level":13}}