{"host":"mnpd8gh7cwxsn5kh","time":1612119239,"event":{"mods":["BaseMod","Bestiary","Block Reminder","Colored Map","Colored Powertips","Highlight Path","Minty Spire (QoL Compilation)","Relic Sorter","Relic Stats"],"gold_per_floor":[118,128,144,244,264,296,296,296,296,331,349,29,47,76,76,76,76],"floor_reached":16,"language":"ENG","playtime":1948,"items_purged":[],"score":191,"play_id":"dfec9fbc-a18b-441d-af9c-d5a737fab821","local_time":"20210131195359","is_ascension_mode":true,"campfire_choices":[{"data":"Chill","floor":7,"key":"SMITH"},{"data":"Dualcast","floor":15,"key":"SMITH"}],"circlet_count":0,"master_deck":["Strike_B","Strike_B","Strike_B+1","Strike_B","Defend_B","Defend_B+1","Defend_B","Defend_B+1","Zap+1","Dualcast+1","Chill+1","BootSequence","Rebound","Multi-Cast","Conserve Battery+1","Go for the Eyes","BootSequence","Self Repair","Coolheaded","Streamline","Reinforced Body","Steam"],"relics":["Cracked Core","Bag of Preparation","Darkstone Periapt","Shovel","Membership Card","War Paint","Pen Nib"],"acts_visited":["Exordium"],"potions_floor_usage":[6,10,14,16],"damage_taken":[{"damage":0,"enemies":"Cultist","floor":1,"turns":3},{"damage":0,"enemies":"Jaw Worm","floor":2,"turns":3},{"damage":0,"enemies":"2 Louse","floor":3,"turns":2},{"damage":0,"enemies":"2 Fungi Beasts","floor":5,"turns":3},{"damage":0,"enemies":"3 Sentries","floor":6,"turns":8},{"damage":13,"enemies":"Lagavulin","floor":10,"turns":8},{"damage":0,"enemies":"Red Slaver","floor":11,"turns":2},{"damage":2,"enemies":"Large Slime","floor":13,"turns":8},{"damage":26,"enemies":"Gremlin Nob","floor":14,"turns":6},{"damage":54,"enemies":"Slime Boss","floor":16,"turns":9}],"seed_played":"8029249317982929521","potions_obtained":[{"floor":1,"key":"Explosive Potion"},{"floor":2,"key":"LiquidBronze"},{"floor":5,"key":"ColorlessPotion"},{"floor":11,"key":"Block Potion"},{"floor":13,"key":"FairyPotion"}],"is_trial":false,"path_per_floor":["M","M","M","?","M","E","R","?","T","E","M","$","M","E","R","B"],"character_chosen":"DEFECT","items_purchased":["Self Repair","Membership Card","Coolheaded","Streamline","War Paint"],"campfire_rested":0,"item_purchase_floors":[12,12,12,12,12],"current_hp_per_floor":[68,68,68,68,68,68,68,53,53,40,40,40,45,26,26,0,0],"gold":76,"neow_bonus":"UPGRADE_CARD","is_daily":false,"chose_seed":false,"campfire_upgraded":2,"win_rate":0.0,"timestamp":1612119239,"path_taken":["M","M","?","?","?","E","R","?","T","E","M","$","M","E","R","BOSS"],"items_purchased_type":["Card","Relic","Card","Card","Relic"],"build_version":"2020-12-22","purchased_purges":0,"victory":false,"max_hp_per_floor":[75,75,75,75,75,75,75,75,75,75,75,75,75,75,75,75,75],"relic_stats":{"Darkstone Periapt":0,"Shovel":0,"counters":[10,52],"Pen Nib":[0],"Bag of Preparation":[10],"War Paint":["Defend_B","Conserve Battery"],"obtain_stats":[{"Darkstone Periapt":9,"Shovel":10,"Pen Nib":14,"Bag of Preparation":6,"Membership Card":12,"War Paint":12,"Cracked Core":0},{"Darkstone Periapt":5,"Shovel":6,"Pen Nib":9,"Bag of Preparation":5,"Membership Card":7,"War Paint":7,"Cracked Core":0},{"Darkstone Periapt":19,"Shovel":27,"Pen Nib":43,"Bag of Preparation":19,"Membership Card":29,"War Paint":29,"Cracked Core":0}]},"card_choices":[{"not_picked":["Ball Lightning","Go for the Eyes"],"picked":"Chill","floor":1},{"not_picked":["Rebound","Undo"],"picked":"BootSequence","floor":2},{"not_picked":["Turbo","Compile Driver"],"picked":"Rebound","floor":3},{"not_picked":["BootSequence","Stack"],"picked":"Multi-Cast","floor":5},{"not_picked":["Cold Snap","Sweeping Beam"],"picked":"Conserve Battery","floor":6},{"not_picked":["Multi-Cast","Leap"],"picked":"Go for the Eyes","floor":10},{"not_picked":["Gash","Steam Power"],"picked":"BootSequence","floor":11},{"not_picked":["Ball Lightning","Redo"],"picked":"Reinforced Body","floor":13},{"not_picked":["Compile Driver","Gash"],"picked":"Steam","floor":14}],"player_experience":216108,"relics_obtained":[{"floor":6,"key":"Bag of Preparation"},{"floor":9,"key":"Darkstone Periapt"},{"floor":10,"key":"Shovel"},{"floor":14,"key":"Pen Nib"}],"event_choices":[{"damage_healed":0,"gold_gain":100,"player_choice":"Pray","damage_taken":0,"max_hp_gain":0,"max_hp_loss":0,"event_name":"Golden Shrine","floor":4,"gold_loss":0},{"damage_healed":0,"gold_gain":0,"player_choice":"Entered Light","damage_taken":15,"max_hp_gain":0,"max_hp_loss":0,"event_name":"Shining Light","floor":8,"gold_loss":0,"cards_upgraded":["Strike_B","Defend_B"]}],"is_beta":false,"boss_relics":[],"items_purged_floors":[],"is_endless":false,"potions_floor_spawned":[1,2,5,11,13],"killed_by":"Slime Boss","ascension_level":6}}