{"host":"hbel9g7s7ibv8po6","time":1612066454,"event":{"mods":["BaseMod","Duelist Mod","Minty Spire (QoL Compilation)","StSLib"],"gold_per_floor":[138,149,149,161,172,172,172,172],"floor_reached":7,"language":"ENG","playtime":339,"items_purged":[],"score":67,"play_id":"7e288e38-216a-458e-96bc-59dbb28d3d7d","local_time":"20210131121414","is_ascension_mode":true,"campfire_choices":[{"data":"theDuelist:DarkFactory","floor":6.0,"key":"SMITH"}],"circlet_count":0,"master_deck":["AscendersBane","theDuelist:BoosterDragon+1","theDuelist:CardsFromTheSky+1","theDuelist:DestroyerGolem+1","theDuelist:RedEyes+1","theDuelist:ReadyForIntercepting+1","theDuelist:ShiranuiSunsaga+1","theDuelist:SwampFrog+1","theDuelist:TwinHeadedBehemoth+1","theDuelist:VenomShot+4","theDuelist:WaterHazard+1","theDuelist:DarkFactory+1"],"relics":["theDuelist:MillenniumPuzzle","theDuelist:CardPoolRelic","theDuelist:CardPoolBasicRelic","theDuelist:BoosterPackPoolRelic","theDuelist:CardPoolAddRelic","theDuelist:CardPoolMinusRelic","theDuelist:CardPoolSaveRelic","theDuelist:CardPoolOptionsRelic","NeowsBlessing","Kunai"],"acts_visited":["Exordium"],"potions_floor_usage":[],"damage_taken":[{"damage":0.0,"enemies":"Cultist","floor":1.0,"turns":1.0},{"damage":0.0,"enemies":"2 Louse","floor":2.0,"turns":1.0},{"damage":0.0,"enemies":"Jaw Worm","floor":4.0,"turns":1.0},{"damage":3.0,"enemies":"Large Slime","floor":5.0,"turns":3.0},{"damage":2,"enemies":"3 Sentries","floor":7,"turns":2}],"seed_played":"2990679198821783427","potions_obtained":[{"floor":4.0,"key":"theDuelist:DestructPotionPot"}],"is_trial":false,"path_per_floor":["M","M","T","M","M","R","E"],"character_chosen":"THE_DUELIST","items_purchased":[],"campfire_rested":0,"item_purchase_floors":[],"current_hp_per_floor":[72,72,72,72,69,69,67,67],"gold":172,"neow_bonus":"THREE_ENEMY_KILL","is_daily":false,"chose_seed":false,"campfire_upgraded":1,"win_rate":0.0,"timestamp":1612066454,"path_taken":["M","M","?","?","M","R","E"],"items_purchased_type":[],"build_version":"2020-12-22","purchased_purges":0,"victory":false,"max_hp_per_floor":[80,80,80,80,80,80,80,80],"card_choices":[{"not_picked":["theDuelist:CyberDinosaur","theDuelist:BigFire","theDuelist:PinchHopper","theDuelist:Flashbang","theDuelist:SpiritPharaoh"],"picked":"SKIP","floor":1.0},{"not_picked":["theDuelist:MudGolem","theDuelist:RedHeadedOni","theDuelist:ReleaseFromStone","theDuelist:GraniteLoyalist"],"picked":"theDuelist:DarkFactory","floor":2.0},{"not_picked":["theDuelist:WhiteHornDragon","theDuelist:SuperheavySoulshield","theDuelist:NaturiaLeodrake","theDuelist:CastleDragonSouls"],"picked":"SKIP","floor":4.0},{"not_picked":["theDuelist:AttackTheMoon","theDuelist:LightningDarts","theDuelist:LightningVortex","theDuelist:Mudora","theDuelist:GaiaMidNightSun"],"picked":"SKIP","floor":5.0}],"player_experience":175823,"relics_obtained":[{"floor":3.0,"key":"Kunai"}],"event_choices":[],"is_beta":false,"boss_relics":[],"items_purged_floors":[],"is_endless":false,"potions_floor_spawned":[4],"killed_by":"3 Sentries","ascension_level":11}}