{"host":"natui9yr7uuq78xo","time":1612061764,"event":{"mods":["BaseMod","Better Third Choice","BetterRewards","Downfall","Minty Spire (QoL Compilation)","StSLib"],"gold_per_floor":[99,119,132,132,152,137,137,166,191,191,204,235,235,248,262,367,367,367,380,399,415,430,448,448,26,38,23,23,23,23,23,44,149,149,149,166,75,94,114,147,170,180,180,191,222,222,233,258,258,258,258,258],"floor_reached":50,"language":"ENG","playtime":3683,"items_purged":["hexamod:Strike","downfall:Malfunctioning"],"score":623,"play_id":"057dbb75-e085-41f1-9907-79fb39d386f4","local_time":"20210130165604","is_ascension_mode":false,"campfire_choices":[{"data":"hexamod:Float","floor":1.0,"key":"SMITH"},{"data":"hexamod:Rewind","floor":13.0,"key":"SMITH"},{"data":"hexamod:SpectersWail","floor":18.0,"key":"SMITH"},{"floor":28.0,"key":"REST"},{"data":"hexamod:GhostOfSpirePresent","floor":30.0,"key":"SMITH"},{"data":"hexamod:EmpoweredFlame","floor":35.0,"key":"SMITH"},{"data":"hexamod:ParanormalForm","floor":46,"key":"SMITH"},{"floor":49,"key":"REST"}],"circlet_count":0,"master_deck":["hexamod:Strike","hexamod:Strike","hexamod:Strike","hexamod:Defend+1","hexamod:Defend+1","hexamod:Defend","hexamod:Defend+1","hexamod:Sear","hexamod:Float+1","hexamod:HauntingEcho","hexamod:TurnItUp","hexamod:SpectersWail+1","hexamod:HauntingEcho+1","hexamod:SwordOfDarkness","hexamod:VolcanoVisage+1","hexamod:Rewind+1","hexamod:GhostOfSpirePresent+1","hexamod:FastForward+1","hexamod:ShieldOfDarkness","hexamod:TimeOfNeed","Flash of Steel+1","hexamod:InspiringFlames+1","hexamod:EmpoweredFlame+1","hexamod:Hexaguard","Flash of Steel+1","hexamod:ParanormalForm+1","hexamod:FirstSeal","hexamod:FirstSeal","hexamod:VolcanoVisage"],"relics":["hexamod:SpiritBrand","Lantern","Kunai","Odd Mushroom","Molten Egg 2","War Paint","Sozu","Mummified Hand","Letter Opener","Happy Flower","SlaversCollar","Singing Bowl","hexamod:TheBrokenSeal","Bottled Flame","Oddly Smooth Stone","Calipers","Shuriken"],"acts_visited":["Exordium","TheCity","TheBeyond"],"potions_floor_usage":[],"damage_taken":[{"damage":0.0,"enemies":"2 Louse","floor":2.0,"turns":2.0},{"damage":1.0,"enemies":"Jaw Worm","floor":3.0,"turns":3.0},{"damage":0.0,"enemies":"Small Slimes","floor":5.0,"turns":2.0},{"damage":5.0,"enemies":"downfall:FleeingMerchant","floor":6.0,"turns":4.0},{"damage":2.0,"enemies":"The Mushroom Lair","floor":8.0,"turns":3.0},{"damage":3.0,"enemies":"Lagavulin","floor":9.0,"turns":5.0},{"damage":3.0,"enemies":"Exordium Wildlife","floor":11.0,"turns":4.0},{"damage":6.0,"enemies":"3 Sentries","floor":12.0,"turns":6.0},{"damage":0.0,"enemies":"Gremlin Gang","floor":14.0,"turns":4.0},{"damage":0.0,"enemies":"Large Slime","floor":15.0,"turns":3.0},{"damage":22.0,"enemies":"IC_STATUS_ARCHETYPE","floor":16.0,"turns":7.0},{"damage":6.0,"enemies":"Shell Parasite","floor":19.0,"turns":4.0},{"damage":4.0,"enemies":"Spheric Guardian","floor":20.0,"turns":4.0},{"damage":12.0,"enemies":"Snecko","floor":21.0,"turns":5.0},{"damage":10.0,"enemies":"Centurion and Healer","floor":22.0,"turns":6.0},{"damage":14.0,"enemies":"Sentry and Sphere","floor":23.0,"turns":7.0},{"damage":2.0,"enemies":"downfall:FleeingMerchant","floor":25.0,"turns":4.0},{"damage":0.0,"enemies":"Cultist and Chosen","floor":26.0,"turns":4.0},{"damage":7.0,"enemies":"downfall:FleeingMerchant","floor":27.0,"turns":4.0},{"damage":3.0,"enemies":"Snake Plant","floor":32.0,"turns":3.0},{"damage":9.0,"enemies":"SI_MIRROR_ARCHETYPE","floor":33.0,"turns":8.0},{"damage":8.0,"enemies":"Orb Walker","floor":36.0,"turns":3.0},{"damage":0.0,"enemies":"downfall:FleeingMerchant","floor":37.0,"turns":4.0},{"damage":19.0,"enemies":"3 Darklings","floor":38.0,"turns":5.0},{"damage":11.0,"enemies":"4 Shapes","floor":39.0,"turns":5.0},{"damage":57,"enemies":"Reptomancer","floor":40,"turns":7},{"damage":1,"enemies":"Maw","floor":42,"turns":7},{"damage":20,"enemies":"Jaw Worm Horde","floor":44,"turns":5},{"damage":12,"enemies":"Giant Head","floor":45,"turns":8},{"damage":19,"enemies":"Sphere and 2 Shapes","floor":47,"turns":5},{"damage":55,"enemies":"Reptomancer","floor":48,"turns":6},{"damage":70,"enemies":"DF_ARCHETYPE_ORBS","floor":50,"turns":6}],"seed_played":"-1877409578595913642","potions_obtained":[{"floor":2.0,"key":"hexamod:SoulburnPotion"},{"floor":8.0,"key":"SpeedPotion"},{"floor":11.0,"key":"ColorlessPotion"},{"floor":12.0,"key":"ColorlessPotion"},{"floor":15.0,"key":"Block Potion"}],"is_trial":false,"path_per_floor":["R","M","M","?","M","$","T","?","E","?","M","E","R","M","M","B",null,"R","M","M","M","M","M","T","$","M","$","R","?","R","?","M","B",null,"R","M","$","M","M","E","T","M","?","M","E","R","M","E","R","B"],"character_chosen":"THE_SPIRIT","items_purchased":["Flash of Steel+1","Letter Opener","Flash of Steel+1","Singing Bowl"],"campfire_rested":2,"item_purchase_floors":[25,25,37,37],"current_hp_per_floor":[70,70,69,69,69,64,64,62,59,59,56,50,50,50,50,28,70,70,64,60,48,38,24,24,22,22,15,36,36,36,36,33,24,70,70,62,62,47,45,77,77,85,85,81,76,76,73,34,62,0,0,0],"gold":258,"neow_bonus":"RANDOM_COMMON_RELIC","is_daily":false,"chose_seed":false,"campfire_upgraded":6,"win_rate":0.0,"timestamp":1612061764,"path_taken":["R","M","M","?","M","$","T","?","E","?","M","E","R","?","M","BOSS","R","M","?","M","M","M","T","$","M","$","R","?","R","?","M","BOSS","R","M","$","M","M","E","T","M","?","M","E","R","M","E","R","BOSS"],"items_purchased_type":["Card","Relic","Card","Relic"],"build_version":"2020-12-22","purchased_purges":2,"victory":false,"max_hp_per_floor":[70,70,70,70,70,70,70,70,70,70,70,70,70,70,70,70,70,70,70,70,70,70,70,70,70,70,70,70,70,70,70,70,70,70,70,70,70,74,76,88,88,90,90,92,92,92,94,96,96,96,96,96],"card_choices":[{"not_picked":["hexamod:RadiantFlame","hexamod:BurningTouch"],"picked":"hexamod:HauntingEcho","floor":2.0},{"not_picked":["hexamod:FastForward","hexamod:HauntingEcho"],"picked":"hexamod:TurnItUp","floor":3.0},{"not_picked":["hexamod:NightmareStrike","hexamod:NightmareGuise"],"picked":"hexamod:SpectersWail","floor":5.0},{"not_picked":["hexamod:Firestarter","hexamod:GhostOfSpireFuture"],"picked":"hexamod:HauntingEcho","floor":6.0},{"not_picked":["hexamod:ShieldOfDarkness","hexamod:HeatMetal"],"picked":"hexamod:SwordOfDarkness","floor":8.0},{"not_picked":["hexamod:SwordOfDarkness+1","hexamod:RecurringNightmare"],"picked":"hexamod:VolcanoVisage","floor":9.0},{"not_picked":["hexamod:GhostOfSpireFuture","hexamod:SwordOfDarkness+1","hexamod:SpectersWail+1"],"picked":"SKIP","floor":11.0},{"not_picked":["hexamod:NightmareGuise","hexamod:UnlimitedPower"],"picked":"hexamod:Rewind","floor":12.0},{"not_picked":["hexamod:RetreatToShadows","hexamod:Firestarter+1","hexamod:NightmareStrike+1"],"picked":"SKIP","floor":14.0},{"not_picked":["hexamod:ChargedBarrage","hexamod:SwordOfDarkness+1","hexamod:RecurringNightmare"],"picked":"SKIP","floor":15.0},{"not_picked":["hexamod:GhostflameInferno","hexamod:UnleashSpirits+1"],"picked":"hexamod:GhostOfSpirePresent","floor":16.0},{"not_picked":["hexamod:DynamicBlow+1","hexamod:BurningTouch","hexamod:GhostflameBarrier"],"picked":"SKIP","floor":19.0},{"not_picked":["hexamod:GhostShield+1","hexamod:BacktrackSmack+1"],"picked":"hexamod:FastForward+1","floor":20.0},{"not_picked":["hexamod:HeatMetal+1","hexamod:GhostLash+1","hexamod:SpectralAdrenaline"],"picked":"SKIP","floor":21.0},{"not_picked":["hexamod:GhostShield","hexamod:NightmareStrike+1"],"picked":"hexamod:ShieldOfDarkness","floor":22.0},{"not_picked":["hexamod:SwordOfDarkness+1","hexamod:FastForward","hexamod:SearingWound"],"picked":"SKIP","floor":23.0},{"not_picked":["hexamod:SwordOfDarkness+1","hexamod:RecurringNightmare"],"picked":"hexamod:TimeOfNeed","floor":25.0},{"not_picked":["hexamod:FastForward+1","hexamod:HeatMetal+1"],"picked":"hexamod:InspiringFlames+1","floor":26.0},{"not_picked":["hexamod:BurningTouch+1","hexamod:Firestarter+1"],"picked":"hexamod:SecondSeal","floor":27.0},{"not_picked":["hexamod:HeatCrush+1","hexamod:ThermalTransfer+1"],"picked":"hexamod:EmpoweredFlame","floor":32.0},{"not_picked":["hexamod:TimeWarp+1","hexamod:ForkedFlame+1"],"picked":"hexamod:FifthSeal","floor":33.0},{"not_picked":["hexamod:FourthSeal","hexamod:SecondSeal"],"picked":"hexamod:ThirdSeal","floor":36.0},{"not_picked":["hexamod:HeatShield","hexamod:HeatMetal+1"],"picked":"hexamod:Hexaguard","floor":36.0},{"not_picked":["hexamod:ThirdSeal","hexamod:SecondSeal"],"picked":"hexamod:FourthSeal","floor":37.0},{"not_picked":["hexamod:GhostflameBarrier","hexamod:GhostLash+1","hexamod:SpectersWail+1"],"picked":"SKIP","floor":37.0},{"not_picked":["hexamod:ThirdSeal","hexamod:FourthSeal"],"picked":"hexamod:FirstSeal","floor":38.0},{"not_picked":["hexamod:EmpoweredFlame+1","hexamod:ExtraCrispy","hexamod:InspiringFlames+1"],"picked":"Singing Bowl","floor":38.0},{"not_picked":["hexamod:RainOfEmbers+1","hexamod:Firestarter+1","hexamod:InspiringFlames"],"picked":"Singing Bowl","floor":38.0},{"not_picked":["hexamod:Rewind+1","hexamod:RadiantFlame"],"picked":"hexamod:ParanormalForm","floor":39.0},{"not_picked":["hexamod:FirstSeal","hexamod:ThirdSeal"],"picked":"hexamod:SixthSeal","floor":39.0},{"not_picked":["hexamod:Hexaguard+1","hexamod:RainOfEmbers+1","hexamod:NightmareStrike+1"],"picked":"Singing Bowl","floor":39.0},{"not_picked":["hexamod:SecondSeal","hexamod:FourthSeal"],"picked":"hexamod:FirstSeal","floor":40},{"not_picked":["hexamod:AdvancingGuard","hexamod:RetreatToShadows","hexamod:Hexaguard"],"picked":"Singing Bowl","floor":40},{"not_picked":["hexamod:SpectersWail+1","hexamod:ThermalTransfer+1","hexamod:SpectralAdrenaline+1"],"picked":"Singing Bowl","floor":42},{"not_picked":["hexamod:ShieldOfDarkness+1","hexamod:NightmareStrike+1","hexamod:StepThrough+1"],"picked":"Singing Bowl","floor":44},{"not_picked":["hexamod:PhantomFireball+1","hexamod:HeatMetal+1"],"picked":"hexamod:VolcanoVisage","floor":45},{"not_picked":["hexamod:SkipABeat+1","hexamod:RainOfEmbers+1","hexamod:GhostShield"],"picked":"Singing Bowl","floor":47},{"not_picked":["hexamod:GhostShield","hexamod:SpectersWail+1","hexamod:InspiringFlames"],"picked":"Singing Bowl","floor":48}],"player_experience":352510,"relics_obtained":[{"floor":7.0,"key":"Kunai"},{"floor":8.0,"key":"Odd Mushroom"},{"floor":9.0,"key":"Molten Egg 2"},{"floor":12.0,"key":"War Paint"},{"floor":24.0,"key":"Mummified Hand"},{"floor":40,"key":"Bottled Flame"},{"floor":41,"key":"Oddly Smooth Stone"},{"floor":45,"key":"Calipers"},{"floor":48,"key":"Shuriken"}],"event_choices":[{"damage_healed":0.0,"max_hp_gain":0.0,"max_hp_loss":0.0,"gold_gain":0.0,"event_name":"Mushrooms","player_choice":"Fought Mushrooms","floor":8.0,"gold_loss":0.0,"damage_taken":0.0}],"is_beta":false,"boss_relics":[{"not_picked":["bronze:MakeshiftBattery","Pandora\u0027s Box"],"picked":"Sozu"},{"not_picked":["Velvet Choker","Coffee Dripper"],"picked":"SlaversCollar"}],"items_purged_floors":[25,37],"is_endless":false,"potions_floor_spawned":[2,8,11,12,15,21,23,33,38,40,42,48],"killed_by":"DF_ARCHETYPE_ORBS","ascension_level":0}}