{"host":"jjz4szgmev061tnm","time":1612096079,"event":{"mods":["Act Like it!","Arknights","BaseMod","Gensokyo","Marisa（F雨　魔理沙）","Minty Spire (QoL Compilation)","Shop Mod","StSLib","WarShipGirlsR/战舰少女R mod"],"gold_per_floor":[114,114,114,129,129,161,161,179,179,179,104,138,12,12,12,110,110,428,728,728,748,748,782,782,801,801,801,801],"floor_reached":27,"language":"ZHS","playtime":8401,"items_purged":["ats:Defend"],"score":273,"play_id":"1c8e798c-64dc-4629-b5c3-b1e6953fb2eb","local_time":"20210131202759","is_ascension_mode":true,"campfire_choices":[{"data":"ats:Roar Of Ursus","floor":7,"key":"SMITH"},{"data":"ats:Emotion Absorption","floor":15,"key":"SMITH"},{"data":"1","floor":24,"key":"LIFT"}],"circlet_count":0,"master_deck":["ats:Strike C","ats:Strike G","ats:Strike S","ats:Armor Crushing Shot","ats:Defend","ats:Defend","ats:Emotion Absorption+1","ats:Poison Spread","ats:Roar Of Ursus+1","ats:Closed Bolt Burst Fire","ats:Sashimi Platter","ats:Neurotoxin","ats:Overload","Injury","ats:Soul Rend","ats:Assault Order","ats:Guard Mode","ats:Rapid Magazine","Gensokyo:AllTheWorldsEvil","ats:Echo Reverb","ats:Absolute Focus+1"],"relics":["ats:Sanity","NeowsBlessing","ats:Originium","Mummified Hand","Meat on the Bone","Bag of Marbles","ats:Emergency Defibrillator","Shuriken","Coffee Dripper","Gambling Chip","Calipers","Girya","ats:Hidden Killer","ats:Rhine Circuitry"],"acts_visited":["Exordium","Gensokyo:Gensokyo"],"potions_floor_usage":[12,16,23,27],"damage_taken":[{"damage":0.0,"enemies":"Gensokyo:3_Fairies","floor":1.0,"turns":1.0},{"damage":0,"enemies":"Gensokyo:Gryphon","floor":4,"turns":1},{"damage":0,"enemies":"Gensokyo:Aya","floor":6,"turns":1},{"damage":4,"enemies":"Gensokyo:2_Kodama","floor":8,"turns":3},{"damage":11,"enemies":"Gensokyo:Cirno","floor":12,"turns":6},{"damage":23,"enemies":"Gensokyo:Reimu","floor":16,"turns":8},{"damage":7,"enemies":"Gensokyo:2_Gloops","floor":18,"turns":4},{"damage":31,"enemies":"Gensokyo:2_Gloops","floor":19,"turns":6},{"damage":15,"enemies":"Gensokyo:AngelMirror","floor":21,"turns":3},{"damage":87,"enemies":"Gensokyo:Reisen","floor":23,"turns":9},{"damage":25,"enemies":"Gensokyo:3_Gloops","floor":25,"turns":5},{"damage":59,"enemies":"Gensokyo:Slime_Group","floor":27,"turns":4}],"seed_played":"-8276773629899055869","potions_obtained":[{"floor":1.0,"key":"Weak Potion"},{"floor":8,"key":"EssenceOfSteel"},{"floor":16,"key":"Weak Potion"},{"floor":18,"key":"BlessingOfTheForge"},{"floor":25,"key":"SmokeBomb"}],"is_trial":false,"path_per_floor":["M","?","?","M","?","E","R","M","T","?","$","E","COS","?","R","B",null,"M","?","?","M","?","E","R","M","T","M"],"character_chosen":"DOCTOR_CLASS","items_purchased":[],"campfire_rested":0,"item_purchase_floors":[],"current_hp_per_floor":[72,58,58,58,58,58,58,60,60,46,46,47,47,47,47,38,72,65,43,43,48,48,29,29,40,40,0,0],"gold":801,"neow_bonus":"THREE_ENEMY_KILL","is_daily":false,"chose_seed":false,"campfire_upgraded":2,"win_rate":0.0,"timestamp":1612096079,"path_taken":["M","?","?","M","?","E","R","?","T","?","?","E","COS","?","R","BOSS","M","?","?","?","?","E","R","M","T","M"],"items_purchased_type":[],"build_version":"2020-12-22","purchased_purges":1,"victory":false,"max_hp_per_floor":[72,72,72,72,72,72,72,72,72,72,72,72,72,72,72,72,72,72,72,72,72,72,72,72,72,72,72,72],"card_choices":[{"not_picked":["ats:Magnetic Hammer","ats:Absolute Focus"],"picked":"ats:Poison Spread","floor":1.0},{"not_picked":[],"picked":"ats:Roar Of Ursus","floor":3},{"not_picked":["ats:Guard Mode","ats:Revitalization"],"picked":"ats:Closed Bolt Burst Fire","floor":4},{"not_picked":["ats:Apocalypse","ats:Curse Doll"],"picked":"ats:Sashimi Platter","floor":6},{"not_picked":["ats:Powerful Strike","ats:Shell Defense"],"picked":"ats:Neurotoxin","floor":8},{"not_picked":["ats:Hammer On","ats:Apocalypse"],"picked":"ats:Overload","floor":12},{"not_picked":["ats:Echo Reverb","ats:Volcano"],"picked":"ats:Soul Rend","floor":16},{"not_picked":["ats:Cat Scratch","ats:Thermite Blade"],"picked":"ats:Assault Order","floor":18},{"not_picked":["ats:Collapsing Strike+1","ats:Powerful Strike"],"picked":"ats:Guard Mode","floor":19},{"not_picked":["ats:Overload","ats:Hook Shot+1"],"picked":"ats:Rapid Magazine","floor":21},{"not_picked":["ats:Flexible Camouflage","ats:Assault Order"],"picked":"ats:Echo Reverb","floor":23},{"not_picked":["ats:Blood Oath","ats:Leaping Hammer"],"picked":"ats:Absolute Focus+1","floor":25}],"player_experience":230779,"relics_obtained":[{"floor":6,"key":"ats:Originium"},{"floor":6,"key":"Mummified Hand"},{"floor":9,"key":"Meat on the Bone"},{"floor":12,"key":"ats:Originium"},{"floor":12,"key":"ats:Emergency Defibrillator"},{"floor":19,"key":"Gambling Chip"},{"floor":19,"key":"Calipers"},{"floor":23,"key":"ats:Originium"},{"floor":23,"key":"ats:Hidden Killer"},{"floor":26,"key":"ats:Rhine Circuitry"}],"event_choices":[],"is_beta":false,"boss_relics":[{"not_picked":["SacredBark","Tiny House"],"picked":"Coffee Dripper"}],"items_purged_floors":[11],"is_endless":false,"potions_floor_spawned":[1,8,16,18,25],"killed_by":"Gensokyo:Slime_Group","ascension_level":1}}