{"host":"y7357sx8ps3jkgoj","time":1612057243,"event":{"mods":["BaseMod","Friendly Minions","Minty Spire (QoL Compilation)","Permanent Neow","Relic Stats","Shop Mod","StSLib","The Alterego","Uncapped","Unceasing Turn Reminder"],"gold_per_floor":[14,14,29,41,57,92,92,121,121,46,59,84,84,109,109,204,204,218,244,244,260,280,307,324,324,348,100,131,131,141,141,141,243,243,256,76,87,309,319,319,347,347,347,363,379,379,379,389,389,389,389,389,166,162,162],"floor_reached":56,"language":"ENG","playtime":4014,"items_purged":["alterego_mod:Strike","alterego_mod:Strike"],"score":1626,"play_id":"7fa87b61-a768-4323-9354-387fc9328de4","local_time":"20210130194043","is_ascension_mode":true,"campfire_choices":[{"data":"alterego_mod:Venus","floor":7,"key":"SMITH"},{"data":"alterego_mod:BrynhildrRomantia","floor":15,"key":"SMITH"},{"data":"alterego_mod:AlterEgo","floor":25,"key":"SMITH"},{"data":"alterego_mod:Venus","floor":29,"key":"SMITH"},{"data":"alterego_mod:Palingenesis","floor":32,"key":"SMITH"},{"floor":40,"key":"RECALL"},{"data":"alterego_mod:Belts","floor":42,"key":"SMITH"},{"floor":49,"key":"REST"},{"data":"alterego_mod:Venus","floor":52,"key":"SMITH"}],"circlet_count":0,"master_deck":["alterego_mod:Strike","alterego_mod:Strike","alterego_mod:Defend","alterego_mod:Defend","alterego_mod:Defend","alterego_mod:Impale","alterego_mod:BigMeatyClaws","alterego_mod:BrynhildrsRune","Metamorphosis","alterego_mod:Pet+1","alterego_mod:BrynhildrRomantia+1","alterego_mod:Birthday+1","alterego_mod:Venus+1","alterego_mod:Palingenesis+1","alterego_mod:DeftHands","alterego_mod:Birthday","alterego_mod:AlterEgo+1","alterego_mod:PresenceConcealment+1","alterego_mod:Venus+1","alterego_mod:Venus+1","alterego_mod:SuperDuperMasochism+1","alterego_mod:SakuraLabyrinth+1","alterego_mod:Belts+1","alterego_mod:DestructionOfProperty+1","alterego_mod:Mirror+1","Madness+1","Madness+1","alterego_mod:TrashNCrash+1","alterego_mod:PerceptionDisorder","alterego_mod:MaintainEyeContact+1"],"relics":["alterego_mod:MasochisticConstitution","Pocketwatch","Centennial Puzzle","StrikeDummy","Oddly Smooth Stone","Runic Dome","Red Mask","alterego_mod:FleetingLove","Anchor","War Paint","Toxic Egg 2","Enchiridion","Philosopher\u0027s Stone","Membership Card","Nunchaku","Pear","Pantograph","Kunai","Happy Flower","Toy Ornithopter"],"acts_visited":["Exordium","TheCity","TheBeyond","TheEnding"],"potions_floor_usage":[55,55,55],"damage_taken":[{"damage":11,"enemies":"Small Slimes","floor":1,"turns":5},{"damage":6,"enemies":"Cultist","floor":3,"turns":3},{"damage":3,"enemies":"Jaw Worm","floor":4,"turns":6},{"damage":25,"enemies":"3 Louse","floor":5,"turns":7},{"damage":20,"enemies":"Gremlin Nob","floor":6,"turns":4},{"damage":10,"enemies":"Lagavulin","floor":8,"turns":4},{"damage":4,"enemies":"Large Slime","floor":11,"turns":6},{"damage":26,"enemies":"3 Sentries","floor":12,"turns":10},{"damage":25,"enemies":"Gremlin Nob","floor":14,"turns":4},{"damage":52,"enemies":"Hexaghost","floor":16,"turns":9},{"damage":14,"enemies":"Shell Parasite","floor":18,"turns":3},{"damage":15,"enemies":"Masked Bandits","floor":19,"turns":3},{"damage":17,"enemies":"Spheric Guardian","floor":21,"turns":5},{"damage":0,"enemies":"Shelled Parasite and Fungi","floor":22,"turns":4},{"damage":83,"enemies":"Gremlin Leader","floor":23,"turns":11},{"damage":35,"enemies":"Snecko","floor":24,"turns":5},{"damage":18,"enemies":"Slavers","floor":28,"turns":3},{"damage":3,"enemies":"3 Cultists","floor":30,"turns":5},{"damage":39,"enemies":"Automaton","floor":33,"turns":6},{"damage":28,"enemies":"3 Darklings","floor":35,"turns":7},{"damage":0,"enemies":"3 Shapes","floor":37,"turns":5},{"damage":59,"enemies":"3 Darklings","floor":39,"turns":4},{"damage":38,"enemies":"Reptomancer","floor":41,"turns":7},{"damage":54,"enemies":"Jaw Worm Horde","floor":44,"turns":6},{"damage":0,"enemies":"Maw","floor":45,"turns":6},{"damage":37,"enemies":"3 Darklings","floor":48,"turns":4},{"damage":65,"enemies":"Awakened One","floor":50,"turns":9},{"damage":6,"enemies":"Shield and Spear","floor":54,"turns":2},{"damage":158,"enemies":"The Heart","floor":55,"turns":7}],"seed_played":"2673757518312197750","potions_obtained":[{"floor":1,"key":"DistilledChaos"},{"floor":3,"key":"Dexterity Potion"},{"floor":4,"key":"Swift Potion"},{"floor":11,"key":"DistilledChaos"},{"floor":14,"key":"LiquidMemories"},{"floor":18,"key":"DuplicationPotion"},{"floor":44,"key":"Strength Potion"},{"floor":54,"key":"Fire Potion"}],"is_trial":false,"path_per_floor":["M","?","M","M","M","E","R","E","T","$","M","E","$","E","R","B",null,"M","?","?","M","M","E","M","R","T","$","E","R","M","?","R","B",null,"M","$","M","?","M","R","E","R","T","M","M","?","?","M","R","B",null,"R","$","E","B",null],"character_chosen":"The_Alterego","items_purchased":["alterego_mod:Venus","Membership Card","alterego_mod:SakuraLabyrinth+1","Kunai","alterego_mod:PerceptionDisorder","Happy Flower"],"campfire_rested":1,"item_purchase_floors":[27,36,36,53,53,53],"current_hp_per_floor":[67,67,69,72,77,72,72,76,76,76,95,103,103,91,91,55,102,104,120,120,119,140,115,94,94,94,94,103,103,135,119,119,131,157,161,161,178,178,141,141,147,147,157,152,168,142,142,136,200,169,208,208,208,203,94],"gold":162,"neow_bonus":"RANDOM_COLORLESS_2","is_daily":false,"chose_seed":false,"campfire_upgraded":7,"win_rate":0.0,"timestamp":1612057243,"path_taken":["M","?","M","M","M","E","R","E","T","$","?","E","$","E","R","BOSS","M","?","?","M","M","E","M","R","T","$","E","R","M","?","R","BOSS","M","$","M","?","M","R","E","R","T","M","M","?","?","M","R","BOSS","R","$","E","BOSS"],"items_purchased_type":["Card","Relic","Card","Relic","Card","Relic"],"build_version":"2020-12-22","purchased_purges":2,"victory":true,"max_hp_per_floor":[71,71,72,72,78,83,83,88,88,88,95,108,108,112,112,117,117,122,127,127,132,140,145,150,150,150,150,151,151,160,160,160,165,165,170,170,178,178,179,179,184,184,194,207,211,211,211,216,216,221,221,221,221,222,227],"relic_stats":{"Centennial Puzzle":[60],"Nunchaku":[7],"Happy Flower":[3],"counters":[29,160],"Pantograph":35,"Kunai":[3],"War Paint":["alterego_mod:Pet","alterego_mod:Birthday"],"obtain_stats":[{"alterego_mod:MasochisticConstitution":0,"Pear":43,"Happy Flower":53,"Oddly Smooth Stone":14,"Enchiridion":31,"War Paint":26,"Runic Dome":17,"Centennial Puzzle":8,"alterego_mod:FleetingLove":20,"Anchor":23,"Nunchaku":41,"Pantograph":47,"Philosopher\u0027s Stone":34,"Red Mask":19,"Membership Card":36,"Kunai":53,"Toxic Egg 2":28,"StrikeDummy":12,"Toy Ornithopter":54,"Pocketwatch":6},{"alterego_mod:MasochisticConstitution":0,"Pear":23,"Happy Flower":27,"Oddly Smooth Stone":9,"Enchiridion":18,"War Paint":16,"Runic Dome":10,"Centennial Puzzle":6,"alterego_mod:FleetingLove":12,"Anchor":15,"Nunchaku":23,"Pantograph":25,"Philosopher\u0027s Stone":19,"Red Mask":12,"Membership Card":20,"Kunai":27,"Toxic Egg 2":17,"StrikeDummy":8,"Toy Ornithopter":28,"Pocketwatch":5},{"alterego_mod:MasochisticConstitution":0,"Pear":126,"Happy Flower":151,"Oddly Smooth Stone":49,"Enchiridion":97,"War Paint":89,"Runic Dome":58,"Centennial Puzzle":29,"alterego_mod:FleetingLove":64,"Anchor":84,"Nunchaku":126,"Pantograph":138,"Philosopher\u0027s Stone":103,"Red Mask":64,"Membership Card":110,"Kunai":151,"Toxic Egg 2":92,"StrikeDummy":45,"Toy Ornithopter":153,"Pocketwatch":25}],"Toy Ornithopter":15,"Pocketwatch":[186]},"card_choices":[{"not_picked":["Violence","Magnetism"],"picked":"Metamorphosis","floor":0},{"not_picked":["alterego_mod:Bounce","alterego_mod:Punishment"],"picked":"alterego_mod:Pet","floor":1},{"not_picked":["alterego_mod:Bounce","alterego_mod:Stockings","alterego_mod:Exercise"],"picked":"SKIP","floor":3},{"not_picked":["alterego_mod:Cooking","alterego_mod:Mirror"],"picked":"alterego_mod:Birthday","floor":4},{"not_picked":["alterego_mod:Mirror","alterego_mod:Swimsuit"],"picked":"alterego_mod:Venus","floor":5},{"not_picked":["alterego_mod:Mirror","alterego_mod:Lingerie"],"picked":"alterego_mod:Palingenesis","floor":6},{"not_picked":["alterego_mod:1TonWallop","alterego_mod:BiFurious"],"picked":"alterego_mod:DeftHands","floor":8},{"not_picked":["alterego_mod:Undulate","alterego_mod:Maid","alterego_mod:BiFurious"],"picked":"SKIP","floor":11},{"not_picked":["alterego_mod:Rip","alterego_mod:RidiculouslyBig"],"picked":"alterego_mod:Birthday","floor":12},{"not_picked":["alterego_mod:Undulate","alterego_mod:GoddessCore","alterego_mod:PresenceConcealment"],"picked":"SKIP","floor":14},{"not_picked":["alterego_mod:Palingenesis","alterego_mod:GIGAMILK"],"picked":"alterego_mod:AlterEgo","floor":16},{"not_picked":["alterego_mod:Undulate","alterego_mod:HighServant","alterego_mod:Jiggle"],"picked":"SKIP","floor":18},{"not_picked":["alterego_mod:Birthday","alterego_mod:BoobPocket"],"picked":"alterego_mod:Belle","floor":19},{"not_picked":["alterego_mod:BiFurious","alterego_mod:PerceptionDisorder","alterego_mod:Jiggle"],"picked":"SKIP","floor":21},{"not_picked":["alterego_mod:Undulate","alterego_mod:Cycle+1","alterego_mod:Punishment"],"picked":"SKIP","floor":22},{"not_picked":["alterego_mod:Cycle","alterego_mod:Crossover+1","alterego_mod:GoddessCore"],"picked":"SKIP","floor":23},{"not_picked":["alterego_mod:Schoolgirl","alterego_mod:Exercise+1"],"picked":"alterego_mod:PresenceConcealment+1","floor":24},{"not_picked":["alterego_mod:SakuraPetals+1","alterego_mod:Maid","alterego_mod:BustOut"],"picked":"SKIP","floor":28},{"not_picked":["alterego_mod:Smother","alterego_mod:BiFurious","alterego_mod:HighServant+1"],"picked":"SKIP","floor":30},{"not_picked":["alterego_mod:Smother","alterego_mod:BiFurious","alterego_mod:HighServant+1"],"picked":"SKIP","floor":30},{"not_picked":["alterego_mod:InsideBaseball","alterego_mod:BrynhildrRomantia"],"picked":"alterego_mod:Venus","floor":33},{"not_picked":["alterego_mod:Exercise+1","alterego_mod:Birthday+1"],"picked":"alterego_mod:SuperDuperMasochism+1","floor":35},{"not_picked":["alterego_mod:Undulate+1","alterego_mod:SakuraPetals"],"picked":"alterego_mod:Belts","floor":37},{"not_picked":["alterego_mod:Lingerie","alterego_mod:GoddessCore+1","alterego_mod:DiscoLights"],"picked":"SKIP","floor":39},{"not_picked":["alterego_mod:Lingerie+1","alterego_mod:Maid"],"picked":"alterego_mod:DestructionOfProperty+1","floor":41},{"not_picked":["alterego_mod:RocketPunch","alterego_mod:RidiculouslyBig+1","alterego_mod:Bounce+1"],"picked":"SKIP","floor":44},{"not_picked":["alterego_mod:BustOut","alterego_mod:Complex+1"],"picked":"alterego_mod:Mirror+1","floor":45},{"not_picked":["alterego_mod:BusterCard","alterego_mod:Complex"],"picked":"alterego_mod:TrashNCrash+1","floor":48},{"not_picked":["alterego_mod:Cooking+1","alterego_mod:VirginLaserPalladion"],"picked":"alterego_mod:MaintainEyeContact+1","floor":54}],"player_experience":356319,"relics_obtained":[{"floor":6,"key":"Pocketwatch"},{"floor":8,"key":"Centennial Puzzle"},{"floor":12,"key":"StrikeDummy"},{"floor":14,"key":"Oddly Smooth Stone"},{"floor":19,"key":"Red Mask"},{"floor":23,"key":"Anchor"},{"floor":26,"key":"War Paint"},{"floor":28,"key":"Toxic Egg 2"},{"floor":31,"key":"Enchiridion"},{"floor":41,"key":"Nunchaku"},{"floor":43,"key":"Pear"},{"floor":54,"key":"Toy Ornithopter"}],"event_choices":[{"damage_healed":0,"gold_gain":0,"cards_transformed":["alterego_mod:Defend"],"player_choice":"Transformed","damage_taken":0,"max_hp_gain":0,"max_hp_loss":0,"event_name":"Transmorgrifier","floor":2,"gold_loss":0,"cards_obtained":["alterego_mod:BrynhildrRomantia"]},{"damage_healed":0,"gold_gain":0,"player_choice":"Fought Bandits","damage_taken":0,"max_hp_gain":0,"max_hp_loss":0,"event_name":"Masked Bandits","floor":19,"gold_loss":0},{"damage_healed":0,"gold_gain":0,"player_choice":"Choice 1","damage_taken":0,"relics_obtained":["alterego_mod:FleetingLove"],"max_hp_gain":0,"max_hp_loss":0,"event_name":"Secret Garden","floor":20,"gold_loss":0},{"damage_healed":0,"gold_gain":0,"player_choice":"Obtained Book","damage_taken":16,"max_hp_gain":0,"max_hp_loss":0,"event_name":"Cursed Tome","floor":31,"gold_loss":0},{"damage_healed":0,"gold_gain":222,"player_choice":"Wore Mask","damage_taken":0,"max_hp_gain":0,"max_hp_loss":0,"event_name":"Tomb of Lord Red Mask","floor":38,"gold_loss":0},{"damage_healed":0,"gold_gain":0,"player_choice":"Embrace Madness","damage_taken":26,"max_hp_gain":0,"max_hp_loss":0,"event_name":"Winding Halls","floor":46,"gold_loss":0,"cards_obtained":["Madness","Madness"]},{"damage_healed":0,"gold_gain":0,"player_choice":"Gave Potion","damage_taken":0,"relics_obtained":["Pantograph"],"max_hp_gain":0,"max_hp_loss":0,"event_name":"WeMeetAgain","floor":47,"gold_loss":0}],"is_beta":false,"boss_relics":[{"not_picked":["Empty Cage","Runic Pyramid"],"picked":"Runic Dome"},{"not_picked":["Tiny House","Coffee Dripper"],"picked":"Philosopher\u0027s Stone"}],"items_purged_floors":[10,27],"is_endless":false,"potions_floor_spawned":[1,3,4,11,14,18,21,23,30,41,44,54],"ascension_level":8}}