{"host":"at8674jmuidj9jgx","time":1612093962,"event":{"mods":["AchievementEnabler","BaseMod","Colored Map","Colored Powertips","Minty Spire (QoL Compilation)","SuperFastMode"],"gold_per_floor":[114,114,131,148,166,198,198,216,240,274,274,293,321,333,333,333,333],"floor_reached":16,"language":"ENG","playtime":1156,"items_purged":[],"score":130,"play_id":"b1dc3030-364f-4774-b453-1a27af402be6","local_time":"20210131145242","is_ascension_mode":true,"campfire_choices":[{"floor":7,"key":"REST"},{"floor":15,"key":"REST"}],"circlet_count":0,"master_deck":["Strike_G","Strike_G","Strike_G","Strike_G","Strike_G","Defend_G","Defend_G","Defend_G+1","Defend_G","Defend_G","Survivor","Neutralize","Infinite Blades","Endless Agony","Blade Dance","Acrobatics","Distraction+1","Well Laid Plans","Burst","Flechettes","Wraith Form v2","Distraction"],"relics":["Ring of the Snake","StoneCalendar","Omamori","War Paint","Snake Skull","Regal Pillow"],"acts_visited":["Exordium"],"potions_floor_usage":[4,6,10,14,16],"damage_taken":[{"damage":1,"enemies":"Cultist","floor":1,"turns":4},{"damage":7,"enemies":"Small Slimes","floor":3,"turns":5},{"damage":1,"enemies":"Jaw Worm","floor":4,"turns":3},{"damage":6,"enemies":"Blue Slaver","floor":5,"turns":4},{"damage":37,"enemies":"Lagavulin","floor":6,"turns":7},{"damage":0,"enemies":"2 Fungi Beasts","floor":8,"turns":3},{"damage":4,"enemies":"3 Sentries","floor":10,"turns":5},{"damage":17,"enemies":"Exordium Thugs","floor":12,"turns":7},{"damage":20,"enemies":"Gremlin Nob","floor":13,"turns":4},{"damage":2,"enemies":"Large Slime","floor":14,"turns":5},{"damage":46,"enemies":"Hexaghost","floor":16,"turns":9}],"seed_played":"-586957034451560830","potions_obtained":[{"floor":3,"key":"Fire Potion"},{"floor":5,"key":"Swift Potion"},{"floor":8,"key":"ColorlessPotion"},{"floor":12,"key":"CultistPotion"},{"floor":14,"key":"Swift Potion"}],"is_trial":false,"path_per_floor":["M","?","M","M","M","E","R","M","T","E","?","M","E","M","R","B"],"character_chosen":"THE_SILENT","items_purchased":[],"campfire_rested":2,"item_purchase_floors":[],"current_hp_per_floor":[76,76,69,68,62,25,48,48,48,44,44,27,7,5,43,0,0],"gold":333,"neow_bonus":"TEN_PERCENT_HP_BONUS","is_daily":false,"chose_seed":false,"campfire_upgraded":0,"win_rate":0.0,"timestamp":1612093962,"path_taken":["M","?","M","M","M","E","R","M","T","E","?","?","E","M","R","BOSS"],"items_purchased_type":[],"build_version":"2020-12-22","purchased_purges":0,"victory":false,"max_hp_per_floor":[77,77,77,77,77,77,77,77,77,77,77,77,77,77,77,77,77],"card_choices":[{"not_picked":["Outmaneuver","Distraction"],"picked":"Infinite Blades","floor":1},{"not_picked":["Bane","Outmaneuver"],"picked":"Endless Agony","floor":3},{"not_picked":["Leg Sweep","Masterful Stab"],"picked":"Blade Dance","floor":4},{"not_picked":["PiercingWail","Escape Plan"],"picked":"Acrobatics","floor":5},{"not_picked":["Escape Plan","Slice"],"picked":"Distraction","floor":6},{"not_picked":["Escape Plan","Bane"],"picked":"Well Laid Plans","floor":8},{"not_picked":["Eviscerate","Dagger Spray"],"picked":"Burst","floor":10},{"not_picked":["Caltrops","Footwork"],"picked":"Flechettes","floor":12},{"not_picked":["Deadly Poison","Bane"],"picked":"Wraith Form v2","floor":13},{"not_picked":["Acrobatics","Blade Dance"],"picked":"Distraction","floor":14}],"player_experience":119700,"relics_obtained":[{"floor":6,"key":"Omamori"},{"floor":9,"key":"War Paint"},{"floor":10,"key":"Snake Skull"},{"floor":13,"key":"Regal Pillow"}],"event_choices":[{"damage_healed":0,"gold_gain":0,"player_choice":"Box","damage_taken":0,"relics_obtained":["StoneCalendar"],"max_hp_gain":0,"max_hp_loss":0,"event_name":"Big Fish","floor":2,"gold_loss":0,"cards_obtained":["Regret"]},{"cards_removed":["Regret"],"damage_healed":0,"gold_gain":0,"player_choice":"Removed Curses","damage_taken":0,"max_hp_gain":0,"max_hp_loss":0,"event_name":"Fountain of Cleansing","floor":11,"gold_loss":0}],"is_beta":false,"boss_relics":[],"items_purged_floors":[],"is_endless":false,"potions_floor_spawned":[3,5,8,12,14],"killed_by":"Hexaghost","ascension_level":1}}