{"host":"17uzppmr1r5fe5jj","time":1612098222,"event":{"mods":["BaseMod","Colored Map","HololiveMod","Minty Spire (QoL Compilation)","Quick Restart","StSLib"],"gold_per_floor":[86,86,86,96,21,55,55,130,199,210,385,385,405,423,423,520,520,535,546,368,368,368,368,380,255,255,105,105,105,105,124,124,220,220,239,258,308,327,344,377,391,420,420,431,103,128,148,78,78,78,78],"floor_reached":50,"language":"ZHS","playtime":2621,"items_purged":["Regret","Doubt","Hololive_Strike","Normality","Hololive_Defend"],"score":707,"play_id":"259a7d79-248f-425e-ad8e-a5a891f3aef3","local_time":"20210131210342","is_ascension_mode":false,"campfire_choices":[{"data":"Hololive_CallMinatoAqua","floor":7.0,"key":"SMITH"},{"data":"Hololive_CallNakiriAyame","floor":12.0,"key":"SMITH"},{"floor":15.0,"key":"REST"},{"data":"Hololive_Yoholoon","floor":23.0,"key":"SMITH"},{"data":"Hololive_Drill","floor":29.0,"key":"SMITH"},{"data":"Hololive_Drill","floor":32.0,"key":"SMITH"},{"data":"Hololive_SoulCatcher","floor":49,"key":"SMITH"}],"circlet_count":0,"master_deck":["Hololive_CallNakiriAyame+1","Hololive_CallMurasakiShion","Hololive_CallMinatoAqua+1","Hololive_Defend","Hololive_Trident+1","Hololive_ManjiGathering","Hololive_Drill+1","Hololive_FlyingPonyTail","Hololive_Rebirth","Hololive_Drill+1","Hololive_BeCareful","Hololive_Drill","Hololive_Yoholoon+1","Hololive_OpenUp","Hololive_Watashimo+1","Hololive_CallYogiri","Hololive_Drill+1","Hololive_CallDoris+1","Hololive_SoulCatcher+1"],"relics":["Hololive_TheStar","Hololive_Yo","NeowsBlessing","Boot","Pocketwatch","InkBottle","Cursed Key","Matryoshka","Empty Cage","Du-Vu Doll","Sundial","Dream Catcher","Orrery","Bottled Lightning"],"acts_visited":["Exordium","TheCity","TheBeyond"],"potions_floor_usage":[50,50],"damage_taken":[{"damage":0.0,"enemies":"2 Louse","floor":1.0,"turns":1.0},{"damage":0.0,"enemies":"Small Slimes","floor":4.0,"turns":2.0},{"damage":0.0,"enemies":"Gremlin Nob","floor":6.0,"turns":1.0},{"damage":0.0,"enemies":"Jaw Worm","floor":10.0,"turns":2.0},{"damage":9.0,"enemies":"Lots of Slimes","floor":13.0,"turns":4.0},{"damage":7.0,"enemies":"3 Louse","floor":14.0,"turns":4.0},{"damage":5.0,"enemies":"The Guardian","floor":16.0,"turns":11.0},{"damage":15.0,"enemies":"2 Thieves","floor":18.0,"turns":5.0},{"damage":0.0,"enemies":"Chosen","floor":19.0,"turns":4.0},{"damage":0.0,"enemies":"Snake Plant","floor":24.0,"turns":4.0},{"damage":1.0,"enemies":"Centurion and Healer","floor":31.0,"turns":5.0},{"damage":0.0,"enemies":"Collector","floor":33.0,"turns":6.0},{"damage":8.0,"enemies":"3 Darklings","floor":35.0,"turns":4.0},{"damage":0.0,"enemies":"3 Shapes","floor":36.0,"turns":3.0},{"damage":2.0,"enemies":"Mind Bloom Boss Battle","floor":37.0,"turns":6.0},{"damage":10.0,"enemies":"3 Darklings","floor":38.0,"turns":4.0},{"damage":0.0,"enemies":"Writhing Mass","floor":39.0,"turns":5.0},{"damage":0.0,"enemies":"Giant Head","floor":40.0,"turns":6.0},{"damage":0.0,"enemies":"4 Shapes","floor":41.0,"turns":5.0},{"damage":4.0,"enemies":"Reptomancer","floor":42.0,"turns":5.0},{"damage":0.0,"enemies":"Spire Growth","floor":44.0,"turns":4.0},{"damage":0.0,"enemies":"Giant Head","floor":46.0,"turns":6.0},{"damage":0,"enemies":"Transient","floor":47,"turns":5},{"damage":30,"enemies":"Awakened One","floor":50,"turns":3}],"seed_played":"-1349082896226148155","potions_obtained":[{"floor":1.0,"key":"FearPotion"},{"floor":4.0,"key":"SpeedPotion"},{"floor":13.0,"key":"Dexterity Potion"},{"floor":16.0,"key":"SneckoOil"},{"floor":31.0,"key":"Fire Potion"},{"floor":33.0,"key":"ColorlessPotion"},{"floor":35.0,"key":"ColorlessPotion"},{"floor":38.0,"key":"FearPotion"},{"floor":42.0,"key":"Weak Potion"},{"floor":46.0,"key":"Explosive Potion"},{"floor":47,"key":"FairyPotion"}],"is_trial":false,"path_per_floor":["M","?","?","M","$","E","R","?","T","M","?","R","M","M","R","B",null,"M","M","$","?","?","R","M","$","T","$","?","R","$","M","R","B",null,"M","M","?","M","M","E","M","E","T","M","$","E","M","$","R","B"],"character_chosen":"Hololive_HololiveCharacter","items_purchased":["Hololive_Yoholoon","Orrery","Hololive_SoulCatcher"],"campfire_rested":1,"item_purchase_floors":[20,45,48],"current_hp_per_floor":[35,28,28,28,28,28,28,17,17,17,17,17,8,1,11,6,35,20,20,20,20,16,16,16,16,16,16,16,16,16,15,15,15,40,32,32,30,20,20,20,20,16,16,16,16,16,16,16,16,0,0],"gold":78,"neow_bonus":"THREE_ENEMY_KILL","is_daily":false,"chose_seed":false,"campfire_upgraded":6,"win_rate":0.0,"timestamp":1612098222,"path_taken":["M","?","?","M","$","E","R","?","T","M","?","R","?","M","R","BOSS","M","?","$","?","?","R","M","$","T","$","?","R","?","?","R","BOSS","M","M","?","M","M","E","M","E","T","M","?","E","M","$","R","BOSS"],"items_purchased_type":["Card","Relic","Card"],"build_version":"2020-12-22","purchased_purges":5,"victory":false,"max_hp_per_floor":[35,35,35,35,35,35,35,35,35,35,35,35,35,35,35,35,35,35,35,35,35,40,40,40,40,40,40,40,40,40,40,40,40,40,40,40,40,40,40,40,40,40,40,40,40,40,40,40,40,40,40],"card_choices":[{"not_picked":["Hololive_OvertimeWork","Hololive_CocoNews","Hololive_CallOmaruPolka","Hololive_Breathe"],"picked":"SKIP","floor":1.0},{"not_picked":["Hololive_CallHimemoriLuna","Hololive_CallUruhaRushia","Hololive_Psychosis"],"picked":"Hololive_ManjiGathering","floor":4.0},{"not_picked":["Hololive_Breathe","Hololive_Trident","Hololive_StrengthChampion"],"picked":"Hololive_Drill","floor":6.0},{"not_picked":["Hololive_CallDoris","Hololive_StrengthChampion","Hololive_CocoNews"],"picked":"Hololive_FlyingPonyTail","floor":10.0},{"not_picked":["Hololive_CallShiranuiFlare","Hololive_RevenueBasedLive","Hololive_FlyingPonyTail"],"picked":"Hololive_Rebirth","floor":13.0},{"not_picked":["Hololive_HuntDinosaur","Hololive_CallRosalyn","Hololive_CallShishiroBotan"],"picked":"Hololive_Drill","floor":14.0},{"not_picked":["Hololive_OpenUp","Hololive_AWSL","Hololive_ScarfAndHalo"],"picked":"Hololive_BeCareful","floor":16.0},{"not_picked":["Hololive_Sequa","Hololive_Trident","Hololive_CallNakiriAyame","Hololive_CallShiranuiFlare+1"],"picked":"SKIP","floor":18.0},{"not_picked":["Hololive_Sequa","Hololive_Spy","Hololive_BringToTrial+1"],"picked":"Hololive_Drill","floor":19.0},{"not_picked":["Hololive_StrengthChampion","Hololive_HuntDinosaur","Hololive_Sequa","Hololive_CandyCastle"],"picked":"SKIP","floor":24.0},{"not_picked":["Hololive_StrengthChampion","Hololive_Psychosis","Hololive_Rebound","Hololive_CallShiroganeNoel"],"picked":"SKIP","floor":31.0},{"not_picked":["Hololive_ASMR","Hololive_ScarfAndHalo","Hololive_MaximGun"],"picked":"Hololive_OpenUp","floor":33.0},{"not_picked":["Hololive_CallManoAloe+1","Hololive_HuntDinosaur","Hololive_CallAyundaRisu+1","Hololive_CallRoboco"],"picked":"SKIP","floor":35.0},{"not_picked":["Hololive_HuntDinosaur","Hololive_CallMomosuzuNene+1","Hololive_ILoveYou+1","Hololive_RevenueBasedLive"],"picked":"SKIP","floor":36.0},{"not_picked":["Hololive_HuntDinosaur","Hololive_CallMomosuzuNene+1","Hololive_ILoveYou+1","Hololive_RevenueBasedLive"],"picked":"SKIP","floor":36.0},{"not_picked":["Hololive_FlyingPonyTail+1","Hololive_Rebound","Hololive_CallMurasakiShion"],"picked":"Hololive_Watashimo+1","floor":38.0},{"not_picked":["Hololive_ScarfAndHalo","Hololive_CallShirakamiFubuki+1","Hololive_Psychosis+1","Hololive_CallNakiriAyame"],"picked":"SKIP","floor":39.0},{"not_picked":["Hololive_DevilCharm","Hololive_Drill","Hololive_OvertimeWork","Hololive_Breathe+1"],"picked":"SKIP","floor":40.0},{"not_picked":["Hololive_CocoNews+1","Hololive_StrengthChampion","Hololive_OvertimeWork","Hololive_CallAyundaRisu"],"picked":"SKIP","floor":41.0},{"not_picked":["Hololive_CallDoris+1","Hololive_CallUsadaPekora+1","Hololive_BeCareful","Hololive_RevenueBasedLive"],"picked":"SKIP","floor":42.0},{"not_picked":["Hololive_OvertimeWork","Hololive_Rebound","Hololive_StrengthChampion+1","Hololive_RevenueBasedLive+1"],"picked":"SKIP","floor":44.0},{"not_picked":["Hololive_CallKiryuuCoco","Hololive_RevenueBasedLive+1","Hololive_Rebound+1"],"picked":"Hololive_CallYogiri","floor":45.0},{"not_picked":["Hololive_CallMoonaHoshinova+1","Hololive_Psychosis+1","Hololive_Trident"],"picked":"Hololive_Drill+1","floor":45.0},{"not_picked":["Hololive_Psychosis","Hololive_CallSakuraMiko+1","Hololive_CallRoboco+1","Hololive_FlareMind"],"picked":"SKIP","floor":46.0},{"not_picked":["Hololive_RevenueBasedLive","Hololive_FlyingPonyTail","Hololive_CallSakuraMiko+1"],"picked":"Hololive_CallDoris+1","floor":47}],"player_experience":249380,"relics_obtained":[{"floor":6.0,"key":"Pocketwatch"},{"floor":9.0,"key":"InkBottle"},{"floor":26.0,"key":"Matryoshka"},{"floor":37.0,"key":"Du-Vu Doll"},{"floor":40.0,"key":"Sundial"},{"floor":42.0,"key":"Dream Catcher"},{"floor":46.0,"key":"Bottled Lightning"}],"event_choices":[{"damage_healed":0.0,"max_hp_gain":0.0,"max_hp_loss":0.0,"gold_gain":0.0,"event_name":"Shining Light","player_choice":"Entered Light","floor":2.0,"gold_loss":0.0,"damage_taken":7.0,"cards_upgraded":["Hololive_Strike","Hololive_Trident"]},{"damage_healed":0.0,"max_hp_gain":0.0,"max_hp_loss":0.0,"gold_gain":0.0,"event_name":"Big Fish","player_choice":"Box","floor":3.0,"gold_loss":0.0,"damage_taken":0.0,"relics_obtained":["Boot"],"cards_obtained":["Regret"]},{"damage_healed":0.0,"max_hp_gain":0.0,"max_hp_loss":0.0,"gold_gain":75.0,"event_name":"World of Goop","player_choice":"Gather Gold","floor":8.0,"gold_loss":0.0,"damage_taken":11.0},{"damage_healed":0.0,"max_hp_gain":0.0,"max_hp_loss":0.0,"gold_gain":175.0,"event_name":"Liars Game","player_choice":"AGREE","floor":11.0,"gold_loss":0.0,"damage_taken":0.0,"cards_obtained":["Doubt"]},{"damage_healed":0.0,"max_hp_gain":0.0,"max_hp_loss":0.0,"gold_gain":0.0,"event_name":"The Mausoleum","player_choice":"Ignored","floor":21.0,"gold_loss":0.0,"damage_taken":0.0},{"damage_healed":0.0,"max_hp_gain":5.0,"max_hp_loss":0.0,"gold_gain":0.0,"event_name":"Forgotten Altar","player_choice":"Shed Blood","floor":22.0,"gold_loss":0.0,"damage_taken":9.0},{"cards_removed":["Hololive_Strike"],"damage_healed":0.0,"max_hp_gain":0.0,"max_hp_loss":0.0,"gold_gain":0.0,"event_name":"Back to Basics","player_choice":"Elegance","floor":28.0,"gold_loss":0.0,"damage_taken":0.0},{"damage_healed":0.0,"max_hp_gain":0.0,"max_hp_loss":0.0,"gold_gain":0.0,"event_name":"MindBloom","player_choice":"Fight","floor":37.0,"gold_loss":0.0,"damage_taken":0.0}],"is_beta":false,"boss_relics":[{"not_picked":["Hololive_ChaosS","Velvet Choker"],"picked":"Cursed Key"},{"not_picked":["Tiny House","Philosopher\u0027s Stone"],"picked":"Empty Cage"}],"items_purged_floors":[5,20,25,27,45],"is_endless":false,"potions_floor_spawned":[1,4,13,16,31,33,35,38,42,46,47],"killed_by":"Awakened One","ascension_level":0}}