{"host":"820xk69ekh5gtclf","time":1612114179,"event":{"mods":["BaseMod","Colored Map","Curses Come First","Custom Start","Downfall","Gremlin Mod","Hermit","Minty Spire (QoL Compilation)","StSLib"],"gold_per_floor":[110,129,26,26,26,26,61,61,61,61,87,106,133,153,153,230,230,246,246,246,246],"floor_reached":20,"language":"ENG","playtime":1038,"items_purged":["Strike_R"],"score":430,"play_id":"9d7d10c2-87ad-4dc7-8f40-ea8ccbe4423d","local_time":"20210131122939","is_ascension_mode":true,"campfire_choices":[{"data":"Flex","floor":6.0,"key":"SMITH"},{"data":"Thunderclap","floor":10.0,"key":"SMITH"},{"data":"Iron Wave","floor":15.0,"key":"SMITH"}],"circlet_count":0,"master_deck":["AscendersBane","Strike_R","Strike_R","Defend_R","Defend_R","Defend_R","Defend_R","Bash","Cleave","Armaments","Thunderclap+1","Flex+1","Power Through","Thunderclap","Body Slam","Iron Wave+1","Impervious","Thunderclap+1"],"relics":["Burning Blood","MealTicket","Ornamental Fan","Matryoshka","Dream Catcher","InkBottle","PreservedInsect","Omamori","Coffee Dripper"],"acts_visited":["TheCity"],"potions_floor_usage":[16],"damage_taken":[{"damage":7.0,"enemies":"Cultist","floor":1.0,"turns":4.0},{"damage":10.0,"enemies":"2 Louse","floor":2.0,"turns":2.0},{"damage":17.0,"enemies":"3 Sentries","floor":7.0,"turns":7.0},{"damage":14.0,"enemies":"Lagavulin","floor":11.0,"turns":7.0},{"damage":0.0,"enemies":"Jaw Worm","floor":12.0,"turns":3.0},{"damage":0.0,"enemies":"3 Sentries","floor":13.0,"turns":3.0},{"damage":1.0,"enemies":"Looter","floor":14.0,"turns":5.0},{"damage":37,"enemies":"The Guardian","floor":16,"turns":15},{"damage":0,"enemies":"3 Byrds","floor":18,"turns":7}],"seed_played":"-2802126649877758317","potions_obtained":[{"floor":1.0,"key":"SneckoOil"},{"floor":11.0,"key":"DistilledChaos"},{"floor":13.0,"key":"FearPotion"},{"floor":18,"key":"BlessingOfTheForge"}],"is_trial":false,"path_per_floor":["M","M","$","T","?","R","E","?","T","R","E","M","E","M","R","B",null,"M","?","$"],"character_chosen":"IRONCLAD","items_purchased":["Thunderclap"],"campfire_rested":0,"item_purchase_floors":[3],"current_hp_per_floor":[67,63,75,75,75,75,64,57,57,57,49,55,61,66,66,35,65,71,50,65,65],"gold":246,"neow_bonus":"RANDOM_COMMON_RELIC","is_daily":false,"chose_seed":false,"campfire_upgraded":3,"win_rate":0.0,"timestamp":1612114179,"path_taken":["M","M","$","?","?","R","E","?","T","R","E","M","E","M","R","BOSS","M","?","$"],"items_purchased_type":["Card"],"build_version":"2020-12-22","purchased_purges":1,"victory":false,"max_hp_per_floor":[75,75,75,75,75,75,75,75,75,75,75,75,75,75,75,75,75,75,80,80,80],"card_choices":[{"not_picked":["Sever Soul","Heavy Blade"],"picked":"Cleave","floor":1.0},{"not_picked":["Seeing Red","Wild Strike"],"picked":"Armaments","floor":2.0},{"not_picked":["Rupture","Berserk","Reckless Charge"],"picked":"SKIP","floor":7.0},{"not_picked":["Armaments","Pummel"],"picked":"Power Through","floor":11.0},{"not_picked":["Rupture","Cleave"],"picked":"Thunderclap","floor":12.0},{"not_picked":["Anger","Ghostly Armor"],"picked":"Body Slam","floor":13.0},{"not_picked":["Pommel Strike","Warcry"],"picked":"Iron Wave","floor":14.0},{"not_picked":["Feed","Immolate"],"picked":"Impervious","floor":16},{"not_picked":["Intimidate","Perfected Strike+1"],"picked":"Thunderclap+1","floor":18}],"player_experience":2447192,"relics_obtained":[{"floor":4.0,"key":"Ornamental Fan"},{"floor":7.0,"key":"Matryoshka"},{"floor":9.0,"key":"Dream Catcher"},{"floor":9.0,"key":"InkBottle"},{"floor":11.0,"key":"PreservedInsect"},{"floor":13.0,"key":"Omamori"}],"event_choices":[{"damage_healed":0.0,"max_hp_gain":0.0,"max_hp_loss":0.0,"gold_gain":0.0,"cards_transformed":["Strike_R"],"event_name":"Living Wall","player_choice":"Change","floor":5.0,"gold_loss":0.0,"damage_taken":0.0,"cards_obtained":["Flex"]},{"cards_removed":["Strike_R"],"damage_healed":0.0,"max_hp_gain":0.0,"max_hp_loss":0.0,"gold_gain":0.0,"event_name":"Golden Wing","player_choice":"Card Removal","floor":8.0,"gold_loss":0.0,"damage_taken":7.0},{"damage_healed":0,"gold_gain":0,"player_choice":"Shed Blood","damage_taken":26,"max_hp_gain":5,"max_hp_loss":0,"event_name":"Forgotten Altar","floor":19,"gold_loss":0}],"is_beta":false,"boss_relics":[{"not_picked":["Astrolabe","Tiny House"],"picked":"Coffee Dripper"}],"items_purged_floors":[3],"is_endless":false,"potions_floor_spawned":[1,11,13,18],"ascension_level":20}}