{"host":"amvb77pwe2wp6zyc","time":1612132506,"event":{"mods":["2.2 Compatiblity","AchievementEnabler","AlwaysNeverKeys","BaseMod","BetterRewards","Downfall","GifTheSpireLib","Minty Spire (QoL Compilation)","Permanent Neow","Quick Restart","Relic Filter","Shop Mod","StSLib","SuperFastMode","Trackpad"],"gold_per_floor":[109,121,140,140,151,151,151,151,151,171,171,171,171,171,171,276,276,295,307,307,222,222,222,222,222,249,249,199,217,316,316,316,316,316,316],"floor_reached":33,"language":"DEU","playtime":685,"items_purged":[],"score":331,"play_id":"cb8bf1ec-932b-46f0-9b36-68b710bed340","local_time":"20210131233506","daily_mods":["Vintage","Flight"],"is_ascension_mode":false,"campfire_choices":[{"data":"Guardian:Strike_Guardian","floor":6,"key":"PURGE"},{"data":"Guardian:Strike_Guardian","floor":7,"key":"PURGE"},{"data":"Guardian:Defend_Guardian","floor":8,"key":"PURGE"},{"data":"Guardian:CurlUp","floor":12,"key":"PURGE"},{"data":"Guardian:Defend_Guardian","floor":13,"key":"PURGE"},{"floor":15,"key":"REST"},{"floor":23,"key":"DIG"},{"data":"Guardian:TwinSlam","floor":24,"key":"SMITH"},{"floor":25,"key":"DIG"},{"floor":27,"key":"DIG"},{"floor":32,"key":"REST"}],"circlet_count":0,"master_deck":["Guardian:TwinSlam+1"],"relics":["Guardian:ModeShifter","Empty Cage","Unceasing Top","Peace Pipe","trackpad:BottledTsunami","trackpad:GuardianSpirit","Shovel","Sozu","trackpad:WritersBlock","sneckomod:BlankCard","trackpad:ByrdCharm","Slimebound:StickyStick","trackpad:CultistFigurine","Akabeko","Eternal Feather","Incense Burner"],"acts_visited":["Exordium","TheCity"],"potions_floor_usage":[],"damage_taken":[{"damage":7,"enemies":"Small Slimes","floor":1,"turns":4},{"damage":6,"enemies":"Jaw Worm","floor":2,"turns":6},{"damage":12,"enemies":"Cultist","floor":3,"turns":5},{"damage":7,"enemies":"3 Louse","floor":5,"turns":4},{"damage":2,"enemies":"2 Fungi Beasts","floor":10,"turns":4},{"damage":124,"enemies":"Hexaghost","floor":16,"turns":13},{"damage":20,"enemies":"2 Thieves","floor":18,"turns":3},{"damage":20,"enemies":"Shell Parasite","floor":19,"turns":4},{"damage":0,"enemies":"Sentry and Sphere","floor":29,"turns":2},{"damage":70,"enemies":"Automaton","floor":33,"turns":11}],"seed_played":"-1339873189046841181","potions_obtained":[{"floor":2,"key":"Block Potion"},{"floor":3,"key":"BlessingOfTheForge"}],"is_trial":true,"path_per_floor":["M","M","M","?","M","R","R","R","T","M","?","R","R","?","R","B",null,"M","M","?","?","?","R","R","R","T","R","?","M","?","?","R","B"],"character_chosen":"GUARDIAN","items_purchased":[],"campfire_rested":2,"item_purchase_floors":[],"current_hp_per_floor":[73,67,55,55,48,48,48,48,48,46,39,39,39,39,63,14,80,60,40,40,40,40,40,40,40,40,40,40,40,40,40,64,0,0,0],"gold":316,"neow_bonus":"","is_daily":false,"chose_seed":false,"campfire_upgraded":1,"win_rate":0.0,"timestamp":1612132506,"path_taken":["M","M","M","?","M","R","R","R","T","M","?","R","R","?","R","BOSS","M","M","?","?","?","R","R","R","T","R","?","?","?","?","R","BOSS"],"items_purchased_type":[],"build_version":"2020-12-22","purchased_purges":0,"victory":false,"max_hp_per_floor":[80,80,80,80,80,80,80,80,80,80,80,80,80,80,80,80,80,80,80,80,80,80,80,80,80,80,80,80,80,80,80,80,80,80,80],"card_choices":[],"player_experience":262515,"relics_obtained":[{"floor":1,"key":"Empty Cage"},{"floor":2,"key":"Unceasing Top"},{"floor":3,"key":"Peace Pipe"},{"floor":5,"key":"trackpad:BottledTsunami"},{"floor":9,"key":"trackpad:GuardianSpirit"},{"floor":10,"key":"Shovel"},{"floor":18,"key":"trackpad:WritersBlock"},{"floor":19,"key":"sneckomod:BlankCard"},{"floor":23,"key":"Slimebound:StickyStick"},{"floor":25,"key":"trackpad:CultistFigurine"},{"floor":26,"key":"Akabeko"},{"floor":27,"key":"Eternal Feather"},{"floor":29,"key":"Incense Burner"}],"event_choices":[{"cards_removed":["Guardian:Defend_Guardian"],"damage_healed":0,"gold_gain":0,"player_choice":"Card Removal","damage_taken":7,"max_hp_gain":0,"max_hp_loss":0,"event_name":"Golden Wing","floor":11,"gold_loss":0},{"damage_healed":0,"gold_gain":0,"player_choice":"Ignored","damage_taken":0,"max_hp_gain":0,"max_hp_loss":0,"event_name":"Liars Game","floor":14,"gold_loss":0},{"damage_healed":0,"gold_gain":0,"player_choice":"Obtained Relic","damage_taken":0,"relics_obtained":["trackpad:ByrdCharm"],"max_hp_gain":0,"max_hp_loss":0,"event_name":"Addict","floor":21,"gold_loss":85},{"damage_healed":0,"gold_gain":0,"player_choice":"Ignored","damage_taken":0,"max_hp_gain":0,"max_hp_loss":0,"event_name":"Beggar","floor":22,"gold_loss":0},{"damage_healed":0,"gold_gain":0,"player_choice":"Bet on Murderer","damage_taken":0,"max_hp_gain":0,"max_hp_loss":0,"event_name":"The Joust","floor":28,"gold_loss":50},{"damage_healed":0,"gold_gain":99,"player_choice":"Stole From Cult","damage_taken":0,"max_hp_gain":0,"max_hp_loss":0,"event_name":"Nest","floor":30,"gold_loss":0},{"damage_healed":0,"gold_gain":0,"player_choice":"Ignored","damage_taken":0,"max_hp_gain":0,"max_hp_loss":0,"event_name":"Ghosts","floor":31,"gold_loss":0}],"is_beta":false,"boss_relics":[{"not_picked":["Astrolabe","Coffee Dripper"],"picked":"Sozu"}],"items_purged_floors":[],"is_endless":true,"potions_floor_spawned":[2,3,10,19,29],"killed_by":"Automaton","ascension_level":0}}