{"host":"yp2ga117svxnbcen","time":1612125282,"event":{"mods":["Act Like it!","Aspiration","BaseMod","BetterRewards","ChefMod","Colored Map","Conspire","Custom Start","Downfall","Elementarium","Gensokyo","GifTheSpireLib","Gold Saver","GungeonMod","Halation","Hallownest","Hermit","HornydragonMod","Hubris","Menagerie","Minty Spire (QoL Compilation)","Quick Restart","Remove Card Discount Mod","Replay The Spire","Shop Mod","Spicy Shops","StSLib","Stuff the Spire","The Blue Laboratory","The IronCluck","egg","slay the spire mod where everything is the same but ironclad has a cowboy hat","??????REMEMod"],"gold_per_floor":[99,99,99,99,99,274,325,325,325,338,338,371,371,246,259,359,359,359,373,373,406,81,356,380,399,417,117,217,229,241,16,30,131,131,131,143,157,157,64,96,96,22,33,44,62,81,81,93,107,109,109,109],"floor_reached":50,"language":"ENG","playtime":2218,"items_purged":["Doubt","champ:Strike","champ:Strike","champ:Strike","champ:Strike","Shame","champ:EnragedBash+1","champ:FlashCut","champ:Execute","Regret","champ:Taunt","champ:EnGarde","champ:SwordThrow"],"score":678,"play_id":"e22c16da-57ac-4e42-9cc4-bd325f211d25","local_time":"20210131123442","is_ascension_mode":true,"campfire_choices":[{"data":"Juggernaut","floor":1,"key":"SMITH"},{"data":"champ:ShieldSigil","floor":8,"key":"SMITH"},{"floor":11,"key":"RECALL"},{"data":"Limit Break","floor":18,"key":"SMITH"},{"data":"champ:Lariat","floor":27,"key":"SMITH"},{"data":"champ:HoldFirm","floor":35,"key":"SMITH"},{"data":"expansioncontent:PolyBeam","floor":47,"key":"SMITH"}],"circlet_count":0,"master_deck":["champ:Defend","champ:Defend","champ:Defend","champ:Defend","Juggernaut+1","champ:Backstep","champ:ShieldSigil+1","champ:HoldFirm+1","champ:SteelEdge+1","champ:DefensiveShout","champ:Lariat+1","Limit Break+1","AbeCurse","champ:Lariat","champ:HoldFirm+1","champ:Circumvent","champ:FalseCounter","champ:FlashCut+1","champ:SwordThrow+1","champ:SkillfulDodge","champ:BringItOn","expansioncontent:PolyBeam+1","champ:SwordSigil+1","champ:Circumvent","Dark Shackles","champ:SkillfulDodge+1","champ:Endure","champ:EnGarde+1","champ:Circumvent+1"],"relics":["REME_ComplimentaryCards","downfall:HeartsMalice","Gremlin Food","m_IronCrown","halation:TwoAmDonut","Abe\u0027s Treasure","DemoMod:DecoyRelic","hubris:SlimyHat","StuffTheSpire:GrapeVine","downfall:HeartBlessingRed","downfall:HeartBlessingGreen","downfall:HeartBlessingBlue","downfall:GremlinWheel","Guide Book","bronze:MakeshiftBattery","Meat on the Bone","halation:LettersToHer","Blue Doll","Quantum Egg","Lantern","aspiration:Nostalgia","Replay:M_StaffOfTheSnake"],"acts_visited":["Exordium","TheCity","TheBeyond"],"potions_floor_usage":[16,33,33,40,42,50],"damage_taken":[{"damage":0,"enemies":"Small Slimes","floor":2,"turns":1},{"damage":0,"enemies":"Cultist","floor":3,"turns":1},{"damage":0,"enemies":"Jaw Worm","floor":5,"turns":1},{"damage":5,"enemies":"2 Fungi Beasts","floor":10,"turns":3},{"damage":9,"enemies":"Gremlin Nob","floor":12,"turns":4},{"damage":5,"enemies":"downfall:FleeingMerchant","floor":14,"turns":4},{"damage":9,"enemies":"Exordium Thugs","floor":15,"turns":5},{"damage":41,"enemies":"DF_ARCHETYPE_STREAMLINE","floor":16,"turns":9},{"damage":0,"enemies":"3 Byrds","floor":19,"turns":3},{"damage":8,"enemies":"conspire:MimicChest","floor":21,"turns":6},{"damage":0,"enemies":"downfall:FleeingMerchant","floor":22,"turns":4},{"damage":0,"enemies":"Spheric Guardian","floor":25,"turns":3},{"damage":5,"enemies":"Centurion and Healer","floor":26,"turns":7},{"damage":3,"enemies":"Centurion and Healer","floor":28,"turns":5},{"damage":12,"enemies":"3 Cultists","floor":29,"turns":5},{"damage":4,"enemies":"conspire:HollyBat","floor":30,"turns":8},{"damage":1,"enemies":"downfall:FleeingMerchant","floor":31,"turns":4},{"damage":0,"enemies":"Snecko","floor":32,"turns":4},{"damage":11,"enemies":"WA_ARCHETYPE_CALM","floor":33,"turns":8},{"damage":8,"enemies":"3 Darklings","floor":36,"turns":5},{"damage":0,"enemies":"Orb Walker","floor":37,"turns":6},{"damage":0,"enemies":"downfall:FleeingMerchant","floor":39,"turns":4},{"damage":71,"enemies":"Giant Head","floor":40,"turns":8},{"damage":9,"enemies":"downfall:FleeingMerchant","floor":42,"turns":4},{"damage":17,"enemies":"Spire Growth","floor":43,"turns":5},{"damage":16,"enemies":"4 Shapes","floor":44,"turns":5},{"damage":0,"enemies":"Jaw Worm Horde","floor":45,"turns":5},{"damage":0,"enemies":"Writhing Mass","floor":46,"turns":3},{"damage":0,"enemies":"3 Darklings","floor":48,"turns":5},{"damage":0,"enemies":"4 Shapes","floor":49,"turns":8},{"damage":109,"enemies":"IC_BLOCK_ARCHETYPE","floor":50,"turns":13}],"seed_played":"761167054765994713","potions_obtained":[{"floor":15,"key":"LiquidBronze"},{"floor":21,"key":"Cursed Concoction"},{"floor":25,"key":"Energy Potion"},{"floor":32,"key":"SpeedPotion"},{"floor":37,"key":"blueLaboratory:FrostheartPotion"},{"floor":40,"key":"Fire Potion"}],"is_trial":false,"path_per_floor":["R","M","M","?","M","?","T","R","?","M","R","E","?","$","M","B",null,"R","M","?","?","$","?","T","M","M","R","?","M","M","$","M","B",null,"R","M","M","?","$","E","T","?","M","M","M","M","R","M","M","B"],"character_chosen":"THE_CHAMP","items_purchased":["halation:TwoAmDonut","champ:HoldFirm","hubris:SlimyHat","champ:Circumvent","Guide Book","Energy Potion","halation:LettersToHer","champ:Circumvent","Lantern","Dark Shackles","aspiration:Nostalgia","Energy Potion","Energy Potion"],"campfire_rested":0,"item_purchase_floors":[14,22,22,22,31,31,39,42,42,42,42,42,42],"current_hp_per_floor":[90,90,90,90,90,90,90,90,90,85,85,76,76,77,74,39,90,90,90,90,88,90,90,90,90,90,100,100,94,96,100,100,95,100,100,98,100,100,100,47,47,56,57,59,65,71,71,77,83,0,0,0],"gold":109,"neow_bonus":"THREE_ENEMY_KILL","is_daily":false,"chose_seed":false,"campfire_upgraded":6,"win_rate":0.0,"timestamp":1612125282,"path_taken":["R","M","M","?","?","?","T","R","?","M","R","E","?","?","M","BOSS","R","M","?","?","$","?","T","M","?","R","?","?","M","$","M","BOSS","R","M","M","?","$","E","T","?","M","M","M","M","R","M","M","BOSS"],"items_purchased_type":["Relic","Card","Relic","Card","Relic","Potion","Relic","Card","Relic","Card","Relic","Potion","Potion"],"build_version":"2020-12-22","purchased_purges":13,"victory":false,"max_hp_per_floor":[90,90,90,90,90,90,90,90,90,90,90,90,90,90,90,90,90,90,90,90,90,90,90,90,90,90,100,100,100,100,100,100,100,100,100,100,100,100,100,100,100,100,100,100,100,100,100,100,100,100,100,100],"card_choices":[{"not_picked":["champ:SwordSigil","champ:Haymaker"],"picked":"champ:Backstep","floor":2},{"not_picked":["champ:ShieldSigil","champ:PreemptiveStrike"],"picked":"champ:FlashCut","floor":3},{"not_picked":["champ:AdrenalArmor","champ:Shatter"],"picked":"champ:ShieldSigil","floor":5},{"not_picked":["champ:FlashCut","champ:RecklessLeap"],"picked":"champ:HoldFirm","floor":10},{"not_picked":["champ:AdrenalArmor","champ:DefensiveShout"],"picked":"champ:SteelEdge","floor":12},{"not_picked":["champ:RageSigil","champ:PreemptiveStrike"],"picked":"champ:DefensiveShout","floor":14},{"not_picked":["champ:BerserkersShout","champ:DefensiveShout"],"picked":"champ:Lariat","floor":15},{"not_picked":["Hemogenesis","champ:LastStand"],"picked":"Limit Break","floor":16},{"not_picked":["champ:Duel+1","champ:PreciseThrust"],"picked":"champ:Lariat","floor":19},{"not_picked":["champ:PreciseThrust","champ:ArenaPreparation"],"picked":"champ:EnGarde","floor":21},{"not_picked":["champ:FocusedBerserking+1","champ:BringItOn+1"],"picked":"champ:EnragedBash+1","floor":22},{"not_picked":["champ:FlashCut","champ:ArenaPreparation","champ:AdrenalArmor"],"picked":"SKIP","floor":25},{"not_picked":["champ:Shatter+1","champ:PerfectedStrike"],"picked":"champ:FalseCounter","floor":26},{"not_picked":["champ:PreemptiveStrike","champ:ShieldSigil"],"picked":"champ:FlashCut+1","floor":29},{"not_picked":["champ:ViciousMockery+1","champ:CalledShot"],"picked":"champ:SwordThrow","floor":30},{"not_picked":["champ:BerserkerStyle","champ:Backstep"],"picked":"champ:SkillfulDodge","floor":31},{"not_picked":["champ:EndlessRage","champ:PreciseThrust+1","champ:GutPunch"],"picked":"SKIP","floor":32},{"not_picked":["champ:StrikeOfGenius","champ:DancingMaster"],"picked":"champ:SwordThrow","floor":33},{"not_picked":["champ:DeathBlow","champ:FlashCut","champ:GutPunch"],"picked":"SKIP","floor":36},{"not_picked":["champ:AdrenalArmor","champ:RecklessLeap+1"],"picked":"champ:BringItOn","floor":37},{"not_picked":["expansioncontent:YouAreMine","Replay:SS_fish_1"],"picked":"expansioncontent:PolyBeam","floor":38},{"not_picked":["champ:FancyFootwork","champ:HeavySlash","champ:FaceSlap+1"],"picked":"SKIP","floor":39},{"not_picked":["champ:DefensiveShout","champ:BerserkersShout+1","champ:EnGarde"],"picked":"SKIP","floor":40},{"not_picked":["champ:GladiatorForm","champ:DefensiveShout"],"picked":"champ:SwordSigil+1","floor":42},{"not_picked":["Acrobatics+1","champ:BringItOn"],"picked":"champ:SkillfulDodge+1","floor":43},{"not_picked":["champ:StanceDance","Dagger Throw"],"picked":"champ:Endure","floor":44},{"not_picked":["champ:IronFortress","Weave"],"picked":"champ:EnGarde+1","floor":45},{"not_picked":["champ:AdrenalArmor","champ:StanceDance+1","Flying Knee"],"picked":"SKIP","floor":46},{"not_picked":["champ:Encircle+1","champ:EnGarde+1","champ:AdrenalArmor+1"],"picked":"SKIP","floor":48},{"not_picked":["Well Laid Plans","ThirdEye+1"],"picked":"champ:Circumvent+1","floor":49}],"player_experience":1165797,"relics_obtained":[{"floor":12,"key":"Gremlin Food"},{"floor":21,"key":"DemoMod:DecoyRelic"},{"floor":24,"key":"StuffTheSpire:GrapeVine"},{"floor":28,"key":"downfall:GremlinWheel"},{"floor":35,"key":"Meat on the Bone"},{"floor":40,"key":"Blue Doll"},{"floor":41,"key":"halation:LettersToHer"},{"floor":41,"key":"Quantum Egg"}],"event_choices":[{"damage_healed":0,"gold_gain":0,"player_choice":"Disagree","damage_taken":0,"max_hp_gain":0,"max_hp_loss":0,"event_name":"conspire:LoneGhost","floor":9,"gold_loss":0},{"damage_healed":0,"gold_gain":0,"player_choice":"Relic","damage_taken":0,"max_hp_gain":0,"max_hp_loss":0,"event_name":"Wheel of Change","floor":35,"gold_loss":0}],"is_beta":false,"boss_relics":[{"not_picked":["hubris:HollowSoul","Replay:Bronze Core"],"picked":"Abe\u0027s Treasure"},{"not_picked":["Pandora\u0027s Box","Snecko Heart"],"picked":"bronze:MakeshiftBattery"}],"items_purged_floors":[14,14,14,14,14,14,22,22,22,31,31,31,39],"is_endless":false,"potions_floor_spawned":[12,15,16,21,25,29,32,37,40,43,45,48],"killed_by":"IC_BLOCK_ARCHETYPE","ascension_level":1}}