{"host":"49pjgf1q9ev52n8z","time":1612062706,"event":{"mods":["BaseMod","Bestiary","Colored Map","Minty Spire (QoL Compilation)","Relic Stats","StSLib"],"gold_per_floor":[116,116,180,380,399,399,430,430,456,127,146,146,165,193,193,272,272,246,79,163,138,188,188,200,200,200],"floor_reached":25,"language":"ENG","playtime":2716,"items_purged":["Doubt"],"score":408,"play_id":"df86f30d-736f-425e-a9b0-db8cb0f0066b","local_time":"20210130191146","is_ascension_mode":true,"campfire_choices":[{"data":"Skewer","floor":6,"key":"SMITH"},{"floor":8,"key":"REST"},{"floor":12,"key":"REST"},{"data":"Caltrops","floor":15,"key":"SMITH"},{"floor":23,"key":"REST"}],"circlet_count":0,"master_deck":["AscendersBane","Strike_G","Strike_G","Strike_G","Strike_G","Defend_G+1","Defend_G","Defend_G","Defend_G","Defend_G","Survivor","Neutralize","Adrenaline","Caltrops+1","Skewer+1","Quick Slash","Venomology+1","Deflect","Sucker Punch","Malaise","Deadly Poison","Noxious Fumes"],"relics":["Ring of the Snake","SsserpentHead","Omamori","War Paint","Toy Ornithopter","Ancient Tea Set","Runic Pyramid","Oddly Smooth Stone","Red Mask"],"acts_visited":["Exordium","TheCity"],"potions_floor_usage":[5,11,13,13,14,14,16,16,18,20,20,20,25],"damage_taken":[{"damage":0,"enemies":"Jaw Worm","floor":1,"turns":5},{"damage":3,"enemies":"Cultist","floor":3,"turns":5},{"damage":1,"enemies":"Small Slimes","floor":5,"turns":3},{"damage":54,"enemies":"Gremlin Nob","floor":7,"turns":5},{"damage":0,"enemies":"3 Louse","floor":11,"turns":3},{"damage":5,"enemies":"Exordium Thugs","floor":13,"turns":5},{"damage":22,"enemies":"Lagavulin","floor":14,"turns":7},{"damage":28,"enemies":"Slime Boss","floor":16,"turns":12},{"damage":25,"enemies":"2 Thieves","floor":18,"turns":4},{"damage":43,"enemies":"Masked Bandits","floor":20,"turns":6},{"damage":0,"enemies":"Spheric Guardian","floor":24,"turns":1},{"damage":33,"enemies":"Gremlin Leader","floor":25,"turns":4}],"seed_played":"1223643247727278175","potions_obtained":[{"floor":1,"key":"Explosive Potion"},{"floor":3,"key":"SkillPotion"},{"floor":13,"key":"LiquidBronze"},{"floor":16,"key":"DuplicationPotion"},{"floor":18,"key":"Fruit Juice"}],"is_trial":false,"path_per_floor":["M","?","M","?","M","R","E","R","T","$","M","R","M","E","R","B",null,"M","$","?","?","?","R","M","E"],"character_chosen":"THE_SILENT","items_purchased":["Toy Ornithopter","Regen Potion","Oddly Smooth Stone"],"campfire_rested":3,"item_purchase_floors":[10,10,19],"current_hp_per_floor":[59,59,56,56,55,55,1,19,19,19,24,42,57,38,38,20,50,30,30,7,7,7,26,26,0,0],"gold":200,"neow_bonus":"THREE_RARE_CARDS","is_daily":false,"chose_seed":false,"campfire_upgraded":2,"win_rate":0.0,"timestamp":1612062706,"path_taken":["M","?","?","?","M","R","E","R","T","$","M","R","M","E","R","BOSS","M","$","?","?","?","R","M","E"],"items_purchased_type":["Relic","Potion","Relic"],"build_version":"2020-12-22","purchased_purges":1,"victory":false,"max_hp_per_floor":[60,60,60,60,60,60,60,60,60,60,60,60,60,60,60,60,60,60,60,65,65,65,65,65,65,65],"relic_stats":{"SsserpentHead":250,"counters":[12,60],"War Paint":["Defend_G","Venomology"],"obtain_stats":[{"SsserpentHead":2,"Oddly Smooth Stone":19,"Omamori":7,"Red Mask":20,"War Paint":9,"Ancient Tea Set":14,"Toy Ornithopter":10,"Ring of the Snake":0,"Runic Pyramid":17},{"SsserpentHead":1,"Oddly Smooth Stone":9,"Omamori":4,"Red Mask":10,"War Paint":4,"Ancient Tea Set":7,"Toy Ornithopter":4,"Ring of the Snake":0,"Runic Pyramid":8},{"SsserpentHead":5,"Oddly Smooth Stone":49,"Omamori":18,"Red Mask":55,"War Paint":18,"Ancient Tea Set":33,"Toy Ornithopter":18,"Ring of the Snake":0,"Runic Pyramid":45}],"Toy Ornithopter":52,"Ring of the Snake":[24]},"card_choices":[{"not_picked":["Corpse Explosion","Venomology"],"picked":"Adrenaline","floor":0},{"not_picked":["Expertise","All Out Attack"],"picked":"Caltrops","floor":1},{"not_picked":["Well Laid Plans","Slice"],"picked":"Skewer","floor":3},{"not_picked":["Terror","Acrobatics"],"picked":"Quick Slash","floor":5},{"not_picked":["Poisoned Stab","Calculated Gamble"],"picked":"Venomology","floor":7},{"not_picked":["Dodge and Roll","Blur"],"picked":"Deflect","floor":11},{"not_picked":["Quick Slash","Underhanded Strike"],"picked":"Sucker Punch","floor":13},{"not_picked":["Riddle With Holes","Cloak And Dagger","Phantasmal Killer"],"picked":"SKIP","floor":14},{"not_picked":["After Image","Phantasmal Killer"],"picked":"Malaise","floor":16},{"not_picked":["Quick Slash+1","Well Laid Plans"],"picked":"Deadly Poison","floor":18},{"not_picked":["Deadly Poison","Dagger Spray"],"picked":"Noxious Fumes","floor":24}],"player_experience":651635,"relics_obtained":[{"floor":7,"key":"Omamori"},{"floor":9,"key":"War Paint"},{"floor":14,"key":"Ancient Tea Set"},{"floor":20,"key":"Red Mask"}],"event_choices":[{"damage_healed":0,"gold_gain":0,"player_choice":"Trade","damage_taken":0,"relics_obtained":["SsserpentHead"],"max_hp_gain":0,"max_hp_loss":0,"event_name":"FaceTrader","floor":2,"gold_loss":0},{"damage_healed":0,"gold_gain":150,"player_choice":"AGREE","damage_taken":0,"max_hp_gain":0,"max_hp_loss":0,"event_name":"Liars Game","floor":4,"gold_loss":0,"cards_obtained":["Doubt"]},{"damage_healed":0,"gold_gain":0,"player_choice":"Fought Bandits","damage_taken":0,"max_hp_gain":0,"max_hp_loss":0,"event_name":"Masked Bandits","floor":20,"gold_loss":0},{"cards_removed":["Strike_G"],"damage_healed":0,"gold_gain":0,"player_choice":"Gave Gold","damage_taken":0,"max_hp_gain":0,"max_hp_loss":0,"event_name":"Beggar","floor":21,"gold_loss":75},{"damage_healed":0,"gold_gain":0,"player_choice":"Smashed Altar","damage_taken":0,"max_hp_gain":0,"max_hp_loss":0,"event_name":"Forgotten Altar","floor":22,"gold_loss":0,"cards_obtained":["Decay"]}],"is_beta":false,"boss_relics":[{"not_picked":["Ectoplasm","Philosopher\u0027s Stone"],"picked":"Runic Pyramid"}],"items_purged_floors":[10],"is_endless":false,"potions_floor_spawned":[1,3,13,16,18],"killed_by":"Gremlin Leader","ascension_level":19}}