{"host":"f0gpob8hq9vgebej","time":1612074171,"event":{"mods":["AchievementEnabler","BaseMod","Minty Spire (QoL Compilation)","Quick Restart","SuperFastMode"],"gold_per_floor":[113,113,123,140,154,154,165,176,200,225,225,254,271,289,289,385,385,399,414,329,254,126,154,10,10,82,82,93,93,93],"floor_reached":29,"language":"KOR","playtime":762,"items_purged":["Defend_P","Strike_P"],"score":334,"play_id":"da1df4ce-8d6f-4dea-b6d1-6bf6d73bb2ee","local_time":"20210131152251","is_ascension_mode":true,"campfire_choices":[{"data":"Eruption","floor":6.0,"key":"SMITH"},{"floor":15.0,"key":"REST"},{"floor":25,"key":"REST"},{"data":"MentalFortress","floor":27,"key":"SMITH"}],"circlet_count":0,"master_deck":["Strike_P","Strike_P","Defend_P","Defend_P","Defend_P","Eruption+1","Vigilance","DeusExMachina","ClearTheMind","MentalFortress+1","BattleHymn","FlurryOfBlows","InnerPeace","TalkToTheHand","Vengeance+1","Conclude","Bandage Up","BowlingBash+1"],"relics":["PureWater","Oddly Smooth Stone","Calipers","Smiling Mask","Art of War","Bronze Scales","Ornamental Fan"],"acts_visited":["Exordium","TheCity"],"potions_floor_usage":[23,23],"damage_taken":[{"damage":3.0,"enemies":"2 Louse","floor":1.0,"turns":4.0},{"damage":2.0,"enemies":"Small Slimes","floor":3.0,"turns":4.0},{"damage":0.0,"enemies":"Jaw Worm","floor":4.0,"turns":4.0},{"damage":4.0,"enemies":"Exordium Wildlife","floor":5.0,"turns":4.0},{"damage":8.0,"enemies":"Exordium Thugs","floor":7.0,"turns":5.0},{"damage":3.0,"enemies":"Blue Slaver","floor":8.0,"turns":3.0},{"damage":19.0,"enemies":"3 Sentries","floor":10.0,"turns":7.0},{"damage":16.0,"enemies":"Gremlin Nob","floor":12.0,"turns":3.0},{"damage":12.0,"enemies":"Exordium Wildlife","floor":13.0,"turns":3.0},{"damage":0.0,"enemies":"3 Louse","floor":14.0,"turns":2.0},{"damage":12.0,"enemies":"The Guardian","floor":16.0,"turns":11.0},{"damage":8,"enemies":"Chosen","floor":18,"turns":7},{"damage":13,"enemies":"2 Thieves","floor":19,"turns":4},{"damage":53,"enemies":"Book of Stabbing","floor":23,"turns":6},{"damage":18,"enemies":"Centurion and Healer","floor":28,"turns":5},{"damage":16,"enemies":"Snecko","floor":29,"turns":3}],"seed_played":"6580941537428040261","potions_obtained":[{"floor":4.0,"key":"AttackPotion"},{"floor":7.0,"key":"SpeedPotion"},{"floor":10.0,"key":"DistilledChaos"},{"floor":13.0,"key":"SneckoOil"},{"floor":14.0,"key":"BottledMiracle"},{"floor":19,"key":"DistilledChaos"}],"is_trial":false,"path_per_floor":["M","?","M","M","M","R","M","M","T","E","?","E","M","M","R","B",null,"M","M","?","?","$","E","$","R","T","R","M","M"],"character_chosen":"WATCHER","items_purchased":["Regen Potion","Bandage Up"],"campfire_rested":2,"item_purchase_floors":[22,24],"current_hp_per_floor":[62,67,65,65,61,61,53,50,50,31,31,15,3,3,26,14,61,53,40,40,40,40,2,2,25,25,25,11,0,0],"gold":93,"neow_bonus":"ONE_RANDOM_RARE_CARD","is_daily":false,"chose_seed":false,"campfire_upgraded":2,"win_rate":0.0,"timestamp":1612074171,"path_taken":["M","?","M","M","M","R","M","M","T","E","?","E","M","M","R","BOSS","M","M","?","?","?","E","$","R","T","R","M","M"],"items_purchased_type":["Potion","Card"],"build_version":"2020-12-22","purchased_purges":2,"victory":false,"max_hp_per_floor":[72,77,77,77,77,77,77,77,77,77,77,77,77,77,77,77,77,77,77,77,77,77,77,77,77,77,77,77,77,77],"card_choices":[{"not_picked":["Halt","Prostrate","JustLucky"],"picked":"SKIP","floor":1.0},{"not_picked":["FlyingSleeves","CrushJoints"],"picked":"ClearTheMind","floor":3.0},{"not_picked":["EmptyFist","SignatureMove","Sanctity"],"picked":"SKIP","floor":4.0},{"not_picked":["WheelKick","InnerPeace"],"picked":"MentalFortress","floor":5.0},{"not_picked":["EmptyFist","CrushJoints"],"picked":"BattleHymn","floor":7.0},{"not_picked":["CutThroughFate","ThirdEye","Wish"],"picked":"SKIP","floor":8.0},{"not_picked":["PathToVictory","WreathOfFlame","Wallop"],"picked":"SKIP","floor":10.0},{"not_picked":["ClearTheMind","Wallop"],"picked":"FlurryOfBlows","floor":12.0},{"not_picked":["EmptyFist","Halt"],"picked":"InnerPeace","floor":13.0},{"not_picked":["EmptyMind","EmptyBody"],"picked":"TalkToTheHand","floor":14.0},{"not_picked":["CutThroughFate+1","Swivel"],"picked":"Vengeance+1","floor":18},{"not_picked":["EmptyFist","Worship","CutThroughFate"],"picked":"SKIP","floor":19},{"not_picked":["Halt","LessonLearned"],"picked":"Conclude","floor":23},{"not_picked":["EmptyFist+1","SashWhip"],"picked":"BowlingBash+1","floor":28}],"player_experience":306439,"relics_obtained":[{"floor":9.0,"key":"Oddly Smooth Stone"},{"floor":10.0,"key":"Calipers"},{"floor":12.0,"key":"Smiling Mask"},{"floor":23,"key":"Bronze Scales"},{"floor":26,"key":"Ornamental Fan"}],"event_choices":[{"damage_healed":0.0,"max_hp_gain":5.0,"max_hp_loss":0.0,"gold_gain":0.0,"event_name":"Big Fish","player_choice":"Donut","floor":2.0,"gold_loss":0.0,"damage_taken":0.0},{"damage_healed":0.0,"max_hp_gain":0.0,"max_hp_loss":0.0,"gold_gain":0.0,"event_name":"Liars Game","player_choice":"Ignored","floor":11.0,"gold_loss":0.0,"damage_taken":0.0},{"damage_healed":0,"gold_gain":0,"player_choice":"Obtained Relic","damage_taken":0,"relics_obtained":["Art of War"],"max_hp_gain":0,"max_hp_loss":0,"event_name":"Addict","floor":20,"gold_loss":85},{"cards_removed":["Strike_P"],"damage_healed":0,"gold_gain":0,"player_choice":"Gave Gold","damage_taken":0,"max_hp_gain":0,"max_hp_loss":0,"event_name":"Beggar","floor":21,"gold_loss":75}],"is_beta":false,"boss_relics":[{"not_picked":["Cursed Key","Coffee Dripper","Runic Dome"]}],"items_purged_floors":[22,24],"is_endless":false,"potions_floor_spawned":[4,7,10,13,14,19],"killed_by":"Snecko","ascension_level":6}}