{"host":"b2j09bgckbzjrujr","time":1612083980,"event":{"mods":["AchievementEnabler","Aspiration","BaseMod","BetterRewards","Colored Map","Colored Powertips","Conspire","Friendly Minions","Infinite Spire","Marisa£®ÏF”Í°°ƒß¿Ì…≥£©","Minty Spire (QoL Compilation)","Quick Restart","Rare Cards Sparkle","Reimu£®≤©¿ˆ¡È√Œ£©","Remilia£®¿Ÿ√◊¿Ú—«£©","Replay The Spire","Shop Mod","StSLib","SuperFastMode","TestMod","The Cursed","The Jungle","The Servant 0.9.4","Waifu the Spire","Youmu£®ªÍ∆«—˝√Œ£©","Yuyuko"],"gold_per_floor":[117,117,117,117,130,130,165,165,165,165,21,56,56,12,12,113,113,134,153,153,176,194,224,256,256,256,279,279,302,322,340,340,448,448,467,467,479,495,521,521,521],"floor_reached":40,"language":"ZHS","playtime":1441,"items_purged":["Decay"],"score":783,"play_id":"8b52d464-5be3-4f46-ab4a-295e240eca78","local_time":"20210131170620","is_ascension_mode":true,"campfire_choices":[{"floor":6.0,"key":"REST"},{"data":"Uppercut","floor":8.0,"key":"SMITH"},{"data":"Feed","floor":15.0,"key":"SMITH"},{"floor":32.0,"key":"RECALL"}],"circlet_count":0,"master_deck":["Strike_R","Strike_R","Strike_R","Strike_R","Strike_R","Defend_R","Defend_R","Defend_R","Defend_R","Bash+1","Uppercut+1","Feed+1","Reaper","Parasite"],"relics":["Burning Blood","testmod-ArcanaOfDestiny","MerchantsRug","testmod-TestBox","Bag of Marbles","infinitespire:Golems Mask","testmod-IndustrialRevolution","MealTicket","testmod-Antiphasic","testmod-DeterminationOfClimber","Smiling Mask","Red Mask","testmod-Hope","Singing Bowl","Pocketwatch","conspire:RunicOctahedron","Juzu Bracelet"],"acts_visited":["Exordium","TheCity","TheBeyond"],"potions_floor_usage":[],"damage_taken":[{"damage":12.0,"enemies":"Jaw Worm","floor":1.0,"turns":3.0},{"damage":10.0,"enemies":"conspire:RoseBush","floor":5.0,"turns":2.0},{"damage":29.0,"enemies":"Replay:BlueRogue","floor":7.0,"turns":5.0},{"damage":6.0,"enemies":"Gremlin Nob","floor":12.0,"turns":3.0},{"damage":39.0,"enemies":"Fading Forest","floor":16.0,"turns":11.0},{"damage":34.0,"enemies":"Shell Parasite","floor":18.0,"turns":6.0},{"damage":16.0,"enemies":"Spheric Guardian","floor":19.0,"turns":4.0},{"damage":5.0,"enemies":"Snecko","floor":21.0,"turns":3.0},{"damage":20.0,"enemies":"Snake Plant","floor":22.0,"turns":4.0},{"damage":28.0,"enemies":"conspire:Head Lice","floor":23.0,"turns":6.0},{"damage":34.0,"enemies":"Masked Bandits","floor":24.0,"turns":4.0},{"damage":19.0,"enemies":"Sentry and Sphere","floor":27.0,"turns":6.0},{"damage":38.0,"enemies":"Shelled Parasite and Fungi","floor":29.0,"turns":6.0},{"damage":16.0,"enemies":"conspire:HollyBat","floor":30.0,"turns":6.0},{"damage":0.0,"enemies":"Cultist and Chosen","floor":31.0,"turns":4.0},{"damage":56.0,"enemies":"conspire:MysteriousRune","floor":33.0,"turns":6.0},{"damage":72.0,"enemies":"3 Darklings","floor":35.0,"turns":6.0},{"damage":29.0,"enemies":"3 Shapes","floor":37.0,"turns":5.0},{"damage":49.0,"enemies":"Writhing Mass","floor":38.0,"turns":6.0},{"damage":0,"enemies":"Giant Head","floor":40,"turns":1}],"seed_played":"-1649355460970403979","potions_obtained":[{"floor":1.0,"key":"Doom Potion"},{"floor":16.0,"key":"SpeedPotion"},{"floor":19.0,"key":"Swift Potion"},{"floor":21.0,"key":"SkillPotion"},{"floor":30.0,"key":"Energy Potion"}],"is_trial":false,"path_per_floor":["M","?","?","?","M","R","E","R","T","?","$","E","T","$","R","B",null,"M","M","?","M","M","E","?","T","T","M","AVR","M","M","M","R","B",null,"M","?","M","M","T","E"],"character_chosen":"IRONCLAD","items_purchased":["testmod-ArcanaOfDestiny","testmod-RainbowHikingShoes","Sling","MerchantsRug","testmod-IndustrialRevolution","testmod-Antiphasic"],"campfire_rested":1,"item_purchase_floors":[0,0,0,0,11,14],"current_hp_per_floor":[58,58,58,58,54,78,55,55,55,55,55,55,55,70,70,45,71,55,48,48,65,63,67,56,56,56,60,60,45,47,108,108,110,110,61,72,64,31,31,31,31],"gold":521,"neow_bonus":"","is_daily":false,"chose_seed":false,"campfire_upgraded":2,"win_rate":0.0,"timestamp":1612083980,"path_taken":["M","?","?","?","?","R","E","R","T","?","?","E","?","$","R","BOSS","M","?","?","M","M","E","?","?","T","?","AVR","M","M","M","R","BOSS","M","?","?","M","?","E"],"items_purchased_type":["Relic","Relic","Relic","Relic","Relic","Relic"],"build_version":"2020-12-22","purchased_purges":1,"victory":false,"max_hp_per_floor":[80,80,80,80,80,80,80,80,80,80,80,80,80,80,80,80,80,80,80,80,84,88,88,92,92,92,98,98,104,106,108,108,110,110,112,112,118,124,124,124,124],"card_choices":[{"not_picked":["Evolve","Clash","Disarm"],"picked":"SKIP","floor":1.0},{"not_picked":["Sword Boomerang","ReplayTheSpireMod:Strike From Hell","Thunderclap"],"picked":"SKIP","floor":5.0},{"not_picked":["Flex","Havoc"],"picked":"Uppercut","floor":7.0},{"not_picked":["Defy Death","Shrug It Off"],"picked":"Feed","floor":12.0},{"not_picked":["Berserk","Feed"],"picked":"Reaper","floor":16.0},{"not_picked":["Power Through","Armaments+1","Clothesline"],"picked":"SKIP","floor":18.0},{"not_picked":["Heavy Blade+1","Shockwave+1","Thunderclap"],"picked":"SKIP","floor":19.0},{"not_picked":["Armaments","Battle Trance","Dual Wield"],"picked":"SKIP","floor":21.0},{"not_picked":["True Grit","Armaments","Second Wind+1"],"picked":"SKIP","floor":22.0},{"not_picked":["Carnage+1","Shrug It Off+1","Body Slam"],"picked":"SKIP","floor":23.0},{"not_picked":["Carnage+1","Shrug It Off+1","Body Slam"],"picked":"SKIP","floor":23.0},{"not_picked":["Pommel Strike","Metallicize","ReplayTheSpireMod:Strike From Hell"],"picked":"Singing Bowl","floor":27.0},{"not_picked":["Carnage","ReplayTheSpireMod:LeadingStrike","ReplayTheSpireMod:Strike From Hell+1"],"picked":"Singing Bowl","floor":29.0},{"not_picked":["Replay:Undeath\u0027s Touch","Body Slam","Warcry"],"picked":"Singing Bowl","floor":30.0},{"not_picked":["Rupture","Anger","Replay:Undeath\u0027s Touch+1"],"picked":"Singing Bowl","floor":31.0},{"not_picked":["Hemogenesis","Double Tap","Offering"],"picked":"Singing Bowl","floor":33.0},{"not_picked":["Dual Wield+1","Body Slam","Rampage"],"picked":"Singing Bowl","floor":35.0},{"not_picked":["Reckless Charge","Evolve","Pommel Strike+1"],"picked":"Singing Bowl","floor":37.0},{"not_picked":["Wild Strike","Clothesline+1","Infernal Blade"],"picked":"Singing Bowl","floor":38.0}],"player_experience":54527,"relics_obtained":[{"floor":7.0,"key":"Bag of Marbles"},{"floor":9.0,"key":"infinitespire:Golems Mask"},{"floor":12.0,"key":"MealTicket"},{"floor":23.0,"key":"Smiling Mask"},{"floor":24.0,"key":"Red Mask"},{"floor":25.0,"key":"testmod-Hope"},{"floor":26.0,"key":"Singing Bowl"},{"floor":39.0,"key":"Juzu Bracelet"}],"event_choices":[{"damage_healed":0.0,"max_hp_gain":0.0,"max_hp_loss":0.0,"gold_gain":0.0,"event_name":"∏¯◊‘º∫µƒ∫–◊”","player_choice":"Swap Relic","floor":2.0,"relics_lost":["testmod-TestBox"],"gold_loss":0.0,"damage_taken":0.0,"relics_obtained":["testmod-TestBox"]},{"damage_healed":0.0,"max_hp_gain":0.0,"max_hp_loss":0.0,"gold_gain":0.0,"event_name":"conspire:LoneGhost","player_choice":"Disagree","floor":3.0,"gold_loss":0.0,"damage_taken":0.0},{"damage_healed":0.0,"max_hp_gain":0.0,"max_hp_loss":0.0,"gold_gain":0.0,"event_name":"The Woman in Blue","player_choice":"Bought 0 Potions","floor":4.0,"gold_loss":0.0,"damage_taken":0.0},{"damage_healed":0.0,"max_hp_gain":0.0,"max_hp_loss":0.0,"gold_gain":0.0,"event_name":"Living Wall","player_choice":"Grow","floor":10.0,"gold_loss":0.0,"damage_taken":0.0,"cards_upgraded":["Bash"]},{"damage_healed":0.0,"max_hp_gain":0.0,"max_hp_loss":0.0,"gold_gain":0.0,"event_name":"Forgotten Altar","player_choice":"Smashed Altar","floor":20.0,"gold_loss":0.0,"damage_taken":0.0,"cards_obtained":["Decay"]},{"damage_healed":0.0,"max_hp_gain":0.0,"max_hp_loss":0.0,"gold_gain":0.0,"event_name":"Masked Bandits","player_choice":"Fought Bandits","floor":24.0,"gold_loss":0.0,"damage_taken":0.0}],"is_beta":false,"boss_relics":[{"not_picked":["Cursed Key","Calling Bell"],"picked":"testmod-DeterminationOfClimber"},{"not_picked":["Painkiller Herb","SlaversCollar"],"picked":"conspire:RunicOctahedron"}],"items_purged_floors":[28],"is_endless":false,"potions_floor_spawned":[1,16,19,21,23,30,31,33],"killed_by":"Giant Head","ascension_level":5}}