{"host":"ed3mvzyt8tykicbm","time":1612130243,"event":{"mods":["AchievementEnabler","BaseMod","Colored Map","Colored Powertips","Googly Eyes","Minty Spire (QoL Compilation)","Quick Restart","Replay The Spire","StSLib","The Blackbeard"],"gold_per_floor":[109,109,109,122,122,165,189,189,189,414,33,33,33,49,49,180,180,204,224,243,266,181,181,256,270,270,285,285,32,32,56,56,187,187,201,201,261,276,48,48,106,127,153,153,153,203,217,217,217,217],"floor_reached":51,"language":"ENG","playtime":2386,"items_purged":["Doubt"],"score":825,"play_id":"164edc18-2232-447b-9526-0e1ea2fe2e47","local_time":"20210131165723","is_ascension_mode":false,"campfire_choices":[{"floor":12.0,"key":"REST"},{"data":"blackbeard:GoldenDefense","floor":15.0,"key":"SMITH"},{"data":"blackbeard:GoldenRain","floor":23.0,"key":"SMITH"},{"data":"blackbeard:CloakAndCannonball","floor":28.0,"key":"SMITH"},{"data":"blackbeard:Cutlass","floor":30.0,"key":"SMITH"},{"data":"blackbeard:FinalBarrage","floor":40.0,"key":"SMITH"},{"floor":49.0,"key":"REST"}],"circlet_count":0,"master_deck":["blackbeard:BlackbeardStrike+1","blackbeard:BlackbeardStrike+1","blackbeard:BlackbeardStrike+1","blackbeard:IntimidatingStrike+1","blackbeard:BlackbeardDefend+1","blackbeard:BlackbeardDefend+1","blackbeard:BlackbeardDefend+1","blackbeard:BlackbeardDefend+1","blackbeard:Cutlass+1","blackbeard:GoldenDefense+1","blackbeard:DoubleBottom+1","blackbeard:RearmingStrike+1","blackbeard:CloakAndCannonball+1","blackbeard:GoldenRain+1","blackbeard:GoldenStrike+1","blackbeard:GoldenCannonball+1","blackbeard:Fencing+1","blackbeard:Anchor+1","blackbeard:Sword+1","blackbeard:CloakAndCannonball+1","blackbeard:FinalBarrage+1","blackbeard:CloakAndCannonball+1","blackbeard:Spear+1","blackbeard:GoldenDefense+1","blackbeard:GoldenStrike+1","blackbeard:CloakAndCannonball+1","ReplayTheSpireMod:Doomed","Overencumbered"],"relics":["blackbeard:LoadTheCannons","Turnip","Golden Idol","blackbeard:PoorMathSkills","Eternal Feather","TungstenRod","Peace Pipe","Torii","Bag of Marbles","Replay:Grab Bag","Busted Crown","Cursed Key","SacredBark","Replay:Towering Pillar of Hats","blackbeard:Spearhead","Blood Vial","Empty Cage","Ring of Chaos","Replay:PocketPolymizer","ClockworkSouvenir","ReplayTheSpireMod:Lightbulb","Juzu Bracelet","Boot","Mark of the Bloom"],"acts_visited":["Exordium","TheCity","TheBeyond"],"potions_floor_usage":[50,50],"damage_taken":[{"damage":0.0,"enemies":"Cultist","floor":1.0,"turns":3.0},{"damage":0.0,"enemies":"2 Louse","floor":4.0,"turns":2.0},{"damage":41.0,"enemies":"Lagavulin","floor":6.0,"turns":7.0},{"damage":2.0,"enemies":"Jaw Worm","floor":7.0,"turns":4.0},{"damage":6.0,"enemies":"Exordium Thugs","floor":14.0,"turns":4.0},{"damage":0.0,"enemies":"The Guardian","floor":16.0,"turns":15.0},{"damage":0.0,"enemies":"Chosen","floor":18.0,"turns":3.0},{"damage":0.0,"enemies":"2 Thieves","floor":19.0,"turns":1.0},{"damage":0.0,"enemies":"Sentry and Sphere","floor":20.0,"turns":4.0},{"damage":0.0,"enemies":"3 Cultists","floor":21.0,"turns":3.0},{"damage":8.0,"enemies":"Shelled Parasite and Fungi","floor":25.0,"turns":4.0},{"damage":16.0,"enemies":"Snecko","floor":27.0,"turns":4.0},{"damage":0.0,"enemies":"Centurion and Healer","floor":31.0,"turns":2.0},{"damage":14.0,"enemies":"Champ","floor":33.0,"turns":9.0},{"damage":7.0,"enemies":"3 Darklings","floor":35.0,"turns":7.0},{"damage":0.0,"enemies":"2 Orb Walkers","floor":37.0,"turns":1.0},{"damage":0.0,"enemies":"3 Shapes","floor":38.0,"turns":2.0},{"damage":6.0,"enemies":"R_Hoarder","floor":41.0,"turns":9.0},{"damage":29.0,"enemies":"Writhing Mass","floor":42.0,"turns":4.0},{"damage":9.0,"enemies":"Spire Growth","floor":47.0,"turns":4.0},{"damage":12,"enemies":"Donu and Deca","floor":50,"turns":5}],"seed_played":"7380675337706178319","potions_obtained":[{"floor":1.0,"key":"Strength Potion"},{"floor":19.0,"key":"ColorlessPotion"},{"floor":20.0,"key":"GamblersBrew"},{"floor":31.0,"key":"PowerPotion"},{"floor":33.0,"key":"SteroidPotion"},{"floor":35.0,"key":"DistilledChaos"},{"floor":38.0,"key":"blackbeard:OrangeJuicePotion"},{"floor":47.0,"key":"AttackPotion"}],"is_trial":false,"path_per_floor":["M","?","?","M","?","E","M","T","T","?","$","R","?","M","R","B",null,"M","M","M","M","?","R","?","M","T","M","R","$","R","M","R_BF","B",null,"M","?","?","M","$","R","E","M","T","?","?","T","M","?","R","B",null],"character_chosen":"BLACKBEARD_CLASS","items_purchased":["Torii","FairyPotion","Blood Vial","Fruit Juice","ClockworkSouvenir"],"campfire_rested":2,"item_purchase_floors":[11,11,29,29,39],"current_hp_per_floor":[82,75,75,75,75,34,32,32,32,32,32,65,65,59,68,68,82,82,82,82,82,82,82,75,67,67,51,63,73,85,87,92,78,92,85,85,87,89,89,92,86,59,59,59,59,59,52,52,52,40],"gold":217,"neow_bonus":"TEN_PERCENT_HP_BONUS","is_daily":false,"chose_seed":false,"campfire_upgraded":5,"win_rate":0.0,"timestamp":1612130243,"path_taken":["M","?","?","M","?","E","?","?","T","?","$","R","?","M","R","BOSS","M","M","?","M","?","R","?","?","T","M","R","$","R","M","R_BF","BOSS","M","?","?","M","$","R","E","M","T","?","?","?","M","?","R","BOSS"],"items_purchased_type":["Relic","Potion","Relic","Potion","Relic"],"build_version":"2020-12-22","purchased_purges":1,"victory":true,"max_hp_per_floor":[82,82,82,82,82,82,82,82,82,82,82,82,82,82,82,82,82,82,82,82,82,82,82,82,82,82,82,82,92,92,92,92,92,92,92,92,92,92,92,92,92,92,92,92,92,92,92,92,92,92],"card_choices":[{"not_picked":["blackbeard:Recklessness","blackbeard:FieryDefense"],"picked":"blackbeard:GoldenDefense","floor":1.0},{"not_picked":["blackbeard:Spear","blackbeard:BeatUp"],"picked":"blackbeard:DoubleBottom","floor":4.0},{"not_picked":["blackbeard:GhostInTheRum","blackbeard:DangerousBlow"],"picked":"blackbeard:Sharpening","floor":6.0},{"not_picked":["blackbeard:Spear","blackbeard:Toast"],"picked":"blackbeard:RearmingStrike","floor":7.0},{"not_picked":["blackbeard:DelayedPain","blackbeard:FinalBarrage"],"picked":"blackbeard:CloakAndCannonball","floor":14.0},{"not_picked":["blackbeard:Parrot","blackbeard:FinalBarrage"],"picked":"blackbeard:GoldenRain","floor":16.0},{"not_picked":[],"picked":"blackbeard:GoldenStrike","floor":18.0},{"not_picked":["blackbeard:DelayedPain+1"],"picked":"SKIP","floor":19.0},{"not_picked":[],"picked":"blackbeard:GoldenCannonball","floor":20.0},{"not_picked":[],"picked":"blackbeard:Fencing","floor":21.0},{"not_picked":[],"picked":"blackbeard:Anchor","floor":25.0},{"not_picked":[],"picked":"blackbeard:Sword+1","floor":27.0},{"not_picked":[],"picked":"blackbeard:Rum","floor":31.0},{"not_picked":[],"picked":"blackbeard:FinalBarrage","floor":33.0},{"not_picked":[],"picked":"blackbeard:CloakAndCannonball+1","floor":35.0},{"not_picked":[],"picked":"blackbeard:Spear","floor":37.0},{"not_picked":[],"picked":"blackbeard:GoldenDefense","floor":38.0},{"not_picked":[],"picked":"blackbeard:GoldenStrike+1","floor":41.0},{"not_picked":[],"picked":"blackbeard:CloakAndCannonball","floor":42.0},{"not_picked":["blackbeard:GoldenStrike+1"],"picked":"SKIP","floor":47.0}],"player_experience":1025241,"relics_obtained":[{"floor":6.0,"key":"blackbeard:PoorMathSkills"},{"floor":8.0,"key":"Eternal Feather"},{"floor":9.0,"key":"TungstenRod"},{"floor":26.0,"key":"blackbeard:Spearhead"},{"floor":36.0,"key":"Ring of Chaos"},{"floor":37.0,"key":"Replay:PocketPolymizer"},{"floor":41.0,"key":"ReplayTheSpireMod:Lightbulb"},{"floor":43.0,"key":"Juzu Bracelet"},{"floor":46.0,"key":"Boot"}],"event_choices":[{"damage_healed":0.0,"max_hp_gain":0.0,"max_hp_loss":0.0,"gold_gain":0.0,"event_name":"Scrap Ooze","player_choice":"Success","floor":2.0,"gold_loss":0.0,"damage_taken":7.0,"relics_obtained":["Turnip"]},{"damage_healed":0.0,"max_hp_gain":0.0,"max_hp_loss":0.0,"gold_gain":0.0,"event_name":"Golden Idol","player_choice":"Take Wound","floor":5.0,"gold_loss":0.0,"damage_taken":0.0,"relics_obtained":["Golden Idol"],"cards_obtained":["Injury"]},{"damage_healed":0.0,"max_hp_gain":0.0,"max_hp_loss":0.0,"gold_gain":225.0,"event_name":"blackbeard:Ssssserpent","player_choice":"YARR","floor":10.0,"gold_loss":0.0,"damage_taken":0.0,"relics_obtained":["Peace Pipe"]},{"cards_removed":["blackbeard:Sharpening"],"damage_healed":0.0,"max_hp_gain":0.0,"max_hp_loss":0.0,"gold_gain":0.0,"event_name":"WeMeetAgain","player_choice":"Gave Card","floor":13.0,"gold_loss":0.0,"damage_taken":0.0,"relics_obtained":["Bag of Marbles"]},{"damage_healed":0.0,"max_hp_gain":0.0,"max_hp_loss":0.0,"gold_gain":0.0,"event_name":"Addict","player_choice":"Obtained Relic","floor":22.0,"gold_loss":85.0,"damage_taken":0.0,"relics_obtained":["Replay:Towering Pillar of Hats"]},{"damage_healed":0.0,"max_hp_gain":0.0,"max_hp_loss":0.0,"gold_gain":75.0,"event_name":"FaceTrader","player_choice":"Touch","floor":24.0,"gold_loss":0.0,"damage_taken":8.0},{"damage_healed":0.0,"max_hp_gain":0.0,"max_hp_loss":0.0,"gold_gain":0.0,"event_name":"Mysterious Sphere","player_choice":"Fight","floor":37.0,"gold_loss":0.0,"damage_taken":0.0},{"damage_healed":0.0,"max_hp_gain":0.0,"max_hp_loss":0.0,"gold_gain":0.0,"event_name":"SecretPortal","player_choice":"Ignored","floor":44.0,"gold_loss":0.0,"damage_taken":0.0},{"cards_removed":["blackbeard:Rum"],"damage_healed":0.0,"max_hp_gain":0.0,"max_hp_loss":0.0,"gold_gain":0.0,"event_name":"Falling","player_choice":"Removed Power","floor":45.0,"gold_loss":0.0,"damage_taken":0.0},{"damage_healed":0.0,"max_hp_gain":0.0,"max_hp_loss":0.0,"gold_gain":0.0,"event_name":"MindBloom","player_choice":"Upgrade","floor":48.0,"gold_loss":0.0,"damage_taken":0.0,"cards_upgraded":["blackbeard:BlackbeardStrike","blackbeard:BlackbeardStrike","blackbeard:IntimidatingStrike","blackbeard:BlackbeardDefend","blackbeard:BlackbeardDefend","blackbeard:BlackbeardDefend","blackbeard:BlackbeardDefend","blackbeard:DoubleBottom","blackbeard:RearmingStrike","blackbeard:GoldenStrike","blackbeard:GoldenCannonball","blackbeard:Fencing","blackbeard:Anchor","blackbeard:CloakAndCannonball","blackbeard:Spear","blackbeard:GoldenDefense","blackbeard:CloakAndCannonball"],"relics_obtained":["Mark of the Bloom"]}],"is_beta":false,"boss_relics":[{"not_picked":["Ring of Chaos","Astrolabe"],"picked":"Replay:Grab Bag"},{"not_picked":["Philosopher\u0027s Stone","ChewingGum"],"picked":"Busted Crown"},{"not_picked":["Painkiller Herb","Fusion Hammer"],"picked":"Cursed Key"},{"not_picked":["Calling Bell","Replay:Drink Me"],"picked":"SacredBark"},{"not_picked":["Tiny House","Velvet Choker"],"picked":"Empty Cage"}],"items_purged_floors":[39],"is_endless":false,"potions_floor_spawned":[1,19,20,31,33,35,38,47],"ascension_level":0}}