{"host":"yecadp3kwkksam5a","time":1612110283,"event":{"mods":["100% Spire Juice","Arknights","BaseMod","Minty Spire (QoL Compilation)","Replay The Spire","StSLib","SuperFastMode","The Cursed","WarShipGirlsR/??á´Ò³R mod"],"gold_per_floor":[110,185,211,211,223,223,266,266,314,350,350,381,402,438,438,531,531,552,552,573,85,106,106,137,236,236,236,41,66,99,122,122,215,215,238,254,275,275,275],"floor_reached":38,"language":"KOR","playtime":2062,"items_purged":["Strike_B"],"score":821,"play_id":"1594dbef-b239-42d7-93ff-84d0bed74e7f","local_time":"20210201012443","is_ascension_mode":true,"campfire_choices":[{"data":"Chaos","floor":8.0,"key":"SMITH"},{"data":"Dualcast","floor":11.0,"key":"SMITH"},{"data":"Multi-Cast","floor":15.0,"key":"SMITH"},{"data":"Buffer","floor":23.0,"key":"SMITH"},{"data":"Buffer","floor":27.0,"key":"SMITH"},{"data":"Coolheaded","floor":32.0,"key":"SMITH"}],"circlet_count":0,"master_deck":["AscendersBane","Strike_B+1","Strike_B+1","Strike_B","Defend_B","Defend_B","Defend_B","Defend_B","Zap","Dualcast+1","Mayhem+1","Mayhem+1","Mayhem+1","Mayhem+1","Mayhem+1","Chaos+1","Ball Lightning","All For One","Glacier","Multi-Cast+1","Meteor Strike","Streamline","FIFO Queue","Compile Driver","Buffer+1","Buffer+1","Glacier","Conserve Battery","Thunder Strike","Stack+1","Coolheaded+1","Go for the Eyes","Hologram","Skim","Gash","ReplayGash"],"relics":["Cracked Core","Bird Faced Urn","Anchor","Golden Idol","Whetstone","Blue Candle","Nunchaku","Letter Opener","Replay:Bronze Core","Eternal Feather","Ginger","Blue Doll","Replay:Baseball","Ornamental Fan","Black Star","Prayer Wheel"],"acts_visited":["Exordium","TheCity","TheBeyond"],"potions_floor_usage":[38,38],"damage_taken":[{"damage":6.0,"enemies":"Cultist","floor":1.0,"turns":4.0},{"damage":6.0,"enemies":"Jaw Worm","floor":5.0,"turns":4.0},{"damage":13.0,"enemies":"Lagavulin","floor":7.0,"turns":6.0},{"damage":30.0,"enemies":"Gremlin Nob","floor":10.0,"turns":4.0},{"damage":30.0,"enemies":"3 Sentries","floor":12.0,"turns":6.0},{"damage":0.0,"enemies":"Small Slimes","floor":13.0,"turns":4.0},{"damage":0.0,"enemies":"Lagavulin","floor":14.0,"turns":5.0},{"damage":8.0,"enemies":"Fading Forest","floor":16.0,"turns":11.0},{"damage":18.0,"enemies":"Chosen","floor":18.0,"turns":7.0},{"damage":14.0,"enemies":"Shell Parasite","floor":20.0,"turns":5.0},{"damage":4.0,"enemies":"Snake Plant","floor":22.0,"turns":5.0},{"damage":36.0,"enemies":"Gremlin Leader","floor":24.0,"turns":7.0},{"damage":0.0,"enemies":"Centurion and Healer","floor":29.0,"turns":6.0},{"damage":23.0,"enemies":"Book of Stabbing","floor":30.0,"turns":6.0},{"damage":0.0,"enemies":"Snecko","floor":31.0,"turns":5.0},{"damage":8.0,"enemies":"Champ","floor":33.0,"turns":8.0},{"damage":15.0,"enemies":"3 Shapes","floor":35.0,"turns":6.0},{"damage":20.0,"enemies":"3 Darklings","floor":36.0,"turns":7.0},{"damage":28.0,"enemies":"Jaw Worm Horde","floor":37.0,"turns":5.0},{"damage":91,"enemies":"2 Orb Walkers","floor":38,"turns":6}],"seed_played":"-619115456242967149","potions_obtained":[{"floor":1.0,"key":"Swift Potion"},{"floor":5.0,"key":"Fire Potion"},{"floor":20.0,"key":"SpeedPotion"},{"floor":22.0,"key":"Swift Potion"},{"floor":35.0,"key":"PowerPotion"}],"is_trial":false,"path_per_floor":["M","?","T","?","M","?","E","R","T","E","R","E","M","E","R","B",null,"M","?","M","$","M","R","E","?","T","R","$","M","E","M","R","B",null,"M","M","M","?"],"character_chosen":"DEFECT","items_purchased":["Compile Driver","Eternal Feather","Buffer","Replay:Baseball","Conserve Battery"],"campfire_rested":0,"item_purchase_floors":[21,21,21,28,28],"current_hp_per_floor":[79,68,68,68,72,52,49,49,49,29,29,9,17,27,27,37,71,63,63,61,61,73,82,56,56,56,71,71,82,73,82,82,82,82,79,66,52,0,0],"gold":275,"neow_bonus":"TEN_PERCENT_HP_BONUS","is_daily":false,"chose_seed":false,"campfire_upgraded":6,"win_rate":0.0,"timestamp":1612110283,"path_taken":["M","?","?","?","M","?","E","R","T","E","R","E","M","E","R","BOSS","M","?","M","$","M","R","E","?","T","R","?","M","E","M","R","BOSS","M","M","M","?"],"items_purchased_type":["Card","Relic","Card","Relic","Card"],"build_version":"2020-12-22","purchased_purges":1,"victory":false,"max_hp_per_floor":[82,82,82,82,82,82,82,82,82,82,82,82,82,82,82,82,82,82,82,82,82,82,82,82,82,82,82,82,82,82,82,82,82,82,82,82,82,82,82],"card_choices":[{"not_picked":["Darkness","Fusion"],"picked":"Chaos","floor":1.0},{"not_picked":["Redo","Go for the Eyes","Rebound"],"picked":"SKIP","floor":5.0},{"not_picked":["Sweeping Beam","BasicCrystalCard"],"picked":"Ball Lightning","floor":7.0},{"not_picked":["Redo","Biased Cognition"],"picked":"All For One","floor":10.0},{"not_picked":["Streamline","Reprogram"],"picked":"Glacier","floor":12.0},{"not_picked":["Reprogram","Sweeping Beam","Cold Snap"],"picked":"SKIP","floor":13.0},{"not_picked":["Sweeping Beam","BootSequence"],"picked":"Multi-Cast","floor":14.0},{"not_picked":["Amplify","Multi-Cast"],"picked":"Meteor Strike","floor":16.0},{"not_picked":["Conserve Battery","Redo"],"picked":"Streamline","floor":18.0},{"not_picked":["Panic Button","Steam","Cold Snap"],"picked":"SKIP","floor":20.0},{"not_picked":["FTL","Cold Snap","Lockon"],"picked":"SKIP","floor":22.0},{"not_picked":["Static Discharge","Leap"],"picked":"Glacier","floor":24.0},{"not_picked":["ReplayTheSpireMod:Reroute Power","Panic Button"],"picked":"Thunder Strike","floor":29.0},{"not_picked":["Consume","Steam Power+1"],"picked":"Stack+1","floor":30.0},{"not_picked":["Storm","Panic Button"],"picked":"Coolheaded","floor":31.0},{"not_picked":["Amplify","Machine Learning"],"picked":"ReplayTheSpireMod:Fabricate Wheel","floor":33.0},{"not_picked":["Leap","Barrage"],"picked":"Go for the Eyes","floor":35.0},{"not_picked":["Auto Shields","Heatsinks","Sweeping Beam"],"picked":"SKIP","floor":35.0},{"not_picked":["Sweeping Beam","Reprogram"],"picked":"Hologram","floor":36.0},{"not_picked":["Static Discharge","Ball Lightning"],"picked":"Skim","floor":36.0},{"not_picked":["Skim","Steam+1"],"picked":"Gash","floor":37},{"not_picked":["Panic Button+1","Stack+1"],"picked":"ReplayGash","floor":37}],"player_experience":579061,"relics_obtained":[{"floor":3.0,"key":"Anchor"},{"floor":9.0,"key":"Whetstone"},{"floor":10.0,"key":"Blue Candle"},{"floor":12.0,"key":"Nunchaku"},{"floor":14.0,"key":"Letter Opener"},{"floor":24.0,"key":"Ginger"},{"floor":26.0,"key":"Blue Doll"},{"floor":30.0,"key":"Ornamental Fan"}],"event_choices":[{"damage_healed":0.0,"max_hp_gain":0.0,"max_hp_loss":0.0,"gold_gain":75.0,"event_name":"World of Goop","player_choice":"Gather Gold","floor":2.0,"gold_loss":0.0,"damage_taken":11.0},{"damage_healed":0.0,"max_hp_gain":0.0,"max_hp_loss":0.0,"gold_gain":0.0,"event_name":"Golden Idol","player_choice":"Take Damage","floor":6.0,"gold_loss":0.0,"damage_taken":20.0,"relics_obtained":["Golden Idol"]},{"damage_healed":0.0,"max_hp_gain":0.0,"max_hp_loss":0.0,"gold_gain":0.0,"event_name":"The Library","player_choice":"Read","floor":19.0,"gold_loss":0.0,"damage_taken":0.0,"cards_obtained":["FIFO Queue"]},{"damage_healed":0.0,"max_hp_gain":0.0,"max_hp_loss":0.0,"gold_gain":99.0,"event_name":"Nest","player_choice":"Stole From Cult","floor":25.0,"gold_loss":0.0,"damage_taken":0.0},{"damage_healed":0,"gold_gain":0,"player_choice":"Fight","damage_taken":0,"max_hp_gain":0,"max_hp_loss":0,"event_name":"Mysterious Sphere","floor":38,"gold_loss":0}],"is_beta":false,"boss_relics":[{"not_picked":["Ectoplasm","ReplayTheSpireMod:DimensionalGlitch"],"picked":"Replay:Bronze Core"},{"not_picked":["Ring of Chaos","Tiny House"],"picked":"Black Star"}],"items_purged_floors":[21],"is_endless":false,"potions_floor_spawned":[1,5,10,20,22,24,30,35,36],"killed_by":"2 Orb Walkers","ascension_level":13}}