{"host":"4rvakrj1idbgia3f","time":1612077849,"event":{"mods":["BaseMod","Colored Map","Colored Powertips","DeckTracker","Highlight Path","Minty Spire (QoL Compilation)","Random Character Button","StSLib"],"gold_per_floor":[111,122,136,152,152,152,163,163,163,163,163,195,96,114,114,188,188,201,251,268,268,284,284,9,9,9,9,9,9],"floor_reached":28,"language":"JPN","playtime":936,"items_purged":["Strike_B"],"score":436,"play_id":"77480e9e-b55a-4a80-99d7-b685153794d9","local_time":"20210131162409","is_ascension_mode":true,"campfire_choices":[{"data":"Fusion","floor":6,"key":"SMITH"},{"data":"Barrage","floor":8,"key":"SMITH"},{"data":"Ball Lightning","floor":10,"key":"SMITH"},{"data":"Zap","floor":15,"key":"SMITH"},{"data":"Defragment","floor":23,"key":"SMITH"},{"data":"Capacitor","floor":25,"key":"SMITH"},{"data":"Amplify","floor":27,"key":"SMITH"}],"circlet_count":0,"master_deck":["AscendersBane","Zap+1","Dualcast","Barrage+1","Ball Lightning+1","Sweeping Beam","Compile Driver","Fusion+1","Self Repair","Cold Snap","Cold Snap","Reboot","Amplify+1","Rebound","Capacitor+1","Chill","Fusion","Defragment+1","Glacier"],"relics":["Cracked Core","Lizard Tail","Boot","Pandora\u0027s Box","Toxic Egg 2","Shuriken"],"acts_visited":["Exordium","TheCity"],"potions_floor_usage":[1,12],"damage_taken":[{"damage":6,"enemies":"Cultist","floor":1,"turns":3},{"damage":9,"enemies":"Jaw Worm","floor":2,"turns":4},{"damage":3,"enemies":"2 Louse","floor":3,"turns":2},{"damage":12,"enemies":"Exordium Wildlife","floor":4,"turns":3},{"damage":0,"enemies":"Large Slime","floor":7,"turns":4},{"damage":11,"enemies":"Gremlin Nob","floor":12,"turns":3},{"damage":12,"enemies":"3 Louse","floor":14,"turns":2},{"damage":72,"enemies":"The Guardian","floor":16,"turns":11},{"damage":31,"enemies":"2 Thieves","floor":18,"turns":4},{"damage":37,"enemies":"Chosen","floor":20,"turns":4},{"damage":22,"enemies":"Centurion and Healer","floor":22,"turns":6},{"damage":25,"enemies":"Chosen and Byrds","floor":28,"turns":3}],"seed_played":"-6045534650021315398","potions_obtained":[{"floor":1,"key":"Fruit Juice"},{"floor":7,"key":"DistilledChaos"},{"floor":16,"key":"SpeedPotion"}],"is_trial":false,"path_per_floor":["M","M","M","M","?","R","M","R","T","R","?","E","$","M","R","B",null,"M","?","M","?","M","R","$","R","T","R","M"],"character_chosen":"DEFECT","items_purchased":["Cold Snap","Toxic Egg 2"],"campfire_rested":0,"item_purchase_floors":[13,24],"current_hp_per_floor":[63,54,51,39,39,39,39,39,39,39,44,40,40,28,28,8,58,41,41,11,26,18,18,18,18,18,18,0,0],"gold":9,"neow_bonus":"ONE_RARE_RELIC","is_daily":false,"chose_seed":false,"campfire_upgraded":7,"win_rate":0.0,"timestamp":1612077849,"path_taken":["M","M","M","?","?","R","?","R","T","R","?","E","?","M","R","BOSS","M","?","M","?","M","R","?","R","T","R","M"],"items_purchased_type":["Card","Relic"],"build_version":"2020-12-22","purchased_purges":1,"victory":false,"max_hp_per_floor":[69,69,69,69,69,69,69,69,69,69,74,74,74,74,74,74,74,74,74,74,74,74,74,74,74,74,74,74,74],"card_choices":[{"not_picked":["Melter","Steam Power"],"picked":"Barrage","floor":1},{"not_picked":["Rebound","Gash"],"picked":"Ball Lightning","floor":2},{"not_picked":["Stack","Redo"],"picked":"Sweeping Beam","floor":3},{"not_picked":["Recycle","Barrage"],"picked":"Compile Driver","floor":4},{"not_picked":["Go for the Eyes","Barrage"],"picked":"Self Repair","floor":7},{"not_picked":["Steam Power","Streamline"],"picked":"Cold Snap","floor":12},{"not_picked":["Aggregate","Hello World","Stack"],"picked":"SKIP","floor":14},{"not_picked":["Rainbow","All For One"],"picked":"Reboot","floor":16},{"not_picked":["Beam Cell+1","Recycle","Compile Driver"],"picked":"SKIP","floor":18},{"not_picked":["Gash","FTL"],"picked":"Glacier","floor":20},{"not_picked":["Rip and Tear","Heatsinks","Redo+1"],"picked":"SKIP","floor":22}],"player_experience":2142963,"relics_obtained":[{"floor":12,"key":"Boot"},{"floor":26,"key":"Shuriken"}],"event_choices":[{"damage_healed":0,"gold_gain":0,"cards_transformed":["Defend_B"],"player_choice":"Transformed","damage_taken":0,"max_hp_gain":0,"max_hp_loss":0,"event_name":"Transmorgrifier","floor":5,"gold_loss":0,"cards_obtained":["Fusion"]},{"damage_healed":0,"gold_gain":0,"player_choice":"Donut","damage_taken":0,"max_hp_gain":5,"max_hp_loss":0,"event_name":"Big Fish","floor":11,"gold_loss":0},{"damage_healed":0,"gold_gain":50,"player_choice":"Stole From Cult","damage_taken":0,"max_hp_gain":0,"max_hp_loss":0,"event_name":"Nest","floor":19,"gold_loss":0},{"damage_healed":15,"gold_gain":0,"player_choice":"Heal","damage_taken":0,"max_hp_gain":0,"max_hp_loss":0,"event_name":"The Library","floor":21,"gold_loss":0}],"is_beta":false,"boss_relics":[{"not_picked":["Ectoplasm","Runic Dome"],"picked":"Pandora\u0027s Box"}],"items_purged_floors":[13],"is_endless":false,"potions_floor_spawned":[1,7,16],"killed_by":"Chosen and Byrds","ascension_level":20}}