{"host":"dhlnk6yox2l1s6up","time":1612059321,"event":{"mods":["BaseMod","Bestiary","Colored Map","Highlight Path","Minty Spire (QoL Compilation)","Relic Stats","StSLib"],"gold_per_floor":[113,123,67,86,105,137,137,165,165,165,165],"floor_reached":10,"language":"ENG","playtime":3530,"items_purged":[],"score":113,"play_id":"00c30ea7-9a40-4f5c-acce-dfbea00c1f75","local_time":"20210130201521","is_ascension_mode":true,"campfire_choices":[],"circlet_count":0,"master_deck":["Strike_G","Strike_G","Strike_G","Strike_G","Defend_G","Defend_G","Defend_G","Defend_G","Defend_G","Survivor","Neutralize","Endless Agony","Poisoned Stab","Calculated Gamble","Quick Slash","Catalyst","Calculated Gamble","All Out Attack+1"],"relics":["Ring of the Snake","Blood Vial","Bronze Scales","Molten Egg 2","Singing Bowl","Mummified Hand"],"acts_visited":["Exordium"],"potions_floor_usage":[6,10],"damage_taken":[{"damage":3,"enemies":"Small Slimes","floor":1,"turns":7},{"damage":0,"enemies":"Cultist","floor":2,"turns":4},{"damage":1,"enemies":"2 Louse","floor":4,"turns":2},{"damage":5,"enemies":"2 Fungi Beasts","floor":5,"turns":3},{"damage":20,"enemies":"3 Sentries","floor":6,"turns":12},{"damage":33,"enemies":"Lagavulin","floor":8,"turns":9},{"damage":36,"enemies":"Gremlin Nob","floor":10,"turns":3}],"seed_played":"8015193255244483957","potions_obtained":[{"floor":1,"key":"Swift Potion"},{"floor":2,"key":"Block Potion"}],"is_trial":false,"path_per_floor":["M","M","?","M","M","E","?","E","T","E"],"character_chosen":"THE_SILENT","items_purchased":[],"campfire_rested":0,"item_purchase_floors":[],"current_hp_per_floor":[62,64,64,65,62,44,44,13,13,0,0],"gold":165,"neow_bonus":"RANDOM_COMMON_RELIC","is_daily":false,"chose_seed":false,"campfire_upgraded":0,"win_rate":0.0,"timestamp":1612059321,"path_taken":["M","M","?","?","M","E","?","E","T","E"],"items_purchased_type":[],"build_version":"2020-12-22","purchased_purges":0,"victory":false,"max_hp_per_floor":[70,70,70,70,70,70,70,70,70,70,70],"relic_stats":{"Blood Vial":14,"Singing Bowl":0,"counters":[7,40],"Mummified Hand":[0],"Bronze Scales":[54],"obtain_stats":[{"Blood Vial":0,"Singing Bowl":8,"Mummified Hand":9,"Bronze Scales":3,"Molten Egg 2":6,"Ring of the Snake":0},{"Blood Vial":0,"Singing Bowl":6,"Mummified Hand":6,"Bronze Scales":2,"Molten Egg 2":5,"Ring of the Snake":0},{"Blood Vial":0,"Singing Bowl":37,"Mummified Hand":37,"Bronze Scales":11,"Molten Egg 2":28,"Ring of the Snake":0}],"Ring of the Snake":[15]},"card_choices":[{"not_picked":["Skewer","Tactician"],"picked":"Endless Agony","floor":1},{"not_picked":["Sucker Punch","Finisher"],"picked":"Poisoned Stab","floor":2},{"not_picked":["Sucker Punch","Catalyst"],"picked":"Calculated Gamble","floor":4},{"not_picked":["Slice","Doppelganger"],"picked":"Quick Slash","floor":5},{"not_picked":["Finisher+1","Setup"],"picked":"Catalyst","floor":6},{"not_picked":["Quick Slash+1","Flechettes+1"],"picked":"All Out Attack+1","floor":8}],"player_experience":6037094,"relics_obtained":[{"floor":6,"key":"Molten Egg 2"},{"floor":8,"key":"Singing Bowl"},{"floor":9,"key":"Mummified Hand"}],"event_choices":[{"damage_healed":0,"gold_gain":0,"player_choice":"Paid Gold","damage_taken":0,"relics_obtained":["Bronze Scales"],"max_hp_gain":0,"max_hp_loss":0,"event_name":"WeMeetAgain","floor":3,"gold_loss":56},{"damage_healed":0,"gold_gain":0,"cards_transformed":["Strike_G"],"player_choice":"Change","damage_taken":0,"max_hp_gain":0,"max_hp_loss":0,"event_name":"Living Wall","floor":7,"gold_loss":0,"cards_obtained":["Calculated Gamble"]}],"is_beta":false,"boss_relics":[],"items_purged_floors":[],"is_endless":false,"potions_floor_spawned":[1,2],"killed_by":"Gremlin Nob","ascension_level":9}}