{"host":"g8ufh7m4frdlkxwv","time":1612065785,"event":{"mods":["AchievementEnabler","BaseMod","Colored Map","Dark Map","Minty Spire (QoL Compilation)","Relic Stats","StSLib","ojb\u0027s Info Mod"],"gold_per_floor":[111,111,131,151,151,151,190,229,266,315,350,9,46,69,69,69,69],"floor_reached":16,"language":"ENG","playtime":817,"items_purged":[],"score":244,"play_id":"cf5211fd-e936-42bd-ab65-f0cdef9dba6f","local_time":"20210131050305","is_ascension_mode":true,"campfire_choices":[{"data":"Eviscerate","floor":6.0,"key":"SMITH"},{"data":"Glass Knife","floor":15.0,"key":"SMITH"}],"circlet_count":0,"master_deck":["AscendersBane","Strike_G","Strike_G","Strike_G","Strike_G","Strike_G","Defend_G","Defend_G","Defend_G","Defend_G","Survivor","Neutralize","Eviscerate+1","Underhanded Strike","Dagger Throw","Escape Plan","Crippling Poison","Leg Sweep","Glass Knife+1","Backflip+1","Underhanded Strike+1","Blade Dance+1"],"relics":["Black Star","CeramicFish","MawBank","Bag of Marbles","Singing Bowl","Ice Cream","Toxic Egg 2","Meat on the Bone","Molten Egg 2"],"acts_visited":["Exordium"],"potions_floor_usage":[16,16],"damage_taken":[{"damage":8.0,"enemies":"Jaw Worm","floor":1.0,"turns":7.0},{"damage":1.0,"enemies":"Cultist","floor":3.0,"turns":4.0},{"damage":0.0,"enemies":"Small Slimes","floor":4.0,"turns":3.0},{"damage":29.0,"enemies":"Lagavulin","floor":7.0,"turns":6.0},{"damage":6.0,"enemies":"Exordium Wildlife","floor":8.0,"turns":3.0},{"damage":5.0,"enemies":"Gremlin Nob","floor":10.0,"turns":3.0},{"damage":0.0,"enemies":"Exordium Thugs","floor":11.0,"turns":3.0},{"damage":14.0,"enemies":"3 Sentries","floor":13.0,"turns":7.0},{"damage":0.0,"enemies":"Looter","floor":14.0,"turns":3.0},{"damage":27,"enemies":"Hexaghost","floor":16,"turns":9}],"seed_played":"4540547894096172115","potions_obtained":[{"floor":1.0,"key":"Weak Potion"},{"floor":3.0,"key":"AttackPotion"},{"floor":13.0,"key":"BlessingOfTheForge"}],"is_trial":false,"path_per_floor":["M","?","M","M","?","R","E","M","T","E","M","$","E","M","R","B"],"character_chosen":"THE_SILENT","items_purchased":["Toxic Egg 2","Backflip+1","AttackPotion"],"campfire_rested":0,"item_purchase_floors":[12,12,12],"current_hp_per_floor":[51,51,50,50,66,66,37,31,31,26,26,26,12,24,24,0,0],"gold":69,"neow_bonus":"BOSS_RELIC","is_daily":false,"chose_seed":false,"campfire_upgraded":2,"win_rate":0.0,"timestamp":1612065785,"path_taken":["M","?","?","M","?","R","E","M","T","E","M","$","E","M","R","BOSS"],"items_purchased_type":["Relic","Card","Potion"],"build_version":"2020-12-22","purchased_purges":0,"victory":false,"max_hp_per_floor":[66,66,66,66,66,66,66,66,66,66,66,66,66,66,66,66,66],"relic_stats":{"Singing Bowl":0,"counters":[10,48],"CeramicFish":63,"Black Star":3,"MawBank":60,"obtain_stats":[{"Ice Cream":10,"Singing Bowl":10,"CeramicFish":7,"Molten Egg 2":13,"Black Star":0,"Bag of Marbles":9,"Toxic Egg 2":12,"MawBank":7,"Ring of the Snake":0,"Meat on the Bone":13},{"Ice Cream":6,"Singing Bowl":6,"CeramicFish":4,"Molten Egg 2":8,"Black Star":0,"Bag of Marbles":5,"Toxic Egg 2":7,"MawBank":4,"Ring of the Snake":0,"Meat on the Bone":8},{"Ice Cream":26,"Singing Bowl":26,"CeramicFish":20,"Molten Egg 2":36,"Black Star":0,"Bag of Marbles":23,"Toxic Egg 2":29,"MawBank":20,"Ring of the Snake":0,"Meat on the Bone":36}],"Meat on the Bone":12},"card_choices":[{"not_picked":["Choke","Footwork"],"picked":"Eviscerate","floor":1.0},{"not_picked":["Slice","Distraction"],"picked":"Underhanded Strike","floor":3.0},{"not_picked":["Acrobatics","Noxious Fumes"],"picked":"Dagger Throw","floor":4.0},{"not_picked":["Bane","Deflect"],"picked":"Escape Plan","floor":7.0},{"not_picked":["Slice","Sucker Punch"],"picked":"Crippling Poison","floor":8.0},{"not_picked":["Crippling Poison","Reflex"],"picked":"Leg Sweep","floor":10.0},{"not_picked":["Choke","Quick Slash"],"picked":"Glass Knife","floor":11.0},{"not_picked":["Outmaneuver+1","Flechettes+1"],"picked":"Underhanded Strike+1","floor":13.0},{"not_picked":["Dagger Spray+1","Flechettes+1"],"picked":"Blade Dance+1","floor":14.0}],"player_experience":1111699,"relics_obtained":[{"floor":7.0,"key":"CeramicFish"},{"floor":7.0,"key":"MawBank"},{"floor":9.0,"key":"Bag of Marbles"},{"floor":10.0,"key":"Singing Bowl"},{"floor":10.0,"key":"Ice Cream"},{"floor":13.0,"key":"Meat on the Bone"},{"floor":13.0,"key":"Molten Egg 2"}],"event_choices":[{"cards_removed":["Defend_G"],"damage_healed":0.0,"max_hp_gain":0.0,"max_hp_loss":0.0,"gold_gain":0.0,"event_name":"Bonfire Elementals","player_choice":"Offered Basic","floor":2.0,"gold_loss":0.0,"damage_taken":0.0},{"damage_healed":22.0,"max_hp_gain":0.0,"max_hp_loss":0.0,"gold_gain":0.0,"event_name":"Big Fish","player_choice":"Banana","floor":5.0,"gold_loss":0.0,"damage_taken":0.0}],"is_beta":false,"boss_relics":[],"items_purged_floors":[],"is_endless":false,"potions_floor_spawned":[1,3,13,14],"killed_by":"Hexaghost","ascension_level":20}}