{"host":"1mv6gj0zv8k9e9tz","time":1612088931,"event":{"mods":["AchievementEnabler","BaseMod","Better Third Choice","Colored Map","DeckTracker","Highlight Path","KOR Keyword Fix","Keyboard Shortcuts","Minty Spire (QoL Compilation)","Permanent Neow","Quick Restart","Rare Cards Sparkle","StSLib","SuperFastMode","everything is the same but u backflip on backflip"],"gold_per_floor":[113,125,137,137,149,149,180,180,228,153,170,185,218,234,234,334,334,352,369,383,383,383,426,426,453,506,57,83,83,182,202,202,202,202],"floor_reached":33,"language":"KOR","playtime":1277,"items_purged":["Strike_R","Strike_R"],"score":450,"play_id":"b03fda4e-ba59-4b32-8747-9df6d369db26","local_time":"20210131192851","is_ascension_mode":true,"campfire_choices":[{"data":"True Grit","floor":6.0,"key":"SMITH"},{"data":"Heavy Blade","floor":8.0,"key":"SMITH"},{"data":"Sword Boomerang","floor":15.0,"key":"SMITH"},{"data":"Corruption","floor":24.0,"key":"SMITH"},{"data":"Offering","floor":29.0,"key":"SMITH"},{"data":"Spot Weakness","floor":32.0,"key":"SMITH"}],"circlet_count":0,"master_deck":["AscendersBane","Strike_R","Strike_R","Defend_R","Defend_R","Defend_R","Bash","Exhume","Inflame+1","Heavy Blade+1","Shrug It Off","Immolate","True Grit+1","Pummel","Entrench","Sword Boomerang+1","Corruption+1","Spot Weakness+1","Feed+1","Thunderclap","Offering+1","Shrug It Off","Shrug It Off"],"relics":["Black Blood","Bottled Flame","Potion Belt","Dream Catcher","CeramicFish","PreservedInsect","Sling"],"acts_visited":["Exordium","TheCity"],"potions_floor_usage":[33],"damage_taken":[{"damage":7.0,"enemies":"Small Slimes","floor":1.0,"turns":3.0},{"damage":1.0,"enemies":"Cultist","floor":2.0,"turns":3.0},{"damage":7.0,"enemies":"Jaw Worm","floor":3.0,"turns":3.0},{"damage":9.0,"enemies":"Looter","floor":5.0,"turns":3.0},{"damage":10.0,"enemies":"3 Sentries","floor":7.0,"turns":5.0},{"damage":18.0,"enemies":"Exordium Thugs","floor":11.0,"turns":4.0},{"damage":11.0,"enemies":"Blue Slaver","floor":12.0,"turns":4.0},{"damage":36.0,"enemies":"Gremlin Nob","floor":13.0,"turns":5.0},{"damage":1.0,"enemies":"Exordium Wildlife","floor":14.0,"turns":2.0},{"damage":8.0,"enemies":"Hexaghost","floor":16.0,"turns":9.0},{"damage":17.0,"enemies":"Spheric Guardian","floor":18.0,"turns":5.0},{"damage":5.0,"enemies":"Chosen","floor":19.0,"turns":6.0},{"damage":15.0,"enemies":"Snake Plant","floor":20.0,"turns":3.0},{"damage":37.0,"enemies":"Gremlin Leader","floor":23.0,"turns":4.0},{"damage":20.0,"enemies":"Centurion and Healer","floor":25.0,"turns":6.0},{"damage":12.0,"enemies":"Snecko","floor":28.0,"turns":4.0},{"damage":12.0,"enemies":"Cultist and Chosen","floor":31.0,"turns":3.0},{"damage":81,"enemies":"Automaton","floor":33,"turns":6}],"seed_played":"-6116471102836153228","potions_obtained":[{"floor":1.0,"key":"SkillPotion"},{"floor":2.0,"key":"BlessingOfTheForge"},{"floor":12.0,"key":"LiquidMemories"},{"floor":13.0,"key":"AttackPotion"},{"floor":18.0,"key":"EntropicBrew"},{"floor":31.0,"key":"Strength Potion"}],"is_trial":false,"path_per_floor":["M","M","M","?","M","R","E","R","T","$","M","M","E","M","R","B",null,"M","M","M","?","?","E","R","M","T","$","M","R","?","M","R","B"],"character_chosen":"IRONCLAD","items_purchased":["PreservedInsect","Sling","Shrug It Off"],"campfire_rested":0,"item_purchase_floors":[27,27,27],"current_hp_per_floor":[71,72,71,71,68,68,64,64,64,64,52,47,17,22,22,20,59,54,61,58,58,58,37,37,33,33,33,33,33,33,37,37,0,0],"gold":202,"neow_bonus":"TRANSFORM_TWO_CARDS","is_daily":false,"chose_seed":false,"campfire_upgraded":6,"win_rate":0.0,"timestamp":1612088931,"path_taken":["M","M","M","?","M","R","E","R","T","?","M","M","E","?","R","BOSS","M","M","M","?","?","E","R","M","T","$","?","R","?","M","R","BOSS"],"items_purchased_type":["Relic","Relic","Card"],"build_version":"2020-12-22","purchased_purges":2,"victory":false,"max_hp_per_floor":[72,72,72,72,72,72,72,72,72,72,72,72,72,72,72,72,72,72,72,72,72,72,76,76,80,80,80,80,80,80,84,84,84,84],"card_choices":[{"not_picked":["Sever Soul","Flex"],"picked":"Heavy Blade","floor":1.0},{"not_picked":["Perfected Strike","Hemokinesis"],"picked":"Shrug It Off","floor":2.0},{"not_picked":["Rampage","Wild Strike"],"picked":"Immolate","floor":3.0},{"not_picked":["Shrug It Off","Pommel Strike"],"picked":"True Grit","floor":5.0},{"not_picked":["Searing Blow","Perfected Strike","Bloodletting"],"picked":"SKIP","floor":7.0},{"not_picked":["Havoc","Body Slam"],"picked":"Pummel","floor":11.0},{"not_picked":["Perfected Strike","Dark Embrace"],"picked":"Entrench","floor":12.0},{"not_picked":["Pommel Strike","Ghostly Armor"],"picked":"Sword Boomerang","floor":13.0},{"not_picked":["Havoc","Clothesline","Seeing Red"],"picked":"SKIP","floor":14.0},{"not_picked":["Bludgeon","Immolate"],"picked":"Corruption","floor":16.0},{"not_picked":["Headbutt","Iron Wave","True Grit"],"picked":"SKIP","floor":18.0},{"not_picked":["Warcry","Blood for Blood+1"],"picked":"Spot Weakness","floor":19.0},{"not_picked":["True Grit","Perfected Strike","Cleave"],"picked":"SKIP","floor":20.0},{"not_picked":["Clash","Metallicize+1"],"picked":"Thunderclap","floor":23.0},{"not_picked":["Flex+1","Headbutt+1"],"picked":"Offering","floor":25.0},{"not_picked":["True Grit","Iron Wave"],"picked":"Shrug It Off","floor":28.0},{"not_picked":["Flame Barrier","Body Slam","Warcry"],"picked":"SKIP","floor":31.0}],"player_experience":592151,"relics_obtained":[{"floor":7.0,"key":"Bottled Flame"},{"floor":9.0,"key":"Potion Belt"},{"floor":13.0,"key":"Dream Catcher"},{"floor":23.0,"key":"CeramicFish"}],"event_choices":[{"damage_healed":0.0,"max_hp_gain":0.0,"max_hp_loss":0.0,"gold_gain":0.0,"event_name":"Upgrade Shrine","player_choice":"Upgraded","floor":4.0,"gold_loss":0.0,"damage_taken":0.0,"cards_upgraded":["Inflame"]},{"damage_healed":0.0,"max_hp_gain":0.0,"max_hp_loss":0.0,"gold_gain":0.0,"event_name":"The Library","player_choice":"Read","floor":21.0,"gold_loss":0.0,"damage_taken":0.0,"cards_obtained":["Feed"]},{"damage_healed":0.0,"max_hp_gain":0.0,"max_hp_loss":0.0,"gold_gain":0.0,"event_name":"Upgrade Shrine","player_choice":"Upgraded","floor":22.0,"gold_loss":0.0,"damage_taken":0.0,"cards_upgraded":["Feed"]},{"damage_healed":0.0,"max_hp_gain":0.0,"max_hp_loss":0.0,"gold_gain":99.0,"event_name":"betterThird:BetterNest","player_choice":"Steal","floor":30.0,"gold_loss":0.0,"damage_taken":0.0}],"is_beta":false,"boss_relics":[{"not_picked":["Runic Cube","Pandora\u0027s Box"],"picked":"Black Blood"}],"items_purged_floors":[10,27],"is_endless":false,"potions_floor_spawned":[1,2,5,12,13,18,31],"killed_by":"Automaton","ascension_level":12}}