{"host":"tvwbxqry54t86y0v","time":1612094807,"event":{"mods":["2.2 Compatiblity","A Magickal Journey","Arknights","Astrologer","BaseMod","Beaked The Cultist","BetterRewards","Block Reminder","Clockwork Mod","Colored Powertips","DeckTracker","Downfall","Fiend Mod","GungeonMod","Hermit","Hubris","Infinite Spire","Ironclad Rager","Marked Mod","Mimic Mod","Minty Spire (QoL Compilation)","Potionbrewer","Replay The Spire","Shade Mod","Somnambulant","StSLib","The Bug Knight","The Cursed","The Death Knight","The Druid","The Elementalist","The Exalted","The Forsaken","The Hierophant","The Jungle","The Marked","The Mystic","The Problem Sleuth","The Runesmith","The Senshi","The Spell Scribe","The Valiant","The Wild Card","TheFirefly","TheHeartMod","Unceasing Turn Reminder","thorton"],"gold_per_floor":[117,117,117,133,133,166,182,207,207,53,53,53,82,82,82,182,182,200,217,167,186,201,201,217,228,228,262,274,299,200,219,219,322,322,339,351,251,251,266,266,266,298,298,298,399,399,399,409,409,409,409],"floor_reached":50,"language":"ENG","playtime":2842,"items_purged":["Vigilance","Strike_P"],"score":611,"play_id":"be272b75-ee8c-4a66-894c-679b273d8b6e","local_time":"20210131230647","is_ascension_mode":true,"campfire_choices":[{"data":"Alpha","floor":12,"key":"SMITH"},{"data":"Replay:ManipulateFuture","floor":15,"key":"SMITH"},{"floor":23,"key":"REST"},{"floor":32,"key":"REST"},{"floor":40,"key":"REST"},{"floor":44,"key":"REST"},{"data":"Scrawl","floor":46,"key":"SMITH"},{"data":"infinitespire:NeuralNetwork","floor":49,"key":"SMITH"}],"circlet_count":0,"master_deck":["Strike_P","Defend_P","Defend_P","Defend_P+1","Defend_P","Eruption+1","Alpha+1","Scrawl+1","Wireheading+1","ThirdEye+1","hubris:DuctTapeCard","Weave+1","CutThroughFate+1","Replay:ManipulateFuture+1","Weave","infinitespire:NeuralNetwork+1","Parasite"],"relics":["PureWater","NeowsBlessing","Replay:Bottled Snecko","hubris:PeanutButter","DemoMod:DecoyRelic","Gremlin Food","hubris:ScarierMask","hubris:DuctTape","DemoMod:Antibody","Golden Egg","Empty Cage","hubris:Icosahedron","Regal Pillow","Iron Hammer"],"acts_visited":["Exordium","TheCity","TheBeyond"],"potions_floor_usage":[7,8,22,28,29,31,33,39,42,50],"damage_taken":[{"damage":0,"enemies":"Cultist","floor":1,"turns":1},{"damage":0,"enemies":"2 Louse","floor":4,"turns":1},{"damage":0,"enemies":"Gremlin Nob","floor":6,"turns":1},{"damage":0,"enemies":"Jaw Worm","floor":7,"turns":4},{"damage":3,"enemies":"3 Sentries","floor":8,"turns":7},{"damage":12,"enemies":"HollowMod:MossKnight","floor":13,"turns":5},{"damage":27,"enemies":"Slime Boss","floor":16,"turns":6},{"damage":14,"enemies":"3 Byrds","floor":18,"turns":3},{"damage":22,"enemies":"Shell Parasite","floor":19,"turns":4},{"damage":0,"enemies":"Centurion and Healer","floor":21,"turns":5},{"damage":6,"enemies":"Snake Plant","floor":22,"turns":5},{"damage":9,"enemies":"Snecko","floor":24,"turns":5},{"damage":0,"enemies":"Sentry and Sphere","floor":25,"turns":5},{"damage":1,"enemies":"Gremlin Leader","floor":27,"turns":5},{"damage":17,"enemies":"Centurion and Healer","floor":28,"turns":5},{"damage":8,"enemies":"HollowMod:Nosk","floor":29,"turns":6},{"damage":1,"enemies":"Snake Plant","floor":31,"turns":4},{"damage":44,"enemies":"hubris:MusketHawk","floor":33,"turns":7},{"damage":0,"enemies":"3 Darklings","floor":35,"turns":3},{"damage":17,"enemies":"Orb Walker","floor":36,"turns":6},{"damage":27,"enemies":"Spire Growth","floor":39,"turns":5},{"damage":68,"enemies":"Nemesis","floor":42,"turns":8},{"damage":0,"enemies":"Writhing Mass","floor":48,"turns":6},{"damage":57,"enemies":"Time Eater","floor":50,"turns":5}],"seed_played":"-5006444489707708856","potions_obtained":[{"floor":6,"key":"Block Potion"},{"floor":7,"key":"SkillPotion"},{"floor":8,"key":"Dexterity Potion"},{"floor":21,"key":"Dexterity Potion"},{"floor":27,"key":"potionbrewer:DiscountPotion"},{"floor":28,"key":"Adrenaline Potion"},{"floor":29,"key":"DeathKnight:RimePotion"},{"floor":39,"key":"LiquidMemories"},{"floor":48,"key":"Elixir"}],"is_trial":false,"path_per_floor":["M","$","?","M","$","E","M","E","T","$","?","R","E","$","R","B",null,"M","M","?","M","M","R","M","M","T","E","M","E","$","M","R","B",null,"M","M","$","?","M","R","?","E","MIM","R","?","R","AVR","M","R","B"],"character_chosen":"WATCHER","items_purchased":["Alpha","CutThroughFate"],"campfire_rested":4,"item_purchase_floors":[10,30],"current_hp_per_floor":[72,72,72,72,72,72,72,69,69,69,69,69,57,57,57,30,72,58,36,36,36,30,51,42,42,42,41,24,16,16,15,57,13,72,72,55,55,55,28,70,70,2,2,72,54,54,54,54,54,0,0],"gold":409,"neow_bonus":"THREE_ENEMY_KILL","is_daily":false,"chose_seed":false,"campfire_upgraded":4,"win_rate":0.0,"timestamp":1612094807,"path_taken":["M","?","?","M","?","E","M","E","T","?","?","R","E","$","R","BOSS","M","M","?","?","M","R","M","?","T","E","M","E","$","M","R","BOSS","M","?","$","?","M","R","?","E","MIM","R","?","R","AVR","?","R","BOSS"],"items_purchased_type":["Card","Card"],"build_version":"2020-12-22","purchased_purges":2,"victory":false,"max_hp_per_floor":[72,72,72,72,72,72,72,72,72,72,72,72,72,72,72,72,72,72,72,72,72,72,72,72,72,72,72,72,72,72,72,72,72,72,72,72,72,72,72,72,72,72,72,72,72,72,72,72,72,72,72],"card_choices":[{"not_picked":["Evaluate","EmptyMind"],"picked":"Replay:ManipulateFuture","floor":1},{"not_picked":["Evaluate","BowlingBash","Swivel"],"picked":"SKIP","floor":4},{"not_picked":["MarkedMod:GentlePulse","Halt","FlyingSleeves"],"picked":"SKIP","floor":6},{"not_picked":["Replay:AtTheReady","Prostrate","MarkedMod:GentlePulse"],"picked":"SKIP","floor":7},{"not_picked":["Indignation","FollowUp","MarkedMod:PinPointDefense"],"picked":"SKIP","floor":8},{"not_picked":["Indignation","FollowUp","MarkedMod:PinPointDefense"],"picked":"SKIP","floor":8},{"not_picked":["Worship","DeceiveReality"],"picked":"JustLucky","floor":13},{"not_picked":["MarkedMod:SlowDance","Ragnarok"],"picked":"Scrawl","floor":16},{"not_picked":["SandsOfTime+1","MarkedMod:FirstStrike+1"],"picked":"Wireheading+1","floor":18},{"not_picked":["Prostrate","MarkedMod:FirstStrike"],"picked":"ThirdEye","floor":19},{"not_picked":["Wallop","CarveReality","MentalFortress"],"picked":"SKIP","floor":21},{"not_picked":["ClearTheMind","MarkedMod:Acupuncture","MarkedMod:GracefulMovements"],"picked":"SKIP","floor":22},{"not_picked":["SandsOfTime+1","EmptyFist+1","ClearTheMind"],"picked":"SKIP","floor":24},{"not_picked":["Worship","ClearTheMind","TalkToTheHand"],"picked":"SKIP","floor":25},{"not_picked":["MarkedMod:GracefulMovements","Blasphemy","Replay:AtTheReady"],"picked":"SKIP","floor":27},{"not_picked":["Consecrate","MentalFortress+1"],"picked":"Weave+1","floor":28},{"not_picked":["CrushJoints","Crescendo+1","Replay:AllIn"],"picked":"SKIP","floor":29},{"not_picked":["DeceiveReality","ClearTheMind","Halt"],"picked":"SKIP","floor":31},{"not_picked":["CrushJoints","Conclude+1"],"picked":"Replay:ManipulateFuture+1","floor":35},{"not_picked":["CutThroughFate","ThirdEye","BattleHymn"],"picked":"SKIP","floor":36},{"not_picked":["Evaluate","Worship+1","MarkedMod:GentlePulse"],"picked":"SKIP","floor":39},{"not_picked":["FollowUp+1","Study","Replay:ManipulateFuture"],"picked":"SKIP","floor":42},{"not_picked":["JustLucky+1","Replay:Hum+1"],"picked":"Weave","floor":45},{"not_picked":["Sanctity+1","Scrawl","Evaluate"],"picked":"SKIP","floor":48}],"player_experience":1122683,"relics_obtained":[{"floor":6,"key":"Replay:Bottled Snecko"},{"floor":8,"key":"hubris:PeanutButter"},{"floor":9,"key":"DemoMod:DecoyRelic"},{"floor":13,"key":"Gremlin Food"},{"floor":26,"key":"hubris:DuctTape"},{"floor":27,"key":"DemoMod:Antibody"},{"floor":29,"key":"Golden Egg"},{"floor":42,"key":"Regal Pillow"}],"event_choices":[{"damage_healed":0,"gold_gain":0,"player_choice":"Bet on Murderer","damage_taken":0,"max_hp_gain":0,"max_hp_loss":0,"event_name":"The Joust","floor":20,"gold_loss":50}],"is_beta":false,"boss_relics":[{"not_picked":["Sozu","Fusion Hammer"],"picked":"hubris:ScarierMask"},{"not_picked":["Cursed Key","theForsaken:PaleLantern"],"picked":"Empty Cage"}],"items_purged_floors":[30,37],"is_endless":false,"potions_floor_spawned":[6,7,8,21,27,28,29,39,48],"killed_by":"Time Eater","ascension_level":2}}