{"host":"c6u7e77myxvw4d0m","time":1612095869,"event":{"mods":["AchievementEnabler","BaseMod","Bestiary","Colored Map","Colored Powertips","Minty Spire (QoL Compilation)","Rare Cards Sparkle","Relic Stats","everything is the same but u backflip on backflip"],"gold_per_floor":[109,184,201,213,213,213,241,257,257,257,269,344,344,364,364,364,364],"floor_reached":16,"language":"ENG","playtime":539,"items_purged":[],"score":189,"play_id":"b1f600ab-6ed0-42b7-8e6b-f540e82a705c","local_time":"20210131142429","is_ascension_mode":true,"campfire_choices":[{"data":"Bash","floor":6,"key":"SMITH"},{"floor":13,"key":"REST"},{"data":"Spot Weakness","floor":15,"key":"SMITH"}],"circlet_count":0,"master_deck":["AscendersBane","Strike_R","Strike_R","Strike_R","Strike_R","Strike_R","Defend_R","Defend_R","Defend_R","Defend_R","Bash+1","Pommel Strike","Whirlwind+1","Battle Trance","Anger","Shrug It Off","Spot Weakness+1","Flex","Flex"],"relics":["Burning Blood","Akabeko","Juzu Bracelet"],"acts_visited":["Exordium"],"potions_floor_usage":[16,16,16,16,16],"damage_taken":[{"damage":13,"enemies":"Small Slimes","floor":1,"turns":5},{"damage":5,"enemies":"2 Louse","floor":3,"turns":3},{"damage":16,"enemies":"Jaw Worm","floor":4,"turns":5},{"damage":35,"enemies":"Lagavulin","floor":7,"turns":5},{"damage":0,"enemies":"Exordium Wildlife","floor":8,"turns":2},{"damage":8,"enemies":"3 Louse","floor":11,"turns":3},{"damage":8,"enemies":"Blue Slaver","floor":14,"turns":4},{"damage":36,"enemies":"Hexaghost","floor":16,"turns":9}],"seed_played":"8619040635297199083","potions_obtained":[{"floor":4,"key":"ElixirPotion"},{"floor":11,"key":"EntropicBrew"},{"floor":14,"key":"EntropicBrew"}],"is_trial":false,"path_per_floor":["M","?","M","M","?","R","E","M","T","?","M","?","R","M","R","B"],"character_chosen":"IRONCLAD","items_purchased":[],"campfire_rested":1,"item_purchase_floors":[],"current_hp_per_floor":[61,50,51,41,41,41,12,18,18,18,16,16,38,36,36,0,0],"gold":364,"neow_bonus":"THREE_CARDS","is_daily":false,"chose_seed":false,"campfire_upgraded":2,"win_rate":0.0,"timestamp":1612095869,"path_taken":["M","?","M","M","?","R","E","M","T","?","M","?","R","M","R","BOSS"],"items_purchased_type":[],"build_version":"2020-12-22","purchased_purges":0,"victory":false,"max_hp_per_floor":[75,75,75,75,75,75,75,75,75,75,75,75,75,75,75,75,75],"relic_stats":{"counters":[8,36],"Juzu Bracelet":0,"obtain_stats":[{"Juzu Bracelet":9,"Burning Blood":0,"Akabeko":7},{"Juzu Bracelet":5,"Burning Blood":0,"Akabeko":4},{"Juzu Bracelet":20,"Burning Blood":0,"Akabeko":18}],"Burning Blood":42},"card_choices":[{"not_picked":["Havoc","Heavy Blade"],"picked":"Pommel Strike","floor":0},{"not_picked":["Clothesline","Armaments"],"picked":"Whirlwind","floor":1},{"not_picked":["Thunderclap","Havoc"],"picked":"Battle Trance","floor":3},{"not_picked":["Dark Embrace","Iron Wave"],"picked":"Anger","floor":4},{"not_picked":["Havoc","Twin Strike"],"picked":"Shrug It Off","floor":7},{"not_picked":["Clothesline","Flame Barrier"],"picked":"Spot Weakness","floor":8},{"not_picked":["Infernal Blade","Blood for Blood"],"picked":"Flex","floor":11},{"not_picked":["Armaments","Iron Wave"],"picked":"Flex","floor":14}],"player_experience":572860,"relics_obtained":[{"floor":7,"key":"Akabeko"},{"floor":9,"key":"Juzu Bracelet"}],"event_choices":[{"damage_healed":0,"gold_gain":75,"player_choice":"Gather Gold","damage_taken":11,"max_hp_gain":0,"max_hp_loss":0,"event_name":"World of Goop","floor":2,"gold_loss":0},{"damage_healed":0,"gold_gain":0,"player_choice":"Grow","damage_taken":0,"max_hp_gain":0,"max_hp_loss":0,"event_name":"Living Wall","floor":5,"gold_loss":0,"cards_upgraded":["Whirlwind"]},{"damage_healed":0,"gold_gain":0,"player_choice":"Fled","damage_taken":0,"max_hp_gain":0,"max_hp_loss":0,"event_name":"Scrap Ooze","floor":10,"gold_loss":0},{"damage_healed":0,"gold_gain":75,"player_choice":"Gained Gold","damage_taken":0,"max_hp_gain":0,"max_hp_loss":0,"event_name":"Golden Wing","floor":12,"gold_loss":0}],"is_beta":false,"boss_relics":[],"items_purged_floors":[],"is_endless":false,"potions_floor_spawned":[4,11,14],"killed_by":"Hexaghost","ascension_level":17}}