{"host":"0fm1w3v00gid44jl","time":1612115789,"event":{"mods":["AchievementEnabler","BaseMod","Colored Map","Colored Powertips","Displayed Cursed Tome","Downfall","Googly Eyes","Highlight Path","Minty Spire (QoL Compilation)","Permanent Neow","Relic Stats","StSLib","SuperFastMode","slay the spire mod where everything is the same but ironclad has a cowboy hat"],"gold_per_floor":[99,119,133,40,40,40,65,77,77,112,124,141,141,155,174,274,274,274,293,308,308,308,36,62,78,78,78,78,88,117,130,130,130,130],"floor_reached":32,"language":"ENG","playtime":1686,"items_purged":[],"score":317,"play_id":"7ee4b03b-de48-4763-9f00-22564cb4fa7b","local_time":"20210131115629","is_ascension_mode":true,"campfire_choices":[{"data":"Slimebound:FlameTackle","floor":1,"key":"SMITH"},{"data":"Slimebound:CorrosiveSpit","floor":6,"key":"SMITH"},{"floor":13,"key":"REST"},{"data":"Slimebound:CheckThePlaybook","floor":18,"key":"SMITH"},{"data":"Slimebound:SpikyOuterGoop","floor":27,"key":"SMITH"}],"circlet_count":0,"master_deck":["Slimebound:Strike_Slimebound","Slimebound:Tackle","Slimebound:Defend_Slimebound","Slimebound:Defend_Slimebound","Slimebound:Defend_Slimebound","Slimebound:Defend_Slimebound","Slimebound:Split","Slimebound:CorrosiveSpit+1","Slimebound:FlameTackle+1","Slimebound:SplitLeeching","Slimebound:FinishingTackle","Slimebound:GoopTackle+1","Slimebound:ForwardTackle","Slimebound:Schlurp","Slimebound:GoopSpray+1","Slimebound:ComboTackle","Slimebound:RollThrough","Slimebound:FinishingTackle","Slimebound:CheckThePlaybook+1","Slimebound:SpikyOuterGoop+1","Slimebound:RainOfGoop","RitualDagger","Slimebound:RollThrough","Slimebound:GoopSpray","Slimebound:Schlurp"],"relics":["Slimebound:AbsorbEndCombat","Vajra","HornCleat","Snecko Eye","Molten Egg 2","Bronze Scales","MealTicket"],"acts_visited":["Exordium","TheCity"],"potions_floor_usage":[],"damage_taken":[{"damage":7,"enemies":"Small Slimes","floor":2,"turns":3},{"damage":3,"enemies":"Cultist","floor":3,"turns":4},{"damage":19,"enemies":"downfall:FleeingMerchant","floor":4,"turns":4},{"damage":0,"enemies":"2 Louse","floor":8,"turns":1},{"damage":12,"enemies":"Lagavulin","floor":10,"turns":3},{"damage":10,"enemies":"Lots of Slimes","floor":11,"turns":4},{"damage":13,"enemies":"Large Slime","floor":12,"turns":4},{"damage":10,"enemies":"3 Louse","floor":14,"turns":3},{"damage":15,"enemies":"Red Slaver","floor":15,"turns":4},{"damage":24,"enemies":"IC_STATUS_ARCHETYPE","floor":16,"turns":8},{"damage":18,"enemies":"3 Byrds","floor":19,"turns":4},{"damage":0,"enemies":"Shell Parasite","floor":20,"turns":3},{"damage":0,"enemies":"downfall:FleeingMerchant","floor":23,"turns":4},{"damage":0,"enemies":"3 Cultists","floor":25,"turns":4},{"damage":12,"enemies":"Centurion and Healer","floor":29,"turns":4},{"damage":31,"enemies":"Book of Stabbing","floor":30,"turns":4},{"damage":16,"enemies":"Sentry and Sphere","floor":31,"turns":4},{"damage":23,"enemies":"Snake Plant","floor":32,"turns":3}],"seed_played":"-4376857076313165332","potions_obtained":[{"floor":8,"key":"Slimebound:SlimedPotion"},{"floor":9,"key":"Dexterity Potion"},{"floor":9,"key":"Guardian:BlockOnCardUsePotion"},{"floor":20,"key":"Energy Potion"}],"is_trial":false,"path_per_floor":["R","M","M","$","?","R","T","M","?","E","M","M","R","M","M","B",null,"R","M","M","?","?","$","T","M","?","R","?","M","E","M","M"],"character_chosen":"SLIMEBOUND","items_purchased":["Slimebound:ForwardTackle","Molten Egg 2"],"campfire_rested":1,"item_purchase_floors":[4,23],"current_hp_per_floor":[65,58,55,38,38,38,38,40,40,32,30,21,40,32,21,5,65,65,51,55,49,49,53,53,61,61,61,53,49,24,14,0,0,0],"gold":130,"neow_bonus":"THREE_CARDS","is_daily":false,"chose_seed":false,"campfire_upgraded":4,"win_rate":0.0,"timestamp":1612115789,"path_taken":["R","M","M","$","?","R","T","?","?","E","?","M","R","M","M","BOSS","R","M","M","?","?","$","T","?","?","R","?","M","E","?","M"],"items_purchased_type":["Card","Relic"],"build_version":"2020-12-22","purchased_purges":0,"victory":false,"max_hp_per_floor":[65,65,65,65,65,65,65,65,65,65,65,65,65,65,65,65,65,65,65,65,65,65,65,65,65,65,65,65,65,65,65,65,65,65],"relic_stats":{"counters":[18,67],"Bronze Scales":[66],"Snecko Eye":[67,52,49,49],"MealTicket":0,"obtain_stats":[{"HornCleat":10,"Bronze Scales":24,"Vajra":7,"Snecko Eye":17,"Molten Egg 2":23,"MealTicket":30,"Slimebound:AbsorbEndCombat":0},{"HornCleat":5,"Bronze Scales":13,"Vajra":3,"Snecko Eye":10,"Molten Egg 2":13,"MealTicket":16,"Slimebound:AbsorbEndCombat":0},{"HornCleat":15,"Bronze Scales":48,"Vajra":11,"Snecko Eye":37,"Molten Egg 2":48,"MealTicket":60,"Slimebound:AbsorbEndCombat":0}]},"card_choices":[{"not_picked":["Slimebound:LeechingTouch","Slimebound:SplitAcid"],"picked":"Slimebound:FlameTackle","floor":0},{"not_picked":["Slimebound:GoopSpray","Slimebound:AcidTongue"],"picked":"Slimebound:SplitLeeching","floor":2},{"not_picked":["Slimebound:Prepare","Slimebound:ItLooksTasty"],"picked":"Slimebound:FinishingTackle","floor":3},{"not_picked":["Slimebound:FinishingTackle","Slimebound:ItLooksTasty"],"picked":"Slimebound:GoopTackle","floor":4},{"not_picked":["Slimebound:Teamwork","Slimebound:RainOfGoop"],"picked":"Slimebound:Schlurp","floor":8},{"not_picked":["Slimebound:FlameTackle","Slimebound:RejuvenatingLick"],"picked":"Slimebound:GoopSpray","floor":10},{"not_picked":["Slimebound:RainOfGoop","Slimebound:LeechingTouch"],"picked":"Slimebound:ComboTackle","floor":11},{"not_picked":["Slimebound:PressTheAttack","Slimebound:Prepare"],"picked":"Slimebound:RollThrough","floor":12},{"not_picked":["Slimebound:SplitLeeching","Slimebound:HungryTackle","Slimebound:DisruptingSlam"],"picked":"SKIP","floor":14},{"not_picked":["Slimebound:GoopTackle","Slimebound:GrowthPunch"],"picked":"Slimebound:FinishingTackle","floor":15},{"not_picked":["Slimebound:MinionMaster","Slimebound:LeechLife"],"picked":"Slimebound:CheckThePlaybook","floor":16},{"not_picked":["Slimebound:LeechEnergy","Slimebound:SamplingLick"],"picked":"Slimebound:SpikyOuterGoop","floor":19},{"not_picked":["Slimebound:SplitBruiser+1","Slimebound:Prepare+1"],"picked":"Slimebound:RainOfGoop","floor":20},{"not_picked":["Slimebound:Gluttony","Slimebound:Dissolve"],"picked":"Slimebound:RollThrough","floor":23},{"not_picked":["Slimebound:FinishingTackle+1","Slimebound:ProtectTheBoss","Slimebound:ComboTackle+1"],"picked":"SKIP","floor":25},{"not_picked":["Slimebound:ComboTackle+1","Slimebound:FinishingTackle+1","Slimebound:SlimeSlap+1"],"picked":"SKIP","floor":29},{"not_picked":["Slimebound:ItLooksTasty+1","Slimebound:GrowthPunch+1"],"picked":"Slimebound:GoopSpray","floor":30},{"not_picked":["Slimebound:SamplingLick","Slimebound:Prepare"],"picked":"Slimebound:Schlurp","floor":31}],"player_experience":1587196,"relics_obtained":[{"floor":7,"key":"Vajra"},{"floor":10,"key":"HornCleat"},{"floor":24,"key":"Bronze Scales"},{"floor":30,"key":"MealTicket"}],"event_choices":[{"damage_healed":0,"gold_gain":0,"player_choice":"Forge","damage_taken":0,"max_hp_gain":0,"max_hp_loss":0,"event_name":"Accursed Blacksmith","floor":5,"gold_loss":0,"cards_upgraded":["Slimebound:GoopTackle"]},{"damage_healed":0,"gold_gain":0,"player_choice":"Got Potions","damage_taken":0,"max_hp_gain":0,"max_hp_loss":0,"event_name":"Lab","floor":9,"gold_loss":0},{"cards_removed":["Slimebound:Strike_Slimebound"],"damage_healed":0,"gold_gain":0,"player_choice":"Offered Basic","damage_taken":0,"max_hp_gain":0,"max_hp_loss":0,"event_name":"Bonfire Elementals","floor":22,"gold_loss":0},{"damage_healed":0,"gold_gain":0,"player_choice":"Ignored","damage_taken":0,"max_hp_gain":0,"max_hp_loss":0,"event_name":"Ghosts","floor":26,"gold_loss":0}],"is_beta":false,"boss_relics":[{"not_picked":["SlaversCollar","Cursed Key"],"picked":"Snecko Eye"}],"items_purged_floors":[],"is_endless":false,"potions_floor_spawned":[8,11,12,15,16,20,30,31],"killed_by":"Snake Plant","ascension_level":4}}