{"host":"1s3n9odryuenogaq","time":1612060534,"event":{"mods":["AchievementEnabler","BaseMod","BetterRewards","Colored Map","Colored Powertips","Downfall","Googly Eyes","Minty Spire (QoL Compilation)","StSLib"],"gold_per_floor":[99,114,134,149,16,16,42,56,56,56,56,56,56,4,21,119,119,119,134,234,234,234,234],"floor_reached":21,"language":"ENG","playtime":2978,"items_purged":[],"score":167,"play_id":"bca40943-f0e7-4d44-b24b-4ee0763eec63","local_time":"20210131023534","is_ascension_mode":false,"campfire_choices":[{"data":"champ:Execute","floor":1,"key":"SMITH"},{"data":"champ:ShieldWall","floor":6,"key":"SMITH"},{"data":"champ:StanceDance","floor":10,"key":"SMITH"},{"floor":12,"key":"REST"},{"data":"champ:SteelEdge","floor":18,"key":"SMITH"}],"circlet_count":0,"master_deck":["champ:Strike","champ:Strike","champ:Strike","champ:Strike","champ:Defend","champ:Defend","champ:Defend","champ:Defend","champ:Execute+1","champ:Taunt","champ:CrownThrow","champ:RapidStrikes","champ:DefensiveShout","champ:Lariat","champ:ShieldWall+1","champ:CrookedStrike","champ:StanceDance+1","champ:HeartStrike","champ:CalledShot","champ:Backstep","champ:SteelEdge+1","champ:EnragedBash+1","champ:PerfectedStrike+1"],"relics":["champ:ChampionCrown","Vajra","Juzu Bracelet","Ornamental Fan","Black Star","champ:BlackKnightHelmet","Matryoshka"],"acts_visited":["Exordium","TheCity"],"potions_floor_usage":[14,16,16,16],"damage_taken":[{"damage":13,"enemies":"Jaw Worm","floor":2,"turns":4},{"damage":3,"enemies":"Small Slimes","floor":3,"turns":3},{"damage":13,"enemies":"2 Louse","floor":4,"turns":2},{"damage":20,"enemies":"downfall:FleeingMerchant","floor":5,"turns":4},{"damage":10,"enemies":"Large Slime","floor":8,"turns":5},{"damage":16,"enemies":"downfall:FleeingMerchant","floor":14,"turns":4},{"damage":33,"enemies":"Gremlin Gang","floor":15,"turns":3},{"damage":53,"enemies":"SI_SHIV_ARCHETYPE","floor":16,"turns":10},{"damage":32,"enemies":"3 Byrds","floor":19,"turns":5},{"damage":121,"enemies":"3 Byrds","floor":20,"turns":14},{"damage":28,"enemies":"Shell Parasite","floor":21,"turns":4}],"seed_played":"4647402063176530613","potions_obtained":[{"floor":2,"key":"DuplicationPotion"},{"floor":3,"key":"BlessingOfTheForge"},{"floor":4,"key":"EssenceOfSteel"},{"floor":8,"key":"champ:CounterPotion"},{"floor":15,"key":"Weak Potion"}],"is_trial":false,"path_per_floor":["R","M","M","M","$","R","T","M","?","R","?","R","T","$","M","B",null,"R","M","?","M"],"character_chosen":"THE_CHAMP","items_purchased":["champ:ShieldWall","champ:CrookedStrike","champ:CalledShot"],"campfire_rested":1,"item_purchase_floors":[5,5,14],"current_hp_per_floor":[99,96,93,90,90,90,90,90,95,95,77,104,104,98,85,57,104,104,82,13,0,0,0],"gold":234,"neow_bonus":"TEN_PERCENT_HP_BONUS","is_daily":false,"chose_seed":false,"campfire_upgraded":4,"win_rate":0.0,"timestamp":1612060534,"path_taken":["R","M","M","M","$","R","T","M","?","R","?","R","?","?","M","BOSS","R","M","?","M"],"items_purchased_type":["Card","Card","Card"],"build_version":"2020-12-22","purchased_purges":0,"victory":false,"max_hp_per_floor":[99,99,99,99,99,99,99,99,104,104,104,104,104,104,104,104,104,104,104,104,104,104,104],"card_choices":[{"not_picked":["champ:Shatter","champ:FaceSlap"],"picked":"champ:CrownThrow","floor":2},{"not_picked":["champ:BringItOn","champ:BladeFlurry"],"picked":"champ:RapidStrikes","floor":3},{"not_picked":["champ:GutPunch","champ:FancyFootwork"],"picked":"champ:DefensiveShout","floor":4},{"not_picked":["champ:BringItOn","champ:StanceDance"],"picked":"champ:Lariat","floor":5},{"not_picked":["champ:Improvising","champ:DefensiveShout"],"picked":"champ:StanceDance","floor":8},{"not_picked":["champ:Duel","champ:BringItOn"],"picked":"champ:HeartStrike","floor":14},{"not_picked":["champ:BringItOn","champ:HeartStrike"],"picked":"champ:Backstep","floor":15},{"not_picked":["champ:ShieldThrow","champ:MurderStrike"],"picked":"champ:SteelEdge","floor":16},{"not_picked":["champ:EndlessRage","champ:FanOfKnives"],"picked":"champ:EnragedBash+1","floor":19},{"not_picked":["champ:Haymaker","champ:Circumvent+1"],"picked":"champ:PerfectedStrike+1","floor":20}],"player_experience":928060,"relics_obtained":[{"floor":7,"key":"Vajra"},{"floor":13,"key":"Ornamental Fan"},{"floor":20,"key":"champ:BlackKnightHelmet"},{"floor":20,"key":"Matryoshka"}],"event_choices":[{"damage_healed":0,"gold_gain":0,"player_choice":"Donut","damage_taken":0,"max_hp_gain":5,"max_hp_loss":0,"event_name":"Big Fish","floor":9,"gold_loss":0},{"damage_healed":0,"gold_gain":0,"player_choice":"Success","damage_taken":18,"relics_obtained":["Juzu Bracelet"],"max_hp_gain":0,"max_hp_loss":0,"event_name":"Scrap Ooze","floor":11,"gold_loss":0}],"is_beta":false,"boss_relics":[{"not_picked":["Velvet Choker","bronze:MakeshiftBattery"],"picked":"Black Star"}],"items_purged_floors":[],"is_endless":false,"potions_floor_spawned":[2,3,4,8,15],"killed_by":"Shell Parasite","ascension_level":0}}