{"host":"4qkvkh7pd9qr2mca","time":1612111090,"event":{"mods":["AchievementEnabler","Act Like it!","BaseMod","Colored Map","Colored Powertips","Highlight Path","Minty Spire (QoL Compilation)","Pale of the Ancients","Permanent Neow","Quick Restart","Relic Stats","StSLib","SuperFastMode"],"gold_per_floor":[115,115,128,39,54,54,85,101,125,155,175,193,24,34,34,106,106,125,141,154,174,185,185,213,213,213,213,230,250,250,250],"floor_reached":30,"language":"ENG","playtime":1733,"items_purged":["Strike_G"],"score":586,"play_id":"83597113-5ffd-4027-b5e0-11a1f6c4dca4","local_time":"20210131173810","is_ascension_mode":true,"campfire_choices":[{"data":"Neutralize","floor":6.0,"key":"SMITH"},{"floor":15.0,"key":"REST"},{"floor":23.0,"key":"REST"},{"floor":27,"key":"REST"}],"circlet_count":0,"master_deck":["AscendersBane","Strike_G","Strike_G","Defend_G","Defend_G","Defend_G","Defend_G","Survivor","Neutralize+1","Die Die Die+1","Footwork+1","Tools of the Trade+1","Finisher","Finisher","Well Laid Plans","Cloak And Dagger","After Image","Acrobatics","Tactician","Backflip","Footwork","Cloak And Dagger","Blade Dance","After Image","PiercingWail+1","Escape Plan","Leg Sweep","RitualDagger","Endless Agony+1","Eviscerate"],"relics":["Astrolabe","Lantern","PreservedInsect","Nunchaku","Philosopher\u0027s Stone","Vajra","Shovel"],"acts_visited":["Exordium","TheCity"],"potions_floor_usage":[24,30],"damage_taken":[{"damage":0.0,"enemies":"2 Louse","floor":1.0,"turns":3.0},{"damage":0.0,"enemies":"Jaw Worm","floor":3.0,"turns":4.0},{"damage":1.0,"enemies":"Cultist","floor":5.0,"turns":4.0},{"damage":0.0,"enemies":"Lagavulin","floor":7.0,"turns":6.0},{"damage":3.0,"enemies":"Blue Slaver","floor":8.0,"turns":4.0},{"damage":32.0,"enemies":"Gremlin Nob","floor":10.0,"turns":5.0},{"damage":0.0,"enemies":"2 Fungi Beasts","floor":11.0,"turns":2.0},{"damage":5.0,"enemies":"Gremlin Gang","floor":12.0,"turns":3.0},{"damage":0.0,"enemies":"3 Louse","floor":14.0,"turns":3.0},{"damage":4.0,"enemies":"Hexaghost","floor":16.0,"turns":12.0},{"damage":5.0,"enemies":"3 Byrds","floor":18.0,"turns":6.0},{"damage":10.0,"enemies":"2 Thieves","floor":19.0,"turns":5.0},{"damage":26.0,"enemies":"Shelled Parasite and Fungi","floor":20.0,"turns":7.0},{"damage":1.0,"enemies":"Snecko","floor":21.0,"turns":6.0},{"damage":1.0,"enemies":"Centurion and Healer","floor":22.0,"turns":9.0},{"damage":15,"enemies":"Gremlin Leader","floor":24,"turns":7},{"damage":18,"enemies":"Shelled Parasite and Fungi","floor":28,"turns":6},{"damage":7,"enemies":"Snake Plant","floor":29,"turns":6},{"damage":26,"enemies":"Slavers","floor":30,"turns":1}],"seed_played":"-8872587058791873463","potions_obtained":[{"floor":1.0,"key":"Fruit Juice"},{"floor":5.0,"key":"PowerPotion"},{"floor":14.0,"key":"Weak Potion"},{"floor":16.0,"key":"GamblersBrew"},{"floor":20.0,"key":"SneckoOil"},{"floor":29,"key":"Regen Potion"}],"is_trial":false,"path_per_floor":["M","?","M","$","M","R","E","M","T","E","M","M","$","M","R","B",null,"M","M","M","M","M","R","E","?","T","R","M","M","E"],"character_chosen":"THE_SILENT","items_purchased":["Well Laid Plans","Footwork","Cloak And Dagger"],"campfire_rested":3,"item_purchase_floors":[4,13,13],"current_hp_per_floor":[59,59,59,59,58,58,63,60,60,28,28,23,23,23,44,40,63,58,48,22,21,20,41,26,20,20,41,23,16,0,0],"gold":250,"neow_bonus":"BOSS_RELIC","is_daily":false,"chose_seed":false,"campfire_upgraded":1,"win_rate":0.0,"timestamp":1612111090,"path_taken":["M","?","M","?","M","R","E","M","T","E","M","M","$","?","R","BOSS","M","M","M","M","M","R","E","?","T","R","M","M","E"],"items_purchased_type":["Card","Card","Card"],"build_version":"2020-12-22","purchased_purges":1,"victory":false,"max_hp_per_floor":[66,66,66,66,66,66,71,71,71,71,71,71,71,71,71,71,71,71,71,71,71,71,71,71,71,71,71,71,71,71,71],"relic_stats":{"Nunchaku":[21],"Shovel":0,"counters":[19,99],"Astrolabe":["Die Die Die","Footwork","Tools of the Trade"],"PreservedInsect":106,"obtain_stats":[{"Lantern":7,"Nunchaku":10,"Shovel":26,"Astrolabe":0,"Vajra":24,"Philosopher\u0027s Stone":17,"PreservedInsect":9,"Ring of the Snake":0},{"Lantern":4,"Nunchaku":6,"Shovel":16,"Astrolabe":0,"Vajra":16,"Philosopher\u0027s Stone":10,"PreservedInsect":5,"Ring of the Snake":0},{"Lantern":17,"Nunchaku":26,"Shovel":86,"Astrolabe":0,"Vajra":86,"Philosopher\u0027s Stone":46,"PreservedInsect":21,"Ring of the Snake":0}]},"card_choices":[{"not_picked":["Flying Knee","Acrobatics"],"picked":"Finisher","floor":1.0},{"not_picked":["Quick Slash","Reflex"],"picked":"Finisher","floor":3.0},{"not_picked":["Noxious Fumes","Deadly Poison"],"picked":"Cloak And Dagger","floor":5.0},{"not_picked":["Skewer","Flying Knee","Deadly Poison"],"picked":"SKIP","floor":7.0},{"not_picked":["Poisoned Stab","Cloak And Dagger"],"picked":"After Image","floor":8.0},{"not_picked":["Outmaneuver","Predator"],"picked":"Acrobatics","floor":10.0},{"not_picked":["Slice","Cloak And Dagger"],"picked":"Tactician","floor":11.0},{"not_picked":["Dagger Spray","All Out Attack"],"picked":"Backflip","floor":12.0},{"not_picked":["Quick Slash","Envenom"],"picked":"Blade Dance","floor":14.0},{"not_picked":["Storm of Steel","Glass Knife"],"picked":"After Image","floor":16.0},{"not_picked":["Underhanded Strike","Deadly Poison","Infinite Blades"],"picked":"SKIP","floor":18.0},{"not_picked":["Riddle With Holes","Concentrate"],"picked":"PiercingWail+1","floor":19.0},{"not_picked":["Bane","PiercingWail+1"],"picked":"Escape Plan","floor":20.0},{"not_picked":["Bane","Deadly Poison","Slice"],"picked":"SKIP","floor":21.0},{"not_picked":["Prepared","Underhanded Strike","Deadly Poison"],"picked":"SKIP","floor":22.0},{"not_picked":["Slice","Riddle With Holes"],"picked":"Leg Sweep","floor":24},{"not_picked":["All Out Attack","Dodge and Roll"],"picked":"Endless Agony+1","floor":28},{"not_picked":["Backflip","Prepared"],"picked":"Eviscerate","floor":29}],"player_experience":592324,"relics_obtained":[{"floor":7.0,"key":"Lantern"},{"floor":9.0,"key":"PreservedInsect"},{"floor":10.0,"key":"Nunchaku"},{"floor":24,"key":"Vajra"},{"floor":26,"key":"Shovel"}],"event_choices":[{"damage_healed":0.0,"max_hp_gain":0.0,"max_hp_loss":0.0,"gold_gain":0.0,"event_name":"Liars Game","player_choice":"Ignored","floor":2.0,"gold_loss":0.0,"damage_taken":0.0},{"damage_healed":0,"gold_gain":0,"player_choice":"Joined the Cult","damage_taken":6,"max_hp_gain":0,"max_hp_loss":0,"event_name":"Nest","floor":25,"gold_loss":0,"cards_obtained":["RitualDagger"]}],"is_beta":false,"boss_relics":[{"not_picked":["Runic Pyramid","Runic Dome"],"picked":"Philosopher\u0027s Stone"}],"items_purged_floors":[13],"is_endless":false,"potions_floor_spawned":[1,5,14,16,20,29],"killed_by":"Slavers","ascension_level":20}}