{"host":"stku21i8hhz5zha4","time":1612111978,"event":{"mods":["2.2 Compatiblity","AchievementEnabler","Aspiration","BaseMod","Better Altar","Better Match","Better Note","Better Sensory Stone","Better Skull","Better Third Choice","Better Vampires","Colored Map","Colorless Booster Pack","Conspire","Dark Map","Displayed Cursed Tome","Downfall","Energized Spire","Friendly Minions","GifTheSpireLib","Halation","Hubris","Infinite Spire","Jedi Mod","Jorbs\u0027s Wanderer Trilogy","Minty Spire (QoL Compilation)","Permanent Neow","Quick Restart","Rare Cards Sparkle","Reliquary","Replay The Spire","Shop Mod","Spikes Relics","Spire Arcade","StS++","StSLib","Stuff the Spire","The Blue Laboratory","Trackpad","Transform Curses","Uncapped"],"gold_per_floor":[110,110,128,139,25,25,57,57,57,57,75,75,92,122,122,199,199,214,214,225,235,110,110,141,155,182,202,202,220,254,254,254,328,328,328,328],"floor_reached":35,"language":"RUS","playtime":1980,"items_purged":["Strike_R"],"score":1064,"play_id":"f2fe1aef-65fe-4eaa-b9a2-5340596d7d36","local_time":"20210131195258","is_ascension_mode":true,"campfire_choices":[{"data":"conspire:Charge","floor":6,"key":"SMITH"},{"data":"Dash","floor":8,"key":"SMITH"},{"data":"Masterful Stab","floor":10,"key":"SMITH"},{"data":"hubris:StunningStrike","floor":15,"key":"SMITH"},{"data":"ReplayTheSpireMod:Book of Names","floor":23,"key":"SMITH"},{"data":"infinitespire:SevenWalls","floor":28,"key":"SMITH"}],"circlet_count":0,"master_deck":["AscendersBane","Strike_R","Strike_R","Defend_R","Defend_R","Defend_R","Bash","Warcry","Dash+1","Masterful Stab+1","conspire:DoublingDagger","ReplayTheSpireMod:Stacked","Pommel Strike","conspire:Charge+1","Flex","Headbutt","ReplayTheSpireMod:Book of Names+1","StSpp:Succumb+1","hubris:StunningStrike+1","Reaper","jedi:harder","Impervious","Fiend Fire","Double Tap+1","Barricade","StSpp:BladeOfBlood","Demonic Infusion","hubris:StunningStrike+1","jedi:strikingstrike","Demon Form","Bludgeon","Replay:Many Hands+1","Immolate","Berserk","Corruption","Juggernaut","jedi:bloodyhammer","Eclipse","Limit Break","StSpp:Betrayal","Feed","Hemogenesis","StuffTheSpire:TitanForm","Reaper","Brutality","Exhume","jedi:unlimitedpower","conspire:Purge","Offering+1","StSpp:IntoTheAbyss","Cleave+1","infinitespire:SevenWalls+1","Flame Barrier","Metallicize","Blood for Blood","Headbutt","Flex+1","Offering","conspire:Charge","StSpp:Betrayal"],"relics":["Burning Blood","aspiration:Nostalgia","stsjorbsmod:GrimoireRelic","hexamod:CandleOfCauterizing","Meat on the Bone","infinitespire:ShieldingShard","StSpp:CrystalBall","Magic Flower","RollingBoulder","aspiration:HiddenCompartment","trackpad:BerserkersDraught","Coffee Dripper"],"acts_visited":["Exordium","TheCity","TheBeyond"],"potions_floor_usage":[16,25,25],"damage_taken":[{"damage":13,"enemies":"Cultist","floor":1,"turns":5},{"damage":2,"enemies":"Small Slimes","floor":3,"turns":3},{"damage":0,"enemies":"Jaw Worm","floor":4,"turns":3},{"damage":10,"enemies":"Lagavulin","floor":7,"turns":6},{"damage":7,"enemies":"Large Slime","floor":11,"turns":4},{"damage":0,"enemies":"Looter","floor":13,"turns":3},{"damage":1,"enemies":"Gremlin Nob","floor":14,"turns":3},{"damage":17,"enemies":"The Guardian","floor":16,"turns":9},{"damage":29,"enemies":"Chosen","floor":18,"turns":5},{"damage":15,"enemies":"2 Thieves","floor":20,"turns":4},{"damage":38,"enemies":"Centurion and Healer","floor":21,"turns":8},{"damage":40,"enemies":"Gremlin Leader","floor":24,"turns":5},{"damage":19,"enemies":"3 Cultists","floor":25,"turns":4},{"damage":47,"enemies":"Snecko","floor":27,"turns":6},{"damage":0,"enemies":"Shelled Parasite and Fungi","floor":29,"turns":5},{"damage":5,"enemies":"conspire:Head Lice","floor":30,"turns":8},{"damage":74,"enemies":"Champ","floor":33,"turns":12},{"damage":72,"enemies":"3 Darklings","floor":35,"turns":5}],"seed_played":"-4454564009476978343","potions_obtained":[{"floor":1,"key":"ColorlessPotion"},{"floor":3,"key":"bronze:BurnAndBuffPotion"},{"floor":13,"key":"CultistPotion"},{"floor":18,"key":"blueLaboratory:Moonshine"},{"floor":25,"key":"blueLaboratory:ArtificerPotion"},{"floor":30,"key":"StSpp:SecondWindPotion"}],"is_trial":false,"path_per_floor":["M","?","M","M","$","R","E","R","T","R","M","?","M","E","R","B",null,"M","AVR","M","M","?","R","E","M","T","M","R","M","E","?","R_BF","B",null,"M"],"character_chosen":"IRONCLAD","items_purchased":["conspire:Charge"],"campfire_rested":0,"item_purchase_floors":[5],"current_hp_per_floor":[61,61,65,71,71,71,67,67,67,67,66,48,54,59,59,48,68,45,45,57,57,57,57,50,51,51,36,36,54,71,71,78,43,69,0,0],"gold":328,"neow_bonus":"NOSTALGIA","is_daily":false,"chose_seed":false,"campfire_upgraded":6,"win_rate":0.0,"timestamp":1612111978,"path_taken":["M","?","?","?","$","R","E","R","T","R","M","?","M","E","R","BOSS","M","AVR","M","M","?","R","E","M","T","M","R","M","E","?","R_BF","BOSS","M"],"items_purchased_type":["Card"],"build_version":"2020-12-22","purchased_purges":1,"victory":false,"max_hp_per_floor":[75,75,75,75,75,75,75,75,75,75,75,75,75,75,75,75,75,75,75,75,75,75,75,75,75,75,75,75,75,78,78,78,78,78,78,78],"card_choices":[{"not_picked":["jedi:fear","ReplayTheSpireMod:Corrosion Curse"],"picked":"Warcry","floor":1},{"not_picked":["ReplayTheSpireMod:Limb From Limb","Life Link"],"picked":"ReplayTheSpireMod:Stacked","floor":3},{"not_picked":["Dual Wield","jedi:hate"],"picked":"Pommel Strike","floor":4},{"not_picked":["Replay:Undeath\u0027s Touch","True Grit"],"picked":"Flex","floor":7},{"not_picked":["Iron Wave","Wild Strike"],"picked":"Headbutt","floor":11},{"not_picked":["ReplayTheSpireMod:Echoes of Time","infinitespire:Starlight"],"picked":"ReplayTheSpireMod:Book of Names","floor":12},{"not_picked":["Bloodletting","BarbarianYell"],"picked":"StSpp:Succumb","floor":13},{"not_picked":["Bloodletting","jedi:fear"],"picked":"hubris:StunningStrike","floor":14},{"not_picked":["jedi:unlimitedpower","Barricade"],"picked":"Reaper","floor":16},{"not_picked":["Carnage","Headbutt"],"picked":"Cleave+1","floor":18},{"not_picked":["Burning Pact","Sword Boomerang"],"picked":"Flame Barrier","floor":20},{"not_picked":["Evolve+1","Armaments","Havoc"],"picked":"SKIP","floor":21},{"not_picked":["Searing Blow","ReplayTheSpireMod:Corrosion Curse"],"picked":"Metallicize","floor":22},{"not_picked":["Dark Embrace","Massacre"],"picked":"Blood for Blood","floor":22},{"not_picked":["Body Slam","StSpp:Sprint","Clash"],"picked":"SKIP","floor":24},{"not_picked":["True Grit","Havoc"],"picked":"Headbutt","floor":25},{"not_picked":["Replay:Undeath\u0027s Touch","StSpp:Sprint"],"picked":"Flex+1","floor":27},{"not_picked":["Power Through+1","Sword Boomerang","jedi:fear"],"picked":"SKIP","floor":29},{"not_picked":["conspire:Charge","jedi:fear"],"picked":"Offering","floor":30},{"not_picked":["Berserk","Demonic Infusion"],"picked":"StSpp:Betrayal","floor":33}],"player_experience":265191,"relics_obtained":[{"floor":7,"key":"hexamod:CandleOfCauterizing"},{"floor":9,"key":"Meat on the Bone"},{"floor":14,"key":"infinitespire:ShieldingShard"},{"floor":24,"key":"RollingBoulder"},{"floor":26,"key":"aspiration:HiddenCompartment"},{"floor":30,"key":"trackpad:BerserkersDraught"}],"event_choices":[{"damage_healed":0,"gold_gain":0,"player_choice":"1","damage_taken":0,"max_hp_gain":0,"max_hp_loss":0,"event_name":"betterMatch:BetterMatch","floor":22,"gold_loss":0,"cards_obtained":["betterMatch:UncommonCard","betterMatch:UncommonCard"]},{"cards_removed":["Dash"],"damage_healed":0,"gold_gain":0,"player_choice":"Take \u0026 Give","damage_taken":0,"max_hp_gain":0,"max_hp_loss":0,"event_name":"betterNote:BetterNote","floor":31,"gold_loss":0,"cards_obtained":["conspire:Charge"]}],"is_beta":false,"boss_relics":[{"not_picked":["conspire:RoyalGoblet","Runic Dome"],"picked":"StSpp:CrystalBall"},{"not_picked":["halation:Risk","Runic Cube"],"picked":"Coffee Dripper"}],"items_purged_floors":[5],"is_endless":false,"potions_floor_spawned":[1,3,11,13,18,25,30,33],"killed_by":"3 Darklings","ascension_level":20}}