{"host":"9h2qrz5zr7xpdj63","time":1612124201,"event":{"mods":["2.2 Compatiblity","AchievementEnabler","BaseMod","Bestiary","Colored Map","Colored Powertips","Highlight Path","Keyboard Shortcuts","Minty Spire (QoL Compilation)","Quick Restart","Relic Stats","StSLib"],"gold_per_floor":[119,129,148,159,172,197,209,241,241,241,256,271,52,70,70,70,70],"floor_reached":16,"language":"ENG","playtime":879,"items_purged":["Strike_R"],"score":161,"play_id":"19d97dc1-c022-412f-b301-fb0cd814c1c5","local_time":"20210131201641","is_ascension_mode":true,"campfire_choices":[{"data":"True Grit","floor":10.0,"key":"SMITH"},{"data":"Feed","floor":15.0,"key":"SMITH"}],"circlet_count":0,"master_deck":["Strike_R","Strike_R","Strike_R","Strike_R","Defend_R","Defend_R","Defend_R","Defend_R","Bash","True Grit+1","Clothesline","Cleave","Metallicize","Feed+1","Iron Wave","Iron Wave","Power Through","Pommel Strike","Shrug It Off"],"relics":["Burning Blood","Pear","Ancient Tea Set","Kunai","Tiny Chest"],"acts_visited":["Exordium"],"potions_floor_usage":[16],"damage_taken":[{"damage":19.0,"enemies":"Small Slimes","floor":1.0,"turns":4.0},{"damage":17.0,"enemies":"Jaw Worm","floor":2.0,"turns":6.0},{"damage":7.0,"enemies":"2 Louse","floor":3.0,"turns":4.0},{"damage":6.0,"enemies":"Blue Slaver","floor":4.0,"turns":3.0},{"damage":9.0,"enemies":"2 Fungi Beasts","floor":5.0,"turns":4.0},{"damage":53.0,"enemies":"Lagavulin","floor":6.0,"turns":9.0},{"damage":14.0,"enemies":"Lots of Slimes","floor":7.0,"turns":3.0},{"damage":30.0,"enemies":"Gremlin Nob","floor":8.0,"turns":5.0},{"damage":11.0,"enemies":"3 Louse","floor":11.0,"turns":2.0},{"damage":5.0,"enemies":"Red Slaver","floor":12.0,"turns":4.0},{"damage":1.0,"enemies":"Blue Slaver","floor":14.0,"turns":6.0},{"damage":53,"enemies":"Hexaghost","floor":16,"turns":16}],"seed_played":"2728813593653018368","potions_obtained":[{"floor":3.0,"key":"Regen Potion"},{"floor":5.0,"key":"BloodPotion"},{"floor":8.0,"key":"FairyPotion"},{"floor":11.0,"key":"Block Potion"}],"is_trial":false,"path_per_floor":["M","M","M","M","M","E","M","E","T","R","M","M","$","M","R","B"],"character_chosen":"IRONCLAD","items_purchased":["Tiny Chest"],"campfire_rested":0,"item_purchase_floors":[13],"current_hp_per_floor":[67,56,55,55,52,31,26,16,16,16,11,12,12,20,20,0,0],"gold":70,"neow_bonus":"THREE_CARDS","is_daily":false,"chose_seed":false,"campfire_upgraded":2,"win_rate":0.0,"timestamp":1612124201,"path_taken":["M","M","M","M","M","E","M","E","T","R","M","M","$","M","R","BOSS"],"items_purchased_type":["Relic"],"build_version":"2020-12-22","purchased_purges":1,"victory":false,"max_hp_per_floor":[80,80,80,80,80,90,93,93,93,93,93,93,93,96,96,96,96],"relic_stats":{"counters":[12,66],"Tiny Chest":0,"Kunai":[1],"obtain_stats":[{"Pear":6,"Tiny Chest":13,"Kunai":9,"Ancient Tea Set":8,"Burning Blood":0},{"Pear":6,"Tiny Chest":10,"Kunai":8,"Ancient Tea Set":8,"Burning Blood":0},{"Pear":30,"Tiny Chest":44,"Kunai":38,"Ancient Tea Set":38,"Burning Blood":0}],"Burning Blood":66},"card_choices":[{"not_picked":["Heavy Blade","Flame Barrier"],"picked":"True Grit","floor":0.0},{"not_picked":["Sword Boomerang","Carnage","Warcry"],"picked":"SKIP","floor":1.0},{"not_picked":["Heavy Blade","Havoc"],"picked":"Clothesline","floor":2.0},{"not_picked":["Pummel","Flex","Clothesline"],"picked":"SKIP","floor":3.0},{"not_picked":["Heavy Blade","Fire Breathing"],"picked":"Cleave","floor":4.0},{"not_picked":["Sword Boomerang","Pummel"],"picked":"Metallicize","floor":5.0},{"not_picked":["Headbutt","Disarm"],"picked":"Feed","floor":6.0},{"not_picked":["Burning Pact","Fire Breathing"],"picked":"Iron Wave","floor":7.0},{"not_picked":["Disarm","Thunderclap"],"picked":"Iron Wave","floor":8.0},{"not_picked":["Rupture","Clash"],"picked":"Power Through","floor":11.0},{"not_picked":["Headbutt","Infernal Blade"],"picked":"Pommel Strike","floor":12.0},{"not_picked":["Thunderclap","Wild Strike"],"picked":"Shrug It Off","floor":14.0}],"player_experience":231798,"relics_obtained":[{"floor":6.0,"key":"Pear"},{"floor":8.0,"key":"Ancient Tea Set"},{"floor":9.0,"key":"Kunai"}],"event_choices":[],"is_beta":false,"boss_relics":[],"items_purged_floors":[13],"is_endless":false,"potions_floor_spawned":[3,5,8,11],"killed_by":"Hexaghost","ascension_level":3}}