{"host":"4rvakrj1idbgia3f","time":1612078761,"event":{"mods":["BaseMod","Colored Map","Colored Powertips","DeckTracker","Highlight Path","Minty Spire (QoL Compilation)","Random Character Button","StSLib"],"gold_per_floor":[111,111,123,133,133,133,159,159,159,176,196,39,74,89,89,89,89],"floor_reached":16,"language":"JPN","playtime":696,"items_purged":[],"score":224,"play_id":"e2da3320-8c1c-4e4e-8143-958fc6e33f7a","local_time":"20210131163921","is_ascension_mode":true,"campfire_choices":[{"data":"Dash","floor":6,"key":"SMITH"},{"data":"Quick Slash","floor":8,"key":"SMITH"},{"data":"Deadly Poison","floor":15,"key":"SMITH"}],"circlet_count":0,"master_deck":["AscendersBane","Strike_G","Strike_G","Strike_G","Strike_G","Defend_G","Defend_G","Defend_G+1","Defend_G","Survivor","Neutralize","Dash+1","Backstab","Quick Slash+1","PiercingWail","All Out Attack","Deadly Poison+1","Setup+1","Leg Sweep"],"relics":["Ring of the Snake","TungstenRod","InkBottle","Oddly Smooth Stone","War Paint"],"acts_visited":["Exordium"],"potions_floor_usage":[],"damage_taken":[{"damage":4,"enemies":"Small Slimes","floor":1,"turns":6},{"damage":1,"enemies":"2 Louse","floor":3,"turns":3},{"damage":2,"enemies":"Jaw Worm","floor":4,"turns":4},{"damage":15,"enemies":"3 Sentries","floor":7,"turns":10},{"damage":0,"enemies":"Exordium Thugs","floor":10,"turns":6},{"damage":9,"enemies":"Large Slime","floor":11,"turns":5},{"damage":18,"enemies":"Lagavulin","floor":13,"turns":6},{"damage":0,"enemies":"3 Louse","floor":14,"turns":4},{"damage":4,"enemies":"Hexaghost","floor":16,"turns":10}],"seed_played":"-152351626243995124","potions_obtained":[{"floor":1,"key":"FearPotion"},{"floor":3,"key":"Dexterity Potion"},{"floor":10,"key":"Weak Potion"}],"is_trial":false,"path_per_floor":["M","?","M","M","?","R","E","R","T","M","M","$","E","M","R","B"],"character_chosen":"THE_SILENT","items_purchased":["Oddly Smooth Stone"],"campfire_rested":0,"item_purchase_floors":[12],"current_hp_per_floor":[55,55,54,52,45,45,30,30,30,30,21,21,3,3,3,0,0],"gold":89,"neow_bonus":"REMOVE_CARD","is_daily":false,"chose_seed":false,"campfire_upgraded":3,"win_rate":0.0,"timestamp":1612078761,"path_taken":["M","?","M","M","?","R","E","R","T","M","M","$","E","M","R","BOSS"],"items_purchased_type":["Relic"],"build_version":"2020-12-22","purchased_purges":0,"victory":false,"max_hp_per_floor":[66,66,66,66,66,66,66,66,66,66,66,66,66,66,66,66,66],"card_choices":[{"not_picked":["Bouncing Flask","Deflect"],"picked":"Dash","floor":1},{"not_picked":["Dagger Throw","Deflect"],"picked":"Backstab","floor":3},{"not_picked":["Flechettes","Finisher"],"picked":"Quick Slash","floor":4},{"not_picked":["Bouncing Flask","Blade Dance"],"picked":"PiercingWail","floor":7},{"not_picked":["Masterful Stab","Bane"],"picked":"All Out Attack","floor":10},{"not_picked":["Sucker Punch","Dagger Throw"],"picked":"Deadly Poison","floor":11},{"not_picked":["Underhanded Strike","Eviscerate"],"picked":"Setup","floor":13},{"not_picked":["Tools of the Trade","Distraction"],"picked":"Leg Sweep","floor":14}],"player_experience":2143899,"relics_obtained":[{"floor":7,"key":"TungstenRod"},{"floor":9,"key":"InkBottle"},{"floor":13,"key":"War Paint"}],"event_choices":[{"damage_healed":0,"gold_gain":0,"player_choice":"Ignored","damage_taken":0,"max_hp_gain":0,"max_hp_loss":0,"event_name":"Liars Game","floor":2,"gold_loss":0},{"cards_removed":["Strike_G"],"damage_healed":0,"gold_gain":0,"player_choice":"Card Removal","damage_taken":7,"max_hp_gain":0,"max_hp_loss":0,"event_name":"Golden Wing","floor":5,"gold_loss":0}],"is_beta":false,"boss_relics":[],"items_purged_floors":[],"is_endless":false,"potions_floor_spawned":[1,3,10,14],"killed_by":"Hexaghost","ascension_level":20}}