{"host":"w11d5xug8ost5klq","time":1612062759,"event":{"mods":["2.2 Compatiblity","Arknights","BaseMod","Better Third Choice","Emptier Cage","Highlight Path","Minty Spire (QoL Compilation)","Quick Restart","Reliquary","Spicy Shops","StSLib"],"gold_per_floor":[218,218,30,55,55,89,17,17,40,60,79,107,127,143,143,247,247,264,264,278,290,65,65,78,78,78,406,316,349,349,374,374,476,476,487,498,516,61,71,71,121,0,26,40,40,40,40,67,67,67],"floor_reached":51,"language":"ENG","playtime":3316,"items_purged":["ats:Absolute Focus+1","ats:Defend"],"score":812,"play_id":"2b948b2c-8ce1-4080-8207-0a368ee3fbba","local_time":"20210130211239","is_ascension_mode":true,"campfire_choices":[{"floor":8,"key":"REST"},{"data":"ats:Blood Oath","floor":15,"key":"SMITH"},{"data":"ats:Blood Oath","floor":23,"key":"SMITH"},{"data":"ats:Absolute Focus","floor":25,"key":"SMITH"},{"data":"ats:Emotion Absorption","floor":30,"key":"SMITH"},{"data":"ats:Armor Crushing Shot","floor":32,"key":"SMITH"},{"data":"ats:Calcification","floor":40,"key":"SMITH"},{"data":"1","floor":45,"key":"LIFT"},{"data":"2","floor":47,"key":"LIFT"},{"data":"3","floor":49,"key":"LIFT"}],"circlet_count":0,"master_deck":["ats:Armor Crushing Shot+1","ats:Defend+1","ats:Emotion Absorption+1","ats:Thermite Blade","ats:Blood Oath+1","ats:Hook Shot","ats:Blood Oath+1","ats:Calcification+1","ats:Thorns+1","ats:Shell Defense","ats:Blood Oath","ats:Demon Strength+1"],"relics":["ats:Sanity","Chemical X","reliquary:TatteredRug","ats:Originium","Centennial Puzzle","Pen Nib","reliquary:RosewoodLute","reliquary:PorcupineQuills","reliquary:RedCape","Strange Spoon","reliquary:Aerogel","Old Coin","Turnip","reliquary:PorcupineQuills","Empty Cage","Medical Kit","ats:Lavender","Girya","Red Mask","Potion Belt","ats:Ability Aura"],"acts_visited":["Exordium","TheCity","TheBeyond"],"potions_floor_usage":[14,16,18,48],"damage_taken":[{"damage":8,"enemies":"Jaw Worm","floor":1,"turns":5},{"damage":39,"enemies":"Gremlin Nob","floor":6,"turns":5},{"damage":1,"enemies":"Cultist","floor":10,"turns":3},{"damage":9,"enemies":"2 Louse","floor":11,"turns":2},{"damage":24,"enemies":"3 Sentries","floor":12,"turns":9},{"damage":7,"enemies":"Blue Slaver","floor":13,"turns":4},{"damage":0,"enemies":"Gremlin Gang","floor":14,"turns":3},{"damage":105,"enemies":"Hexaghost","floor":16,"turns":15},{"damage":7,"enemies":"Chosen","floor":18,"turns":6},{"damage":0,"enemies":"Spheric Guardian","floor":20,"turns":1},{"damage":23,"enemies":"Snake Plant","floor":21,"turns":5},{"damage":9,"enemies":"Snecko","floor":24,"turns":5},{"damage":57,"enemies":"Gremlin Leader","floor":27,"turns":9},{"damage":28,"enemies":"Book of Stabbing","floor":29,"turns":6},{"damage":31,"enemies":"Slavers","floor":31,"turns":7},{"damage":79,"enemies":"Automaton","floor":33,"turns":8},{"damage":66,"enemies":"3 Darklings","floor":35,"turns":14},{"damage":12,"enemies":"Orb Walker","floor":36,"turns":3},{"damage":29,"enemies":"Maw","floor":37,"turns":9},{"damage":5,"enemies":"Spire Growth","floor":39,"turns":7},{"damage":13,"enemies":"Mind Bloom Boss Battle","floor":41,"turns":9},{"damage":28,"enemies":"Jaw Worm Horde","floor":44,"turns":4},{"damage":41,"enemies":"Reptomancer","floor":48,"turns":8},{"damage":110,"enemies":"Time Eater","floor":50,"turns":15}],"seed_played":"5051145025586267246","potions_obtained":[{"floor":11,"key":"Block Potion"},{"floor":13,"key":"SkillPotion"},{"floor":16,"key":"Block Potion"},{"floor":24,"key":"SpeedPotion"},{"floor":31,"key":"ats:Emergency Sanity Potion"},{"floor":33,"key":"SpeedPotion"},{"floor":41,"key":"Block Potion"},{"floor":44,"key":"Explosive Potion"},{"floor":48,"key":"EssenceOfSteel"}],"is_trial":false,"path_per_floor":["M","?","$","T","?","E","$","R","T","M","M","E","M","M","R","B",null,"M","?","M","M","$","R","M","R","T","E","?","E","R","E","R","B",null,"M","M","M","$","M","R","?","?","T","M","R","?","R","E","R","B",null],"character_chosen":"DOCTOR_CLASS","items_purchased":["Chemical X","ats:Absolute Focus","Pen Nib","ats:Blood Oath","Strange Spoon","Medical Kit","ats:Lavender"],"campfire_rested":1,"item_purchase_floors":[3,3,7,22,22,38,38],"current_hp_per_floor":[64,64,64,64,69,30,30,53,53,55,49,37,39,45,45,18,77,77,77,77,63,63,63,76,76,76,42,42,52,52,55,55,28,77,77,71,77,77,77,77,77,77,77,73,73,73,73,77,77,55],"gold":67,"neow_bonus":"HUNDRED_GOLD","is_daily":false,"chose_seed":false,"campfire_upgraded":6,"win_rate":0.0,"timestamp":1612062759,"path_taken":["M","?","$","?","?","E","?","R","T","M","?","E","M","?","R","BOSS","M","?","M","?","$","R","M","R","T","E","?","E","R","E","R","BOSS","M","?","M","$","M","R","?","?","T","M","R","?","R","E","R","BOSS"],"items_purchased_type":["Relic","Card","Relic","Card","Relic","Relic","Relic"],"build_version":"2020-12-22","purchased_purges":2,"victory":true,"max_hp_per_floor":[72,72,72,72,77,77,77,77,77,77,77,77,77,77,77,77,77,77,77,77,77,77,77,77,77,77,77,77,77,77,77,77,77,77,77,77,77,77,77,77,77,77,77,77,77,77,77,77,77,77],"card_choices":[{"not_picked":["ats:Very Hot Blade","ats:Rapid Magazine"],"picked":"ats:Thermite Blade","floor":1},{"not_picked":["ats:Hook Shot","ats:Charging Defense"],"picked":"ats:Blood Oath","floor":6},{"not_picked":["ats:Healing Strengthening","ats:Magnetic Hammer"],"picked":"ats:Hook Shot","floor":10},{"not_picked":["ats:Hammer On","ats:Part Time Job","ats:Sunburst"],"picked":"SKIP","floor":11},{"not_picked":["ats:Mental Burst","ats:Chain Hook"],"picked":"ats:Blood Oath","floor":12},{"not_picked":["ats:Leaping Hammer","ats:Curse Doll","ats:Phantom"],"picked":"SKIP","floor":13},{"not_picked":["ats:Apocalypse","ats:Explosion Area Strengthen","ats:Cat Scratch"],"picked":"SKIP","floor":14},{"not_picked":["ats:Wolf Pack","ats:Echo Reverb"],"picked":"ats:Calcification","floor":16},{"not_picked":["ats:Consecutive Shot Auto","ats:Support Order"],"picked":"ats:Thorns+1","floor":18},{"not_picked":["ats:Ignite+1","ats:Thermite Blade","ats:Explosion Area Strengthen"],"picked":"SKIP","floor":20},{"not_picked":["ats:Part Time Job","ats:Hammer On"],"picked":"ats:Shell Defense","floor":21},{"not_picked":["ats:Explosion Area Strengthen","ats:Guard Mode","ats:Cat Scratch"],"picked":"SKIP","floor":24},{"not_picked":["ats:Serious Mode","ats:Blood Oath"],"picked":"ats:Demon Strength+1","floor":27},{"not_picked":["ats:Shadow Raid","ats:Dogmatic Field","ats:Magnetic Hammer"],"picked":"SKIP","floor":29},{"not_picked":["ats:Soul Absorption","ats:Blood Oath","ats:Serious Mode"],"picked":"SKIP","floor":31},{"not_picked":["ats:Leaping Hammer+1","ats:Consecutive Shot Auto+1","ats:Mental Burst+1"],"picked":"SKIP","floor":35},{"not_picked":["ats:Poison Spread+1","ats:Absolute Focus","ats:Thermite Blade+1"],"picked":"SKIP","floor":36},{"not_picked":["ats:Flexible Camouflage","ats:Guard Mode+1","ats:Cat Scratch"],"picked":"SKIP","floor":37},{"not_picked":["ats:Blood Oath+1","ats:Healing Strengthening+1","ats:Powerful Strike"],"picked":"SKIP","floor":39},{"not_picked":["ats:Assault Order+1","ats:Chain Hook","ats:Revitalization+1"],"picked":"SKIP","floor":44},{"not_picked":["ats:Song Of Battle+1","ats:Neurotoxin+1","ats:Flexible Camouflage"],"picked":"SKIP","floor":48}],"player_experience":97453,"relics_obtained":[{"floor":4,"key":"reliquary:TatteredRug"},{"floor":6,"key":"ats:Originium"},{"floor":6,"key":"Centennial Puzzle"},{"floor":9,"key":"reliquary:RosewoodLute"},{"floor":12,"key":"ats:Originium"},{"floor":12,"key":"reliquary:PorcupineQuills"},{"floor":26,"key":"reliquary:Aerogel"},{"floor":27,"key":"ats:Originium"},{"floor":27,"key":"Old Coin"},{"floor":29,"key":"ats:Originium"},{"floor":29,"key":"Turnip"},{"floor":31,"key":"reliquary:SculptingSteel"},{"floor":41,"key":"Girya"},{"floor":43,"key":"Potion Belt"},{"floor":48,"key":"ats:Ability Aura"}],"event_choices":[{"cards_removed":["ats:Strike V"],"damage_healed":0,"gold_gain":0,"player_choice":"Purged","damage_taken":0,"max_hp_gain":0,"max_hp_loss":0,"event_name":"Purifier","floor":2,"gold_loss":0},{"damage_healed":0,"gold_gain":0,"player_choice":"Donut","damage_taken":0,"max_hp_gain":5,"max_hp_loss":0,"event_name":"Big Fish","floor":5,"gold_loss":0},{"damage_healed":0,"gold_gain":0,"player_choice":"Ignored","damage_taken":0,"max_hp_gain":0,"max_hp_loss":0,"event_name":"Transmorgrifier","floor":19,"gold_loss":0},{"cards_removed":["ats:Strike C"],"damage_healed":0,"gold_gain":0,"player_choice":"Upgrade and Remove","damage_taken":0,"max_hp_gain":0,"max_hp_loss":0,"event_name":"Designer","floor":28,"gold_loss":90,"cards_upgraded":["ats:Defend"]},{"damage_healed":0,"gold_gain":0,"player_choice":"Fight","damage_taken":0,"max_hp_gain":0,"max_hp_loss":0,"event_name":"MindBloom","floor":41,"gold_loss":0},{"damage_healed":0,"gold_gain":0,"player_choice":"Paid","damage_taken":0,"relics_obtained":["Red Mask"],"max_hp_gain":0,"max_hp_loss":0,"event_name":"Tomb of Lord Red Mask","floor":42,"gold_loss":121},{"cards_removed":["ats:Defend"],"damage_healed":0,"gold_gain":0,"player_choice":"Removed Skill","damage_taken":0,"max_hp_gain":0,"max_hp_loss":0,"event_name":"Falling","floor":46,"gold_loss":0}],"is_beta":false,"boss_relics":[{"not_picked":["ats:Sanity Plus","Sozu"],"picked":"reliquary:RedCape"},{"not_picked":["ats:Omniscience","Runic Dome"],"picked":"Empty Cage"}],"items_purged_floors":[38,38],"is_endless":false,"potions_floor_spawned":[11,13,16,24,31,33,41,44,48],"ascension_level":2}}