{"host":"8rqsnaeml9gxb0kp","time":1612129313,"event":{"mods":["AchievementEnabler","BaseMod","Dark Map","Minty Spire (QoL Compilation)","Relic Stats","StSLib","slay the spire mod where everything is the same but ironclad has a cowboy hat"],"gold_per_floor":[112,112,128,143,143,143,159,159,159,170,196,216,216,249,249,326,326,345,359,53,53,4,29,29,46,46,78,78,78,111,139,151,242,304,329,341,5,17,30,30,56,68,68,68,68,78,112,127,127,127],"floor_reached":51,"language":"ENG","playtime":3106,"items_purged":[],"score":1321,"play_id":"cf4bdcac-1214-4651-a5a6-ab1c30fd22f6","local_time":"20210131134153","is_ascension_mode":true,"campfire_choices":[{"floor":6.0,"key":"REST"},{"floor":8.0,"key":"REST"},{"floor":13.0,"key":"REST"},{"floor":15.0,"key":"REST"},{"floor":24.0,"key":"REST"},{"floor":29.0,"key":"REST"},{"floor":32.0,"key":"REST"},{"floor":40.0,"key":"REST"},{"floor":45.0,"key":"REST"},{"floor":49.0,"key":"REST"}],"circlet_count":0,"master_deck":["AscendersBane","Bash","Cleave","Whirlwind","Iron Wave","Inflame","Thunderclap","Ghostly Armor+1","Flex+1","Demon Form","Double Tap+1","Demon Form+1","Offering+1","Havoc+1","Hemokinesis","Armaments+1","Immolate","Intimidate+1","Shockwave+1","Carnage","Dual Wield+1","Inflame","Impervious+1","Shrug It Off+1","Phantasmal Killer+1","Undo+1","Shockwave+1","Apotheosis+1","Flex+1","Seeing Red+1","Power Through+1","Protect+1","Feed","Battle Trance+1","Hologram+1"],"relics":["Fusion Hammer","Toxic Egg 2","MealTicket","Happy Flower","Pandora\u0027s Box","PrismaticShard","Bird Faced Urn","Darkstone Periapt","Pantograph","Smiling Mask","MawBank","Tiny House","OrangePellets","PreservedInsect","Dream Catcher","Ornamental Fan","Spirit Poop","Regal Pillow"],"acts_visited":["Exordium","TheCity","TheBeyond"],"potions_floor_usage":[],"damage_taken":[{"damage":7.0,"enemies":"Jaw Worm","floor":1.0,"turns":3.0},{"damage":0.0,"enemies":"Small Slimes","floor":3.0,"turns":3.0},{"damage":0.0,"enemies":"Cultist","floor":4.0,"turns":3.0},{"damage":7.0,"enemies":"Looter","floor":7.0,"turns":3.0},{"damage":6.0,"enemies":"Blue Slaver","floor":10.0,"turns":3.0},{"damage":32.0,"enemies":"Gremlin Nob","floor":11.0,"turns":4.0},{"damage":0.0,"enemies":"Large Slime","floor":12.0,"turns":3.0},{"damage":10.0,"enemies":"3 Sentries","floor":14.0,"turns":4.0},{"damage":18.0,"enemies":"Hexaghost","floor":16.0,"turns":7.0},{"damage":12.0,"enemies":"Chosen","floor":18.0,"turns":2.0},{"damage":6.0,"enemies":"3 Byrds","floor":19.0,"turns":1.0},{"damage":19.0,"enemies":"Slavers","floor":23.0,"turns":4.0},{"damage":10.0,"enemies":"Centurion and Healer","floor":25.0,"turns":2.0},{"damage":36.0,"enemies":"Gremlin Leader","floor":27.0,"turns":5.0},{"damage":18.0,"enemies":"Slavers","floor":30.0,"turns":2.0},{"damage":13.0,"enemies":"Snecko","floor":31.0,"turns":5.0},{"damage":57.0,"enemies":"Collector","floor":33.0,"turns":7.0},{"damage":35.0,"enemies":"3 Darklings","floor":35.0,"turns":4.0},{"damage":16.0,"enemies":"3 Shapes","floor":38.0,"turns":3.0},{"damage":23.0,"enemies":"Sphere and 2 Shapes","floor":39.0,"turns":4.0},{"damage":4.0,"enemies":"Nemesis","floor":41.0,"turns":7.0},{"damage":44.0,"enemies":"4 Shapes","floor":42.0,"turns":3.0},{"damage":2.0,"enemies":"3 Darklings","floor":46.0,"turns":2.0},{"damage":14.0,"enemies":"Reptomancer","floor":47.0,"turns":5.0},{"damage":16.0,"enemies":"Transient","floor":48.0,"turns":5.0},{"damage":58,"enemies":"Donu and Deca","floor":50,"turns":6}],"seed_played":"7661668455574980904","potions_obtained":[{"floor":3.0,"key":"Explosive Potion"},{"floor":5.0,"key":"BloodPotion"},{"floor":12.0,"key":"Regen Potion"},{"floor":14.0,"key":"SkillPotion"},{"floor":16.0,"key":"HeartOfIron"},{"floor":25.0,"key":"CultistPotion"},{"floor":31.0,"key":"FearPotion"},{"floor":33.0,"key":"SpeedPotion"},{"floor":39.0,"key":"Explosive Potion"},{"floor":47.0,"key":"DuplicationPotion"}],"is_trial":false,"path_per_floor":["M","?","M","M","?","R","M","R","T","M","E","M","R","E","R","B",null,"M","M","$","?","$","E","R","M","T","E","?","R","E","M","R","B",null,"M","?","$","M","M","R","E","M","T","?","R","M","E","M","R","B",null],"character_chosen":"IRONCLAD","items_purchased":["Impervious+1","PrismaticShard","Shrug It Off+1","OrangePellets","PreservedInsect","Seeing Red+1"],"campfire_rested":10,"item_purchase_floors":[20,20,22,37,37,37],"current_hp_per_floor":[61,61,61,61,61,75,68,75,75,69,37,37,59,64,75,57,71,59,53,68,68,75,56,75,65,65,49,55,79,61,50,74,28,73,38,38,53,39,20,45,47,5,5,5,30,28,18,6,46,19],"gold":127,"neow_bonus":"BOSS_RELIC","is_daily":false,"chose_seed":false,"campfire_upgraded":0,"win_rate":0.0,"timestamp":1612129313,"path_taken":["M","?","M","M","?","R","M","R","T","M","E","M","R","E","R","BOSS","M","?","$","?","$","E","R","M","T","E","?","R","E","M","R","BOSS","M","?","$","M","M","R","E","M","T","?","R","M","E","M","R","BOSS"],"items_purchased_type":["Card","Relic","Card","Relic","Relic","Card"],"build_version":"2020-12-22","purchased_purges":0,"victory":true,"max_hp_per_floor":[75,75,75,75,75,75,75,75,75,75,75,75,75,75,75,75,75,75,75,75,75,75,75,75,75,75,75,81,81,81,81,81,81,86,86,86,86,86,86,86,86,86,86,86,86,86,86,86,86,86],"relic_stats":{"Darkstone Periapt":6,"Regal Pillow":15,"Happy Flower":[24],"counters":[26,100],"PreservedInsect":112,"Smiling Mask":0,"MawBank":84,"OrangePellets":[5],"Dream Catcher":2,"Ornamental Fan":[12],"Bird Faced Urn":[40],"Pantograph":32,"MealTicket":37,"Pandora\u0027s Box":["Offering","Havoc","Hemokinesis","Armaments","Immolate","Intimidate","Shockwave","Carnage"],"obtain_stats":[{"Darkstone Periapt":26,"Regal Pillow":47,"Tiny House":34,"Happy Flower":14,"Spirit Poop":44,"PreservedInsect":37,"PrismaticShard":20,"Smiling Mask":28,"MawBank":30,"Burning Blood":0,"OrangePellets":37,"Dream Catcher":41,"Ornamental Fan":43,"Bird Faced Urn":23,"Pantograph":27,"MealTicket":11,"Pandora\u0027s Box":17,"Fusion Hammer":0,"Toxic Egg 2":9},{"Darkstone Periapt":13,"Regal Pillow":24,"Tiny House":17,"Happy Flower":8,"Spirit Poop":22,"PreservedInsect":18,"PrismaticShard":11,"Smiling Mask":14,"MawBank":15,"Burning Blood":0,"OrangePellets":18,"Dream Catcher":21,"Ornamental Fan":22,"Bird Faced Urn":12,"Pantograph":14,"MealTicket":6,"Pandora\u0027s Box":9,"Fusion Hammer":0,"Toxic Egg 2":4},{"Darkstone Periapt":42,"Regal Pillow":89,"Tiny House":61,"Happy Flower":26,"Spirit Poop":82,"PreservedInsect":65,"PrismaticShard":36,"Smiling Mask":47,"MawBank":49,"Burning Blood":0,"OrangePellets":65,"Dream Catcher":79,"Ornamental Fan":82,"Bird Faced Urn":40,"Pantograph":47,"MealTicket":19,"Pandora\u0027s Box":33,"Fusion Hammer":0,"Toxic Egg 2":12}]},"card_choices":[{"not_picked":["Headbutt","Warcry"],"picked":"Cleave","floor":1.0},{"not_picked":["Second Wind","Wild Strike"],"picked":"Iron Wave","floor":3.0},{"not_picked":["Flex","Sentinel"],"picked":"Inflame","floor":4.0},{"not_picked":["Intimidate","Sword Boomerang"],"picked":"Thunderclap","floor":7.0},{"not_picked":["Whirlwind","Warcry+1"],"picked":"Ghostly Armor+1","floor":10.0},{"not_picked":["Headbutt","Metallicize"],"picked":"Flex+1","floor":11.0},{"not_picked":["Cleave","Sword Boomerang"],"picked":"Demon Form","floor":12.0},{"not_picked":["Flex+1","Pummel"],"picked":"Double Tap+1","floor":14.0},{"not_picked":["Feed","Exhume+1"],"picked":"Demon Form","floor":16.0},{"not_picked":["Sword Boomerang","Evolve"],"picked":"Dual Wield+1","floor":18.0},{"not_picked":["Hemokinesis","Headbutt"],"picked":"Inflame","floor":19.0},{"not_picked":["Perfected Strike+1","Static Discharge"],"picked":"Phantasmal Killer+1","floor":23.0},{"not_picked":["Bane","Blood for Blood","Bouncing Flask+1"],"picked":"SKIP","floor":25.0},{"not_picked":["CutThroughFate+1","Streamline"],"picked":"Undo+1","floor":27.0},{"not_picked":["JustLucky","Study"],"picked":"Shockwave+1","floor":30.0},{"not_picked":["CutThroughFate","Underhanded Strike","SignatureMove"],"picked":"SKIP","floor":31.0},{"not_picked":["Grand Finale","Machine Learning"],"picked":"Apotheosis+1","floor":33.0},{"not_picked":["Finesse+1","Nirvana"],"picked":"Flex+1","floor":34.0},{"not_picked":["Fasting2","FTL+1","CrushJoints"],"picked":"SKIP","floor":35.0},{"not_picked":["Calculated Gamble+1","Nirvana"],"picked":"Power Through+1","floor":38.0},{"not_picked":["Entrench+1","Deadly Poison+1"],"picked":"Protect+1","floor":39.0},{"not_picked":["Leap+1","Heatsinks","Accuracy+1"],"picked":"SKIP","floor":41.0},{"not_picked":["Gash","Rebound"],"picked":"Feed","floor":42.0},{"not_picked":["Cold Snap+1","Doom and Gloom","Sweeping Beam"],"picked":"SKIP","floor":46.0},{"not_picked":["Coolheaded+1","Evaluate+1","Beam Cell+1"],"picked":"SKIP","floor":47.0},{"not_picked":["Wild Strike+1","Body Slam+1"],"picked":"Battle Trance+1","floor":48.0},{"not_picked":["Sucker Punch","Fire Breathing"],"picked":"Hologram+1","floor":49.0}],"player_experience":168699,"relics_obtained":[{"floor":9.0,"key":"Toxic Egg 2"},{"floor":11.0,"key":"MealTicket"},{"floor":14.0,"key":"Happy Flower"},{"floor":23.0,"key":"Bird Faced Urn"},{"floor":26.0,"key":"Darkstone Periapt"},{"floor":27.0,"key":"Pantograph"},{"floor":30.0,"key":"MawBank"},{"floor":41.0,"key":"Dream Catcher"},{"floor":43.0,"key":"Ornamental Fan"},{"floor":47.0,"key":"Regal Pillow"}],"event_choices":[{"damage_healed":0.0,"max_hp_gain":0.0,"max_hp_loss":0.0,"gold_gain":0.0,"cards_transformed":["Defend_R"],"event_name":"Living Wall","player_choice":"Change","floor":2.0,"gold_loss":0.0,"damage_taken":0.0,"cards_obtained":["Whirlwind"]},{"damage_healed":0.0,"max_hp_gain":0.0,"max_hp_loss":0.0,"gold_gain":0.0,"event_name":"Lab","player_choice":"Got Potions","floor":5.0,"gold_loss":0.0,"damage_taken":0.0},{"damage_healed":0.0,"max_hp_gain":0.0,"max_hp_loss":0.0,"gold_gain":0.0,"event_name":"The Mausoleum","player_choice":"Opened","floor":28.0,"gold_loss":0.0,"damage_taken":0.0,"relics_obtained":["Smiling Mask"],"cards_obtained":["Writhe"]},{"damage_healed":0.0,"max_hp_gain":0.0,"max_hp_loss":0.0,"gold_gain":0.0,"event_name":"Tomb of Lord Red Mask","player_choice":"Ignored","floor":36.0,"gold_loss":0.0,"damage_taken":0.0},{"cards_removed":["Writhe"],"damage_healed":0.0,"max_hp_gain":0.0,"max_hp_loss":0.0,"gold_gain":0.0,"event_name":"Bonfire Elementals","player_choice":"Offered Curse","floor":44.0,"gold_loss":0.0,"damage_taken":0.0,"relics_obtained":["Spirit Poop"]}],"is_beta":false,"boss_relics":[{"not_picked":["Busted Crown","Velvet Choker"],"picked":"Pandora\u0027s Box"},{"not_picked":["Runic Cube","Black Star"],"picked":"Tiny House"}],"items_purged_floors":[],"is_endless":false,"potions_floor_spawned":[3,11,12,14,16,18,25,31,33,35,39,47],"ascension_level":15}}