{"host":"9kesdg97wkrx2bva","time":1612052542,"event":{"mods":["AchievementEnabler","BaseMod","Colored Map","GifTheSpireLib","Infinite Spire","Minty Spire (QoL Compilation)","Replay The Spire","StSLib"],"gold_per_floor":[109,119,44,57,67,67,79,79,79,89,103,115,115,115],"floor_reached":13,"language":"ENG","playtime":277,"items_purged":["Strike_B"],"score":154,"play_id":"8e59f242-00b7-4af0-96eb-46f9581c1e6f","local_time":"20210130182222","is_ascension_mode":true,"campfire_choices":[{"data":"Zap","floor":6,"key":"SMITH"},{"data":"Dualcast","floor":8,"key":"SMITH"}],"circlet_count":0,"master_deck":["AscendersBane","Strike_B","Strike_B","Defend_B","Defend_B","Defend_B","Zap+1","Dualcast+1","Beam Cell","Sweeping Beam","Scrape","Storm","Gash","Fusion","Glacier"],"relics":["Cracked Core","MealTicket"],"acts_visited":["Exordium"],"potions_floor_usage":[10,11],"damage_taken":[{"damage":10,"enemies":"infinitespire:Voidling","floor":1,"turns":3},{"damage":7,"enemies":"Jaw Worm","floor":2,"turns":3},{"damage":1,"enemies":"Cultist","floor":4,"turns":3},{"damage":6,"enemies":"Blue Slaver","floor":5,"turns":3},{"damage":0,"enemies":"Gremlin Gang","floor":7,"turns":3},{"damage":14,"enemies":"Exordium Thugs","floor":10,"turns":3},{"damage":22,"enemies":"3 Louse","floor":11,"turns":3},{"damage":0,"enemies":"2 Fungi Beasts","floor":12,"turns":2},{"damage":0,"enemies":"Gremlin Nob","floor":13,"turns":2}],"seed_played":"6718053002691807842","potions_obtained":[{"floor":4,"key":"Energy Potion"},{"floor":10,"key":"PowerPotion"},{"floor":11,"key":"Death Potion"}],"is_trial":false,"path_per_floor":["M","M","$","M","M","R","M","R","T","M","M","M","E"],"character_chosen":"DEFECT","items_purchased":[],"campfire_rested":0,"item_purchase_floors":[],"current_hp_per_floor":[54,47,47,46,40,40,40,40,40,26,4,4,4,4],"gold":115,"neow_bonus":"REMOVE_TWO","is_daily":false,"chose_seed":false,"campfire_upgraded":2,"win_rate":0.0,"timestamp":1612052542,"path_taken":["M","?","$","M","M","R","M","R","T","M","M","M","E"],"items_purchased_type":[],"build_version":"2020-12-22","purchased_purges":1,"victory":false,"max_hp_per_floor":[64,64,64,64,64,64,64,64,64,64,64,64,64,64],"card_choices":[{"not_picked":["Blizzard","Leap"],"picked":"Beam Cell","floor":1},{"not_picked":["Consume","Hologram"],"picked":"Sweeping Beam","floor":2},{"not_picked":["Steam","ReplayTheSpireMod:GoodbyeWorld"],"picked":"Scrape","floor":4},{"not_picked":["Chaos","Turbo"],"picked":"Storm","floor":5},{"not_picked":["Leap","Crystallizer"],"picked":"Gash","floor":7},{"not_picked":["Ball Lightning","BasicCrystalCard"],"picked":"Fusion","floor":10},{"not_picked":["Conserve Battery","Time Bomb"],"picked":"Glacier","floor":11},{"not_picked":["Doom and Gloom","ReplayTheSpireMod:Reroute Power","Aggregate"],"picked":"SKIP","floor":12}],"player_experience":989232,"relics_obtained":[{"floor":9,"key":"MealTicket"}],"event_choices":[],"is_beta":false,"boss_relics":[],"items_purged_floors":[3],"is_endless":false,"potions_floor_spawned":[4,10,11],"killed_by":"Gremlin Nob","ascension_level":18}}