{"host":"tkinv8gv6hgcc58b","time":1612108441,"event":{"mods":["AchievementEnabler","BaseMod","BetterRewards","Colored Map","Downfall","Googly Eyes","Hermit","Minty Spire (QoL Compilation)","Rare Cards Sparkle","Relic Filter","StSLib","The Cursed","The Disciple"],"gold_per_floor":[99,114,114,114,129,43,43,119,19,38,38,64,18,57,71,90,196,196,96,119,132,143,165,187,187,210,232,232,232,255,276,485,194,217,217,217,217],"floor_reached":35,"language":"ENG","playtime":1720,"items_purged":[],"score":318,"play_id":"7a21c82a-8531-4a0c-9a45-76e36a0036e0","local_time":"20210131105401","is_ascension_mode":true,"campfire_choices":[{"floor":1,"key":"RECALL"},{"floor":9,"key":"REST"},{"floor":19,"key":"REST"}],"circlet_count":0,"master_deck":["bronze:Strike","bronze:Strike+1","bronze:Strike","bronze:Strike+1","bronze:Defend","bronze:Defend","bronze:Defend","bronze:Defend","bronze:Replicate","bronze:Goto+1","bronze:OilSpill+1","bronze:FineTuning","bronze:HyperBeam","bronze:Optimize","bronze:WhirlingStrike+1","bronze:ChosenStrike","bronze:Separator","bronze:Constructor","bronze:GetLatest","bronze:Shell","bronze:InfiniteLoop","bronze:OilSpill","bronze:Allocate+1","bronze:Deprecate","bronze:Repair+1","bronze:Constructor","bronze:Branch+1","downfall:Haunted","bronze:BronzeOrb","bronze:FindAndReplace","bronze:Assembly"],"relics":["Fusion Hammer","downfall:ShatteredFragment","CeramicFish","Meat on the Bone","downfall:HeartBlessingRed","GremlinMask","PreservedInsect","SacredBark","downfall:HeartBlessingGreen","Mango","Blood Vial","Blue Candle","Membership Card","Whetstone"],"acts_visited":["Exordium","TheCity"],"potions_floor_usage":[13,20,24,24,30,35],"damage_taken":[{"damage":8,"enemies":"Jaw Worm","floor":2,"turns":5},{"damage":0,"enemies":"Small Slimes","floor":5,"turns":2},{"damage":10,"enemies":"downfall:FleeingMerchant","floor":6,"turns":4},{"damage":0,"enemies":"Cultist","floor":10,"turns":2},{"damage":12,"enemies":"Large Slime","floor":12,"turns":2},{"damage":10,"enemies":"downfall:FleeingMerchant","floor":13,"turns":4},{"damage":18,"enemies":"3 Sentries","floor":14,"turns":5},{"damage":14,"enemies":"3 Louse","floor":15,"turns":2},{"damage":1,"enemies":"Exordium Thugs","floor":16,"turns":4},{"damage":19,"enemies":"IC_STATUS_ARCHETYPE","floor":17,"turns":6},{"damage":12,"enemies":"Shell Parasite","floor":20,"turns":3},{"damage":9,"enemies":"3 Byrds","floor":21,"turns":3},{"damage":10,"enemies":"3 Cultists","floor":22,"turns":4},{"damage":23,"enemies":"Sentry and Sphere","floor":23,"turns":4},{"damage":25,"enemies":"Centurion and Healer","floor":24,"turns":4},{"damage":10,"enemies":"Cultist and Chosen","floor":27,"turns":4},{"damage":23,"enemies":"Shelled Parasite and Fungi","floor":30,"turns":4},{"damage":10,"enemies":"Centurion and Healer","floor":31,"turns":5},{"damage":9,"enemies":"downfall:FleeingMerchant","floor":33,"turns":4},{"damage":1,"enemies":"Cultist and Chosen","floor":34,"turns":4},{"damage":78,"enemies":"DF_ARCHETYPE_CLAW","floor":35,"turns":8}],"seed_played":"-8760805169406116295","potions_obtained":[{"floor":10,"key":"champ:CounterPotion"},{"floor":12,"key":"sneckomod:MuddlingPotion"},{"floor":17,"key":"Fire Potion"},{"floor":22,"key":"Strength Potion"},{"floor":27,"key":"Block Potion"},{"floor":30,"key":"SneckoOil"},{"floor":31,"key":"CultistPotion"},{"floor":34,"key":"Slimebound:ThreeZeroPotion"}],"is_trial":false,"path_per_floor":["R","M","?","?","M","$","T","T","R","M","?","M","$","E","M","M","B",null,"R","M","M","M","M","M","T","T","M","?","?","M","M","?","$","M","B"],"character_chosen":"THE_AUTOMATON","items_purchased":["bronze:Optimize","bronze:Constructor","Membership Card","Whetstone","bronze:FindAndReplace"],"campfire_rested":2,"item_purchase_floors":[6,13,33,33,33],"current_hp_per_floor":[70,62,41,41,41,31,31,31,52,52,52,40,42,36,34,45,38,70,70,58,49,39,28,15,29,29,33,28,28,19,33,33,48,59,0,0,0],"gold":217,"neow_bonus":"BOSS_RELIC","is_daily":false,"chose_seed":false,"campfire_upgraded":0,"win_rate":0.0,"timestamp":1612108441,"path_taken":["R","M","?","?","M","?","T","T","R","M","?","M","$","E","M","M","BOSS","R","M","M","M","?","M","T","T","M","?","?","M","M","?","$","M","BOSS"],"items_purchased_type":["Card","Card","Relic","Relic","Card"],"build_version":"2020-12-22","purchased_purges":0,"victory":false,"max_hp_per_floor":[70,70,70,70,70,70,70,70,70,70,70,70,70,70,70,70,70,70,70,70,70,70,70,70,84,84,84,84,84,84,84,84,84,84,84,84,84],"card_choices":[{"not_picked":["bronze:Overload","bronze:BuggyMess"],"picked":"bronze:OilSpill","floor":2},{"not_picked":["bronze:Refactor","bronze:Fortify"],"picked":"bronze:FineTuning","floor":5},{"not_picked":["bronze:Deprecate","bronze:Overheat"],"picked":"bronze:HyperBeam","floor":6},{"not_picked":["bronze:Frontload","bronze:DelayedSlice"],"picked":"bronze:WhirlingStrike","floor":10},{"not_picked":["bronze:Frontload","bronze:Refactor"],"picked":"bronze:ChosenStrike","floor":12},{"not_picked":["bronze:Frontload","bronze:ForLoop"],"picked":"bronze:Separator","floor":13},{"not_picked":["bronze:BugBarrage","bronze:WhirlingStrike"],"picked":"bronze:GetLatest","floor":14},{"not_picked":["bronze:BitShift","bronze:Flail","bronze:Refactor"],"picked":"SKIP","floor":15},{"not_picked":["bronze:Flail","bronze:InfiniteBeams"],"picked":"bronze:Shell","floor":16},{"not_picked":["bronze:Format","bronze:ShipIt"],"picked":"bronze:InfiniteLoop","floor":17},{"not_picked":["bronze:BugBarrage","bronze:WhirlingStrike"],"picked":"bronze:OilSpill","floor":20},{"not_picked":["bronze:Frontload+1","bronze:BitShift","bronze:WildBeam+1"],"picked":"SKIP","floor":21},{"not_picked":["bronze:MaxOutput","bronze:DelayedGuard","bronze:BugBarrage"],"picked":"SKIP","floor":22},{"not_picked":["bronze:DigitalCarnage","bronze:Overheat"],"picked":"bronze:Allocate+1","floor":23},{"not_picked":["bronze:ClassDefault","bronze:DelayedSlice"],"picked":"bronze:Deprecate","floor":24},{"not_picked":["bronze:Iterate+1","bronze:Fortify+1"],"picked":"bronze:Repair+1","floor":27},{"not_picked":["bronze:ChildClass","bronze:DelayedGuard"],"picked":"bronze:Constructor","floor":30},{"not_picked":["bronze:Deprecate","bronze:BuggyMess+1"],"picked":"bronze:Branch+1","floor":31},{"not_picked":["bronze:Repulsor","bronze:Refactor"],"picked":"bronze:BronzeOrb","floor":33},{"not_picked":["bronze:CutThrough","bronze:Repulsor+1"],"picked":"bronze:Assembly","floor":34}],"player_experience":1106331,"relics_obtained":[{"floor":7,"key":"CeramicFish"},{"floor":8,"key":"Meat on the Bone"},{"floor":14,"key":"PreservedInsect"},{"floor":25,"key":"Mango"},{"floor":26,"key":"Blood Vial"}],"event_choices":[{"damage_healed":0,"gold_gain":0,"player_choice":"Trade","damage_taken":0,"relics_obtained":["GremlinMask"],"max_hp_gain":0,"max_hp_loss":0,"event_name":"FaceTrader","floor":11,"gold_loss":0}],"is_beta":false,"boss_relics":[{"not_picked":["bronze:MakeshiftBattery","Pandora\u0027s Box"],"picked":"SacredBark"}],"items_purged_floors":[],"is_endless":false,"potions_floor_spawned":[10,12,17,22,27,30,31,34],"killed_by":"DF_ARCHETYPE_CLAW","ascension_level":4}}