{"host":"6rz02yiipefhcw4r","time":1612073958,"event":{"mods":["2.2 Compatiblity","Arknights","BaseMod","Better Match","Better Third Choice","Better Vampires","BetterRewards","Block Reminder","Colored Map","Curses Come First","DeckTracker","Googly Eyes","Hubris","Minty Spire (QoL Compilation)","Quick Restart","Rare Cards Sparkle","Reliquary","Replay The Spire","Shade Mod","Spicy Shops","StSLib","The Bladedancer","The Cursed","The Marked","The Necromancer","The Runesmith"],"gold_per_floor":[112,112,112,112,123,157,157,182,256,269,50,0,30,42,42,42,42],"floor_reached":16,"language":"ENG","playtime":708,"items_purged":["Defend_R","Strike_R"],"score":286,"play_id":"526f6946-e880-40de-a4b5-c486d9587376","local_time":"20210131041918","is_ascension_mode":true,"campfire_choices":[{"data":"Anger","floor":15,"key":"SMITH"}],"circlet_count":0,"master_deck":["AscendersBane","Strike_R","Strike_R","Strike_R","Defend_R+1","Defend_R","Defend_R+1","Bash+1","Anger+1","True Grit","Shockwave","hubris:SharpeningStone","Battle Trance","Reaper","Thunderclap","Cleave"],"relics":["Burning Blood","NeowsBlessing","War Paint","Replay:Mystery Machine","Smiling Mask","Meat on the Bone","MealTicket","Bottled Lightning"],"acts_visited":["Exordium"],"potions_floor_usage":[16],"damage_taken":[{"damage":0,"enemies":"Small Slimes","floor":1,"turns":1},{"damage":0,"enemies":"2 Louse","floor":5,"turns":1},{"damage":0,"enemies":"Lagavulin","floor":6,"turns":2},{"damage":40,"enemies":"3 Sentries","floor":8,"turns":10},{"damage":0,"enemies":"Cultist","floor":10,"turns":3},{"damage":55,"enemies":"Gremlin Nob","floor":13,"turns":5},{"damage":0,"enemies":"Blue Slaver","floor":14,"turns":5},{"damage":59,"enemies":"Slime Boss","floor":16,"turns":9}],"seed_played":"3469996752909370696","potions_obtained":[{"floor":5,"key":"FearPotion"},{"floor":8,"key":"Dexterity Potion"},{"floor":13,"key":"LiquidMemories"}],"is_trial":false,"path_per_floor":["M","?","?","?","M","E","?","E","T","M","$","$","E","M","R","B"],"character_chosen":"IRONCLAD","items_purchased":["MealTicket","Reaper"],"campfire_rested":0,"item_purchase_floors":[11,11],"current_hp_per_floor":[74,56,56,56,62,68,73,39,39,57,57,72,41,51,51,0,0],"gold":42,"neow_bonus":"THREE_ENEMY_KILL","is_daily":false,"chose_seed":false,"campfire_upgraded":1,"win_rate":0.0,"timestamp":1612073958,"path_taken":["M","?","?","?","?","E","?","E","T","M","?","$","E","?","R","BOSS"],"items_purchased_type":["Relic","Card"],"build_version":"2020-12-22","purchased_purges":2,"victory":false,"max_hp_per_floor":[75,75,75,75,75,75,80,80,80,80,80,80,80,80,80,80,80],"card_choices":[{"not_picked":["Run Through","Headbutt"],"picked":"Anger","floor":1},{"not_picked":["Intimidate","Warcry"],"picked":"True Grit","floor":5},{"not_picked":["Dark Embrace","ReplayTheSpireMod:Strike From Hell"],"picked":"Shockwave","floor":6},{"not_picked":["Heavy Blade","ReplayTheSpireMod:Limb From Limb"],"picked":"hubris:SharpeningStone","floor":8},{"not_picked":["Anger","Entrench"],"picked":"Battle Trance","floor":10},{"not_picked":["Sentinel","Hemokinesis"],"picked":"Thunderclap","floor":13},{"not_picked":["Brutality","Havoc"],"picked":"Cleave","floor":14}],"player_experience":777510,"relics_obtained":[{"floor":6,"key":"Replay:Mystery Machine"},{"floor":8,"key":"Smiling Mask"},{"floor":9,"key":"Meat on the Bone"},{"floor":13,"key":"Bottled Lightning"}],"event_choices":[{"damage_healed":0,"gold_gain":0,"player_choice":"Relic ","damage_taken":18,"max_hp_gain":0,"max_hp_loss":0,"event_name":"betterThird:BetterScrap","floor":2,"gold_loss":0,"cards_obtained":["Lockon"]},{"cards_removed":["Strike_R"],"damage_healed":0,"gold_gain":0,"player_choice":"Purged","damage_taken":0,"max_hp_gain":0,"max_hp_loss":0,"event_name":"Purifier","floor":4,"gold_loss":0},{"damage_healed":0,"gold_gain":0,"player_choice":"Donut","damage_taken":0,"max_hp_gain":5,"max_hp_loss":0,"event_name":"Big Fish","floor":7,"gold_loss":0}],"is_beta":false,"boss_relics":[],"items_purged_floors":[11,12],"is_endless":false,"potions_floor_spawned":[5,8,13,14],"killed_by":"Slime Boss","ascension_level":20}}