{"host":"skr63qsdfgeey3it","time":1612084494,"event":{"mods":["BaseMod","Colored Map","Hubris","Minty Spire (QoL Compilation)","Replay The Spire","Spicy Shops","StSLib"],"gold_per_floor":[113,126,126,126,53,84,84,119,119,119,119],"floor_reached":10,"language":"ENG","playtime":225,"items_purged":["Delirium"],"score":153,"play_id":"6e15a008-3ccb-4572-af6d-aaec8fce8688","local_time":"20210131031454","is_ascension_mode":true,"campfire_choices":[{"data":"Zap","floor":7,"key":"SMITH"}],"circlet_count":0,"master_deck":["AscendersBane","Strike_B","Strike_B","Strike_B","Defend_B","Defend_B","Defend_B","Defend_B","Zap+1","Dualcast","BootSequence","Defragment"],"relics":["Cracked Core","NeowsBlessing","hubris:Towel","ReplayTheSpireMod:CursedCoin","hubris:BallOfYels","Matryoshka","Pear","Molten Egg 2","Blue Doll"],"acts_visited":["Exordium"],"potions_floor_usage":[],"damage_taken":[{"damage":0,"enemies":"Cultist","floor":1,"turns":1},{"damage":0,"enemies":"Small Slimes","floor":2,"turns":1},{"damage":0,"enemies":"Lagavulin","floor":6,"turns":1},{"damage":45,"enemies":"3 Sentries","floor":8,"turns":8},{"damage":66,"enemies":"Gremlin Nob","floor":10,"turns":5}],"seed_played":"2759869172627169274","potions_obtained":[{"floor":2,"key":"Ancient Potion"}],"is_trial":false,"path_per_floor":["M","M","?","?","$","E","R","E","T","E"],"character_chosen":"DEFECT","items_purchased":["ReplayTheSpireMod:CursedCoin","hubris:BallOfYels"],"campfire_rested":0,"item_purchase_floors":[5,5],"current_hp_per_floor":[68,68,68,61,61,61,61,26,26,0,0],"gold":119,"neow_bonus":"THREE_ENEMY_KILL","is_daily":false,"chose_seed":false,"campfire_upgraded":1,"win_rate":0.0,"timestamp":1612084494,"path_taken":["M","M","?","?","?","E","R","E","T","E"],"items_purchased_type":["Relic","Relic"],"build_version":"2020-12-22","purchased_purges":1,"victory":false,"max_hp_per_floor":[75,75,75,75,75,75,75,85,85,85,85],"card_choices":[{"not_picked":["Steam","Compile Driver","Stack"],"picked":"SKIP","floor":1},{"not_picked":["Panic Button","Go for the Eyes","Barrage"],"picked":"SKIP","floor":2},{"not_picked":["Static Discharge","Turbo"],"picked":"BootSequence","floor":6},{"not_picked":["Conserve Battery","Turbo"],"picked":"Defragment","floor":8}],"player_experience":841334,"relics_obtained":[{"floor":6,"key":"Matryoshka"},{"floor":8,"key":"Pear"},{"floor":9,"key":"Molten Egg 2"},{"floor":9,"key":"Blue Doll"}],"event_choices":[{"cards_removed":["Strike_B"],"damage_healed":0,"gold_gain":0,"player_choice":"Card Removal","damage_taken":7,"max_hp_gain":0,"max_hp_loss":0,"event_name":"Golden Wing","floor":4,"gold_loss":0}],"is_beta":false,"boss_relics":[],"items_purged_floors":[5],"is_endless":false,"potions_floor_spawned":[2],"killed_by":"Gremlin Nob","ascension_level":11}}