{"host":"f0gpob8hq9vgebej","time":1612098594,"event":{"mods":["AchievementEnabler","BaseMod","Minty Spire (QoL Compilation)","Quick Restart","SuperFastMode"],"gold_per_floor":[115,128,128,142,161,161,177,215,215,227,277,289,314,347,359,371,371],"floor_reached":16,"language":"KOR","playtime":325,"items_purged":[],"score":182,"play_id":"c2565636-cec8-4175-af0c-b6326284a788","local_time":"20210131220954","is_ascension_mode":true,"campfire_choices":[{"data":"Consume","floor":6.0,"key":"SMITH"},{"floor":10.0,"key":"REST"},{"floor":12.0,"key":"REST"},{"data":"Fission","floor":15.0,"key":"SMITH"}],"circlet_count":0,"master_deck":["AscendersBane","Strike_B","Strike_B","Strike_B","Strike_B","Defend_B","Defend_B","Defend_B","Defend_B","Zap","Dualcast","Fission+1","Ball Lightning","White Noise","Conserve Battery","Consume+1","Seek","Tempest","Glacier"],"relics":["Cracked Core","CeramicFish","MawBank","Bronze Scales"],"acts_visited":["Exordium"],"potions_floor_usage":[16],"damage_taken":[{"damage":2.0,"enemies":"Small Slimes","floor":1.0,"turns":4.0},{"damage":2.0,"enemies":"Jaw Worm","floor":2.0,"turns":3.0},{"damage":2.0,"enemies":"2 Louse","floor":4.0,"turns":2.0},{"damage":15.0,"enemies":"Gremlin Gang","floor":5.0,"turns":4.0},{"damage":9.0,"enemies":"Looter","floor":7.0,"turns":4.0},{"damage":35.0,"enemies":"Gremlin Nob","floor":8.0,"turns":4.0},{"damage":15.0,"enemies":"Lagavulin","floor":11.0,"turns":5.0},{"damage":14.0,"enemies":"Lots of Slimes","floor":13.0,"turns":3.0},{"damage":7.0,"enemies":"Large Slime","floor":14.0,"turns":5.0},{"damage":18,"enemies":"Slime Boss","floor":16,"turns":7}],"seed_played":"-3766809201288087505","potions_obtained":[{"floor":2.0,"key":"Swift Potion"},{"floor":4.0,"key":"SteroidPotion"},{"floor":13.0,"key":"Energy Potion"}],"is_trial":false,"path_per_floor":["M","M","?","M","M","R","M","E","T","R","E","R","M","M","R","B"],"character_chosen":"DEFECT","items_purchased":[],"campfire_rested":2,"item_purchase_floors":[],"current_hp_per_floor":[66,64,64,62,47,47,38,3,3,25,10,32,18,11,11,0,0],"gold":371,"neow_bonus":"ONE_RANDOM_RARE_CARD","is_daily":false,"chose_seed":false,"campfire_upgraded":2,"win_rate":0.0,"timestamp":1612098594,"path_taken":["M","M","?","M","M","R","M","E","T","R","E","R","M","M","R","BOSS"],"items_purchased_type":[],"build_version":"2020-12-22","purchased_purges":0,"victory":false,"max_hp_per_floor":[75,75,75,75,75,75,75,75,75,75,75,75,75,75,75,75,75],"card_choices":[{"not_picked":["Hello World","Auto Shields"],"picked":"Ball Lightning","floor":1.0},{"not_picked":["Ball Lightning","Stack"],"picked":"White Noise","floor":2.0},{"not_picked":["All For One","Genetic Algorithm"],"picked":"Conserve Battery","floor":4.0},{"not_picked":["Barrage","Doom and Gloom"],"picked":"Consume","floor":5.0},{"not_picked":["Reinforced Body","Hello World","Gash"],"picked":"SKIP","floor":7.0},{"not_picked":["Heatsinks","Streamline"],"picked":"Seek","floor":8.0},{"not_picked":["Auto Shields","Compile Driver"],"picked":"Tempest","floor":11.0},{"not_picked":["Go for the Eyes","Stack","Conserve Battery"],"picked":"SKIP","floor":13.0},{"not_picked":["Seek","Recycle"],"picked":"Glacier","floor":14.0}],"player_experience":325950,"relics_obtained":[{"floor":8.0,"key":"CeramicFish"},{"floor":9.0,"key":"MawBank"},{"floor":11.0,"key":"Bronze Scales"}],"event_choices":[{"damage_healed":0.0,"max_hp_gain":0.0,"max_hp_loss":0.0,"gold_gain":0.0,"event_name":"Liars Game","player_choice":"Ignored","floor":3.0,"gold_loss":0.0,"damage_taken":0.0}],"is_beta":false,"boss_relics":[],"items_purged_floors":[],"is_endless":false,"potions_floor_spawned":[2,4,13],"killed_by":"Slime Boss","ascension_level":12}}