{"host":"mdjg9uv47r2q55hg","time":1612087372,"event":{"mods":["BaseMod","Minty Spire (QoL Compilation)","Quick Restart","StSLib"],"gold_per_floor":[112,124,139,64,64,64,75,75,101,114,175,175,175,194,194,292,342,362,374,388,144,156,182,182,197,222,234,184,198,212,212,212,212,212],"floor_reached":33,"language":"ENG","playtime":2788,"items_purged":["Strike_P","Strike_P","Strike_P"],"score":263,"play_id":"30b2f254-cf99-44c3-8b66-e73cba6eb428","local_time":"20210131030252","is_ascension_mode":false,"campfire_choices":[{"data":"EmptyMind","floor":6.0,"key":"SMITH"},{"data":"PathToVictory","floor":8.0,"key":"SMITH"},{"data":"FlyingSleeves","floor":13.0,"key":"SMITH"},{"data":"Weave","floor":15.0,"key":"SMITH"},{"floor":24,"key":"REST"},{"floor":32,"key":"REST"}],"circlet_count":0,"master_deck":["Defend_P","Defend_P","Defend_P","Eruption","Vigilance","JustLucky","CutThroughFate+1","EmptyMind+1","PathToVictory+1","Weave+1","FlyingSleeves+1","Iron Wave","Brilliance+1","JustLucky","EmptyFist","Crescendo+1","CutThroughFate","Adaptation","TalkToTheHand","DeceiveReality","CrushJoints+1","EmptyBody","FearNoEvil+1","FollowUp","Conclude+1"],"relics":["PureWater","NeowsBlessing","Regal Pillow","Vajra","Tiny House","Omamori","Smiling Mask"],"acts_visited":["Exordium","TheCity"],"potions_floor_usage":[23,23,25,29,33],"damage_taken":[{"damage":0.0,"enemies":"Jaw Worm","floor":1.0,"turns":1.0},{"damage":0.0,"enemies":"2 Louse","floor":2.0,"turns":1.0},{"damage":0.0,"enemies":"Small Slimes","floor":3.0,"turns":1.0},{"damage":1.0,"enemies":"Red Slaver","floor":7.0,"turns":3.0},{"damage":14.0,"enemies":"Gremlin Gang","floor":10.0,"turns":4.0},{"damage":7.0,"enemies":"Lagavulin Event","floor":11.0,"turns":5.0},{"damage":3.0,"enemies":"Exordium Thugs","floor":14.0,"turns":4.0},{"damage":3.0,"enemies":"Slime Boss","floor":16.0,"turns":7.0},{"damage":3.0,"enemies":"Spheric Guardian","floor":18.0,"turns":3.0},{"damage":18.0,"enemies":"3 Byrds","floor":19.0,"turns":5.0},{"damage":15.0,"enemies":"Snecko","floor":20.0,"turns":4.0},{"damage":15.0,"enemies":"Shelled Parasite and Fungi","floor":22.0,"turns":3.0},{"damage":12,"enemies":"Slavers","floor":23,"turns":4},{"damage":8,"enemies":"Centurion and Healer","floor":25,"turns":6},{"damage":0,"enemies":"Snake Plant","floor":27,"turns":2},{"damage":0,"enemies":"Snecko","floor":29,"turns":3},{"damage":7,"enemies":"Centurion and Healer","floor":30,"turns":2},{"damage":83,"enemies":"Champ","floor":33,"turns":10}],"seed_played":"4291993215879250102","potions_obtained":[{"floor":2.0,"key":"PowerPotion"},{"floor":10.0,"key":"SkillPotion"},{"floor":14.0,"key":"Block Potion"},{"floor":17.0,"key":"Fruit Juice"},{"floor":19.0,"key":"FearPotion"},{"floor":22.0,"key":"Explosive Potion"},{"floor":23,"key":"DuplicationPotion"},{"floor":25,"key":"Explosive Potion"},{"floor":27,"key":"Strength Potion"}],"is_trial":false,"path_per_floor":["M","M","M","$","?","R","M","R","T","M","?","?","R","M","R","B",null,"M","M","M","$","M","E","R","M","T","M","$","M","M","?","R","B"],"character_chosen":"WATCHER","items_purchased":["Adaptation","TalkToTheHand"],"campfire_rested":2,"item_purchase_floors":[21,21],"current_hp_per_floor":[72,72,72,72,72,72,71,71,71,57,50,50,50,47,47,44,77,79,61,46,46,31,19,58,50,50,50,50,50,43,43,82,0,0],"gold":212,"neow_bonus":"THREE_ENEMY_KILL","is_daily":false,"chose_seed":false,"campfire_upgraded":4,"win_rate":0.0,"timestamp":1612087372,"path_taken":["M","M","M","$","?","R","M","R","T","M","?","?","R","?","R","BOSS","M","?","M","$","M","E","R","M","T","M","$","M","M","?","R","BOSS"],"items_purchased_type":["Card","Card"],"build_version":"2020-12-22","purchased_purges":3,"victory":false,"max_hp_per_floor":[72,72,72,72,72,72,72,72,72,72,72,72,72,72,72,72,77,82,82,82,82,82,82,82,82,82,82,82,82,82,82,82,82,82],"card_choices":[{"not_picked":["Halt","Crescendo"],"picked":"JustLucky","floor":1.0},{"not_picked":["CarveReality","PathToVictory"],"picked":"CutThroughFate","floor":2.0},{"not_picked":["WreathOfFlame","Vengeance"],"picked":"EmptyMind","floor":3.0},{"not_picked":["Consecrate","BowlingBash"],"picked":"PathToVictory","floor":7.0},{"not_picked":["CutThroughFate","Ragnarok"],"picked":"Weave","floor":10.0},{"not_picked":["Halt","Consecrate"],"picked":"FlyingSleeves","floor":11.0},{"not_picked":["Crescendo","FlurryOfBlows","ClearTheMind"],"picked":"SKIP","floor":14.0},{"not_picked":["Judgement","Omniscience"],"picked":"Brilliance","floor":16.0},{"not_picked":["LikeWater","ReachHeaven"],"picked":"JustLucky","floor":17.0},{"not_picked":["Protect","LikeWater"],"picked":"EmptyFist","floor":18.0},{"not_picked":["Consecrate","MasterReality"],"picked":"Crescendo+1","floor":19.0},{"not_picked":["Halt+1","CrushJoints"],"picked":"CutThroughFate","floor":20.0},{"not_picked":["WheelKick","Protect"],"picked":"DeceiveReality","floor":22.0},{"not_picked":["Crescendo","FollowUp"],"picked":"CrushJoints+1","floor":23},{"not_picked":["FlurryOfBlows","CarveReality"],"picked":"EmptyBody","floor":25},{"not_picked":["ClearTheMind+1","Evaluate"],"picked":"FearNoEvil+1","floor":27},{"not_picked":["ClearTheMind","Brilliance"],"picked":"FollowUp","floor":29},{"not_picked":["BowlingBash","EmptyFist+1"],"picked":"Conclude+1","floor":30}],"player_experience":220769,"relics_obtained":[{"floor":9.0,"key":"Regal Pillow"},{"floor":23,"key":"Omamori"},{"floor":26,"key":"Smiling Mask"}],"event_choices":[{"damage_healed":0.0,"max_hp_gain":0.0,"max_hp_loss":0.0,"gold_gain":0.0,"event_name":"Living Wall","player_choice":"Grow","floor":5.0,"gold_loss":0.0,"damage_taken":0.0,"cards_upgraded":["CutThroughFate"]},{"damage_healed":0.0,"max_hp_gain":0.0,"max_hp_loss":0.0,"gold_gain":0.0,"event_name":"Dead Adventurer","player_choice":"Searched \u00273\u0027 times","floor":11.0,"gold_loss":0.0,"damage_taken":0.0,"relics_obtained":["Vajra"]},{"cards_removed":["Strike_P"],"damage_healed":0.0,"max_hp_gain":0.0,"max_hp_loss":0.0,"gold_gain":0.0,"event_name":"NoteForYourself","player_choice":"Took Card","floor":12.0,"gold_loss":0.0,"damage_taken":0.0,"cards_obtained":["Iron Wave"]},{"cards_removed":["Defend_P"],"damage_healed":0,"gold_gain":0,"player_choice":"Elegance","damage_taken":0,"max_hp_gain":0,"max_hp_loss":0,"event_name":"Back to Basics","floor":31,"gold_loss":0}],"is_beta":false,"boss_relics":[{"not_picked":["SacredBark","Coffee Dripper"],"picked":"Tiny House"}],"items_purged_floors":[4,21,28],"is_endless":false,"potions_floor_spawned":[2,10,14,19,22,23,25,27],"killed_by":"Champ","ascension_level":0}}