{"host":"lzlnscgb2n0l5w2m","time":1612075258,"event":{"mods":["AchievementEnabler","BaseMod","Block Reminder","Colored Powertips","Highlight Path","Minty Spire (QoL Compilation)","Permanent Neow","Relic Stats","StSLib","The Bug Knight","Yuri Mod"],"gold_per_floor":[34,90,143,179,179,179,30,103,103,103,189,299,96,161,161,312,312,371,390,186,246,307,360,275,315,386,386,425,494,121,121,121,264,264,328,368,411,411,411,411],"floor_reached":39,"language":"ZHS","playtime":2731,"items_purged":["yuri:yuriStrike","yuri:yuriStrike","yuri:yuriDefend"],"score":545,"play_id":"1c05b2ce-9007-44f9-8925-53ac62bda359","local_time":"20210131144058","is_ascension_mode":true,"campfire_choices":[{"data":"HandOfGreed","floor":6.0,"key":"SMITH"},{"data":"yuri:StealPen","floor":10.0,"key":"SMITH"},{"floor":15.0,"key":"REST"},{"floor":27,"key":"REST"},{"data":"yuri:BookPurple","floor":32,"key":"SMITH"}],"circlet_count":0,"master_deck":["yuri:yuriDefend","yuri:yuriDefend","yuri:yuriDefend","yuri:yuriDefend","yuri:Oolong","yuri:yuriStab","HandOfGreed+1","yuri:Stalk","yuri:TPose","yuri:Spin","yuri:CalmingAura","yuri:StealPen+1","yuri:SelfHarm","yuri:WickedSlash","yuri:Stalk","yuri:ThrowBook","yuri:NoEscape","yuri:MPose","yuri:MPose","yuri:Torment","yuri:Spin+1","yuri:MPose","yuri:HoldBack","yuri:HoldBack","yuri:Skip+1","yuri:BookPurple+1","yuri:ArmBrace+1","yuri:TeaSet","yuri:InduceGlitch+1","yuri:WickedSlash","yuri:HoldBack","Bite","Bite","Bite","Bite","Bite","yuri:yuriQuickStrike","yuri:WickedSlash+1"],"relics":["yuri:yuriKnife","Golden Idol","Kunai","Sozu","StoneCalendar","Regal Pillow","Eternal Feather","HandDrill","Philosopher\u0027s Stone"],"acts_visited":["Exordium","TheCity","TheBeyond"],"potions_floor_usage":[28],"damage_taken":[{"damage":1.0,"enemies":"Jaw Worm","floor":1.0,"turns":2.0},{"damage":0.0,"enemies":"Small Slimes","floor":2.0,"turns":5.0},{"damage":5.0,"enemies":"2 Louse","floor":3.0,"turns":5.0},{"damage":10.0,"enemies":"Blue Slaver","floor":4.0,"turns":5.0},{"damage":29.0,"enemies":"Lagavulin","floor":8.0,"turns":5.0},{"damage":2.0,"enemies":"2 Fungi Beasts","floor":11.0,"turns":6.0},{"damage":24.0,"enemies":"3 Louse","floor":12.0,"turns":11.0},{"damage":22.0,"enemies":"Exordium Thugs","floor":14.0,"turns":5.0},{"damage":33.0,"enemies":"The Guardian","floor":16.0,"turns":9.0},{"damage":11,"enemies":"2 Thieves","floor":18,"turns":4},{"damage":8,"enemies":"Spheric Guardian","floor":19,"turns":4},{"damage":7,"enemies":"Snake Plant","floor":21,"turns":4},{"damage":6,"enemies":"3 Cultists","floor":22,"turns":3},{"damage":31,"enemies":"Book of Stabbing","floor":23,"turns":7},{"damage":12,"enemies":"Centurion and Healer","floor":25,"turns":4},{"damage":3,"enemies":"Snecko","floor":28,"turns":5},{"damage":11,"enemies":"Snake Plant","floor":29,"turns":4},{"damage":34,"enemies":"Collector","floor":33,"turns":7},{"damage":29,"enemies":"3 Shapes","floor":35,"turns":6},{"damage":12,"enemies":"3 Darklings","floor":36,"turns":4},{"damage":22,"enemies":"Jaw Worm Horde","floor":37,"turns":4},{"damage":32,"enemies":"2 Orb Walkers","floor":39,"turns":3}],"seed_played":"6572307282246382837","potions_obtained":[{"floor":4.0,"key":"SpeedPotion"},{"floor":11.0,"key":"Fire Potion"},{"floor":14.0,"key":"PowerPotion"},{"floor":16.0,"key":"Ancient Potion"}],"is_trial":false,"path_per_floor":["M","M","M","M","?","R","$","E","T","R","M","M","$","M","R","B",null,"M","M","$","M","M","E","?","M","T","R","M","M","$","?","R","B",null,"M","M","M","?","?"],"character_chosen":"YURI","items_purchased":["yuri:StealPen","yuri:SelfHarm","yuri:NoEscape","yuri:MPose","yuri:MPose","yuri:HoldBack","yuri:WickedSlash","yuri:HoldBack","HandDrill"],"campfire_rested":2,"item_purchase_floors":[7,7,13,13,20,20,30,30,30],"current_hp_per_floor":[80,80,75,69,69,69,69,44,44,44,46,26,26,8,30,1,74,67,63,63,60,54,27,27,15,15,70,71,60,60,51,51,33,51,32,28,14,14,0,0],"gold":411,"neow_bonus":"RANDOM_COLORLESS_2","is_daily":false,"chose_seed":false,"campfire_upgraded":3,"win_rate":0.0,"timestamp":1612075258,"path_taken":["M","M","M","M","?","R","$","E","T","R","M","M","$","M","R","BOSS","M","M","$","M","M","E","?","M","T","R","M","M","$","?","R","BOSS","M","M","M","?","?"],"items_purchased_type":["Card","Card","Card","Card","Card","Card","Card","Card","Relic"],"build_version":"2020-12-22","purchased_purges":3,"victory":false,"max_hp_per_floor":[80,80,80,80,74,74,74,74,74,74,74,74,74,74,74,74,74,74,74,74,74,74,74,74,74,74,74,74,74,74,51,51,51,51,51,51,51,51,51,51],"relic_stats":{"Sozu":5,"Regal Pillow":15,"counters":[22,112],"Golden Idol":125,"StoneCalendar":[2],"Eternal Feather":18,"HandDrill":[18],"Kunai":[19],"obtain_stats":[{"Sozu":17,"Regal Pillow":24,"Golden Idol":5,"yuri:yuriKnife":0,"StoneCalendar":23,"Eternal Feather":26,"Philosopher\u0027s Stone":34,"HandDrill":30,"Kunai":8},{"Sozu":9,"Regal Pillow":14,"Golden Idol":4,"yuri:yuriKnife":0,"StoneCalendar":14,"Eternal Feather":15,"Philosopher\u0027s Stone":18,"HandDrill":17,"Kunai":5},{"Sozu":53,"Regal Pillow":75,"Golden Idol":17,"yuri:yuriKnife":0,"StoneCalendar":75,"Eternal Feather":79,"Philosopher\u0027s Stone":95,"HandDrill":88,"Kunai":22}]},"card_choices":[{"not_picked":["Chrysalis","Violence"],"picked":"HandOfGreed","floor":0.0},{"not_picked":["yuri:HeavierStrike","yuri:ArmBrace"],"picked":"yuri:Stalk","floor":1.0},{"not_picked":["yuri:HeavierStrike","yuri:BookPurple"],"picked":"yuri:TPose","floor":2.0},{"not_picked":["yuri:yuriQuickStrike","yuri:Stalk"],"picked":"yuri:Spin","floor":3.0},{"not_picked":["yuri:yuriQuickStrike","yuri:TPose"],"picked":"yuri:CalmingAura","floor":4.0},{"not_picked":["yuri:yuriQuickStrike","yuri:SturdyUniform"],"picked":"yuri:WickedSlash","floor":8.0},{"not_picked":["yuri:SeeingDouble","yuri:GlitchedStrike"],"picked":"yuri:Stalk","floor":11.0},{"not_picked":["yuri:BookRed","yuri:ReloadGame"],"picked":"yuri:ThrowBook","floor":12.0},{"not_picked":["yuri:JumpScare","yuri:ReloadGame"],"picked":"yuri:MPose","floor":14.0},{"not_picked":["yuri:MirrorInsanity","yuri:DragonForm"],"picked":"yuri:Torment","floor":16.0},{"not_picked":["yuri:GrowingInsanity","yuri:TPose"],"picked":"yuri:Spin+1","floor":18},{"not_picked":["yuri:Stare","yuri:ThornRemove","yuri:CalmingAura"],"picked":"SKIP","floor":19},{"not_picked":["yuri:CalmingAura+1","yuri:Parry+1"],"picked":"yuri:HoldBack","floor":21},{"not_picked":["yuri:GlitchedStrike+1","yuri:ThornRemove"],"picked":"yuri:Skip+1","floor":22},{"not_picked":["yuri:WickedSlash","yuri:AdaptiveAI"],"picked":"yuri:BookPurple","floor":23},{"not_picked":["yuri:RecklessStrike+1","yuri:MultiDip"],"picked":"yuri:ArmBrace+1","floor":25},{"not_picked":["yuri:DistillInsanity","yuri:ThrowBook+1"],"picked":"yuri:TeaSet","floor":28},{"not_picked":["yuri:HeavierStrike","yuri:ThrowingKnives"],"picked":"yuri:InduceGlitch+1","floor":29},{"not_picked":["yuri:CorruptHitbox+1","yuri:SturdyUniform+1"],"picked":"yuri:yuriQuickStrike","floor":35},{"not_picked":["yuri:ThrowBook+1","yuri:MPose"],"picked":"yuri:WickedSlash+1","floor":36},{"not_picked":["yuri:ChibiInvasion","yuri:GlitchedStrike"],"picked":"yuri:StealPen+1","floor":37}],"player_experience":332105,"relics_obtained":[{"floor":8.0,"key":"Kunai"},{"floor":23,"key":"StoneCalendar"},{"floor":26,"key":"Eternal Feather"}],"event_choices":[{"damage_healed":0.0,"max_hp_gain":0.0,"max_hp_loss":6.0,"gold_gain":0.0,"event_name":"Golden Idol","player_choice":"Lose Max HP","floor":5.0,"gold_loss":0.0,"damage_taken":0.0,"relics_obtained":["Golden Idol"]},{"damage_healed":0,"gold_gain":0,"player_choice":"Obtained Relic","damage_taken":0,"relics_obtained":["Regal Pillow"],"max_hp_gain":0,"max_hp_loss":0,"event_name":"Addict","floor":24,"gold_loss":85},{"damage_healed":0,"gold_gain":0,"player_choice":"Became a vampire","damage_taken":0,"max_hp_gain":0,"max_hp_loss":23,"event_name":"Vampires","floor":31,"gold_loss":0,"cards_obtained":["Bite","Bite","Bite","Bite","Bite"]},{"cards_removed":["yuri:StealPen"],"damage_healed":0,"gold_gain":0,"player_choice":"Removed Attack","damage_taken":0,"max_hp_gain":0,"max_hp_loss":0,"event_name":"Falling","floor":38,"gold_loss":0},{"damage_healed":0,"gold_gain":0,"player_choice":"Fight","damage_taken":0,"max_hp_gain":0,"max_hp_loss":0,"event_name":"Mysterious Sphere","floor":39,"gold_loss":0}],"is_beta":false,"boss_relics":[{"not_picked":["Ectoplasm","SacredBark"],"picked":"Sozu"},{"not_picked":["Cursed Key","Runic Dome"],"picked":"Philosopher\u0027s Stone"}],"items_purged_floors":[13,20,30],"is_endless":false,"potions_floor_spawned":[4,11,14,16,21,22,25,33,36],"killed_by":"2 Orb Walkers","ascension_level":3}}