{"host":"ul3z8ex5o8l5j7mh","time":1612104059,"event":{"mods":["AchievementEnabler","BaseMod","Colored Map","Colored Powertips","DeckTracker","Minty Spire (QoL Compilation)","SuperFastMode"],"gold_per_floor":[114,114,134,149,159,189,264,264,311,311,311,311,322,333,333,428,428,445,445,445,1,18,18,49,67,67,67,67,83,102,102,102,199,199,217,217,229,78,78,78,3,23,23,23,37,37,37],"floor_reached":46,"language":"ENG","playtime":1716,"items_purged":["Strike_R"],"score":465,"play_id":"9da22ad7-920b-4ca3-bb99-18a3cd7d10c2","local_time":"20210131154059","is_ascension_mode":false,"campfire_choices":[{"floor":8.0,"key":"REST"},{"floor":10.0,"key":"RECALL"},{"floor":12.0,"key":"REST"},{"floor":15.0,"key":"REST"},{"data":"Feed","floor":23.0,"key":"SMITH"},{"floor":28.0,"key":"REST"},{"floor":32.0,"key":"REST"},{"floor":40,"key":"REST"}],"circlet_count":0,"master_deck":["Strike_R","Strike_R","Strike_R","Strike_R+1","Defend_R+1","Defend_R","Defend_R","Bash","Cleave","Armaments","Shockwave","Iron Wave","Inflame+1","Armaments","Juggernaut+1","Feed","Pommel Strike","Feed+1","Iron Wave","Headbutt+1","Corruption+1","Shockwave","Whirlwind","Demon Form+1","Intimidate","Feel No Pain+1","Madness","Madness","Dual Wield","Normality","Dropkick"],"relics":["Philosopher\u0027s Stone","Frozen Egg 2","Blood Vial","Cursed Key","CaptainsWheel","TheAbacus","Orichalcum","SlaversCollar","Frozen Eye","The Courier"],"acts_visited":["Exordium","TheCity","TheBeyond"],"potions_floor_usage":[45,46],"damage_taken":[{"damage":5.0,"enemies":"2 Louse","floor":1.0,"turns":3.0},{"damage":0.0,"enemies":"Cultist","floor":3.0,"turns":2.0},{"damage":7.0,"enemies":"Jaw Worm","floor":4.0,"turns":3.0},{"damage":5.0,"enemies":"Exordium Thugs","floor":5.0,"turns":3.0},{"damage":23.0,"enemies":"Gremlin Nob","floor":6.0,"turns":4.0},{"damage":13.0,"enemies":"3 Louse","floor":13.0,"turns":3.0},{"damage":6.0,"enemies":"Looter","floor":14.0,"turns":2.0},{"damage":30.0,"enemies":"Hexaghost","floor":16.0,"turns":9.0},{"damage":25.0,"enemies":"Spheric Guardian","floor":18.0,"turns":4.0},{"damage":1.0,"enemies":"Shell Parasite","floor":22.0,"turns":5.0},{"damage":32.0,"enemies":"Book of Stabbing","floor":24.0,"turns":5.0},{"damage":0.0,"enemies":"Centurion and Healer","floor":25.0,"turns":5.0},{"damage":19.0,"enemies":"Shelled Parasite and Fungi","floor":29.0,"turns":4.0},{"damage":0.0,"enemies":"3 Cultists","floor":30.0,"turns":4.0},{"damage":77,"enemies":"Automaton","floor":33,"turns":10},{"damage":12,"enemies":"3 Darklings","floor":35,"turns":5},{"damage":15,"enemies":"Orb Walker","floor":37,"turns":5},{"damage":27,"enemies":"Maw","floor":42,"turns":7},{"damage":55,"enemies":"Spire Growth","floor":45,"turns":6},{"damage":16,"enemies":"3 Darklings","floor":46,"turns":2}],"seed_played":"3601701966428125924","potions_obtained":[{"floor":4.0,"key":"AttackPotion"},{"floor":6.0,"key":"SkillPotion"},{"floor":14.0,"key":"Swift Potion"},{"floor":29.0,"key":"Swift Potion"},{"floor":42,"key":"Dexterity Potion"},{"floor":45,"key":"AttackPotion"}],"is_trial":false,"path_per_floor":["M","$","M","M","M","E","?","R","T","R","?","R","M","M","R","B",null,"M","?","?","$","M","R","E","M","T","$","R","M","M","?","R","B",null,"M","?","M","$","?","R","$","M","T","$","M","M"],"character_chosen":"IRONCLAD","items_purchased":["CaptainsWheel","TheAbacus","Frozen Eye"],"campfire_rested":6,"item_purchase_floors":[21,21,38],"current_hp_per_floor":[75,75,75,68,63,40,29,53,53,53,37,61,50,46,70,42,80,58,58,58,58,63,63,33,35,35,35,61,48,54,54,82,7,95,83,83,70,70,58,86,86,61,61,61,8,0,0],"gold":37,"neow_bonus":"BOSS_RELIC","is_daily":false,"chose_seed":false,"campfire_upgraded":1,"win_rate":0.0,"timestamp":1612104059,"path_taken":["M","$","M","M","M","E","?","R","T","R","?","R","M","M","R","BOSS","M","?","?","$","?","R","E","M","T","?","R","M","M","?","R","BOSS","M","?","M","$","?","R","?","M","T","$","M","?"],"items_purchased_type":["Relic","Relic","Relic"],"build_version":"2020-12-22","purchased_purges":1,"victory":false,"max_hp_per_floor":[80,80,80,80,80,80,80,80,80,80,80,80,80,80,80,80,80,83,83,83,83,87,87,87,87,87,87,87,91,95,95,95,95,95,95,95,95,95,95,95,95,95,95,95,95,95,95],"card_choices":[{"not_picked":["Armaments","Thunderclap"],"picked":"Cleave","floor":1.0},{"not_picked":["Clothesline","Warcry"],"picked":"Armaments","floor":3.0},{"not_picked":["Cleave","Clothesline"],"picked":"Shockwave","floor":4.0},{"not_picked":["Headbutt","Body Slam"],"picked":"Iron Wave","floor":5.0},{"not_picked":["Power Through","Sentinel"],"picked":"Inflame+1","floor":6.0},{"not_picked":["Pummel","Wild Strike"],"picked":"Armaments","floor":13.0},{"not_picked":["Clothesline","Flex"],"picked":"Juggernaut+1","floor":14.0},{"not_picked":["Immolate","Juggernaut+1"],"picked":"Feed","floor":16.0},{"not_picked":["Wild Strike","Flex"],"picked":"Pommel Strike","floor":18.0},{"not_picked":["Clothesline","Anger"],"picked":"Iron Wave","floor":22.0},{"not_picked":["Flex","Havoc+1"],"picked":"Headbutt+1","floor":24.0},{"not_picked":["Clash","Headbutt"],"picked":"Corruption+1","floor":25.0},{"not_picked":["Body Slam","Havoc"],"picked":"Shockwave","floor":29.0},{"not_picked":["Shockwave+1","Havoc"],"picked":"Whirlwind","floor":30.0},{"not_picked":["Feed","Double Tap"],"picked":"Demon Form+1","floor":33},{"not_picked":["Sword Boomerang+1","Battle Trance+1"],"picked":"Intimidate","floor":35},{"not_picked":["Havoc","Iron Wave+1"],"picked":"Feel No Pain+1","floor":37},{"not_picked":["Headbutt","Sword Boomerang"],"picked":"Dual Wield","floor":42},{"not_picked":["Entrench","Wild Strike+1"],"picked":"Dropkick","floor":45}],"player_experience":292043,"relics_obtained":[{"floor":6.0,"key":"Frozen Egg 2"},{"floor":9.0,"key":"Blood Vial"},{"floor":24.0,"key":"Orichalcum"},{"floor":43,"key":"The Courier"}],"event_choices":[{"damage_healed":0.0,"max_hp_gain":0.0,"max_hp_loss":0.0,"gold_gain":75.0,"event_name":"World of Goop","player_choice":"Gather Gold","floor":7.0,"gold_loss":0.0,"damage_taken":11.0},{"damage_healed":0.0,"max_hp_gain":0.0,"max_hp_loss":0.0,"gold_gain":0.0,"event_name":"Shining Light","player_choice":"Entered Light","floor":11.0,"gold_loss":0.0,"damage_taken":16.0,"cards_upgraded":["Strike_R","Defend_R"]},{"damage_healed":0.0,"max_hp_gain":0.0,"max_hp_loss":0.0,"gold_gain":0.0,"event_name":"Ghosts","player_choice":"Ignored","floor":19.0,"gold_loss":0.0,"damage_taken":0.0},{"damage_healed":0.0,"max_hp_gain":0.0,"max_hp_loss":0.0,"gold_gain":0.0,"event_name":"Duplicator","player_choice":"Copied","floor":20.0,"gold_loss":0.0,"damage_taken":0.0,"cards_obtained":["Feed"]},{"cards_removed":["Clumsy"],"damage_healed":0.0,"max_hp_gain":0.0,"max_hp_loss":0.0,"gold_gain":0.0,"event_name":"Fountain of Cleansing","player_choice":"Removed Curses","floor":31.0,"gold_loss":0.0,"damage_taken":0.0},{"cards_removed":["Defend_R"],"damage_healed":0,"gold_gain":0,"player_choice":"Removed Skill","damage_taken":0,"max_hp_gain":0,"max_hp_loss":0,"event_name":"Falling","floor":36,"gold_loss":0},{"damage_healed":0,"gold_gain":0,"player_choice":"Embrace Madness","damage_taken":12,"max_hp_gain":0,"max_hp_loss":0,"event_name":"Winding Halls","floor":39,"gold_loss":0,"cards_obtained":["Madness","Madness"]}],"is_beta":false,"boss_relics":[{"not_picked":["Runic Dome","Astrolabe"],"picked":"Cursed Key"},{"not_picked":["Black Star","Velvet Choker"],"picked":"SlaversCollar"}],"items_purged_floors":[41],"is_endless":false,"potions_floor_spawned":[4,6,14,29,42,45],"killed_by":"3 Darklings","ascension_level":0}}