{"host":"kiczkwpc36uxnkg8","time":1612110766,"event":{"mods":["AchievementEnabler","Act Like it!","Aspiration","BaseMod","Colored Powertips","Energized Spire","GifTheSpireLib","Hubris","Infinite Spire","Koishi","Minty Spire (QoL Compilation)","Pale of the Ancients","Permanent Neow","Quick Restart","Relic Filter","Remilia??????","Replay The Spire","Spicy Shops","StSLib","Stuff the Spire","The Bug Knight","The Servant 0.9.4","Wandering Minibosses"],"gold_per_floor":[117,138,138,162,162,162,162,162],"floor_reached":7,"language":"ENG","playtime":314,"items_purged":["Defend_B"],"score":53,"play_id":"621666f7-e1e1-4ced-a687-c221a158d6d0","local_time":"20210131163246","is_ascension_mode":true,"campfire_choices":[{"data":"Gash","floor":6,"key":"SMITH"}],"circlet_count":0,"master_deck":["Strike_B","Strike_B","Strike_B","Defend_B","Defend_B","Defend_B","Machine Learning+1","hubris:SpecializedCircuitry+1","Biased Cognition+1","Doubt","Gash+1"],"relics":["Astrolabe","ReplayTheSpireMod:CursedCoin","Golden Idol"],"acts_visited":["Exordium"],"potions_floor_usage":[],"damage_taken":[{"damage":1,"enemies":"Small Slimes","floor":1,"turns":5},{"damage":15,"enemies":"Jaw Worm","floor":4,"turns":6},{"damage":48,"enemies":"Lagavulin","floor":7,"turns":9}],"seed_played":"-2062857448127255344","potions_obtained":[{"floor":1,"key":"Ancient Potion"}],"is_trial":false,"path_per_floor":["M","$","?","M","?","R","E"],"character_chosen":"DEFECT","items_purchased":["ReplayTheSpireMod:CursedCoin","Gash"],"campfire_rested":0,"item_purchase_floors":[2,2],"current_hp_per_floor":[67,67,67,52,59,59,11,11],"gold":162,"neow_bonus":"BOSS_RELIC","is_daily":false,"chose_seed":false,"campfire_upgraded":1,"win_rate":0.0,"timestamp":1612110766,"path_taken":["M","$","?","M","?","R","E"],"items_purchased_type":["Relic","Card"],"build_version":"2020-12-22","purchased_purges":1,"victory":false,"max_hp_per_floor":[75,75,69,69,69,69,69,69],"card_choices":[{"not_picked":["Reinforced Body","ReplaySolidLightProjector","Redo"],"picked":"SKIP","floor":1},{"not_picked":["Redo","Compile Driver","hubris:PowerSurge"],"picked":"SKIP","floor":4}],"player_experience":664187,"relics_obtained":[],"event_choices":[{"damage_healed":0,"gold_gain":0,"player_choice":"Lose Max HP","damage_taken":0,"relics_obtained":["Golden Idol"],"max_hp_gain":0,"max_hp_loss":6,"event_name":"Golden Idol","floor":3,"gold_loss":0}],"is_beta":false,"boss_relics":[],"items_purged_floors":[2],"is_endless":false,"potions_floor_spawned":[1],"killed_by":"Lagavulin","ascension_level":7}}