{"host":"roto7j7840a50pxh","time":1612098034,"event":{"mods":["Act Like it!","BaseMod","Better Altar","Better Note","Better Sensory Stone","Better Skull","Better Third Choice","BetterRewards","Colored Map","Colored Powertips","Downfall","Hermit","Highlight Path","Hubris","Infinite Spire","Minty Spire (QoL Compilation)","Replay The Spire","Robot Space Explorer","Shade Mod","Spicy Shops","StSLib","The Construct","The Cursed","The Dragon Tamer","The Hierophant","The Necromancer","The Runesmith","The Servant 0.9.4","TheVacant"],"gold_per_floor":[0,20,30,45,64,64,114,125,137,137,137,172,172,3,13,115,115,115,130,144,162,162,180,204,234,234,234,144,244,244,269,286,382,382,382,396,582,632,648,659,659,76,76,96,96,96,96,130,140,140],"floor_reached":51,"language":"ENG","playtime":6993,"items_purged":["TheCursedMod:Dregs"],"score":973,"play_id":"bc52a3f2-938e-4684-a598-f71216ae1465","local_time":"20210131080034","is_ascension_mode":true,"campfire_choices":[{"data":"champ:Taunt","floor":1.0,"key":"SMITH"},{"data":"champ:StanceDance","floor":6.0,"key":"SMITH"},{"floor":13.0,"key":"REST"},{"floor":18.0,"key":"DIG"},{"data":"champ:LastStand","floor":27.0,"key":"SMITH"},{"data":"champ:BladeFlurry","floor":30.0,"key":"SMITH"},{"data":"infinitespire:TheBestDefense","floor":35.0,"key":"SMITH"},{"data":"champ:ShieldWall","floor":35.0,"key":"SMITH"},{"data":"champ:StrikeOfGenius","floor":43,"key":"SMITH"},{"data":"champ:FanOfKnives","floor":43,"key":"SMITH"},{"floor":45,"key":"REST"},{"data":"champ:Lariat","floor":45,"key":"SMITH"},{"data":"champ:ShieldWall","floor":45,"key":"SMITH"}],"circlet_count":0,"master_deck":["champ:Strike","champ:Strike","champ:Strike","champ:Strike","champ:Defend+1","champ:Defend","champ:Defend","champ:Defend","champ:Execute","champ:Taunt+1","champ:DefensiveShout","champ:FanOfKnives+1","champ:TornadoPunch","champ:StanceDance+1","champ:FlashCut","champ:FocusedDefense+1","champ:ShieldWall+1","champ:TripleStrike+1","champ:DefensiveStyle","champ:ShieldWall+1","champ:LastStand+1","champ:Shatter","champ:FancyFootwork+1","champ:Circumvent","champ:StrikeOfGenius+1","champ:GutPunch","champ:RageSigil","CurseOfTheBell","champ:BringItOn","champ:BladeFlurry+1","champ:SkillfulDodge+1","champ:BerserkerStyle","champ:CheapShot+1","theVacant:Crunch","champ:IgnorePain","Replay:Parry","infinitespire:TheBestDefense+1","champ:PreciseThrust+1","champ:SwordSigil+1","champ:Backstep","champ:Lariat+1","champ:PreciseThrust+1","champ:PreemptiveStrike","champ:PreemptiveStrike","infinitespire:TheBestDefense+1","champ:BladeFlurry","champ:RisingSlash+1","champ:DefensiveShout+1"],"relics":["champ:ChampionCrown","Replay:PocketPolymizer","ReplayFunnel","hubris:Icosahedron","infinitespire:EmpoweringShard","Guide Book","Honey Jar","hubris:PeanutButter","Boot","infinitespire:CursedDice","hubris:EmptyBottle","Calling Bell","Pet Ghost","infinitespire:Bottled Soul","Torii","Strange Spoon","infinitespire:Magic Flask","HornCleat","Replay:Arrowhead","ReplayTheSpireMod:SealedPack","Pen Nib","champ:GladiatorsBookOfMartialProwess","White Beast Statue","DollysMirror","Blood Vial","Orichalcum","Ice Cream","Art of War"],"acts_visited":["Exordium","TheCity","TheBeyond"],"potions_floor_usage":[44,48,48,50,50,50,50],"damage_taken":[{"damage":35.0,"enemies":"Small Slimes","floor":2.0,"turns":4.0},{"damage":10.0,"enemies":"2 Louse","floor":3.0,"turns":2.0},{"damage":18.0,"enemies":"Jaw Worm","floor":4.0,"turns":3.0},{"damage":28.0,"enemies":"Exordium Thugs","floor":5.0,"turns":5.0},{"damage":17.0,"enemies":"3 Louse","floor":8.0,"turns":3.0},{"damage":13.0,"enemies":"Blue Slaver","floor":9.0,"turns":3.0},{"damage":10.0,"enemies":"3 Sentries","floor":12.0,"turns":3.0},{"damage":20.0,"enemies":"downfall:FleeingMerchant","floor":14.0,"turns":4.0},{"damage":16.0,"enemies":"Large Slime","floor":15.0,"turns":4.0},{"damage":44.0,"enemies":"DF_ARCHETYPE_STREAMLINE","floor":16.0,"turns":9.0},{"damage":0.0,"enemies":"3 Byrds","floor":19.0,"turns":3.0},{"damage":2.0,"enemies":"Chosen","floor":20.0,"turns":3.0},{"damage":2.0,"enemies":"Snake Plant","floor":21.0,"turns":3.0},{"damage":7.0,"enemies":"Snecko","floor":23.0,"turns":5.0},{"damage":25.0,"enemies":"Replay:Snechameleon","floor":25.0,"turns":5.0},{"damage":27.0,"enemies":"downfall:FleeingMerchant","floor":28.0,"turns":4.0},{"damage":24.0,"enemies":"IC_STATUS_ARCHETYPE","floor":29.0,"turns":6.0},{"damage":0.0,"enemies":"Slavers","floor":31.0,"turns":3.0},{"damage":0.0,"enemies":"Chosen and Byrds","floor":32.0,"turns":4.0},{"damage":54.0,"enemies":"SI_MIRROR_ARCHETYPE","floor":33.0,"turns":7.0},{"damage":0.0,"enemies":"Orb Walker","floor":36.0,"turns":4.0},{"damage":0.0,"enemies":"downfall:FleeingMerchant","floor":37.0,"turns":4.0},{"damage":6.0,"enemies":"downfall:FleeingMerchant","floor":38.0,"turns":5.0},{"damage":13.0,"enemies":"3 Darklings","floor":39.0,"turns":3.0},{"damage":16,"enemies":"Transient","floor":40,"turns":5},{"damage":0,"enemies":"Sphere and 2 Shapes","floor":44,"turns":2},{"damage":17,"enemies":"Nemesis","floor":48,"turns":5},{"damage":7,"enemies":"Writhing Mass","floor":49,"turns":4},{"damage":37,"enemies":"WA_ARCHETYPE_DIVINITY","floor":50,"turns":9}],"seed_played":"-9275832493605120","potions_obtained":[{"floor":4.0,"key":"champ:TechniquePotion"},{"floor":9.0,"key":"FearPotion"},{"floor":12.0,"key":"FearPotion"},{"floor":15.0,"key":"champ:TechniquePotion"},{"floor":25.0,"key":"GamblersBrew"},{"floor":29.0,"key":"AttackPotion"},{"floor":31.0,"key":"Dexterity Potion"},{"floor":32.0,"key":"Swift Potion"},{"floor":33.0,"key":"PowerPotion"},{"floor":36.0,"key":"FearPotion"},{"floor":44,"key":"SpeedPotion"},{"floor":48,"key":"Block Potion"},{"floor":49,"key":"GamblersBrew"}],"is_trial":false,"path_per_floor":["R","M","M","M","M","R","T","M","M","?","?","E","R","$","M","B",null,"R_BF","M","M","M","?","M","T","E","AVR","R","$","?","R","E","M","B",null,"R","M","$","?","M","M","T","$","R","M","R","?","T","E","M","B",null],"character_chosen":"THE_CHAMP","items_purchased":["Guide Book","champ:DefensiveStyle","Strange Spoon","Pen Nib","champ:PreemptiveStrike","DollysMirror","Blood Vial","Orichalcum"],"campfire_rested":2,"item_purchase_floors":[14,14,28,37,42,42,42,42],"current_hp_per_floor":[90,75,75,67,44,44,44,27,24,24,24,24,51,51,45,30,90,90,90,90,90,90,90,90,90,90,90,90,81,81,81,86,79,90,90,90,90,90,90,74,74,74,74,81,90,90,90,90,90,90],"gold":140,"neow_bonus":"ONE_RARE_RELIC","is_daily":false,"chose_seed":false,"campfire_upgraded":10,"win_rate":0.0,"timestamp":1612098034,"path_taken":["R","M","M","M","M","R","T","M","M","?","?","E","R","$","M","BOSS","R_BF","M","M","M","?","M","T","E","AVR","R","$","?","R","E","M","BOSS","R","M","$","?","M","M","T","$","R","M","R","?","?","E","M","BOSS"],"items_purchased_type":["Relic","Card","Relic","Relic","Card","Relic","Relic","Relic"],"build_version":"2020-12-22","purchased_purges":1,"victory":true,"max_hp_per_floor":[90,90,90,90,90,90,90,90,90,90,90,90,90,90,90,90,90,90,90,90,90,90,90,90,90,90,90,90,90,90,90,90,90,90,90,90,90,90,90,90,90,90,90,90,90,90,90,90,90,90],"card_choices":[{"not_picked":["champ:BerserkersShout","champ:EnGarde"],"picked":"champ:DefensiveShout","floor":2.0},{"not_picked":["champ:Shatter","champ:Backstep"],"picked":"champ:FanOfKnives","floor":3.0},{"not_picked":["champ:GutPunch","champ:Endure"],"picked":"champ:TornadoPunch","floor":4.0},{"not_picked":["champ:PreciseThrust","champ:Circumvent"],"picked":"champ:StanceDance","floor":5.0},{"not_picked":["champ:TornadoPunch","champ:HeartStrike"],"picked":"champ:FlashCut","floor":8.0},{"not_picked":["champ:ArenaPreparation","champ:GutPunch"],"picked":"champ:FocusedDefense","floor":9.0},{"not_picked":["champ:HeartStrike","champ:PreciseThrust"],"picked":"champ:ShieldWall","floor":12.0},{"not_picked":["champ:SwordThrow","champ:RisingSlash"],"picked":"champ:TripleStrike","floor":14.0},{"not_picked":["champ:Haymaker","champ:EnGarde"],"picked":"champ:ShieldWall","floor":15.0},{"not_picked":["champ:TripleStrike","champ:EnchantSword"],"picked":"champ:LastStand","floor":16.0},{"not_picked":["champ:FocusedDefense+1","champ:ShieldSlam","champ:DefensiveStyle+1"],"picked":"champ:Shatter","floor":19.0},{"not_picked":["champ:PerfectedStrike","champ:SetATrap+1","champ:FanOfKnives"],"picked":"champ:FancyFootwork+1","floor":20.0},{"not_picked":["champ:CrownThrow+1","champ:FocusedDefense","champ:StanceDance+1"],"picked":"champ:Circumvent","floor":21.0},{"not_picked":["champ:StanceDance","champ:HeartStrike","champ:Backstep+1"],"picked":"champ:GutPunch","floor":23.0},{"not_picked":["champ:DefensiveStyle","champ:Shatter+1","champ:Endure"],"picked":"champ:RageSigil","floor":25.0},{"not_picked":["champ:DancingMaster","champ:FanOfKnives","champ:BerserkersShout"],"picked":"champ:BringItOn","floor":28.0},{"not_picked":["champ:EnGarde","champ:ShieldWall+1","champ:SwordSigil"],"picked":"champ:BladeFlurry","floor":29.0},{"not_picked":["champ:ShieldSigil","champ:FaceSlap","champ:EnragedBash"],"picked":"champ:SkillfulDodge+1","floor":31.0},{"not_picked":["champ:CrookedStrike","champ:GladiatorStyle+1","champ:BringItOn"],"picked":"champ:BerserkerStyle","floor":32.0},{"not_picked":["champ:VampiricStrike","champ:Improvising","champ:DancingMaster"],"picked":"champ:CheapShot","floor":33.0},{"not_picked":["Slimebound:CorrosiveSpit","KidneyShot","RobotSpaceExplorer:Scan"],"picked":"theVacant:Crunch","floor":34.0},{"not_picked":["champ:TripleStrike","champ:LastStand","champ:EnchantShield"],"picked":"champ:IgnorePain","floor":34.0},{"not_picked":["Good Instincts","ReplayTheSpireMod:Trickstab","Replay:Sssssssssstrike"],"picked":"Replay:Parry","floor":34.0},{"not_picked":["infinitespire:NeuralNetwork","ReplayTheSpireMod:Haul","Replay:Fractal Strike"],"picked":"infinitespire:TheBestDefense","floor":34.0},{"not_picked":["champ:DefensiveShout+1","champ:BringItOn","champ:Shatter"],"picked":"champ:PreciseThrust+1","floor":36.0},{"not_picked":["champ:LastStand","champ:GladiatorStyle+1","champ:BerserkerStyle"],"picked":"champ:SwordSigil+1","floor":37.0},{"not_picked":["champ:Shatter+1","champ:BerserkerStyle+1","champ:BerserkersShout+1"],"picked":"champ:Backstep","floor":38.0},{"not_picked":["champ:RapidStrikes+1","champ:ShieldSigil+1","champ:Backstep+1"],"picked":"champ:Lariat","floor":39.0},{"not_picked":["champ:EnGarde","champ:PerfectedStrike+1","champ:FanOfKnives"],"picked":"champ:PreciseThrust+1","floor":40},{"not_picked":["champ:SetATrap+1","champ:FocusedDefense+1","champ:FanOfKnives"],"picked":"champ:BladeFlurry","floor":44},{"not_picked":["champ:IronFortress+1","champ:Lariat","champ:SwordSigil"],"picked":"champ:RisingSlash+1","floor":48},{"not_picked":["champ:Improvising","champ:FanOfKnives","champ:CrownThrow"],"picked":"champ:DefensiveShout+1","floor":49}],"player_experience":1770551,"relics_obtained":[{"floor":7.0,"key":"ReplayFunnel"},{"floor":12.0,"key":"infinitespire:EmpoweringShard"},{"floor":18.0,"key":"hubris:PeanutButter"},{"floor":24.0,"key":"Boot"},{"floor":25.0,"key":"infinitespire:CursedDice"},{"floor":26.0,"key":"Pet Ghost"},{"floor":26.0,"key":"infinitespire:Bottled Soul"},{"floor":26.0,"key":"Torii"},{"floor":29.0,"key":"infinitespire:Magic Flask"},{"floor":29.0,"key":"HornCleat"},{"floor":31.0,"key":"Replay:Arrowhead"},{"floor":38.0,"key":"champ:GladiatorsBookOfMartialProwess"},{"floor":41,"key":"White Beast Statue"},{"floor":47,"key":"Ice Cream"},{"floor":48,"key":"Art of War"}],"event_choices":[{"cards_removed":["champ:ShieldWall"],"damage_healed":0.0,"max_hp_gain":0.0,"max_hp_loss":0.0,"gold_gain":0.0,"event_name":"betterNote:BetterNote","player_choice":"Take \u0026 Give","floor":22.0,"gold_loss":0.0,"damage_taken":0.0,"cards_obtained":["champ:StrikeOfGenius"]}],"is_beta":false,"boss_relics":[{"not_picked":["Sozu","hubris:ScarierMask"],"picked":"Honey Jar"},{"not_picked":["bronze:MakeshiftBattery","Pandora\u0027s Box"],"picked":"ReplayTheSpireMod:SealedPack"}],"items_purged_floors":[42],"is_endless":false,"potions_floor_spawned":[4,9,12,15,16,25,29,31,32,33,36,44,48,49],"ascension_level":2}}