{"host":"dlqyscxstsnu98l1","time":1612117255,"event":{"mods":["AchievementEnabler","BaseMod","Colored Map","Colored Powertips","Downfall","GifTheSpireLib","Highlight Path","Minty Spire (QoL Compilation)","Random Character Button","SacredBarkPlus","StSLib","everything is the same but u backflip on backflip"],"gold_per_floor":[119,119,130,7,20,20,50,50,76,91,91,124,299,29,29,130,130,130],"floor_reached":17,"language":"ENG","playtime":518,"items_purged":["Strike_R","Doubt"],"score":179,"play_id":"002eca9f-13c2-4157-aa3c-13644cc86c1f","local_time":"20210131122055","is_ascension_mode":true,"campfire_choices":[{"data":"Cleave","floor":6,"key":"SMITH"},{"data":"Thunderclap","floor":8,"key":"SMITH"},{"data":"Rampage","floor":11,"key":"SMITH"},{"data":"Immolate","floor":15,"key":"SMITH"}],"circlet_count":0,"master_deck":["Strike_R","Strike_R","Strike_R","Strike_R","Defend_R","Defend_R","Defend_R","Defend_R","Shrug It Off","Cleave+1","Clothesline","Disarm","Thunderclap+1","Rampage+1","Immolate+1","Berserk"],"relics":["Burning Blood","NeowsBlessing","Toy Ornithopter","Potion Belt","InkBottle","Snecko Eye"],"acts_visited":["Exordium","TheCity"],"potions_floor_usage":[7,12,16,16],"damage_taken":[{"damage":0,"enemies":"Jaw Worm","floor":1,"turns":1},{"damage":0,"enemies":"Cultist","floor":3,"turns":1},{"damage":0,"enemies":"Small Slimes","floor":5,"turns":1},{"damage":27,"enemies":"3 Sentries","floor":7,"turns":7},{"damage":18,"enemies":"Gremlin Gang","floor":10,"turns":4},{"damage":13,"enemies":"Lagavulin","floor":12,"turns":7},{"damage":26,"enemies":"Hexaghost","floor":16,"turns":9}],"seed_played":"756212349405033281","potions_obtained":[{"floor":3,"key":"DuplicationPotion"},{"floor":10,"key":"SkillPotion"},{"floor":12,"key":"Dexterity Potion"}],"is_trial":false,"path_per_floor":["M","?","M","$","M","R","E","R","T","M","R","E","?","$","R","B",null],"character_chosen":"IRONCLAD","items_purchased":["Clothesline","DuplicationPotion","Slimebound:ThreeZeroPotion"],"campfire_rested":0,"item_purchase_floors":[4,14,14],"current_hp_per_floor":[80,80,80,80,80,80,59,59,59,47,47,45,45,45,45,35,80,80],"gold":130,"neow_bonus":"THREE_ENEMY_KILL","is_daily":false,"chose_seed":false,"campfire_upgraded":4,"win_rate":0.0,"timestamp":1612117255,"path_taken":["M","?","?","?","M","R","E","R","T","M","R","E","?","$","R","BOSS"],"items_purchased_type":["Card","Potion","Potion"],"build_version":"2020-12-22","purchased_purges":2,"victory":false,"max_hp_per_floor":[80,80,80,80,80,80,80,80,80,80,80,80,80,80,80,80,80,80],"card_choices":[{"not_picked":["Body Slam","Flex"],"picked":"Shrug It Off","floor":1},{"not_picked":["Warcry","Headbutt"],"picked":"Cleave","floor":3},{"not_picked":["Iron Wave","True Grit"],"picked":"Disarm","floor":5},{"not_picked":["Havoc","True Grit"],"picked":"Thunderclap","floor":7},{"not_picked":["Sword Boomerang","Iron Wave"],"picked":"Rampage","floor":10},{"not_picked":["Body Slam","Cleave"],"picked":"Immolate","floor":12},{"not_picked":["Feed","Immolate"],"picked":"Berserk","floor":16}],"player_experience":135563,"relics_obtained":[{"floor":7,"key":"Toy Ornithopter"},{"floor":9,"key":"Potion Belt"},{"floor":12,"key":"InkBottle"}],"event_choices":[{"cards_removed":["Bash"],"damage_healed":0,"gold_gain":0,"player_choice":"Offered Basic","damage_taken":0,"max_hp_gain":0,"max_hp_loss":0,"event_name":"Bonfire Elementals","floor":2,"gold_loss":0},{"damage_healed":0,"gold_gain":175,"player_choice":"AGREE","damage_taken":0,"max_hp_gain":0,"max_hp_loss":0,"event_name":"Liars Game","floor":13,"gold_loss":0,"cards_obtained":["Doubt"]}],"is_beta":false,"boss_relics":[{"not_picked":["Busted Crown","Runic Dome"],"picked":"Snecko Eye"}],"items_purged_floors":[4,14],"is_endless":false,"potions_floor_spawned":[3,10,12],"ascension_level":2}}