{"host":"nw4g04f085wnqcgt","time":1612128893,"event":{"mods":["AchievementEnabler","BaseMod","Colored Map","Colored Powertips","DeckTracker","Minty Spire (QoL Compilation)","Relic Sorter","SuperFastMode"],"gold_per_floor":[109,109,109,184,10,46,10,54,54,54,89,16,16,40,40,166,166,180,180,205,205,27,27,46,79,102,135,135,85,116,140,140,261,261,274,288,288,288,288,288],"floor_reached":39,"language":"ENG","playtime":2118,"items_purged":["Strike_P"],"score":606,"play_id":"53c8c585-ae4c-4175-aa29-129826117cdb","local_time":"20210131163453","is_ascension_mode":true,"campfire_choices":[{"data":"Eruption","floor":10,"key":"SMITH"},{"data":"Meditate","floor":15,"key":"SMITH"},{"data":"Apotheosis","floor":23,"key":"SMITH"},{"floor":32,"key":"REST"}],"circlet_count":0,"master_deck":["Defend_P","Eruption+1","Vigilance","WheelKick","Conclude","ClearTheMind","FearNoEvil","Indignation","ThirdEye","Meditate+1","CutThroughFate","DevaForm+1","TalkToTheHand+1","Pray+1","Prostrate","Ragnarok","Apotheosis+1","Consecrate+1","Prostrate","Prostrate","FlurryOfBlows+1","BattleHymn","MasterReality","SandsOfTime+1","Brilliance+1"],"relics":["PureWater","NeowsBlessing","Ancient Tea Set","Golden Idol","PreservedInsect","White Beast Statue","MealTicket","Regal Pillow","Astrolabe","Molten Egg 2","Potion Belt","Prayer Wheel","Toy Ornithopter","Busted Crown","Bronze Scales"],"acts_visited":["Exordium","TheCity","TheBeyond"],"potions_floor_usage":[24,25,30,30],"damage_taken":[{"damage":0,"enemies":"Jaw Worm","floor":1,"turns":1},{"damage":0,"enemies":"Lagavulin","floor":6,"turns":1},{"damage":0,"enemies":"Gremlin Nob","floor":8,"turns":1},{"damage":0,"enemies":"Lagavulin","floor":11,"turns":2},{"damage":0,"enemies":"2 Louse","floor":14,"turns":1},{"damage":44,"enemies":"The Guardian","floor":16,"turns":10},{"damage":16,"enemies":"Spheric Guardian","floor":18,"turns":4},{"damage":14,"enemies":"Shell Parasite","floor":20,"turns":2},{"damage":0,"enemies":"Sentry and Sphere","floor":24,"turns":2},{"damage":12,"enemies":"Book of Stabbing","floor":25,"turns":3},{"damage":0,"enemies":"Gremlin Leader","floor":27,"turns":4},{"damage":19,"enemies":"Slavers","floor":30,"turns":2},{"damage":0,"enemies":"Snecko","floor":31,"turns":2},{"damage":48,"enemies":"Collector","floor":33,"turns":6},{"damage":21,"enemies":"3 Darklings","floor":35,"turns":3},{"damage":7,"enemies":"Orb Walker","floor":36,"turns":3},{"damage":43,"enemies":"Jaw Worm Horde","floor":39,"turns":1}],"seed_played":"-8858405404859807016","potions_obtained":[{"floor":11,"key":"Dexterity Potion"},{"floor":14,"key":"CultistPotion"},{"floor":16,"key":"Dexterity Potion"},{"floor":18,"key":"Swift Potion"},{"floor":20,"key":"PowerPotion"},{"floor":24,"key":"Block Potion"},{"floor":25,"key":"DistilledChaos"},{"floor":27,"key":"SpeedPotion"},{"floor":30,"key":"SneckoOil"},{"floor":31,"key":"SkillPotion"},{"floor":33,"key":"EssenceOfSteel"},{"floor":35,"key":"EssenceOfSteel"}],"is_trial":false,"path_per_floor":["M","?","?","?","$","E","$","E","T","R","E","$","?","M","R","B",null,"M","?","M","?","$","R","M","E","T","E","?","$","E","M","R","B",null,"M","M","?","?","M"],"character_chosen":"WATCHER","items_purchased":["Conclude","ClearTheMind","FearNoEvil","Meditate","Apotheosis","FlurryOfBlows+1"],"campfire_rested":1,"item_purchase_floors":[5,5,7,12,22,29],"current_hp_per_floor":[72,54,54,43,43,43,43,43,43,43,43,58,51,51,51,7,67,51,51,37,37,52,52,52,40,40,40,40,55,36,36,67,19,67,46,39,39,39,0,0],"gold":288,"neow_bonus":"THREE_ENEMY_KILL","is_daily":false,"chose_seed":false,"campfire_upgraded":3,"win_rate":0.0,"timestamp":1612128893,"path_taken":["M","?","?","?","?","E","$","E","T","R","E","$","?","M","R","BOSS","M","?","?","?","$","R","M","E","T","E","?","?","E","M","R","BOSS","M","?","?","?","?"],"items_purchased_type":["Card","Card","Card","Card","Card","Card"],"build_version":"2020-12-22","purchased_purges":1,"victory":false,"max_hp_per_floor":[72,72,67,67,67,67,67,67,67,67,67,67,67,67,67,67,67,67,67,67,67,67,67,67,67,67,67,67,67,67,67,67,67,67,67,67,67,67,67,67],"card_choices":[{"not_picked":["EmptyFist","CrushJoints"],"picked":"WheelKick","floor":1},{"not_picked":["ClearTheMind","SashWhip","CrushJoints"],"picked":"SKIP","floor":6},{"not_picked":["FlurryOfBlows","Weave"],"picked":"Indignation","floor":8},{"not_picked":["SignatureMove","Weave"],"picked":"ThirdEye","floor":11},{"not_picked":["Scrawl","EmptyFist"],"picked":"CutThroughFate","floor":14},{"not_picked":["WindmillStrike","Crescendo"],"picked":"Prostrate","floor":18},{"not_picked":["Protect","Indignation","BowlingBash"],"picked":"SKIP","floor":20},{"not_picked":["Evaluate","PathToVictory"],"picked":"Consecrate+1","floor":24},{"not_picked":["DeusExMachina","EmptyBody"],"picked":"Prostrate","floor":25},{"not_picked":["CutThroughFate+1","CrushJoints+1"],"picked":"Prostrate","floor":27},{"not_picked":["Fasting2","Crescendo"],"picked":"BattleHymn","floor":30},{"not_picked":["FollowUp+1","FlyingSleeves+1"],"picked":"MasterReality","floor":31},{"not_picked":["DeceiveReality","EmptyFist+1"],"picked":"SandsOfTime+1","floor":31},{"not_picked":["Blasphemy","MasterReality"],"picked":"Brilliance+1","floor":33},{"not_picked":["Pray+1"],"picked":"SKIP","floor":35},{"not_picked":["Weave+1"],"picked":"SKIP","floor":35},{"not_picked":["Evaluate+1"],"picked":"SKIP","floor":36},{"not_picked":["SashWhip+1"],"picked":"SKIP","floor":36}],"player_experience":386856,"relics_obtained":[{"floor":6,"key":"PreservedInsect"},{"floor":8,"key":"White Beast Statue"},{"floor":9,"key":"MealTicket"},{"floor":11,"key":"Regal Pillow"},{"floor":25,"key":"Molten Egg 2"},{"floor":26,"key":"Potion Belt"},{"floor":27,"key":"Prayer Wheel"},{"floor":30,"key":"Toy Ornithopter"}],"event_choices":[{"damage_healed":0,"gold_gain":0,"player_choice":"Success","damage_taken":18,"relics_obtained":["Ancient Tea Set"],"max_hp_gain":0,"max_hp_loss":0,"event_name":"Scrap Ooze","floor":2,"gold_loss":0},{"damage_healed":0,"gold_gain":0,"player_choice":"Lose Max HP","damage_taken":0,"relics_obtained":["Golden Idol"],"max_hp_gain":0,"max_hp_loss":5,"event_name":"Golden Idol","floor":3,"gold_loss":0},{"damage_healed":0,"gold_gain":75,"player_choice":"Gather Gold","damage_taken":11,"max_hp_gain":0,"max_hp_loss":0,"event_name":"World of Goop","floor":4,"gold_loss":0},{"cards_removed":["Defend_P"],"damage_healed":0,"gold_gain":0,"player_choice":"Card Removal","damage_taken":7,"max_hp_gain":0,"max_hp_loss":0,"event_name":"Golden Wing","floor":13,"gold_loss":0},{"damage_healed":0,"gold_gain":0,"player_choice":"1 cards matched","damage_taken":0,"max_hp_gain":0,"max_hp_loss":0,"event_name":"Match and Keep!","floor":19,"gold_loss":0,"cards_obtained":["Ragnarok"]},{"damage_healed":0,"gold_gain":0,"player_choice":"Ignored","damage_taken":0,"max_hp_gain":0,"max_hp_loss":0,"event_name":"Vampires","floor":21,"gold_loss":0},{"cards_removed":["Strike_P"],"damage_healed":0,"gold_gain":0,"player_choice":"Elegance","damage_taken":0,"max_hp_gain":0,"max_hp_loss":0,"event_name":"Back to Basics","floor":28,"gold_loss":0},{"cards_removed":["Defend_P"],"damage_healed":0,"gold_gain":0,"player_choice":"Removed Skill","damage_taken":0,"max_hp_gain":0,"max_hp_loss":0,"event_name":"Falling","floor":37,"gold_loss":0},{"damage_healed":0,"gold_gain":0,"player_choice":"Gave Potion","damage_taken":0,"relics_obtained":["Bronze Scales"],"max_hp_gain":0,"max_hp_loss":0,"event_name":"WeMeetAgain","floor":38,"gold_loss":0}],"is_beta":false,"boss_relics":[{"not_picked":["Cursed Key","Philosopher\u0027s Stone"],"picked":"Astrolabe"},{"not_picked":["Fusion Hammer","Empty Cage"],"picked":"Busted Crown"}],"items_purged_floors":[5],"is_endless":false,"potions_floor_spawned":[11,14,16,18,20,24,25,27,30,31,33,35,36],"killed_by":"Jaw Worm Horde","ascension_level":2}}