{"host":"r5mr2vnv825vb4hc","time":1612069761,"event":{"mods":["Arknights","Astrologer","BaseMod","Best Route Mod","CapriCore","GungeonMod","Hermit","KOR Keyword Fix","Koishi","Lobotomy","Minty Spire (QoL Compilation)","Potion Indicator Mod","Prisma Mod","Quick Restart","Rare Cards Sparkle","Replay The Spire","StSLib","The Bug Knight","The Cursed","The Death Knight","The Dragon Tamer","The Gatherer","The Hierophant","The Immortal","The Jungle","The Poker Player","The Runesmith","Thrall Mod","WarShipGirlsR/??á´Ò³R mod"],"gold_per_floor":[111,111,124,134,134,134,18,18,99,99,99,99,115,63,63,159,159,172,187,204,204,204,204,221,169,169,199,72,72,87,87,87,182,182,194,219,229,247,60,60,80,80,80,96,96,96,114,131,131,131,131],"floor_reached":50,"language":"KOR","playtime":3026,"items_purged":["ats:Strike G","ats:Strike V"],"score":452,"play_id":"536e2740-275f-440f-92b1-062704a34f3f","local_time":"20210131140921","is_ascension_mode":false,"campfire_choices":[{"data":"ats:Assault Order","floor":6,"key":"SMITH"},{"data":"ats:Emotion Absorption","floor":8,"key":"SMITH"},{"data":"Deep Breath","floor":10,"key":"SMITH"},{"data":"ats:Hook Shot","floor":15,"key":"SMITH"},{"data":"ats:Ambush","floor":23,"key":"SMITH"},{"floor":29,"key":"REST"},{"data":"ats:Flexible Camouflage","floor":32,"key":"SMITH"},{"data":"ats:Roar Of Ursus","floor":40,"key":"SMITH"},{"floor":42,"key":"REST"},{"floor":45,"key":"REST"}],"circlet_count":0,"master_deck":["ats:Strike C","ats:Strike S","ats:Armor Crushing Shot+1","ats:Defend","ats:Defend","ats:Defend","ats:Emotion Absorption+1","Deep Breath+1","ats:Overload+1","ats:Explosion Area Strengthen","ats:Assault Order+1","ats:Hook Shot+1","ats:Very Hot Blade+1","ats:Closed Bolt Burst Fire+1","ats:Literary Storm+1","ats:Ambush+1","ats:Shell Defense","ats:Overload+1","ats:Flexible Camouflage+1","ats:Blood Oath+1","ats:Explosion Area Strengthen+1","ats:Poison Spread+1","ats:Hammer On+1","ats:Roar Of Ursus+1","ats:Overload+1","ats:Explosion Area Strengthen+1","ats:Poison Spread+1","ats:Thermite Blade+1","ats:Serious Mode+1","ats:Roar Of Ursus"],"relics":["ats:Sanity Plus","Molten Egg 2","ReplayTheSpireMod:Shallot","MealTicket","ats:Originium","Whetstone","ats:Omniscience","DemoMod:WhiteGuonStone","Replay:Bottled Eggs"],"acts_visited":["Exordium","TheCity","TheBeyond"],"potions_floor_usage":[13,16,16,33,50,50,50,50,50,50,50],"damage_taken":[{"damage":0,"enemies":"Small Slimes","floor":1,"turns":3},{"damage":3,"enemies":"Cultist","floor":3,"turns":3},{"damage":2,"enemies":"2 Louse","floor":4,"turns":3},{"damage":0,"enemies":"Exordium Thugs","floor":13,"turns":4},{"damage":61,"enemies":"Fading Forest","floor":16,"turns":11},{"damage":6,"enemies":"Chosen","floor":18,"turns":4},{"damage":12,"enemies":"3 Byrds","floor":19,"turns":8},{"damage":0,"enemies":"Snecko","floor":20,"turns":6},{"damage":24,"enemies":"Centurion and Healer","floor":24,"turns":9},{"damage":24,"enemies":"HollowMod:Nosk","floor":27,"turns":9},{"damage":21,"enemies":"Cultist and Chosen","floor":30,"turns":6},{"damage":50,"enemies":"Automaton","floor":33,"turns":11},{"damage":30,"enemies":"3 Shapes","floor":35,"turns":2},{"damage":0,"enemies":"Orb Walker","floor":37,"turns":4},{"damage":19,"enemies":"3 Darklings","floor":38,"turns":4},{"damage":20,"enemies":"Spire Growth","floor":41,"turns":6},{"damage":39,"enemies":"Sphere and 2 Shapes","floor":44,"turns":4},{"damage":0,"enemies":"Transient","floor":47,"turns":5},{"damage":0,"enemies":"Maw","floor":48,"turns":7},{"damage":68,"enemies":"Awakened One","floor":50,"turns":6}],"seed_played":"-2879650425312156450","potions_obtained":[{"floor":3,"key":"SkillPotion"},{"floor":4,"key":"Death Potion"},{"floor":13,"key":"EssenceOfSteel"},{"floor":20,"key":"SkillPotion"},{"floor":24,"key":"FearPotion"},{"floor":27,"key":"DeathKnight:RimePotion"},{"floor":35,"key":"FearPotion"},{"floor":47,"key":"ColorlessPotion"}],"is_trial":false,"path_per_floor":["M","?","M","M","?","R","$","R","T","R","T","?","M","$","R","B",null,"M","M","M","?","?","R","M","$","T","E","$","R","M","$","R","B",null,"M","T","M","M","$","R","M","R","T","M","R","?","M","M","R","B"],"character_chosen":"DOCTOR_CLASS","items_purchased":["ats:Hook Shot","ats:Very Hot Blade+1","ats:Literary Storm+1","ats:Explosion Area Strengthen+1","ats:Poison Spread+1","ats:Thermite Blade+1","SkillPotion"],"campfire_rested":3,"item_purchase_floors":[7,7,14,25,28,39,39],"current_hp_per_floor":[72,72,69,67,67,67,67,67,67,67,67,67,67,67,67,16,72,66,54,57,57,57,57,42,42,42,36,51,72,56,71,71,27,72,42,42,49,35,50,50,33,54,54,23,44,44,49,59,59,0,0],"gold":131,"neow_bonus":"RANDOM_COLORLESS","is_daily":false,"chose_seed":false,"campfire_upgraded":7,"win_rate":0.0,"timestamp":1612069761,"path_taken":["M","?","?","M","?","R","?","R","T","R","?","?","M","$","R","BOSS","M","?","M","?","?","R","M","$","T","E","$","R","M","?","R","BOSS","M","?","M","M","$","R","M","R","T","M","R","?","M","M","R","BOSS"],"items_purchased_type":["Card","Card","Card","Card","Card","Card","Potion"],"build_version":"2020-12-22","purchased_purges":2,"victory":false,"max_hp_per_floor":[72,72,72,72,72,72,72,72,72,72,72,72,72,72,72,72,72,72,72,72,72,72,72,72,72,72,72,72,72,72,72,72,72,72,72,72,72,72,72,72,72,72,72,72,72,72,72,72,72,72,72],"card_choices":[{"not_picked":["ReplayTheSpireMod:Uncanny Aura","Swift Strike"],"picked":"Deep Breath","floor":0},{"not_picked":["ats:Song Of Battle","ats:Collapsing Strike"],"picked":"ats:Overload","floor":1},{"not_picked":["ats:Ignite","ats:Absolute Focus"],"picked":"ats:Explosion Area Strengthen","floor":3},{"not_picked":["ats:Revitalization","ats:Consecutive Shot Auto"],"picked":"ats:Assault Order","floor":4},{"not_picked":["ats:Guard Mode","ats:Apocalypse"],"picked":"ats:Closed Bolt Burst Fire+1","floor":13},{"not_picked":["ats:Durian","ats:Shadow Assault+1"],"picked":"ats:Ambush","floor":16},{"not_picked":["ats:Magnetic Hammer+1","ats:Encircling Forest"],"picked":"ats:Shell Defense","floor":18},{"not_picked":["ats:Assault Order","ats:Closed Bolt Burst Fire+1"],"picked":"ats:Overload+1","floor":19},{"not_picked":["ats:Very Hot Blade+1","ats:Magnetic Hammer+1"],"picked":"ats:Flexible Camouflage","floor":20},{"not_picked":["ats:Mental Burst+1","ats:Revitalization"],"picked":"ats:Blood Oath+1","floor":24},{"not_picked":["ats:Curse Doll","ats:Guardian Obelisk","ats:Closed Bolt Burst Fire+1"],"picked":"SKIP","floor":27},{"not_picked":["ats:Cat Scratch+1","ats:Guardian Obelisk+1"],"picked":"ats:Hammer On+1","floor":30},{"not_picked":["ats:Nebulous Foxfire","ats:Calcification"],"picked":"ats:Roar Of Ursus","floor":33},{"not_picked":["ats:Spore Proliferation+1","ats:Ignite+1"],"picked":"ats:Overload+1","floor":35},{"not_picked":["ats:Soul Absorption","ats:Blood Oath+1"],"picked":"ats:Explosion Area Strengthen+1","floor":37},{"not_picked":["ats:Demon Strength+1","ats:Closed Bolt Burst Fire+1"],"picked":"ats:Poison Spread+1","floor":38},{"not_picked":["ats:Guard Mode","ats:Shell Defense+1"],"picked":"ats:Serious Mode+1","floor":41},{"not_picked":["ats:Hammer On+1","ats:Blood Oath+1","ats:Steam Pump+1"],"picked":"SKIP","floor":44},{"not_picked":["ats:Red Shift+1","ats:Calcification","ats:Closed Bolt Burst Fire+1"],"picked":"SKIP","floor":47},{"not_picked":["ats:Flexible Camouflage","ats:Directed Diagnosis+1","ats:Shell Defense"],"picked":"SKIP","floor":48}],"player_experience":33615,"relics_obtained":[{"floor":9,"key":"Molten Egg 2"},{"floor":11,"key":"ReplayTheSpireMod:Shallot"},{"floor":26,"key":"MealTicket"},{"floor":27,"key":"ats:Originium"},{"floor":27,"key":"Whetstone"},{"floor":36,"key":"DemoMod:WhiteGuonStone"},{"floor":43,"key":"Replay:Bottled Eggs"}],"event_choices":[{"damage_healed":0,"gold_gain":0,"player_choice":"Cursed","damage_taken":0,"max_hp_gain":0,"max_hp_loss":0,"event_name":"Wheel of Change","floor":2,"gold_loss":0,"cards_obtained":["Decay"]},{"damage_healed":0,"gold_gain":0,"player_choice":"Ignored","damage_taken":0,"max_hp_gain":0,"max_hp_loss":0,"event_name":"NoteForYourself","floor":5,"gold_loss":0},{"cards_removed":["Decay"],"damage_healed":0,"gold_gain":0,"player_choice":"Removed Curses","damage_taken":0,"max_hp_gain":0,"max_hp_loss":0,"event_name":"Fountain of Cleansing","floor":12,"gold_loss":0},{"damage_healed":0,"gold_gain":0,"player_choice":"Ignored","damage_taken":0,"max_hp_gain":0,"max_hp_loss":0,"event_name":"Ghosts","floor":21,"gold_loss":0},{"damage_healed":0,"gold_gain":0,"player_choice":"Ignored","damage_taken":0,"max_hp_gain":0,"max_hp_loss":0,"event_name":"Vampires","floor":22,"gold_loss":0}],"is_beta":false,"boss_relics":[{"not_picked":["Snecko Eye","Fusion Hammer"],"picked":"ats:Sanity Plus"},{"not_picked":["Sozu","Painkiller Herb"],"picked":"ats:Omniscience"}],"items_purged_floors":[28,39],"is_endless":false,"potions_floor_spawned":[3,4,13,20,24,27,35,47],"killed_by":"Awakened One","ascension_level":0}}