{"host":"mg3e76uznu9x14du","time":1612070380,"event":{"mods":["BaseMod","Colored Map","Downfall","Minty Spire (QoL Compilation)","Permanent Neow","Relic Stats","StSLib","Waifu the Spire","everything is the same but u backflip on backflip"],"gold_per_floor":[99,117,117,128,38,38,112,128,153,4,34,34,59,59,75,176,176,76,86,86,86,113,13,13,13,0,0,13,13,24,58,78,173,173,73,93,93,103,36,54,54,54,54,54,54,68,88,105,120,120,120,148,30,30,30,30,30],"floor_reached":56,"language":"ENG","playtime":4437,"items_purged":["Parasite","downfall:Malfunctioning"],"score":804,"play_id":"d1354445-3a4d-4a0d-a9b4-69905c264e49","local_time":"20210131001940","is_ascension_mode":true,"campfire_choices":[{"floor":1,"key":"RECALL"},{"data":"Guardian:CompilePackage","floor":6,"key":"SMITH"},{"data":"Guardian:RefractedBeam","floor":12,"key":"SMITH"},{"data":"Guardian:FuturePlans","floor":18,"key":"SMITH"},{"data":"Guardian:RefractedBeam+2","floor":23,"key":"SMITH"},{"data":"Guardian:RefractedBeam+3","floor":27,"key":"SMITH"},{"floor":29,"key":"REST"},{"data":"Guardian:TimeSifter","floor":35,"key":"SMITH"},{"floor":43,"key":"REST"},{"data":"Guardian:RefractedBeam+4","floor":45,"key":"SMITH"},{"data":"Guardian:RefractedBeam+5","floor":54,"key":"SMITH"}],"circlet_count":0,"master_deck":["Guardian:Defend_Guardian","Guardian:Defend_Guardian","Guardian:Defend_Guardian","Guardian:Defend_Guardian","Guardian:CurlUp+1","Guardian:TwinSlam+1","Guardian:CompilePackage+1","Guardian:RevengeProtocol","Guardian:RefractedBeam+6","Guardian:GuardianWhirl","Guardian:PiercingHide","Guardian:TemporalShield","Guardian:FuturePlans+1","Guardian:BronzeOrb","Guardian:ChargeUp","Guardian:ChargeCore","Guardian:PiercingHide+1","Guardian:SpikerProtocol+1","Guardian:Incinerate","Guardian:BronzeOrb","Guardian:Incinerate+1","Guardian:SentryBeam","Guardian:TimeSifter+1","Guardian:SpikerProtocol+1","Guardian:FloatingOrbs+1","Guardian:StasisEngine","expansioncontent:Hexaburn","Guardian:PolyBeam+1","Guardian:BronzeOrb"],"relics":["Guardian:ModeShifter","Boot","Centennial Puzzle","Vajra","bronze:MakeshiftBattery","downfall:HeartBlessingRed","Enchiridion","Art of War","downfall:HeartBlessingBlue","Ancient Tea Set","Anchor","SlaversCollar","downfall:HeartBlessingGreen","Lizard Tail","Guardian:StasisCodex","Singing Bowl","Oddly Smooth Stone"],"acts_visited":["Exordium","TheCity","TheBeyond","TheEnding"],"potions_floor_usage":[5,10,16,31,31,33,39,48,50,50,56,56,56],"damage_taken":[{"damage":0,"enemies":"Small Slimes","floor":2,"turns":1},{"damage":0,"enemies":"Cultist","floor":4,"turns":3},{"damage":0,"enemies":"downfall:FleeingMerchant","floor":5,"turns":4},{"damage":0,"enemies":"Jaw Worm","floor":8,"turns":2},{"damage":1,"enemies":"3 Sentries","floor":9,"turns":5},{"damage":0,"enemies":"downfall:FleeingMerchant","floor":10,"turns":4},{"damage":27,"enemies":"Gremlin Nob","floor":11,"turns":4},{"damage":0,"enemies":"3 Sentries","floor":13,"turns":2},{"damage":4,"enemies":"2 Fungi Beasts","floor":15,"turns":3},{"damage":29,"enemies":"WA_ARCHETYPE_RETAIN","floor":16,"turns":7},{"damage":2,"enemies":"Chosen","floor":19,"turns":2},{"damage":15,"enemies":"downfall:FleeingMerchant","floor":26,"turns":4},{"damage":0,"enemies":"Spheric Guardian","floor":28,"turns":3},{"damage":0,"enemies":"Cultist and Chosen","floor":30,"turns":4},{"damage":14,"enemies":"Slavers","floor":31,"turns":5},{"damage":0,"enemies":"3 Cultists","floor":32,"turns":3},{"damage":6,"enemies":"SI_MIRROR_ARCHETYPE","floor":33,"turns":11},{"damage":38,"enemies":"3 Shapes","floor":36,"turns":3},{"damage":5,"enemies":"Orb Walker","floor":38,"turns":3},{"damage":0,"enemies":"downfall:FleeingMerchant","floor":39,"turns":2},{"damage":6,"enemies":"Transient","floor":40,"turns":5},{"damage":16,"enemies":"3 Darklings","floor":46,"turns":4},{"damage":0,"enemies":"Spire Growth","floor":47,"turns":4},{"damage":16,"enemies":"Writhing Mass","floor":48,"turns":4},{"damage":11,"enemies":"Jaw Worm Horde","floor":49,"turns":3},{"damage":22,"enemies":"DF_ARCHETYPE_ORBS","floor":50,"turns":6},{"damage":24,"enemies":"downfall:CharBossMerchant","floor":52,"turns":6},{"damage":44,"enemies":"downfall:NeowBoss","floor":55,"turns":17},{"damage":117,"enemies":"downfall:NeowBossFinal","floor":56,"turns":8}],"seed_played":"1728735672603202059","potions_obtained":[{"floor":2,"key":"Energy Potion"},{"floor":4,"key":"Guardian:AcceleratePotion"},{"floor":9,"key":"Guardian:DefensiveModePotion"},{"floor":16,"key":"hexamod:SoulburnPotion"},{"floor":28,"key":"hexamod:SoulburnPotion"},{"floor":30,"key":"Fire Potion"},{"floor":31,"key":"Dexterity Potion"},{"floor":33,"key":"Strength Potion"},{"floor":38,"key":"BlessingOfTheForge"},{"floor":40,"key":"GamblersBrew"},{"floor":48,"key":"Ancient Potion"},{"floor":49,"key":"DistilledChaos"},{"floor":52,"key":"Dexterity Potion"}],"is_trial":false,"path_per_floor":["R","M","?","M","$","R","T","M","E","$","E","R","E","?","M","B",null,"R","M","?","?","T","R","T","?","$","R","M","R","M","E","M","B",null,"R","M","?","M","$","M","T","?","R","T","R","M","M","M","M","B",null,"E","$","R","B","B"],"character_chosen":"GUARDIAN","items_purchased":["Guardian:Gem_Cyan","Guardian:FuturePlans","Guardian:Gem_Red","Lizard Tail","SkillPotion","Guardian:BronzeOrb"],"campfire_rested":2,"item_purchase_floors":[10,10,10,39,53,53],"current_hp_per_floor":[80,80,80,80,77,77,77,77,76,76,49,49,49,49,45,16,77,77,75,75,59,59,69,69,52,37,37,37,64,64,50,50,44,92,92,54,54,49,49,43,43,43,70,70,70,56,58,44,33,11,98,76,76,76,32,0,0,0],"gold":30,"neow_bonus":"ONE_RANDOM_RARE_CARD","is_daily":false,"chose_seed":false,"campfire_upgraded":8,"win_rate":0.0,"timestamp":1612070380,"path_taken":["R","M","?","M","$","R","T","M","E","?","E","R","E","?","M","BOSS","R","M","?","?","?","R","T","?","$","R","?","R","?","E","M","BOSS","R","M","?","M","$","M","T","?","R","?","R","M","M","?","M","BOSS","E","$","R","BOSS","BOSS"],"items_purchased_type":["Card","Card","Card","Relic","Potion","Card"],"build_version":"2020-12-22","purchased_purges":2,"victory":false,"max_hp_per_floor":[80,80,80,80,77,77,77,77,77,77,77,77,77,77,77,77,77,77,77,77,77,77,87,87,92,92,92,92,92,92,92,92,92,92,92,92,92,92,92,92,92,92,92,92,92,94,96,98,98,98,98,100,100,100,100,100,100,100],"relic_stats":{"Centennial Puzzle":[48],"Lizard Tail":50,"Singing Bowl":8,"counters":[29,132],"Art of War":[4],"Boot":[71],"obtain_stats":[{"downfall:HeartBlessingRed":18,"Singing Bowl":44,"Guardian:ModeShifter":0,"Vajra":13,"Enchiridion":21,"Oddly Smooth Stone":52,"downfall:HeartBlessingGreen":35,"Guardian:StasisCodex":41,"Boot":9,"Ancient Tea Set":24,"SlaversCollar":34,"Centennial Puzzle":11,"Anchor":31,"Lizard Tail":39,"downfall:HeartBlessingBlue":23,"Art of War":22,"bronze:MakeshiftBattery":17},{"downfall:HeartBlessingRed":10,"Singing Bowl":21,"Guardian:ModeShifter":0,"Vajra":8,"Enchiridion":11,"Oddly Smooth Stone":27,"downfall:HeartBlessingGreen":17,"Guardian:StasisCodex":21,"Boot":5,"Ancient Tea Set":11,"SlaversCollar":17,"Centennial Puzzle":7,"Anchor":15,"Lizard Tail":20,"downfall:HeartBlessingBlue":11,"Art of War":11,"bronze:MakeshiftBattery":10},{"downfall:HeartBlessingRed":35,"Singing Bowl":80,"Guardian:ModeShifter":0,"Vajra":25,"Enchiridion":37,"Oddly Smooth Stone":107,"downfall:HeartBlessingGreen":67,"Guardian:StasisCodex":80,"Boot":15,"Ancient Tea Set":37,"SlaversCollar":67,"Centennial Puzzle":23,"Anchor":53,"Lizard Tail":75,"downfall:HeartBlessingBlue":37,"Art of War":37,"bronze:MakeshiftBattery":35}]},"card_choices":[{"not_picked":["Guardian:Gem_Lightblue","Guardian:VentSteam"],"picked":"Guardian:Incinerate","floor":2},{"not_picked":["Guardian:Gem_Lightblue","Guardian:Planning"],"picked":"Guardian:PiercingHide","floor":4},{"not_picked":["Guardian:Gem_Lightblue","Guardian:Preprogram"],"picked":"Guardian:Gem_Red","floor":5},{"not_picked":["Guardian:MultiBeam","Guardian:TimeCapacitor"],"picked":"Guardian:TemporalShield","floor":8},{"not_picked":["Guardian:Gem_Yellow","Guardian:PrismaticBeam"],"picked":"Guardian:Gem_Orange","floor":9},{"not_picked":["Guardian:Orbwalk","Guardian:ShieldSpikes"],"picked":"Guardian:Gem_Cyan","floor":10},{"not_picked":["Guardian:Repulse","Guardian:Recover"],"picked":"Guardian:BronzeOrb","floor":11},{"not_picked":["Guardian:ShieldCharger","Guardian:Preprogram"],"picked":"Guardian:ChargeUp","floor":13},{"not_picked":["Guardian:GatlingBeam","Guardian:CrystalBeam"],"picked":"Guardian:ChargeCore","floor":15},{"not_picked":["Guardian:HyperBeam_Guardian","Guardian:CompilePackage"],"picked":"Guardian:Gem_Synthetic","floor":16},{"not_picked":["Guardian:ShieldCharger","Guardian:Suspension"],"picked":"Guardian:PiercingHide+1","floor":19},{"not_picked":["Guardian:Emergency+1","Guardian:BodySlam"],"picked":"Guardian:SpikerProtocol+1","floor":26},{"not_picked":["Guardian:Gem_Cyan","Guardian:Recover+1"],"picked":"Guardian:Incinerate","floor":28},{"not_picked":["Guardian:RefractedBeam","Guardian:Planning"],"picked":"Guardian:BronzeOrb","floor":30},{"not_picked":["Guardian:Gem_Blue","Guardian:Gem_Red"],"picked":"Guardian:Incinerate+1","floor":31},{"not_picked":["Guardian:Gem_Cyan","Guardian:TemporalShield"],"picked":"Guardian:SentryBeam","floor":32},{"not_picked":["Guardian:CompilePackage","Guardian:GemFire"],"picked":"Guardian:TimeSifter","floor":33},{"not_picked":["Guardian:Gem_Cyan","Guardian:Reroute+1"],"picked":"Guardian:Gem_Lightblue","floor":36},{"not_picked":["Guardian:Gem_Crimson","Guardian:Gem_Cyan"],"picked":"Guardian:SpikerProtocol+1","floor":38},{"not_picked":["Guardian:TimeBomb","Guardian:VentSteam"],"picked":"Guardian:FloatingOrbs+1","floor":39},{"not_picked":["Guardian:PiercingHide","Guardian:TemporalShield"],"picked":"Guardian:StasisEngine","floor":40},{"not_picked":["expansioncontent:LastStand","expansioncontent:YouAreMine"],"picked":"expansioncontent:Hexaburn","floor":42},{"not_picked":["Guardian:FuturePlans+1","Guardian:ArmoredProtocol+1","Guardian:EvasiveProtocol"],"picked":"Singing Bowl","floor":46},{"not_picked":["Guardian:Gem_Green","Guardian:EvasiveProtocol","Guardian:Gem_White"],"picked":"Singing Bowl","floor":47},{"not_picked":["Guardian:Gem_Crimson","Guardian:SentryBeam+1","Guardian:ChargeUp"],"picked":"Singing Bowl","floor":48},{"not_picked":["Guardian:BronzeOrb+1","Guardian:Emergency+1"],"picked":"Guardian:PolyBeam+1","floor":49},{"not_picked":["Guardian:RollAttack+1","Guardian:PiercingHide","Guardian:Gem_Synthetic"],"picked":"Singing Bowl","floor":52}],"player_experience":511154,"relics_obtained":[{"floor":9,"key":"Boot"},{"floor":11,"key":"Centennial Puzzle"},{"floor":13,"key":"Vajra"},{"floor":21,"key":"Enchiridion"},{"floor":22,"key":"Art of War"},{"floor":24,"key":"Ancient Tea Set"},{"floor":31,"key":"Anchor"},{"floor":41,"key":"Guardian:StasisCodex"},{"floor":44,"key":"Singing Bowl"},{"floor":52,"key":"Oddly Smooth Stone"}],"event_choices":[{"damage_healed":0,"gold_gain":0,"player_choice":"Ignored","damage_taken":0,"max_hp_gain":0,"max_hp_loss":0,"event_name":"Vampires","floor":20,"gold_loss":0}],"is_beta":false,"boss_relics":[{"not_picked":["SacredBark","sneckomod:SneckoTalon"],"picked":"bronze:MakeshiftBattery"},{"not_picked":["Runic Dome","Runic Pyramid"],"picked":"SlaversCollar"}],"items_purged_floors":[5,39],"is_endless":false,"potions_floor_spawned":[2,4,9,16,28,30,31,33,38,40,47,48,49,52],"killed_by":"downfall:NeowBossFinal","ascension_level":2}}