{"host":"b34lfm0pg36jv5no","time":1612117616,"event":{"mods":["BaseMod","Bestiary","Colored Map","Dark Map","Minty Spire (QoL Compilation)","Relic Stats","ojb\u0027s Info Mod"],"gold_per_floor":[116,133,133,133,133,159,159,193,193,208,220,220,254,265,265,366,366,380,380,305,316,316,316,345,345,345,377,377,440,517,559,559,663,713,782,782,782,782],"floor_reached":37,"language":"ENG","playtime":2778,"items_purged":[],"score":658,"play_id":"0e920065-0afd-4330-b650-0c5a4384f417","local_time":"20210131182656","is_ascension_mode":true,"campfire_choices":[{"floor":7.0,"key":"RECALL"},{"floor":12.0,"key":"REST"},{"floor":15.0,"key":"REST"},{"floor":23.0,"key":"REST"},{"floor":25.0,"key":"REST"},{"floor":32.0,"key":"REST"}],"circlet_count":0,"master_deck":["Strike_P","Defend_P","Defend_P","Defend_P","Eruption","Vigilance","ReachHeaven","SashWhip","SignatureMove","EmptyMind","Vault","InnerPeace","BowlingBash+1","DeusExMachina","TalkToTheHand","FlurryOfBlows+1","Wish","Judgement","Wish","EmptyBody+1","Blasphemy","EmptyMind","Vault","DeceiveReality","Tantrum+1"],"relics":["Fusion Hammer","StoneCalendar","Damaru","Dream Catcher","Torii","Centennial Puzzle","VioletLotus","Art of War","Ice Cream","Anchor","Tiny House"],"acts_visited":["Exordium","TheCity","TheBeyond"],"potions_floor_usage":[],"damage_taken":[{"damage":7.0,"enemies":"Jaw Worm","floor":1.0,"turns":3.0},{"damage":6.0,"enemies":"2 Louse","floor":2.0,"turns":2.0},{"damage":5.0,"enemies":"3 Sentries","floor":6.0,"turns":4.0},{"damage":29.0,"enemies":"Gremlin Nob","floor":8.0,"turns":4.0},{"damage":7.0,"enemies":"Small Slimes","floor":10.0,"turns":3.0},{"damage":1.0,"enemies":"Blue Slaver","floor":11.0,"turns":3.0},{"damage":0.0,"enemies":"Lagavulin","floor":13.0,"turns":2.0},{"damage":13.0,"enemies":"Large Slime","floor":14.0,"turns":2.0},{"damage":12.0,"enemies":"The Guardian","floor":16.0,"turns":7.0},{"damage":11.0,"enemies":"2 Thieves","floor":18.0,"turns":3.0},{"damage":6.0,"enemies":"Spheric Guardian","floor":21.0,"turns":3.0},{"damage":14.0,"enemies":"Gremlin Leader","floor":24.0,"turns":6.0},{"damage":18.0,"enemies":"Book of Stabbing","floor":27.0,"turns":5.0},{"damage":18.0,"enemies":"Centurion and Healer","floor":29.0,"turns":4.0},{"damage":16.0,"enemies":"Slavers","floor":30.0,"turns":6.0},{"damage":0.0,"enemies":"Chosen and Byrds","floor":31.0,"turns":3.0},{"damage":35.0,"enemies":"Automaton","floor":33.0,"turns":7.0},{"damage":1.0,"enemies":"Orb Walker","floor":35.0,"turns":4.0},{"damage":100029,"enemies":"3 Darklings","floor":37,"turns":3}],"seed_played":"1240702662695275333","potions_obtained":[{"floor":6.0,"key":"Strength Potion"},{"floor":10.0,"key":"Explosive Potion"},{"floor":13.0,"key":"Fire Potion"},{"floor":14.0,"key":"BottledMiracle"},{"floor":21.0,"key":"Swift Potion"},{"floor":30.0,"key":"Swift Potion"},{"floor":33.0,"key":"BlessingOfTheForge"},{"floor":34.0,"key":"DuplicationPotion"},{"floor":35.0,"key":"Regen Potion"}],"is_trial":false,"path_per_floor":["M","M","?","?","?","E","R","E","T","M","M","R","E","M","R","B",null,"M","?","?","M","?","R","E","R","T","E","?","M","E","M","R","B",null,"M","?","M"],"character_chosen":"WATCHER","items_purchased":[],"campfire_rested":5,"item_purchase_floors":[],"current_hp_per_floor":[58,52,72,60,60,55,55,26,26,19,18,39,39,26,47,35,63,52,39,39,33,33,56,42,65,65,47,47,29,13,13,36,1,63,62,62,0,0],"gold":782,"neow_bonus":"BOSS_RELIC","is_daily":false,"chose_seed":false,"campfire_upgraded":0,"win_rate":0.0,"timestamp":1612117616,"path_taken":["M","M","?","?","?","E","R","E","T","M","M","R","E","?","R","BOSS","M","?","?","M","?","R","E","R","T","E","?","M","E","M","R","BOSS","M","?","M"],"items_purchased_type":[],"build_version":"2020-12-22","purchased_purges":0,"victory":false,"max_hp_per_floor":[72,72,72,72,72,72,72,72,72,72,72,72,72,72,72,72,72,72,77,77,77,77,77,77,77,77,77,77,77,77,77,77,77,82,82,78,78,78],"relic_stats":{"Dream Catcher":5,"Centennial Puzzle":[34],"Torii":14,"counters":[19,73],"StoneCalendar":[25],"VioletLotus":[12],"Art of War":[2],"obtain_stats":[{"Ice Cream":27,"Dream Catcher":8,"Centennial Puzzle":13,"Anchor":30,"Tiny House":34,"Torii":9,"Damaru":6,"StoneCalendar":4,"Fusion Hammer":0,"VioletLotus":17,"Art of War":24,"PureWater":0},{"Ice Cream":13,"Dream Catcher":4,"Centennial Puzzle":7,"Anchor":15,"Tiny House":17,"Torii":4,"Damaru":3,"StoneCalendar":2,"Fusion Hammer":0,"VioletLotus":9,"Art of War":12,"PureWater":0},{"Ice Cream":47,"Dream Catcher":13,"Centennial Puzzle":21,"Anchor":57,"Tiny House":67,"Torii":13,"Damaru":9,"StoneCalendar":5,"Fusion Hammer":0,"VioletLotus":30,"Art of War":42,"PureWater":0}]},"card_choices":[{"not_picked":["Protect","FlurryOfBlows"],"picked":"ReachHeaven","floor":1.0},{"not_picked":["WreathOfFlame","Sanctity","SashWhip"],"picked":"SKIP","floor":2.0},{"not_picked":["WreathOfFlame","Sanctity"],"picked":"SashWhip","floor":2.0},{"not_picked":["PathToVictory","Nirvana","SignatureMove"],"picked":"SKIP","floor":6.0},{"not_picked":["Sanctity","Swivel","Prostrate"],"picked":"SKIP","floor":8.0},{"not_picked":["Prostrate","CrushJoints","Consecrate"],"picked":"SKIP","floor":10.0},{"not_picked":["FollowUp","SashWhip","PathToVictory"],"picked":"SKIP","floor":11.0},{"not_picked":["ClearTheMind","Consecrate"],"picked":"EmptyMind","floor":12.0},{"not_picked":["Wallop","Indignation"],"picked":"Vault","floor":13.0},{"not_picked":["FlurryOfBlows","EmptyFist"],"picked":"InnerPeace","floor":14.0},{"not_picked":["SignatureMove","WheelKick"],"picked":"BowlingBash","floor":15.0},{"not_picked":["Judgement","Establishment"],"picked":"DeusExMachina","floor":16.0},{"not_picked":["Halt+1","InnerPeace"],"picked":"TalkToTheHand","floor":18.0},{"not_picked":["Pray","ForeignInfluence","Weave+1"],"picked":"SKIP","floor":21.0},{"not_picked":["CrushJoints","Weave"],"picked":"FlurryOfBlows+1","floor":24.0},{"not_picked":["Evaluate","Consecrate+1"],"picked":"Wish","floor":25.0},{"not_picked":["FlyingSleeves","Consecrate","FollowUp"],"picked":"SKIP","floor":27.0},{"not_picked":["BattleHymn+1","Evaluate"],"picked":"EmptyBody+1","floor":29.0},{"not_picked":["ForeignInfluence","Sanctity"],"picked":"Blasphemy","floor":30.0},{"not_picked":["FlyingSleeves","Indignation","ThirdEye"],"picked":"SKIP","floor":31.0},{"not_picked":["PathToVictory","Crescendo"],"picked":"EmptyMind","floor":32.0},{"not_picked":["Judgement","Brilliance"],"picked":"Vault","floor":33.0},{"not_picked":["ClearTheMind","Protect"],"picked":"DeceiveReality","floor":34.0},{"not_picked":["EmptyFist","Meditate+1"],"picked":"Tantrum+1","floor":35.0}],"player_experience":2575604,"relics_obtained":[{"floor":6.0,"key":"Damaru"},{"floor":8.0,"key":"Dream Catcher"},{"floor":9.0,"key":"Torii"},{"floor":13.0,"key":"Centennial Puzzle"},{"floor":24.0,"key":"Art of War"},{"floor":27.0,"key":"Ice Cream"},{"floor":30.0,"key":"Anchor"}],"event_choices":[{"damage_healed":24.0,"max_hp_gain":0.0,"max_hp_loss":0.0,"gold_gain":0.0,"event_name":"Big Fish","player_choice":"Banana","floor":3.0,"gold_loss":0.0,"damage_taken":0.0},{"damage_healed":0.0,"max_hp_gain":0.0,"max_hp_loss":0.0,"gold_gain":0.0,"event_name":"Scrap Ooze","player_choice":"Success","floor":4.0,"gold_loss":0.0,"damage_taken":12.0,"relics_obtained":["StoneCalendar"]},{"damage_healed":0.0,"max_hp_gain":0.0,"max_hp_loss":0.0,"gold_gain":0.0,"cards_transformed":["Defend_P"],"event_name":"Transmorgrifier","player_choice":"Transformed","floor":5.0,"gold_loss":0.0,"damage_taken":0.0,"cards_obtained":["SignatureMove"]},{"damage_healed":0.0,"max_hp_gain":5.0,"max_hp_loss":0.0,"gold_gain":0.0,"event_name":"Forgotten Altar","player_choice":"Shed Blood","floor":19.0,"gold_loss":0.0,"damage_taken":18.0},{"cards_removed":["Strike_P"],"damage_healed":0.0,"max_hp_gain":0.0,"max_hp_loss":0.0,"gold_gain":0.0,"event_name":"Beggar","player_choice":"Gave Gold","floor":20.0,"gold_loss":75.0,"damage_taken":0.0},{"damage_healed":0.0,"max_hp_gain":0.0,"max_hp_loss":0.0,"gold_gain":0.0,"event_name":"Vampires","player_choice":"Ignored","floor":22.0,"gold_loss":0.0,"damage_taken":0.0},{"damage_healed":0.0,"max_hp_gain":0.0,"max_hp_loss":0.0,"gold_gain":0.0,"cards_transformed":["Strike_P","Strike_P"],"event_name":"Drug Dealer","player_choice":"Became Test Subject","floor":28.0,"gold_loss":0.0,"damage_taken":0.0,"cards_obtained":["Judgement","Wish"]},{"damage_healed":0.0,"max_hp_gain":0.0,"max_hp_loss":4.0,"gold_gain":0.0,"event_name":"Winding Halls","player_choice":"Max HP","floor":36.0,"gold_loss":0.0,"damage_taken":0.0}],"is_beta":false,"boss_relics":[{"not_picked":["Busted Crown","SacredBark"],"picked":"VioletLotus"},{"not_picked":["Cursed Key","SlaversCollar"],"picked":"Tiny House"}],"items_purged_floors":[],"is_endless":false,"potions_floor_spawned":[6,10,13,14,16,21,30,33,35],"killed_by":"3 Darklings","ascension_level":8}}