{"host":"fxrgx7wt2cpkbhka","time":1612073315,"event":{"mods":["AchievementEnabler","BaseMod","Colored Powertips","Minty Spire (QoL Compilation)","Permanent Neow","Quick Restart","Slay-I","StSLib","Waifu the Spire"],"gold_per_floor":[114,92,18,37,37,37,63,80,106,149,172,184,210,236,248,260,260],"floor_reached":16,"language":"ENG","playtime":441,"items_purged":[],"score":185,"play_id":"525dce2b-9740-4299-956b-8b91d402b23c","local_time":"20210130220835","is_ascension_mode":true,"campfire_choices":[{"data":"Armaments","floor":6,"key":"SMITH"},{"floor":12,"key":"REST"},{"data":"Spot Weakness","floor":15,"key":"SMITH"}],"circlet_count":0,"master_deck":["AscendersBane","Strike_R","Strike_R","Strike_R","Strike_R","Defend_R","Defend_R","Defend_R","Defend_R","Bash","Wild Strike","Armaments+1","Inflame","Twin Strike","Iron Wave","Clothesline","Spot Weakness+1"],"relics":["Burning Blood","Blood Vial","Akabeko","MawBank","Ancient Tea Set"],"acts_visited":["Exordium"],"potions_floor_usage":[16],"damage_taken":[{"damage":11,"enemies":"Cultist","floor":1,"turns":4},{"damage":2,"enemies":"Jaw Worm","floor":4,"turns":3},{"damage":31,"enemies":"Gremlin Nob","floor":7,"turns":5},{"damage":0,"enemies":"2 Louse","floor":8,"turns":3},{"damage":39,"enemies":"Lagavulin","floor":10,"turns":6},{"damage":18,"enemies":"Exordium Thugs","floor":11,"turns":5},{"damage":5,"enemies":"Large Slime","floor":13,"turns":5},{"damage":6,"enemies":"Looter","floor":14,"turns":3},{"damage":54,"enemies":"Hexaghost","floor":16,"turns":11}],"seed_played":"-8573630638759894265","potions_obtained":[{"floor":7,"key":"Ancient Potion"},{"floor":8,"key":"Dexterity Potion"}],"is_trial":false,"path_per_floor":["M","$","$","M","?","R","E","M","T","E","M","R","M","M","R","B"],"character_chosen":"IRONCLAD","items_purchased":["Armaments","Inflame"],"campfire_rested":1,"item_purchase_floors":[2,3],"current_hp_per_floor":[69,69,69,75,75,75,52,60,60,29,19,43,46,48,48,0,0],"gold":260,"neow_bonus":"RANDOM_COMMON_RELIC","is_daily":false,"chose_seed":false,"campfire_upgraded":2,"win_rate":0.0,"timestamp":1612073315,"path_taken":["M","?","$","?","?","R","E","M","T","E","M","R","M","M","R","BOSS"],"items_purchased_type":["Card","Card"],"build_version":"2020-12-22","purchased_purges":0,"victory":false,"max_hp_per_floor":[80,80,80,80,80,80,80,80,80,80,80,80,80,80,80,80,80],"card_choices":[{"not_picked":["Rage","Feel No Pain"],"picked":"Wild Strike","floor":1},{"not_picked":["Rupture","Shrug It Off","Bloodletting"],"picked":"SKIP","floor":4},{"not_picked":["Dark Embrace","Searing Blow","Warcry"],"picked":"SKIP","floor":7},{"not_picked":["Searing Blow","Sword Boomerang"],"picked":"Twin Strike","floor":8},{"not_picked":["Rage","Battle Trance","Pommel Strike"],"picked":"SKIP","floor":10},{"not_picked":["Disarm","Evolve"],"picked":"Iron Wave","floor":11},{"not_picked":["Fire Breathing","Headbutt"],"picked":"Clothesline","floor":13},{"not_picked":["Twin Strike","Shrug It Off"],"picked":"Spot Weakness","floor":14}],"player_experience":736942,"relics_obtained":[{"floor":7,"key":"Akabeko"},{"floor":9,"key":"MawBank"},{"floor":10,"key":"Ancient Tea Set"}],"event_choices":[{"cards_removed":["Strike_R"],"damage_healed":0,"gold_gain":0,"player_choice":"Offered Basic","damage_taken":0,"max_hp_gain":0,"max_hp_loss":0,"event_name":"Bonfire Elementals","floor":5,"gold_loss":0}],"is_beta":false,"boss_relics":[],"items_purged_floors":[],"is_endless":false,"potions_floor_spawned":[7,8,10,13],"killed_by":"Hexaghost","ascension_level":13}}