{"host":"b5jaqh8y266k2cz4","time":1612055211,"event":{"mods":["AchievementEnabler","Aspiration","BaseMod","Colored Powertips","Conspire","Downfall","Googly Eyes","Hermit","Highlight Path","Hubris","Infinite Spire","MarisaÅiñ∂âJÅ@ñÇóùçπÅj","Mimic Mod","Minty Spire (QoL Compilation)","Quick Restart","Replay The Spire","SOSÅiézîb?îVéqÅj","Spikes Relics","StSLib","Synergy Search","The Animator","The Cursed","The Jungle","The Necromancer","The Servant 0.9.4","The Wild Card","slay the spire mod where everything is the same but ironclad has a cowboy hat","Åyå˜î\ModÅz?ñæìIç≈?Boss"],"gold_per_floor":[213,213,213,223,235,235,235,268,301,301,52,52,80,93,93,197,197,212,232,232,250,262,262,277,305,330,330,330],"floor_reached":27,"language":"ENG","playtime":1337,"items_purged":[],"score":391,"play_id":"3e6437d6-c247-41c0-ad39-3d36d80a5f27","local_time":"20210130200651","is_ascension_mode":true,"campfire_choices":[{"data":"theWildCard:Arsene","floor":6,"key":"SMITH"},{"data":"theWildCard:PowerOfTheArcana","floor":10,"key":"SMITH"},{"data":"theWildCard:SeveringSlash","floor":12,"key":"SMITH"},{"floor":15,"key":"REST"},{"floor":23,"key":"REST"}],"circlet_count":0,"master_deck":["theWildCard:BasicStrike+1","theWildCard:BasicStrike","theWildCard:BasicStrike","theWildCard:BasicStrike","theWildCard:BasicDefend","theWildCard:BasicDefend","theWildCard:BasicDefend","theWildCard:BasicDefend","theWildCard:CallToAdventure","theWildCard:Arsene+1","theWildCard:SeveringSlash+1","theWildCard:PowerOfTheArcana+1","theWildCard:MaskChange","theWildCard:SeveringSlash","theWildCard:SeveringSlash","theWildCard:SeveringSlash","theWildCard:MaskChange","theWildCard:SeveringSlash+1","RitualDagger","theWildCard:ArchaicAssault","theWildCard:ArcaneArts+1","theWildCard:MaskChange+1"],"relics":["theWildCard:VelvetContract","Bottled Tornado","Boot","conspire:BottledYoYo","MiniBlackHole","conspire:RunicOctahedron","infinitespire:EmpoweringShard","Centennial Puzzle"],"acts_visited":["Exordium","TheCity"],"potions_floor_usage":[13,21,21,24],"damage_taken":[{"damage":0,"enemies":"Cultist","floor":1,"turns":2},{"damage":0,"enemies":"2 Louse","floor":4,"turns":2},{"damage":2,"enemies":"Jaw Worm","floor":5,"turns":3},{"damage":21,"enemies":"Lagavulin","floor":8,"turns":8},{"damage":4,"enemies":"3 Louse","floor":9,"turns":8},{"damage":0,"enemies":"3 Sentries","floor":13,"turns":6},{"damage":0,"enemies":"3 Louse","floor":14,"turns":3},{"damage":0,"enemies":"The Guardian","floor":16,"turns":12},{"damage":10,"enemies":"Shell Parasite","floor":18,"turns":6},{"damage":11,"enemies":"3 Byrds","floor":19,"turns":7},{"damage":0,"enemies":"Snecko","floor":21,"turns":4},{"damage":23,"enemies":"Shelled Parasite and Fungi","floor":22,"turns":8},{"damage":0,"enemies":"Centurion and Healer","floor":24,"turns":5},{"damage":22,"enemies":"Slavers","floor":25,"turns":6},{"damage":22,"enemies":"conspire:SneckoGhost","floor":27,"turns":6}],"seed_played":"6551393087592980775","potions_obtained":[{"floor":5,"key":"Explosive Potion"},{"floor":13,"key":"Strength Potion"},{"floor":14,"key":"conspire:TimeTravelPotion"},{"floor":16,"key":"SkillPotion"},{"floor":18,"key":"ColorlessPotion"},{"floor":22,"key":"DistilledChaos"},{"floor":25,"key":"champ:CounterPotion"}],"is_trial":false,"path_per_floor":["M","?","?","M","M","R","?","E","MIM","R","$","R","E","M","R","B",null,"M","M","?","M","M","R","M","E","T","E"],"character_chosen":"THE_WILD_CARD","items_purchased":["conspire:BottledYoYo"],"campfire_rested":2,"item_purchase_floors":[11],"current_hp_per_floor":[60,60,60,60,58,58,58,37,33,33,33,33,33,33,51,51,60,50,39,33,33,10,28,28,6,6,0,0],"gold":330,"neow_bonus":"HUNDRED_GOLD","is_daily":false,"chose_seed":false,"campfire_upgraded":3,"win_rate":0.0,"timestamp":1612055211,"path_taken":["M","?","?","?","M","R","?","E","MIM","R","$","R","E","M","R","BOSS","M","M","?","M","M","R","M","E","T","E"],"items_purchased_type":["Relic"],"build_version":"2020-12-22","purchased_purges":0,"victory":false,"max_hp_per_floor":[60,60,60,60,60,60,60,60,60,60,60,60,60,60,60,60,60,60,60,60,60,60,60,60,60,60,60,60],"card_choices":[{"not_picked":["theWildCard:Odin","theWildCard:IdentityTheft","theWildCard:Proficiency"],"picked":"SKIP","floor":1},{"not_picked":["theWildCard:UnderLockAndKey","theWildCard:StingingStrike"],"picked":"theWildCard:SeveringSlash","floor":4},{"not_picked":["theWildCard:Patience","theWildCard:Attunement"],"picked":"theWildCard:PowerOfTheArcana","floor":5},{"not_picked":["theWildCard:Unburden","theWildCard:UnderLockAndKey"],"picked":"theWildCard:MaskChange","floor":8},{"not_picked":["theWildCard:MaskChange","theWildCard:ShieldOfMany"],"picked":"theWildCard:SeveringSlash","floor":9},{"not_picked":["theWildCard:Unburden","theWildCard:BladeOfGenerations"],"picked":"theWildCard:SeveringSlash","floor":13},{"not_picked":["theWildCard:BladeOfGenerations","theWildCard:MagicalMight"],"picked":"theWildCard:SeveringSlash","floor":14},{"not_picked":["theWildCard:Sakuya","theWildCard:EnergizedStroke"],"picked":"theWildCard:MaskChange","floor":18},{"not_picked":["theWildCard:StalwartBlade","theWildCard:Proficiency"],"picked":"theWildCard:SeveringSlash+1","floor":19},{"not_picked":["theWildCard:MasterPlan","theWildCard:Michael","theWildCard:StalwartBlade"],"picked":"SKIP","floor":21},{"not_picked":["theWildCard:LadyLuck","theWildCard:MagicalMight"],"picked":"theWildCard:ArchaicAssault","floor":22},{"not_picked":["theWildCard:Michael","theWildCard:Unburden+1"],"picked":"theWildCard:ArcaneArts+1","floor":24},{"not_picked":["theWildCard:StingingStrike","theWildCard:FinalHour"],"picked":"theWildCard:MaskChange+1","floor":25}],"player_experience":336703,"relics_obtained":[{"floor":8,"key":"Bottled Tornado"},{"floor":9,"key":"Boot"},{"floor":13,"key":"MiniBlackHole"},{"floor":25,"key":"infinitespire:EmpoweringShard"},{"floor":26,"key":"Centennial Puzzle"}],"event_choices":[{"damage_healed":0,"gold_gain":0,"player_choice":"Ignored","damage_taken":0,"max_hp_gain":0,"max_hp_loss":0,"event_name":"Golden Wing","floor":3,"gold_loss":0},{"damage_healed":0,"gold_gain":0,"player_choice":"Joined the Cult","damage_taken":6,"max_hp_gain":0,"max_hp_loss":0,"event_name":"Nest","floor":20,"gold_loss":0,"cards_obtained":["RitualDagger"]}],"is_beta":false,"boss_relics":[{"not_picked":["ChewingGum","aspiration:RitualDagger"],"picked":"conspire:RunicOctahedron"}],"items_purged_floors":[],"is_endless":false,"potions_floor_spawned":[5,13,14,16,18,22,25],"killed_by":"conspire:SneckoGhost","ascension_level":3}}