{"host":"n0aqkby80ppfgdru","time":1612109608,"event":{"mods":["BaseMod","Block Reminder","Minty Spire (QoL Compilation)","Permanent Neow","Quick Restart"],"gold_per_floor":[117,117,128,142,159,192,192,218,270,285,297,307,307,389,389,461,461,479,498,498,518,532,532,551,570,641,89,39,39,39,59,59,59,59],"floor_reached":33,"language":"ENG","playtime":1367,"items_purged":["Strike_G","Strike_G"],"score":573,"play_id":"447909f3-2d05-45f9-a498-0850d60f4331","local_time":"20210131111328","is_ascension_mode":true,"campfire_choices":[{"data":"Blade Dance","floor":7.0,"key":"SMITH"},{"data":"Blade Dance","floor":13,"key":"SMITH"},{"data":"Neutralize","floor":15,"key":"SMITH"},{"floor":23,"key":"REST"},{"data":"Night Terror","floor":30,"key":"SMITH"},{"data":"Cloak And Dagger","floor":32,"key":"SMITH"}],"circlet_count":0,"master_deck":["AscendersBane","Strike_G","Strike_G","Defend_G","Defend_G","Defend_G","Defend_G","Defend_G","Survivor","Neutralize+1","Cloak And Dagger+1","Blade Dance+1","Cloak And Dagger","Blur","Slice","Blade Dance+1","Night Terror+1","Finisher","Prepared","Adrenaline","Blur","Cloak And Dagger"],"relics":["WristBlade","Singing Bowl","Question Card","Tiny Chest","Eternal Feather","HoveringKite","Pear","Membership Card","Calipers","Letter Opener","Meat on the Bone"],"acts_visited":["Exordium","TheCity"],"potions_floor_usage":[16,25,33],"damage_taken":[{"damage":4.0,"enemies":"Jaw Worm","floor":1.0,"turns":4.0},{"damage":0.0,"enemies":"Cultist","floor":3.0,"turns":4.0},{"damage":0.0,"enemies":"Small Slimes","floor":4.0,"turns":2.0},{"damage":0.0,"enemies":"Looter","floor":5.0,"turns":2.0},{"damage":14.0,"enemies":"3 Sentries","floor":6.0,"turns":7.0},{"damage":12.0,"enemies":"Lagavulin","floor":8.0,"turns":4.0},{"damage":0.0,"enemies":"2 Fungi Beasts","floor":10.0,"turns":2.0},{"damage":0,"enemies":"Large Slime","floor":11,"turns":3},{"damage":1,"enemies":"Exordium Wildlife","floor":12,"turns":2},{"damage":0,"enemies":"Slime Boss","floor":16,"turns":5},{"damage":7,"enemies":"Chosen","floor":18,"turns":4},{"damage":5,"enemies":"Shell Parasite","floor":19,"turns":3},{"damage":0,"enemies":"Centurion and Healer","floor":21,"turns":7},{"damage":43,"enemies":"Snake Plant","floor":22,"turns":5},{"damage":33,"enemies":"Snecko","floor":24,"turns":7},{"damage":10,"enemies":"Shelled Parasite and Fungi","floor":25,"turns":6},{"damage":2,"enemies":"Snake Plant","floor":31,"turns":4},{"damage":55,"enemies":"Collector","floor":33,"turns":9}],"seed_played":"4214191825766041501","potions_obtained":[{"floor":3.0,"key":"Regen Potion"},{"floor":6.0,"key":"SteroidPotion"},{"floor":12,"key":"Strength Potion"},{"floor":16,"key":"Dexterity Potion"},{"floor":18,"key":"GamblersBrew"},{"floor":25,"key":"LiquidMemories"}],"is_trial":false,"path_per_floor":["M","?","M","M","M","E","R","E","T","M","M","M","R","T","R","B",null,"M","M","?","M","M","R","M","M","T","$","$","T","R","M","R","B"],"character_chosen":"THE_SILENT","items_purchased":["Membership Card","Blur","Cloak And Dagger","Calipers","Letter Opener","DuplicationPotion"],"campfire_rested":1,"item_purchase_floors":[27,27,27,27,27,27],"current_hp_per_floor":[55,55,55,55,55,56,56,46,46,46,48,49,49,49,58,58,69,62,57,51,53,12,46,13,5,15,15,15,15,27,39,51,0,0],"gold":59,"neow_bonus":"BOSS_RELIC","is_daily":false,"chose_seed":false,"campfire_upgraded":5,"win_rate":0.0,"timestamp":1612109608,"path_taken":["M","?","M","?","M","E","R","E","T","M","M","M","R","?","R","BOSS","M","M","?","M","M","R","M","M","T","?","$","?","R","M","R","BOSS"],"items_purchased_type":["Relic","Card","Card","Relic","Relic","Potion"],"build_version":"2020-12-22","purchased_purges":2,"victory":false,"max_hp_per_floor":[66,66,66,66,66,66,66,68,68,68,70,72,72,72,72,72,72,72,72,72,74,76,76,76,78,88,88,88,88,88,90,90,90,90],"card_choices":[{"not_picked":["Deadly Poison","Dagger Throw"],"picked":"Cloak And Dagger","floor":1.0},{"not_picked":["Quick Slash","Poisoned Stab"],"picked":"Blade Dance","floor":3.0},{"not_picked":["Endless Agony","Deflect"],"picked":"Cloak And Dagger","floor":4.0},{"not_picked":["Dagger Throw","Noxious Fumes"],"picked":"Blur","floor":5.0},{"not_picked":["Quick Slash","Dagger Spray"],"picked":"Slice","floor":6.0},{"not_picked":["Distraction","Bane","Cloak And Dagger"],"picked":"Singing Bowl","floor":8.0},{"not_picked":["Caltrops","Dash","PiercingWail"],"picked":"Blade Dance","floor":10.0},{"not_picked":["Underhanded Strike","PiercingWail","Backstab","Flying Knee"],"picked":"Singing Bowl","floor":11},{"not_picked":["Acrobatics","Slice","Concentrate","Skewer"],"picked":"Singing Bowl","floor":12},{"not_picked":["Bullet Time","Phantasmal Killer","Venomology"],"picked":"Night Terror","floor":16},{"not_picked":["Cloak And Dagger","Blade Dance","Expertise"],"picked":"Finisher","floor":18},{"not_picked":["Flying Knee","Footwork","Slice"],"picked":"Prepared","floor":19},{"not_picked":["Noxious Fumes","Dodge and Roll","Outmaneuver","Dagger Throw"],"picked":"Singing Bowl","floor":21},{"not_picked":["Outmaneuver","Backflip","Dagger Throw","Finisher"],"picked":"Singing Bowl","floor":22},{"not_picked":["Dodge and Roll","Quick Slash","Outmaneuver+1"],"picked":"Adrenaline","floor":24},{"not_picked":["Expertise","Concentrate","Dagger Throw","Dodge and Roll+1"],"picked":"Singing Bowl","floor":25},{"not_picked":["Terror","Prepared","Deadly Poison","Deflect"],"picked":"Singing Bowl","floor":31}],"player_experience":1275767,"relics_obtained":[{"floor":6.0,"key":"Singing Bowl"},{"floor":8.0,"key":"Question Card"},{"floor":9.0,"key":"Tiny Chest"},{"floor":14,"key":"Eternal Feather"},{"floor":26,"key":"Pear"},{"floor":29,"key":"Meat on the Bone"}],"event_choices":[{"cards_removed":["Strike_G"],"damage_healed":0.0,"max_hp_gain":0.0,"max_hp_loss":0.0,"gold_gain":0.0,"event_name":"Bonfire Elementals","player_choice":"Offered Basic","floor":2.0,"gold_loss":0.0,"damage_taken":0.0},{"damage_healed":0,"gold_gain":0,"player_choice":"","damage_taken":6,"max_hp_gain":0,"max_hp_loss":0,"event_name":"Knowing Skull","floor":20,"potions_obtained":[],"gold_loss":0,"cards_obtained":[]}],"is_beta":false,"boss_relics":[{"not_picked":["Velvet Choker","SacredBark"],"picked":"HoveringKite"}],"items_purged_floors":[27,28],"is_endless":false,"potions_floor_spawned":[3,6,12,16,18,21,25],"killed_by":"Collector","ascension_level":15}}