{"host":"aw6ta4ll26ap9lu8","time":1612105415,"event":{"mods":["AchievementEnabler","AlwaysNeverKeys","BaseMod","Bestiary","Block Reminder","Colored Map","Colored Powertips","Dark Map","DeckTracker","Highlight Path","Minty Spire (QoL Compilation)","Permanent Neow","Quick Restart","Relic Stats","StSLib"],"gold_per_floor":[109,128,203,203,215,249,424,424,477,488,564,582,616,636,636,731,731,696,696,709,709,709,739,739,739],"floor_reached":24,"language":"ENG","playtime":1119,"items_purged":[],"score":350,"play_id":"35fc6a90-a47c-4f9f-9137-481e32e9dc46","local_time":"20210131100335","is_ascension_mode":true,"campfire_choices":[{"data":"Wallop","floor":8.0,"key":"SMITH"},{"floor":15.0,"key":"REST"}],"circlet_count":0,"master_deck":["AscendersBane","Strike_P+1","Strike_P+1","Strike_P+1","Strike_P+1","Defend_P+1","Defend_P+1","Defend_P+1","Defend_P+1","Eruption+1","Vigilance","LikeWater","Wallop+1","FlyingSleeves","Swivel","InnerPeace","Doubt","LikeWater","WheelKick","Prostrate","Evaluate","Establishment","TalkToTheHand","Crescendo+1","Fasting2+1"],"relics":["PureWater","Happy Flower","Oddly Smooth Stone","Kunai","InkBottle","Cursed Key","Akabeko"],"acts_visited":["Exordium","TheCity"],"potions_floor_usage":[],"damage_taken":[{"damage":16.0,"enemies":"Small Slimes","floor":1.0,"turns":3.0},{"damage":4.0,"enemies":"2 Louse","floor":2.0,"turns":4.0},{"damage":0.0,"enemies":"Jaw Worm","floor":5.0,"turns":4.0},{"damage":10.0,"enemies":"Gremlin Nob","floor":6.0,"turns":3.0},{"damage":10.0,"enemies":"3 Louse","floor":10.0,"turns":5.0},{"damage":0.0,"enemies":"Exordium Thugs","floor":12.0,"turns":5.0},{"damage":10.0,"enemies":"Lagavulin","floor":13.0,"turns":9.0},{"damage":2.0,"enemies":"Looter","floor":14.0,"turns":5.0},{"damage":16.0,"enemies":"The Guardian","floor":16.0,"turns":12.0},{"damage":12.0,"enemies":"2 Thieves","floor":18.0,"turns":5.0},{"damage":6.0,"enemies":"Spheric Guardian","floor":20.0,"turns":3.0},{"damage":39.0,"enemies":"Slavers","floor":23.0,"turns":10.0},{"damage":30,"enemies":"Cultist and Chosen","floor":24,"turns":5}],"seed_played":"-6622315212342610905","potions_obtained":[{"floor":5.0,"key":"SpeedPotion"},{"floor":6.0,"key":"GamblersBrew"},{"floor":10.0,"key":"DistilledChaos"},{"floor":13.0,"key":"BottledMiracle"},{"floor":18.0,"key":"LiquidBronze"},{"floor":20.0,"key":"FairyPotion"}],"is_trial":false,"path_per_floor":["M","M","?","?","M","E","?","R","T","M","T","M","E","M","R","B",null,"M","?","M","?","?","E","M"],"character_chosen":"WATCHER","items_purchased":[],"campfire_rested":1,"item_purchase_floors":[],"current_hp_per_floor":[49,45,34,34,34,24,24,24,24,14,14,14,4,2,23,7,56,44,31,25,25,25,14,0,0],"gold":739,"neow_bonus":"THREE_CARDS","is_daily":false,"chose_seed":false,"campfire_upgraded":1,"win_rate":0.0,"timestamp":1612105415,"path_taken":["M","M","?","?","M","E","?","R","T","M","?","M","E","M","R","BOSS","M","?","M","?","?","E","M"],"items_purchased_type":[],"build_version":"2020-12-22","purchased_purges":0,"victory":false,"max_hp_per_floor":[72,72,72,72,72,72,72,72,72,72,72,72,72,72,72,72,72,72,77,77,77,77,77,77,77],"relic_stats":{"Happy Flower":[19],"counters":[13,73],"Kunai":[15],"Cursed Key":0,"obtain_stats":[{"Happy Flower":6,"Oddly Smooth Stone":9,"Kunai":11,"PureWater":0,"Cursed Key":17,"InkBottle":13,"Akabeko":23},{"Happy Flower":4,"Oddly Smooth Stone":4,"Kunai":5,"PureWater":0,"Cursed Key":9,"InkBottle":7,"Akabeko":12},{"Happy Flower":14,"Oddly Smooth Stone":14,"Kunai":19,"PureWater":0,"Cursed Key":50,"InkBottle":33,"Akabeko":68}],"InkBottle":[13]},"card_choices":[{"not_picked":["EmptyBody","Indignation"],"picked":"LikeWater","floor":0.0},{"not_picked":["Evaluate","ThirdEye"],"picked":"Wallop","floor":1.0},{"not_picked":["Study","ThirdEye"],"picked":"FlyingSleeves","floor":2.0},{"not_picked":["ReachHeaven","ClearTheMind"],"picked":"Swivel","floor":5.0},{"not_picked":["SashWhip","Study"],"picked":"InnerPeace","floor":6.0},{"not_picked":["Prostrate","SignatureMove"],"picked":"LikeWater","floor":10.0},{"not_picked":["Crescendo","Pray"],"picked":"WheelKick","floor":12.0},{"not_picked":["Worship","ClearTheMind"],"picked":"Prostrate","floor":13.0},{"not_picked":["Protect","EmptyMind"],"picked":"Evaluate","floor":14.0},{"not_picked":["Ragnarok","Wish"],"picked":"Establishment","floor":16.0},{"not_picked":["CrushJoints","Protect"],"picked":"TalkToTheHand","floor":18.0},{"not_picked":["FlurryOfBlows","SashWhip"],"picked":"Crescendo+1","floor":20.0},{"not_picked":["LessonLearned","EmptyFist+1"],"picked":"Fasting2+1","floor":23.0}],"player_experience":624738,"relics_obtained":[{"floor":6.0,"key":"Happy Flower"},{"floor":9.0,"key":"Oddly Smooth Stone"},{"floor":11.0,"key":"Kunai"},{"floor":13.0,"key":"InkBottle"},{"floor":23.0,"key":"Akabeko"}],"event_choices":[{"damage_healed":0.0,"max_hp_gain":0.0,"max_hp_loss":0.0,"gold_gain":75.0,"event_name":"World of Goop","player_choice":"Gather Gold","floor":3.0,"gold_loss":0.0,"damage_taken":11.0},{"damage_healed":0.0,"max_hp_gain":0.0,"max_hp_loss":0.0,"gold_gain":0.0,"event_name":"Living Wall","player_choice":"Grow","floor":4.0,"gold_loss":0.0,"damage_taken":0.0,"cards_upgraded":["Eruption"]},{"damage_healed":0.0,"max_hp_gain":0.0,"max_hp_loss":0.0,"gold_gain":175.0,"event_name":"Liars Game","player_choice":"AGREE","floor":7.0,"gold_loss":0.0,"damage_taken":0.0,"cards_obtained":["Doubt"]},{"damage_healed":0.0,"max_hp_gain":5.0,"max_hp_loss":0.0,"gold_gain":0.0,"event_name":"Forgotten Altar","player_choice":"Shed Blood","floor":19.0,"gold_loss":0.0,"damage_taken":18.0},{"damage_healed":0.0,"max_hp_gain":0.0,"max_hp_loss":0.0,"gold_gain":0.0,"event_name":"Back to Basics","player_choice":"Simplicity","floor":21.0,"gold_loss":0.0,"damage_taken":0.0,"cards_upgraded":["Strike_P","Strike_P","Strike_P","Strike_P","Defend_P","Defend_P","Defend_P","Defend_P"]},{"damage_healed":0.0,"max_hp_gain":0.0,"max_hp_loss":0.0,"gold_gain":0.0,"event_name":"Lab","player_choice":"Got Potions","floor":22.0,"gold_loss":0.0,"damage_taken":0.0}],"is_beta":false,"boss_relics":[{"not_picked":["Philosopher\u0027s Stone","Busted Crown"],"picked":"Cursed Key"}],"items_purged_floors":[],"is_endless":false,"potions_floor_spawned":[5,6,10,13,18,20],"killed_by":"Cultist and Chosen","ascension_level":11}}