{"host":"2se5dq1do2gp0x9k","time":1612117969,"event":{"mods":["AchievementEnabler","BaseMod","Block Reminder","Colored Map","Colored Powertips","Minty Spire (QoL Compilation)","Relic Stats","StSLib","SuperFastMode"],"gold_per_floor":[114,128,2,2,77,77,113,113,113,193,243,261,309,336,336,438,438,461,510,364,364,422,422,435,435,435],"floor_reached":25,"language":"ENG","playtime":1066,"items_purged":["Strike_P"],"score":543,"play_id":"796a6a8d-e196-447a-8646-5f9d0851b00e","local_time":"20210131103249","is_ascension_mode":true,"campfire_choices":[{"data":"SashWhip","floor":6.0,"key":"SMITH"},{"data":"Wallop","floor":8.0,"key":"SMITH"},{"data":"Worship","floor":15,"key":"SMITH"},{"data":"Establishment","floor":23,"key":"SMITH"}],"circlet_count":0,"master_deck":["AscendersBane","Strike_P","Strike_P","Strike_P","Defend_P","Defend_P","Defend_P","Defend_P","Eruption","Vigilance","SashWhip+1","BowlingBash","Wallop+1","DeceiveReality","Establishment+1","FlyingSleeves","CutThroughFate","Perseverance","Worship+1","Wish","Protect","CutThroughFate","BattleHymn","Swivel"],"relics":["PureWater","NeowsBlessing","Golden Idol","Thread and Needle","Bottled Lightning","Sundial","CeramicFish","Snecko Eye","Darkstone Periapt"],"acts_visited":["Exordium","TheCity"],"potions_floor_usage":[16,24],"damage_taken":[{"damage":0.0,"enemies":"Jaw Worm","floor":1.0,"turns":1.0},{"damage":0.0,"enemies":"Small Slimes","floor":2.0,"turns":1.0},{"damage":0.0,"enemies":"Lagavulin","floor":7.0,"turns":1.0},{"damage":12.0,"enemies":"3 Sentries","floor":10.0,"turns":6.0},{"damage":0.0,"enemies":"2 Louse","floor":12.0,"turns":4.0},{"damage":14.0,"enemies":"Gremlin Nob","floor":13.0,"turns":4.0},{"damage":0,"enemies":"2 Fungi Beasts","floor":14,"turns":3},{"damage":0,"enemies":"Slime Boss","floor":16,"turns":5},{"damage":11,"enemies":"Shell Parasite","floor":18,"turns":8},{"damage":0,"enemies":"Chosen","floor":19,"turns":7},{"damage":2,"enemies":"Centurion and Healer","floor":22,"turns":9},{"damage":1,"enemies":"Chosen and Byrds","floor":24,"turns":5},{"damage":22,"enemies":"Slavers","floor":25,"turns":2}],"seed_played":"-2440705947535245499","potions_obtained":[{"floor":1.0,"key":"EssenceOfSteel"},{"floor":10.0,"key":"ColorlessPotion"},{"floor":13.0,"key":"StancePotion"},{"floor":14,"key":"SkillPotion"},{"floor":16,"key":"BottledMiracle"}],"is_trial":false,"path_per_floor":["M","M","$","?","?","R","E","R","T","?","?","M","E","M","R","B",null,"M","M","$","?","M","R","M","E"],"character_chosen":"WATCHER","items_purchased":["Wallop","DeceiveReality","BattleHymn"],"campfire_rested":0,"item_purchase_floors":[3,3,20],"current_hp_per_floor":[61,61,61,61,50,50,50,50,50,38,38,38,24,24,24,24,53,42,42,42,42,40,40,39,17,17],"gold":435,"neow_bonus":"THREE_ENEMY_KILL","is_daily":false,"chose_seed":false,"campfire_upgraded":4,"win_rate":0.0,"timestamp":1612117969,"path_taken":["M","M","$","?","?","R","E","R","T","?","?","M","E","M","R","BOSS","M","M","$","?","?","R","M","E"],"items_purchased_type":["Card","Card","Card"],"build_version":"2020-12-22","purchased_purges":1,"victory":false,"max_hp_per_floor":[68,68,68,62,62,62,62,62,62,62,62,62,62,62,62,62,62,62,62,62,62,62,62,62,62,62],"relic_stats":{"Darkstone Periapt":0,"counters":[13,56],"Golden Idol":81,"Sundial":[8],"CeramicFish":63,"Snecko Eye":[48,45,49,54],"obtain_stats":[{"Darkstone Periapt":21,"NeowsBlessing":0,"Golden Idol":4,"Sundial":10,"CeramicFish":13,"Snecko Eye":17,"Thread and Needle":7,"Bottled Lightning":9,"PureWater":0},{"Darkstone Periapt":10,"NeowsBlessing":0,"Golden Idol":2,"Sundial":4,"CeramicFish":6,"Snecko Eye":8,"Thread and Needle":3,"Bottled Lightning":3,"PureWater":0},{"Darkstone Periapt":40,"NeowsBlessing":0,"Golden Idol":2,"Sundial":9,"CeramicFish":17,"Snecko Eye":25,"Thread and Needle":3,"Bottled Lightning":3,"PureWater":0}]},"card_choices":[{"not_picked":["Study","Prostrate"],"picked":"SashWhip","floor":1.0},{"not_picked":["WreathOfFlame","FollowUp"],"picked":"BowlingBash","floor":2.0},{"not_picked":["Crescendo","WreathOfFlame"],"picked":"Establishment","floor":7.0},{"not_picked":["Prostrate","CrushJoints"],"picked":"FlyingSleeves","floor":10.0},{"not_picked":["Crescendo","DeceiveReality"],"picked":"CutThroughFate","floor":12.0},{"not_picked":["ThirdEye","LikeWater"],"picked":"Perseverance","floor":13.0},{"not_picked":["LikeWater","Adaptation"],"picked":"Worship","floor":14},{"not_picked":["Blasphemy","ConjureBlade"],"picked":"Wish","floor":16},{"not_picked":["FlyingSleeves","Adaptation+1"],"picked":"Protect","floor":18},{"not_picked":["Crescendo","Adaptation"],"picked":"CutThroughFate","floor":19},{"not_picked":["EmptyMind","Sanctity"],"picked":"Swivel","floor":22},{"not_picked":["Evaluate","BowlingBash","LikeWater"],"picked":"SKIP","floor":24}],"player_experience":4023934,"relics_obtained":[{"floor":7.0,"key":"Thread and Needle"},{"floor":9.0,"key":"Bottled Lightning"},{"floor":10.0,"key":"Sundial"},{"floor":13.0,"key":"CeramicFish"},{"floor":21,"key":"Darkstone Periapt"}],"event_choices":[{"damage_healed":0.0,"max_hp_gain":0.0,"max_hp_loss":6.0,"gold_gain":0.0,"event_name":"Golden Idol","player_choice":"Lose Max HP","floor":4.0,"gold_loss":0.0,"damage_taken":0.0,"relics_obtained":["Golden Idol"]},{"damage_healed":0.0,"max_hp_gain":0.0,"max_hp_loss":0.0,"gold_gain":75.0,"event_name":"World of Goop","player_choice":"Gather Gold","floor":5.0,"gold_loss":0.0,"damage_taken":11.0},{"damage_healed":0.0,"max_hp_gain":0.0,"max_hp_loss":0.0,"gold_gain":0.0,"event_name":"Dead Adventurer","player_choice":"Searched \u00271\u0027 times","floor":10.0,"gold_loss":0.0,"damage_taken":0.0},{"damage_healed":0.0,"max_hp_gain":0.0,"max_hp_loss":0.0,"gold_gain":50.0,"event_name":"Golden Shrine","player_choice":"Pray","floor":11.0,"gold_loss":0.0,"damage_taken":0.0},{"damage_healed":0,"gold_gain":0,"player_choice":"Relic","damage_taken":0,"max_hp_gain":0,"max_hp_loss":0,"event_name":"Wheel of Change","floor":21,"gold_loss":0}],"is_beta":false,"boss_relics":[{"not_picked":["Runic Pyramid","Runic Dome"],"picked":"Snecko Eye"}],"items_purged_floors":[20],"is_endless":false,"potions_floor_spawned":[1,10,13,14,16,22],"killed_by":"Slavers","ascension_level":18}}