{"host":"vm3f1ccwgbs4oygt","time":1612125678,"event":{"mods":["BaseMod","Bestiary","BetterRewards","Block Reminder","Colored Powertips","Highlight Path","Minty Spire (QoL Compilation)","Permanent Neow","Relic Stats","Shop Mod","StSLib"],"gold_per_floor":[113,113,128,147,166,166,193,193,270,297,297,351,361,12,12,112,112,130,55,69,89,41,68,68,68,116,116,116,116,135,168,168,265,265,282,294,294,294,313,313,347,347,347,378,378,404,404,419,419,419],"floor_reached":51,"language":"ENG","playtime":44022,"items_purged":["Strike_G"],"score":882,"play_id":"b5e0f001-2228-4c03-819e-3d1d339555a7","local_time":"20210131214118","is_ascension_mode":true,"campfire_choices":[{"data":"Bouncing Flask","floor":6,"key":"SMITH"},{"data":"Dagger Spray","floor":8,"key":"SMITH"},{"data":"Die Die Die","floor":11,"key":"SMITH"},{"floor":15,"key":"REST"},{"data":"Wraith Form v2","floor":24,"key":"SMITH"},{"data":"Cloak And Dagger","floor":27,"key":"SMITH"},{"data":"A Thousand Cuts","floor":29,"key":"SMITH"},{"data":"Venomology","floor":32,"key":"SMITH"},{"data":"Terror","floor":40,"key":"SMITH"},{"data":"Envenom","floor":42,"key":"SMITH"},{"floor":45,"key":"REST"},{"data":"Bouncing Flask","floor":47,"key":"SMITH"},{"data":"Footwork","floor":49,"key":"SMITH"}],"circlet_count":0,"master_deck":["Defend_G+1","Defend_G","Defend_G","Defend_G","Defend_G","Survivor","Neutralize+1","Endless Agony","Outmaneuver","Bouncing Flask+1","Acrobatics+1","Dagger Spray+1","Die Die Die+1","Deflect","Terror+1","Footwork","A Thousand Cuts+1","Wraith Form v2+1","Bouncing Flask+1","Backflip","Venomology+1","Cloak And Dagger","Accuracy+1","Endless Agony+1","Cloak And Dagger+1","Footwork+1","Bite","Bite","Bite","Bite","Riddle With Holes+1","Prepared+1","Wraith Form v2+1","Predator+1","Endless Agony+1","Envenom+1","Dagger Spray+1"],"relics":["Ring of the Snake","Potion Belt","Lizard Tail","Matryoshka","Pen Nib","Bag of Marbles","Lantern","Orrery","Velvet Choker","Orichalcum","Regal Pillow","War Paint","Runic Pyramid","Letter Opener","Mummified Hand","Oddly Smooth Stone","Vajra"],"acts_visited":["Exordium","TheCity","TheBeyond"],"potions_floor_usage":[7,16,16,21,21,30,30,33,33,33,33,35,44,44,46,46,50,50],"damage_taken":[{"damage":2,"enemies":"Jaw Worm","floor":1,"turns":4},{"damage":1,"enemies":"Cultist","floor":3,"turns":5},{"damage":7,"enemies":"2 Louse","floor":4,"turns":3},{"damage":3,"enemies":"2 Fungi Beasts","floor":5,"turns":3},{"damage":22,"enemies":"Gremlin Nob","floor":7,"turns":4},{"damage":5,"enemies":"Lagavulin","floor":10,"turns":5},{"damage":1,"enemies":"Looter","floor":13,"turns":3},{"damage":30,"enemies":"Hexaghost","floor":16,"turns":9},{"damage":0,"enemies":"Chosen","floor":18,"turns":4},{"damage":2,"enemies":"3 Byrds","floor":20,"turns":5},{"damage":0,"enemies":"Cultist and Chosen","floor":21,"turns":6},{"damage":3,"enemies":"Gremlin Leader","floor":23,"turns":6},{"damage":15,"enemies":"Shelled Parasite and Fungi","floor":30,"turns":3},{"damage":0,"enemies":"Slavers","floor":31,"turns":4},{"damage":15,"enemies":"Automaton","floor":33,"turns":9},{"damage":24,"enemies":"3 Darklings","floor":35,"turns":5},{"damage":4,"enemies":"3 Shapes","floor":36,"turns":6},{"damage":0,"enemies":"3 Darklings","floor":39,"turns":3},{"damage":7,"enemies":"Nemesis","floor":41,"turns":9},{"damage":25,"enemies":"Giant Head","floor":44,"turns":9},{"damage":3,"enemies":"Reptomancer","floor":46,"turns":5},{"damage":2,"enemies":"Sphere and 2 Shapes","floor":48,"turns":4},{"damage":50,"enemies":"Time Eater","floor":50,"turns":11}],"seed_played":"2685286519632460215","potions_obtained":[{"floor":4,"key":"SkillPotion"},{"floor":7,"key":"DuplicationPotion"},{"floor":13,"key":"Poison Potion"},{"floor":16,"key":"Ancient Potion"},{"floor":18,"key":"PowerPotion"},{"floor":21,"key":"Block Potion"},{"floor":33,"key":"ColorlessPotion"},{"floor":36,"key":"Dexterity Potion"},{"floor":44,"key":"Regen Potion"}],"is_trial":false,"path_per_floor":["M","?","M","M","M","R","E","R","T","E","R","T","M","$","R","B",null,"M","$","M","M","$","E","R","?","T","R","?","R","M","E","R","B",null,"M","M","?","?","M","R","E","R","T","E","R","E","R","M","R","B",null],"character_chosen":"THE_SILENT","items_purchased":["Terror","Footwork","Dexterity Potion","Orrery","Cloak And Dagger"],"campfire_rested":2,"item_purchase_floors":[14,14,14,14,22],"current_hp_per_floor":[68,68,67,60,57,57,35,35,35,30,30,30,29,29,50,20,70,70,70,68,68,68,65,65,65,65,65,65,65,56,64,64,57,70,46,50,50,50,50,50,51,51,51,38,70,70,70,70,70,43],"gold":419,"neow_bonus":"RANDOM_COMMON_RELIC","is_daily":false,"chose_seed":false,"campfire_upgraded":11,"win_rate":0.0,"timestamp":1612125678,"path_taken":["M","?","M","?","M","R","E","R","T","E","R","?","?","$","R","BOSS","M","$","M","M","$","E","R","?","T","R","?","R","M","E","R","BOSS","M","M","?","?","M","R","E","R","T","E","R","E","R","?","R","BOSS"],"items_purchased_type":["Card","Card","Potion","Relic","Card"],"build_version":"2020-12-22","purchased_purges":1,"victory":true,"max_hp_per_floor":[70,70,70,70,70,70,70,70,70,70,70,70,70,70,70,70,70,70,70,70,70,70,70,70,70,70,70,70,70,70,70,70,70,70,70,70,70,70,70,70,70,70,70,70,70,70,70,70,70,70],"relic_stats":{"Lizard Tail":0,"Regal Pillow":11,"counters":[23,125],"Mummified Hand":[24],"Pen Nib":[18],"Letter Opener":[36],"Orichalcum":[186],"War Paint":["Acrobatics","Defend_G"],"obtain_stats":[{"Potion Belt":0,"Lantern":12,"Regal Pillow":26,"Velvet Choker":17,"Oddly Smooth Stone":44,"Vajra":46,"Pen Nib":10,"Letter Opener":41,"Orichalcum":23,"War Paint":31,"Blood Vial":26,"Lizard Tail":7,"Matryoshka":9,"Mummified Hand":43,"Orrery":14,"Bag of Marbles":12,"Ring of the Snake":0,"Runic Pyramid":34},{"Potion Belt":0,"Lantern":6,"Regal Pillow":12,"Velvet Choker":8,"Oddly Smooth Stone":20,"Vajra":21,"Pen Nib":6,"Letter Opener":19,"Orichalcum":12,"War Paint":14,"Blood Vial":12,"Lizard Tail":5,"Matryoshka":5,"Mummified Hand":19,"Orrery":7,"Bag of Marbles":6,"Ring of the Snake":0,"Runic Pyramid":15},{"Potion Belt":0,"Lantern":24,"Regal Pillow":57,"Velvet Choker":36,"Oddly Smooth Stone":105,"Vajra":110,"Pen Nib":24,"Letter Opener":96,"Orichalcum":57,"War Paint":64,"Blood Vial":57,"Lizard Tail":19,"Matryoshka":19,"Mummified Hand":96,"Orrery":27,"Bag of Marbles":24,"Ring of the Snake":0,"Runic Pyramid":73}],"Ring of the Snake":[46]},"card_choices":[{"not_picked":["Dodge and Roll","Slice"],"picked":"Endless Agony","floor":1},{"not_picked":["Poisoned Stab","Expertise"],"picked":"Outmaneuver","floor":3},{"not_picked":["Masterful Stab","Cloak And Dagger"],"picked":"Bouncing Flask","floor":4},{"not_picked":["Backflip","Flechettes"],"picked":"Acrobatics","floor":5},{"not_picked":["Deadly Poison","Underhanded Strike"],"picked":"Dagger Spray","floor":7},{"not_picked":["Blade Dance","Dagger Throw"],"picked":"Die Die Die","floor":10},{"not_picked":["Outmaneuver","Escape Plan"],"picked":"Deflect","floor":13},{"not_picked":["Flying Knee","Quick Slash"],"picked":"A Thousand Cuts","floor":14},{"not_picked":["Quick Slash","Backstab"],"picked":"Wraith Form v2","floor":14},{"not_picked":["Concentrate","Prepared"],"picked":"Bouncing Flask","floor":14},{"not_picked":["Outmaneuver","All Out Attack"],"picked":"Backflip","floor":14},{"not_picked":["Unload","A Thousand Cuts"],"picked":"Venomology","floor":16},{"not_picked":["Deadly Poison","Riddle With Holes"],"picked":"Cloak And Dagger","floor":18},{"not_picked":["Backflip","Dagger Spray"],"picked":"Accuracy+1","floor":20},{"not_picked":["Acrobatics","Predator+1"],"picked":"Endless Agony+1","floor":21},{"not_picked":["Underhanded Strike","Poisoned Stab+1"],"picked":"Footwork","floor":23},{"not_picked":["Heel Hook","Cloak And Dagger"],"picked":"Riddle With Holes+1","floor":30},{"not_picked":["Sucker Punch","Flying Knee"],"picked":"Prepared+1","floor":31},{"not_picked":["Envenom","Glass Knife"],"picked":"Wraith Form v2","floor":33},{"not_picked":["Prepared","Deadly Poison+1"],"picked":"Predator+1","floor":35},{"not_picked":["Slice+1","PiercingWail","Acrobatics+1"],"picked":"SKIP","floor":36},{"not_picked":["Masterful Stab","Underhanded Strike+1"],"picked":"Endless Agony+1","floor":39},{"not_picked":["PiercingWail+1","Grand Finale"],"picked":"Envenom","floor":41},{"not_picked":["Acrobatics+1","Well Laid Plans","Riddle With Holes"],"picked":"SKIP","floor":44},{"not_picked":["Underhanded Strike+1","Reflex","Terror+1"],"picked":"SKIP","floor":46},{"not_picked":["Dagger Throw+1","Concentrate"],"picked":"Dagger Spray+1","floor":48}],"player_experience":1112048,"relics_obtained":[{"floor":7,"key":"Lizard Tail"},{"floor":9,"key":"Matryoshka"},{"floor":10,"key":"Pen Nib"},{"floor":12,"key":"Bag of Marbles"},{"floor":12,"key":"Lantern"},{"floor":23,"key":"Orichalcum"},{"floor":26,"key":"Regal Pillow"},{"floor":26,"key":"Blood Vial"},{"floor":31,"key":"War Paint"},{"floor":41,"key":"Letter Opener"},{"floor":43,"key":"Mummified Hand"},{"floor":44,"key":"Oddly Smooth Stone"},{"floor":46,"key":"Vajra"}],"event_choices":[{"damage_healed":0,"gold_gain":0,"player_choice":"Upgraded","damage_taken":0,"max_hp_gain":0,"max_hp_loss":0,"event_name":"Upgrade Shrine","floor":2,"gold_loss":0,"cards_upgraded":["Neutralize"]},{"damage_healed":0,"gold_gain":0,"player_choice":"Ignored","damage_taken":0,"max_hp_gain":0,"max_hp_loss":0,"event_name":"Ghosts","floor":25,"gold_loss":0},{"damage_healed":0,"gold_gain":0,"player_choice":"Became a vampire (Vial)","damage_taken":0,"max_hp_gain":0,"max_hp_loss":0,"event_name":"Vampires","floor":28,"relics_lost":["Blood Vial"],"gold_loss":0,"cards_obtained":["Bite","Bite","Bite","Bite","Bite"]},{"cards_removed":["Bite"],"damage_healed":0,"gold_gain":0,"player_choice":"Removed Attack","damage_taken":0,"max_hp_gain":0,"max_hp_loss":0,"event_name":"Falling","floor":37,"gold_loss":0},{"damage_healed":0,"gold_gain":0,"player_choice":"Upgraded","damage_taken":0,"max_hp_gain":0,"max_hp_loss":0,"event_name":"Upgrade Shrine","floor":38,"gold_loss":0,"cards_upgraded":["Wraith Form v2"]}],"is_beta":false,"boss_relics":[{"not_picked":["Sozu","Tiny House"],"picked":"Velvet Choker"},{"not_picked":["Fusion Hammer","Astrolabe"],"picked":"Runic Pyramid"}],"items_purged_floors":[19],"is_endless":false,"potions_floor_spawned":[4,7,13,16,18,21,23,33,36,44],"ascension_level":2}}