{"host":"eaiphzh066bwqdh7","time":1612124755,"event":{"mods":["BaseMod","Better Note","Halation","Hubris","Minty Spire (QoL Compilation)","Reliquary","Replay The Spire","StSLib"],"gold_per_floor":[109,184,30,30,30,30,57,57,107,123,123,134,134,144,144,144,144],"floor_reached":16,"language":"ENG","playtime":903,"items_purged":[],"score":113,"play_id":"382bbdcc-62a3-41ef-90e6-182d8f8fb72a","local_time":"20210131152555","is_ascension_mode":true,"campfire_choices":[{"data":"ReplayUltimateDefense","floor":6,"key":"SMITH"},{"data":"Pray","floor":8,"key":"SMITH"},{"data":"Protect","floor":13,"key":"SMITH"},{"floor":15,"key":"REST"}],"circlet_count":0,"master_deck":["Strike_P","Strike_P","Strike_P","Strike_P","Defend_P","Defend_P","Defend_P","Defend_P","Eruption","Vigilance","Clumsy","ReplayUltimateDefense+1","Protect+1","Pray+1","Replay:Hum","Prostrate"],"relics":["PureWater","Regal Pillow","Dream Catcher","hubris:TenFootPole","Mirror"],"acts_visited":["Exordium"],"potions_floor_usage":[16,16],"damage_taken":[{"damage":2,"enemies":"Cultist","floor":1,"turns":3},{"damage":8,"enemies":"3 Sentries","floor":7,"turns":17},{"damage":0,"enemies":"2 Louse","floor":10,"turns":4},{"damage":1,"enemies":"Jaw Worm","floor":12,"turns":8},{"damage":10,"enemies":"Exordium Thugs","floor":14,"turns":9},{"damage":82,"enemies":"Hexaghost","floor":16,"turns":16}],"seed_played":"-2623162156701747448","potions_obtained":[{"floor":10,"key":"SkillPotion"},{"floor":14,"key":"Adrenaline Potion"}],"is_trial":false,"path_per_floor":["M","?","$","?","$","R","E","R","T","M","T","M","R","M","R","B"],"character_chosen":"WATCHER","items_purchased":["Regal Pillow"],"campfire_rested":1,"item_purchase_floors":[3],"current_hp_per_floor":[70,59,59,72,72,72,64,64,64,64,64,63,63,53,72,0,0],"gold":144,"neow_bonus":"RANDOM_COLORLESS_2","is_daily":false,"chose_seed":false,"campfire_upgraded":3,"win_rate":0.0,"timestamp":1612124755,"path_taken":["M","?","$","?","$","R","E","R","T","M","?","M","R","M","R","BOSS"],"items_purchased_type":["Relic"],"build_version":"2020-12-22","purchased_purges":0,"victory":false,"max_hp_per_floor":[72,72,72,72,72,72,72,72,72,72,72,72,72,72,72,72,72],"card_choices":[{"not_picked":["Apotheosis","Poisoned Strike"],"picked":"ReplayUltimateDefense","floor":0},{"not_picked":["Replay:AtTheReady","ForeignInfluence"],"picked":"Protect","floor":1},{"not_picked":["Weave","MasterReality"],"picked":"Pray","floor":7},{"not_picked":["Replay:ManipulateFuture","FearNoEvil","TalkToTheHand"],"picked":"SKIP","floor":10},{"not_picked":["EmptyFist","EmptyBody","CutThroughFate"],"picked":"SKIP","floor":12},{"not_picked":["Tantrum","FlurryOfBlows"],"picked":"Replay:Hum","floor":14},{"not_picked":["Weave","Replay:ManipulateFuture"],"picked":"Prostrate","floor":15}],"player_experience":217471,"relics_obtained":[{"floor":7,"key":"Dream Catcher"},{"floor":9,"key":"hubris:TenFootPole"},{"floor":11,"key":"Mirror"}],"event_choices":[{"damage_healed":0,"gold_gain":75,"player_choice":"Gather Gold","damage_taken":11,"max_hp_gain":0,"max_hp_loss":0,"event_name":"World of Goop","floor":2,"gold_loss":0},{"damage_healed":24,"gold_gain":0,"player_choice":"Banana","damage_taken":0,"max_hp_gain":0,"max_hp_loss":0,"event_name":"Big Fish","floor":4,"gold_loss":0}],"is_beta":false,"boss_relics":[],"items_purged_floors":[],"is_endless":false,"potions_floor_spawned":[10,14],"killed_by":"Hexaghost","ascension_level":3}}