{"host":"vumwfieg2b2mnrfl","time":1612060540,"event":{"mods":["AchievementEnabler","BaseMod","Minty Spire (QoL Compilation)","Rare Cards Sparkle","Relic Stats"],"gold_per_floor":[10,10,76,96,96,96,129,129,154,154,170,180,210,225,225,225,225],"floor_reached":16,"language":"ENG","playtime":541,"items_purged":[],"score":220,"play_id":"52be58df-52d0-4c0c-9e0e-8104fe869a1f","local_time":"20210130203540","is_ascension_mode":true,"campfire_choices":[{"data":"Adrenaline","floor":6,"key":"SMITH"},{"data":"Neutralize","floor":8,"key":"SMITH"},{"floor":10,"key":"REST"},{"floor":15,"key":"REST"}],"circlet_count":0,"master_deck":["AscendersBane","Strike_G","Strike_G","Strike_G","Strike_G","Defend_G","Defend_G","Defend_G","Defend_G","Defend_G","Survivor","Neutralize+1","Adrenaline+1","Dagger Spray","Grand Finale","Predator","Prepared","Backflip","Footwork","Catalyst","Footwork"],"relics":["Ring of the Snake","Bronze Scales","Akabeko","Art of War","MealTicket"],"acts_visited":["Exordium"],"potions_floor_usage":[13,16],"damage_taken":[{"damage":2,"enemies":"Small Slimes","floor":1,"turns":4},{"damage":0,"enemies":"Jaw Worm","floor":4,"turns":5},{"damage":22,"enemies":"3 Sentries","floor":7,"turns":9},{"damage":0,"enemies":"Cultist","floor":11,"turns":2},{"damage":7,"enemies":"3 Louse","floor":12,"turns":3},{"damage":33,"enemies":"Lagavulin","floor":13,"turns":7},{"damage":0,"enemies":"Gremlin Gang","floor":14,"turns":1},{"damage":34,"enemies":"Hexaghost","floor":16,"turns":14}],"seed_played":"-2164840318406825335","potions_obtained":[{"floor":7,"key":"AttackPotion"},{"floor":11,"key":"SpeedPotion"},{"floor":14,"key":"Dexterity Potion"}],"is_trial":false,"path_per_floor":["M","?","?","M","T","R","E","R","T","R","M","M","E","M","R","B"],"character_chosen":"THE_SILENT","items_purchased":[],"campfire_rested":2,"item_purchase_floors":[],"current_hp_per_floor":[57,57,57,57,57,57,35,35,35,54,54,47,14,14,33,0,0],"gold":225,"neow_bonus":"THREE_RARE_CARDS","is_daily":false,"chose_seed":false,"campfire_upgraded":2,"win_rate":0.0,"timestamp":1612060540,"path_taken":["M","?","?","M","?","R","E","R","T","R","M","M","E","M","R","BOSS"],"items_purchased_type":[],"build_version":"2020-12-22","purchased_purges":0,"victory":false,"max_hp_per_floor":[66,66,66,66,66,66,66,66,66,66,66,66,66,66,66,66,66],"relic_stats":{"counters":[8,45],"Bronze Scales":[109],"MealTicket":0,"Art of War":[1],"obtain_stats":[{"Bronze Scales":5,"MealTicket":13,"Art of War":9,"Akabeko":7,"Ring of the Snake":0},{"Bronze Scales":2,"MealTicket":6,"Art of War":3,"Akabeko":3,"Ring of the Snake":0},{"Bronze Scales":9,"MealTicket":30,"Art of War":18,"Akabeko":18,"Ring of the Snake":0}],"Ring of the Snake":[16]},"card_choices":[{"not_picked":["Grand Finale","Venomology"],"picked":"Adrenaline","floor":0},{"not_picked":["Flying Knee","Calculated Gamble"],"picked":"Dagger Spray","floor":1},{"not_picked":["Flying Knee","Masterful Stab"],"picked":"Predator","floor":4},{"not_picked":["Dodge and Roll","Distraction"],"picked":"Prepared","floor":7},{"not_picked":["Accuracy","All Out Attack"],"picked":"Backflip","floor":11},{"not_picked":["Calculated Gamble","Underhanded Strike"],"picked":"Footwork","floor":12},{"not_picked":["All Out Attack","Sucker Punch"],"picked":"Catalyst","floor":13},{"not_picked":["Infinite Blades","Quick Slash"],"picked":"Footwork","floor":14}],"player_experience":503935,"relics_obtained":[{"floor":5,"key":"Bronze Scales"},{"floor":7,"key":"Akabeko"},{"floor":9,"key":"Art of War"},{"floor":13,"key":"MealTicket"}],"event_choices":[{"damage_healed":0,"gold_gain":0,"cards_transformed":["Strike_G"],"player_choice":"Change","damage_taken":0,"max_hp_gain":0,"max_hp_loss":0,"event_name":"Living Wall","floor":2,"gold_loss":0,"cards_obtained":["Grand Finale"]},{"damage_healed":0,"gold_gain":66,"player_choice":"Gained Gold","damage_taken":0,"max_hp_gain":0,"max_hp_loss":0,"event_name":"Golden Wing","floor":3,"gold_loss":0}],"is_beta":false,"boss_relics":[],"items_purged_floors":[],"is_endless":false,"potions_floor_spawned":[7,11,14],"killed_by":"Hexaghost","ascension_level":20}}