{"host":"6rz02yiipefhcw4r","time":1612073249,"event":{"mods":["2.2 Compatiblity","Arknights","BaseMod","Better Match","Better Third Choice","Better Vampires","BetterRewards","Block Reminder","Colored Map","Curses Come First","DeckTracker","Googly Eyes","Hubris","Minty Spire (QoL Compilation)","Quick Restart","Rare Cards Sparkle","Reliquary","Replay The Spire","Shade Mod","Spicy Shops","StSLib","The Bladedancer","The Cursed","The Marked","The Necromancer","The Runesmith"],"gold_per_floor":[127,153,165,177,189,201,201],"floor_reached":6,"language":"ENG","playtime":176,"items_purged":[],"score":68,"play_id":"a863aa98-fdc9-434a-9aae-ff3377431766","local_time":"20210131040729","is_ascension_mode":true,"campfire_choices":[],"circlet_count":0,"master_deck":["AscendersBane","Strike_R","Strike_R","Strike_R","Strike_R","Strike_R","Defend_R","Defend_R","Defend_R","Defend_R","Bash+1","Replay:Undeath\u0027s Touch","Feel No Pain"],"relics":["Burning Blood","MawBank","Golden Idol"],"acts_visited":["Exordium"],"potions_floor_usage":[],"damage_taken":[{"damage":2,"enemies":"2 Louse","floor":1,"turns":3},{"damage":14,"enemies":"Jaw Worm","floor":2,"turns":5},{"damage":57,"enemies":"Lagavulin","floor":6,"turns":10}],"seed_played":"-6100297840111258956","potions_obtained":[],"is_trial":false,"path_per_floor":["M","M","?","?","?","E"],"character_chosen":"IRONCLAD","items_purchased":[],"campfire_rested":0,"item_purchase_floors":[],"current_hp_per_floor":[72,64,64,64,64,7,7],"gold":201,"neow_bonus":"RANDOM_COMMON_RELIC","is_daily":false,"chose_seed":false,"campfire_upgraded":0,"win_rate":0.0,"timestamp":1612073249,"path_taken":["M","M","?","?","?","E"],"items_purchased_type":[],"build_version":"2020-12-22","purchased_purges":0,"victory":false,"max_hp_per_floor":[75,75,75,75,68,68,68],"card_choices":[{"not_picked":["Armaments","ReplayReversal"],"picked":"Replay:Undeath\u0027s Touch","floor":1},{"not_picked":["Body Slam","Thunderclap"],"picked":"Feel No Pain","floor":2}],"player_experience":777510,"relics_obtained":[],"event_choices":[{"damage_healed":0,"gold_gain":0,"player_choice":"Leave","damage_taken":0,"max_hp_gain":0,"max_hp_loss":0,"event_name":"The Cleric","floor":3,"gold_loss":0},{"damage_healed":0,"gold_gain":0,"player_choice":"Grow","damage_taken":0,"max_hp_gain":0,"max_hp_loss":0,"event_name":"Living Wall","floor":4,"gold_loss":0,"cards_upgraded":["Bash"]},{"damage_healed":0,"gold_gain":0,"player_choice":"Lose Max HP","damage_taken":0,"relics_obtained":["Golden Idol"],"max_hp_gain":0,"max_hp_loss":7,"event_name":"Golden Idol","floor":5,"gold_loss":0}],"is_beta":false,"boss_relics":[],"items_purged_floors":[],"is_endless":false,"potions_floor_spawned":[],"killed_by":"Lagavulin","ascension_level":20}}