{"host":"mb4cisebr17g8vuz","time":1612124579,"event":{"mods":["AchievementEnabler","BaseMod","Colored Map","Colored Powertips","Minty Spire (QoL Compilation)","SuperFastMode","everything is the same but u backflip on backflip"],"gold_per_floor":[119,138,138,63,73,73,107,126,126,138,149,160,160,189,189,189,189],"floor_reached":16,"language":"KOR","playtime":493,"items_purged":["Strike_R"],"score":217,"play_id":"dd791a2d-d4ea-4eb9-a406-4fdaa4d85954","local_time":"20210131152259","is_ascension_mode":true,"campfire_choices":[{"data":"Armaments","floor":6.0,"key":"SMITH"},{"floor":13,"key":"REST"},{"floor":15,"key":"REST"}],"circlet_count":0,"master_deck":["AscendersBane","Strike_R","Strike_R","Strike_R","Defend_R","Defend_R","Defend_R","Defend_R","Bash","Anger","Body Slam","Armaments+1","Thunderclap","Second Wind","Reckless Charge","Shrug It Off"],"relics":["Burning Blood","Nunchaku","Lantern","Question Card"],"acts_visited":["Exordium"],"potions_floor_usage":[11,14,16],"damage_taken":[{"damage":14.0,"enemies":"Jaw Worm","floor":1.0,"turns":5.0},{"damage":1.0,"enemies":"Cultist","floor":2.0,"turns":4.0},{"damage":4.0,"enemies":"Small Slimes","floor":5.0,"turns":3.0},{"damage":47.0,"enemies":"3 Sentries","floor":7.0,"turns":12.0},{"damage":3.0,"enemies":"Exordium Wildlife","floor":8.0,"turns":4.0},{"damage":8.0,"enemies":"Blue Slaver","floor":10.0,"turns":3.0},{"damage":11,"enemies":"Looter","floor":11,"turns":2},{"damage":9,"enemies":"Exordium Wildlife","floor":12,"turns":4},{"damage":37,"enemies":"Lagavulin","floor":14,"turns":8},{"damage":50,"enemies":"The Guardian","floor":16,"turns":9}],"seed_played":"8213857803523408560","potions_obtained":[{"floor":2.0,"key":"Swift Potion"},{"floor":3.0,"key":"DuplicationPotion"},{"floor":3.0,"key":"AttackPotion"},{"floor":8.0,"key":"BloodPotion"},{"floor":10.0,"key":"BlessingOfTheForge"},{"floor":11,"key":"Dexterity Potion"}],"is_trial":false,"path_per_floor":["M","M","?","$","M","R","E","M","T","M","M","M","R","E","R","B"],"character_chosen":"IRONCLAD","items_purchased":[],"campfire_rested":2,"item_purchase_floors":[],"current_hp_per_floor":[60,65,65,65,67,67,26,29,29,27,22,19,41,10,32,0,0],"gold":189,"neow_bonus":"REMOVE_CARD","is_daily":false,"chose_seed":false,"campfire_upgraded":1,"win_rate":0.0,"timestamp":1612124579,"path_taken":["M","M","?","$","M","R","E","M","T","M","M","M","R","E","R","BOSS"],"items_purchased_type":[],"build_version":"2020-12-22","purchased_purges":1,"victory":false,"max_hp_per_floor":[75,75,75,75,75,75,75,75,75,75,75,75,75,75,75,75,75],"card_choices":[{"not_picked":["Flex","Intimidate"],"picked":"Anger","floor":1.0},{"not_picked":["Shockwave","Headbutt"],"picked":"Body Slam","floor":2.0},{"not_picked":["Headbutt","Spot Weakness"],"picked":"Armaments","floor":5.0},{"not_picked":["Anger","Headbutt"],"picked":"Thunderclap","floor":7.0},{"not_picked":["Warcry","Shockwave"],"picked":"Second Wind","floor":8.0},{"not_picked":["Second Wind","Rampage"],"picked":"Reckless Charge","floor":10.0},{"not_picked":["True Grit","Spot Weakness"],"picked":"Shrug It Off","floor":11},{"not_picked":["Thunderclap","Sever Soul","Warcry"],"picked":"SKIP","floor":12},{"not_picked":["Bloodletting","Whirlwind","Dual Wield"],"picked":"SKIP","floor":14}],"player_experience":241899,"relics_obtained":[{"floor":7.0,"key":"Nunchaku"},{"floor":9.0,"key":"Lantern"},{"floor":14,"key":"Question Card"}],"event_choices":[{"damage_healed":0.0,"max_hp_gain":0.0,"max_hp_loss":0.0,"gold_gain":0.0,"event_name":"Lab","player_choice":"Got Potions","floor":3.0,"gold_loss":0.0,"damage_taken":0.0}],"is_beta":false,"boss_relics":[],"items_purged_floors":[4],"is_endless":false,"potions_floor_spawned":[2,8,10,11],"killed_by":"The Guardian","ascension_level":18}}