{"host":"d54lcqy5t45er8jx","time":1612093689,"event":{"mods":["2.2 Compatiblity","BaseMod","CapriCore","Defuse TimeMaze Blight","Hermit","Hubris","Infinite Spire","Marisa£¨Ùöéë¡¡Øª×âÞÞ£©","Minty Spire (QoL Compilation)","Rare Cards Sparkle","Relic Stats","StSLib","The Animator","The Cursed","The Immortal","The Servant 0.9.4","WarShipGirlsR/??á´Ò³R mod"],"gold_per_floor":[121,46,60,74,149,149,174,174,174,55,79,108,164,198,198,274,299,319,319,348,373,386,438,438,488,513,527,527,527],"floor_reached":28,"language":"ENG","playtime":1966,"items_purged":["animator:Genos","animator:Archer"],"score":772,"play_id":"68640293-1a2a-4a84-8993-1f3f634765ba","local_time":"20210131204809","daily_mods":["Draft","Insanity","Heirloom","DeadlyEvents","Elite Swarm","Uncertain Future"],"is_ascension_mode":true,"campfire_choices":[{"data":"animator:DolaSchwi","floor":6,"key":"SMITH"},{"data":"animator:Aqua","floor":8,"key":"SMITH"},{"data":"animator:Laby","floor":15,"key":"SMITH"},{"data":"animator:Ain","floor":24,"key":"SMITH"}],"circlet_count":0,"master_deck":["AscendersBane","animator:LizardPriest","animator:Spearman","animator:DolaCouronne","animator:Shion","animator:Viivi","animator:YuiTsuruno","animator:DolaSchwi+1","animator:OrikoMikuni","animator:LizardPriest","animator:Aqua+1","animator:Aqua","animator:GuildGirl","animator:Verdia","animator:Elsword","animator:YaoHaDucy","animator:DolaCouronne","animator:Chung","animator:PandorasActor","animator:ChlammyZell","animator:Laby+1","animator:HiiragiShinya","animator:DwarfShaman","animator:Verdia","animator:Yuuichirou","animator:ElricEdward","animator:Ain+1","animator:Shichika","animator:Guy","animator:TsurugaMeisai","animator:Entoma+2","animator:Kuribayashi","animator:TukaLunaMarceau","animator:MetalKnight","animator:Lancer","animator:AcuraAkari","animator:IrohaTamaki","animator:Togame","animator:LeleiLaLalena","animator:TsurugaMeisai","animator:Alexander","animator:DolaSchwi","animator:Hakurou","animator:DwarfShaman","animator:Nanami","animator:Kazuma","animator:WinryRockbell","animator:TsurugaMeisai","animator:Millim","animator:Mitsurugi","animator:FielNirvalen","animator:Chung","animator:MumenRider","animator:PandorasActor","animator:DwarfShaman","animator:ElricEdward","animator:Aqua","animator:IrohaTamaki","animator:SuzuneAmano","animator:DolaSchwi","animator:DolaSchwi","animator:Aqua","animator:RoyMustang","animator:ElricAlphonse","animator:Shuna","animator:Ain","animator:Arpeggio","animator:Gilgamesh+6","animator:Sora","animator:NarberalGamma","animator:HomuraAkemi","animator:Benimaru","animator:Rimuru","animator:Mikaela","animator:Jibril","animator:Tet","animator:Kyubey","animator:DolaSchwi"],"relics":["animator:LivingPicture","animator:TheMissingPiece","animator:PurgingStone","Ice Cream","animator:BattleDrones","hubris:Reverence","infinitespire:Lucky Rock","animator:EngravedStaff","SlaversCollar","Question Card","Singing Bowl","Tiny Chest","Matryoshka"],"acts_visited":["Exordium","TheCity"],"potions_floor_usage":[7,22,23,28],"damage_taken":[{"damage":3,"enemies":"Cultist","floor":1,"turns":3},{"damage":0,"enemies":"2 Louse","floor":3,"turns":3},{"damage":9,"enemies":"Jaw Worm","floor":4,"turns":4},{"damage":1,"enemies":"3 Sentries","floor":7,"turns":8},{"damage":3,"enemies":"2 Fungi Beasts","floor":11,"turns":5},{"damage":0,"enemies":"Gremlin Nob","floor":12,"turns":2},{"damage":21,"enemies":"Lagavulin","floor":13,"turns":5},{"damage":6,"enemies":"Gremlin Nob","floor":14,"turns":3},{"damage":4,"enemies":"Hexaghost","floor":16,"turns":9},{"damage":12,"enemies":"Spheric Guardian","floor":18,"turns":5},{"damage":2,"enemies":"Shell Parasite","floor":20,"turns":3},{"damage":6,"enemies":"Snake Plant","floor":22,"turns":3},{"damage":0,"enemies":"animator:HornedBat","floor":23,"turns":5},{"damage":19,"enemies":"Nightmare","floor":25,"turns":5},{"damage":1,"enemies":"3 Cultists","floor":27,"turns":3},{"damage":31,"enemies":"Gremlin Leader","floor":28,"turns":2}],"seed_played":"-7591223739308033700","potions_obtained":[{"floor":3,"key":"Block Potion"},{"floor":12,"key":"Block Potion"},{"floor":13,"key":"Swift Potion"},{"floor":16,"key":"infinitespire:BlackPotion"},{"floor":27,"key":"ColorlessPotion"}],"is_trial":true,"path_per_floor":["M","?","M","M","?","R","E","R","T","$","M","E","E","E","R","B",null,"M","?","M","AVR","M","E","R","NM","T","M","E"],"character_chosen":"THE_ANIMATOR","items_purchased":["animator:Arpeggio"],"campfire_rested":0,"item_purchase_floors":[10],"current_hp_per_floor":[59,59,61,55,44,44,49,49,49,49,50,50,31,28,28,33,55,50,50,48,48,42,44,44,28,28,29,0,0],"gold":527,"neow_bonus":"","is_daily":false,"chose_seed":false,"campfire_upgraded":4,"win_rate":0.0,"timestamp":1612093689,"path_taken":["M","?","M","M","?","R","E","R","T","$","M","E","?","E","R","BOSS","M","?","M","AVR","M","E","R","NM","T","M","E"],"items_purchased_type":["Card"],"build_version":"2020-12-22","purchased_purges":2,"victory":false,"max_hp_per_floor":[60,60,62,62,62,62,62,62,62,62,62,62,62,62,62,62,62,62,62,62,62,62,62,62,62,62,62,62,62],"relic_stats":{"Singing Bowl":0,"counters":[16,68],"Tiny Chest":0,"Question Card":11,"obtain_stats":[{"Ice Cream":0,"Singing Bowl":23,"animator:TheMissingPiece":0,"animator:BattleDrones":7,"infinitespire:Lucky Rock":12,"Question Card":21,"SlaversCollar":17,"Matryoshka":26,"animator:PurgingStone":0,"animator:EngravedStaff":13,"Tiny Chest":25,"animator:LivingPicture":0,"hubris:Reverence":9},{"Ice Cream":0,"Singing Bowl":13,"animator:TheMissingPiece":0,"animator:BattleDrones":4,"infinitespire:Lucky Rock":6,"Question Card":11,"SlaversCollar":9,"Matryoshka":14,"animator:PurgingStone":0,"animator:EngravedStaff":7,"Tiny Chest":14,"animator:LivingPicture":0,"hubris:Reverence":4},{"Ice Cream":0,"Singing Bowl":58,"animator:TheMissingPiece":0,"animator:BattleDrones":18,"infinitespire:Lucky Rock":25,"Question Card":50,"SlaversCollar":42,"Matryoshka":63,"animator:PurgingStone":0,"animator:EngravedStaff":30,"Tiny Chest":63,"animator:LivingPicture":0,"hubris:Reverence":18}]},"card_choices":[{"not_picked":["animator:Tet","animator:PandorasActor"],"picked":"animator:Millim","floor":0},{"not_picked":["animator:DolaCouronne","animator:Ciel"],"picked":"animator:Mitsurugi","floor":0},{"not_picked":["animator:ChaikaBohdan","animator:Melzalgald"],"picked":"animator:FielNirvalen","floor":0},{"not_picked":["animator:DolaCouronne","animator:Alexander"],"picked":"animator:Chung","floor":0},{"not_picked":["animator:YaoHaDucy","animator:TukaLunaMarceau"],"picked":"animator:MumenRider","floor":0},{"not_picked":["animator:Sebas","animator:Konayuki"],"picked":"animator:PandorasActor","floor":0},{"not_picked":["animator:Yoichi","animator:ElricAlphonse"],"picked":"animator:DwarfShaman","floor":0},{"not_picked":["animator:ElricAlphonse","animator:Gillette"],"picked":"animator:ElricEdward","floor":0},{"not_picked":["animator:Shigure","animator:Priestess"],"picked":"animator:Aqua","floor":0},{"not_picked":["animator:DolaCouronne","animator:EmiyaShirou"],"picked":"animator:IrohaTamaki","floor":0},{"not_picked":["animator:Gluttony","animator:Illya"],"picked":"animator:SuzuneAmano","floor":0},{"not_picked":["animator:Mitsurugi","animator:Arpeggio"],"picked":"animator:DolaSchwi","floor":0},{"not_picked":["animator:Gillette","animator:GuildGirl"],"picked":"animator:Entoma","floor":0},{"not_picked":["animator:Tet","animator:CrowleyEusford"],"picked":"animator:DolaSchwi","floor":0},{"not_picked":["animator:UneriGinkaku","animator:Priestess"],"picked":"animator:Aqua","floor":0},{"not_picked":["animator:FielNirvalen","animator:Elsword"],"picked":"animator:RoyMustang","floor":1},{"not_picked":["animator:RinTohsaka","animator:Ciel"],"picked":"animator:ElricAlphonse","floor":3},{"not_picked":["animator:Illya","animator:DwarfShaman"],"picked":"animator:Shuna","floor":4},{"not_picked":["animator:Lu","animator:Elsword"],"picked":"animator:Ain","floor":7},{"not_picked":["animator:Yuuichirou","animator:Raven","animator:Mitsurugi"],"picked":"SKIP","floor":11},{"not_picked":["animator:Father","animator:Saber"],"picked":"animator:Gilgamesh","floor":12},{"not_picked":["animator:Eris","animator:Saber"],"picked":"animator:Sora","floor":13},{"not_picked":["animator:Sebas","animator:PandorasActor"],"picked":"animator:NarberalGamma","floor":14},{"not_picked":["animator:ChaikaTrabant","animator:Boros"],"picked":"animator:HomuraAkemi","floor":16},{"not_picked":["animator:Shalltear","animator:RoryMercury"],"picked":"animator:Benimaru","floor":18},{"not_picked":["animator:Hakurou","animator:Alexander"],"picked":"animator:Mikaela","floor":20},{"not_picked":["animator:Melzalgald","animator:Hitei","animator:TsurugaMeisai+1"],"picked":"animator:Jibril","floor":22},{"not_picked":["animator:DolaRiku","animator:ChlammyZell","animator:Jibril"],"picked":"animator:Tet","floor":23},{"not_picked":["animator:HigakiRinne","animator:Saber","animator:Sora"],"picked":"animator:Kyubey","floor":25},{"not_picked":["animator:Lu","animator:Ciel+1","animator:ElricEdward+1"],"picked":"animator:DolaSchwi","floor":27}],"player_experience":972028,"relics_obtained":[{"floor":7,"key":"animator:BattleDrones"},{"floor":9,"key":"hubris:Reverence"},{"floor":12,"key":"infinitespire:Lucky Rock"},{"floor":13,"key":"animator:EngravedStaff"},{"floor":23,"key":"Singing Bowl"},{"floor":25,"key":"Tiny Chest"},{"floor":26,"key":"Matryoshka"}],"event_choices":[{"cards_removed":["animator:Kazuma"],"damage_healed":0,"gold_gain":0,"player_choice":"Card Removal","damage_taken":0,"max_hp_gain":0,"max_hp_loss":0,"event_name":"The Cleric","floor":2,"gold_loss":75},{"damage_healed":0,"gold_gain":75,"player_choice":"Gather Gold","damage_taken":11,"max_hp_gain":0,"max_hp_loss":0,"event_name":"World of Goop","floor":5,"gold_loss":0}],"is_beta":false,"boss_relics":[{"not_picked":["Mark of Pain","Cursed Key"],"picked":"SlaversCollar"}],"items_purged_floors":[10,21],"is_endless":true,"potions_floor_spawned":[3,12,13,14,16,20,27],"killed_by":"Gremlin Leader","ascension_level":20}}