{"host":"d52brwsy6af8zvaq","time":1612115287,"event":{"mods":["AchievementEnabler","BaseMod","Bestiary","Highlight Path","Minty Spire (QoL Compilation)","Quick Restart","Relic Stats","ojb\u0027s Better Paths Mod"],"gold_per_floor":[118,135,135,153,163,191,207,207,207,207,237,237,268,72,72,149,149,161,211,211,211,234,234,234],"floor_reached":23,"language":"ENG","playtime":1069,"items_purged":[],"score":443,"play_id":"ab13a452-7cf9-49ea-b5b7-06a1149d6fa4","local_time":"20210131104807","is_ascension_mode":true,"campfire_choices":[{"floor":8.0,"key":"REST"},{"floor":15,"key":"REST"}],"circlet_count":0,"master_deck":["AscendersBane","Defend_G","Defend_G","Defend_G","Defend_G","Defend_G","Survivor","Neutralize","Tools of the Trade","Skewer","Bouncing Flask","Corpse Explosion","PiercingWail","Well Laid Plans","Blade Dance","Phantasmal Killer","Deadly Poison","Prepared","Backflip","Burst","PiercingWail","Bite","Bite","Bite","Bite","Bite","Noxious Fumes"],"relics":["Ring of the Snake","Pear","Ninja Scroll","Mummified Hand","Art of War","ClockworkSouvenir","Coffee Dripper"],"acts_visited":["TheCity"],"potions_floor_usage":[16,18],"damage_taken":[{"damage":0.0,"enemies":"Jaw Worm","floor":1.0,"turns":7.0},{"damage":1.0,"enemies":"Cultist","floor":2.0,"turns":4.0},{"damage":0.0,"enemies":"Small Slimes","floor":4.0,"turns":3.0},{"damage":8.0,"enemies":"Gremlin Gang","floor":5.0,"turns":3.0},{"damage":33.0,"enemies":"3 Sentries","floor":6.0,"turns":7.0},{"damage":0.0,"enemies":"2 Fungi Beasts","floor":7.0,"turns":1.0},{"damage":20.0,"enemies":"Lagavulin","floor":11.0,"turns":7.0},{"damage":0.0,"enemies":"3 Louse","floor":12.0,"turns":1.0},{"damage":22.0,"enemies":"3 Sentries","floor":13.0,"turns":3.0},{"damage":16,"enemies":"Slime Boss","floor":16,"turns":10},{"damage":14,"enemies":"Chosen","floor":18,"turns":5},{"damage":50,"enemies":"Slavers","floor":23,"turns":3}],"seed_played":"-2126265926720300869","potions_obtained":[{"floor":1.0,"key":"DuplicationPotion"},{"floor":4.0,"key":"SteroidPotion"},{"floor":10.0,"key":"ColorlessPotion"},{"floor":10.0,"key":"SmokeBomb"},{"floor":13.0,"key":"ColorlessPotion"},{"floor":16,"key":"ColorlessPotion"},{"floor":18,"key":"CultistPotion"}],"is_trial":false,"path_per_floor":["M","M","?","M","M","E","M","R","T","?","E","M","E","$","R","B",null,"M","?","?","?","T","E"],"character_chosen":"THE_SILENT","items_purchased":["ClockworkSouvenir","Backflip"],"campfire_rested":2,"item_purchase_floors":[14,14],"current_hp_per_floor":[59,58,58,58,50,27,27,49,49,49,29,29,7,7,29,13,60,46,46,46,46,46,0,0],"gold":234,"neow_bonus":"ONE_RANDOM_RARE_CARD","is_daily":false,"chose_seed":false,"campfire_upgraded":0,"win_rate":0.0,"timestamp":1612115287,"path_taken":["M","M","?","?","M","E","M","R","T","?","E","?","E","$","R","BOSS","M","?","?","?","?","E"],"items_purchased_type":["Relic","Card"],"build_version":"2020-12-22","purchased_purges":0,"victory":false,"max_hp_per_floor":[66,66,66,66,66,76,76,76,76,76,76,76,76,76,76,76,76,76,76,53,53,53,53,53],"relic_stats":{"counters":[12,54],"Mummified Hand":[8],"Art of War":[2],"obtain_stats":[{"Pear":6,"Ninja Scroll":9,"Mummified Hand":11,"Art of War":13,"Coffee Dripper":17,"Ring of the Snake":0,"ClockworkSouvenir":14},{"Pear":5,"Ninja Scroll":6,"Mummified Hand":7,"Art of War":9,"Coffee Dripper":10,"Ring of the Snake":0,"ClockworkSouvenir":9},{"Pear":24,"Ninja Scroll":25,"Mummified Hand":32,"Art of War":36,"Coffee Dripper":46,"Ring of the Snake":0,"ClockworkSouvenir":36}],"Ring of the Snake":[24]},"card_choices":[{"not_picked":["Footwork","Poisoned Stab"],"picked":"Skewer","floor":1.0},{"not_picked":["Accuracy","Acrobatics"],"picked":"Bouncing Flask","floor":2.0},{"not_picked":["Acrobatics","Prepared"],"picked":"PiercingWail","floor":4.0},{"not_picked":["Heel Hook","Acrobatics"],"picked":"Well Laid Plans","floor":5.0},{"not_picked":["PiercingWail","Well Laid Plans"],"picked":"Blade Dance","floor":6.0},{"not_picked":["Setup","Acrobatics"],"picked":"Phantasmal Killer","floor":7.0},{"not_picked":["Reflex","Acrobatics"],"picked":"Deadly Poison","floor":11.0},{"not_picked":["Quick Slash","Underhanded Strike"],"picked":"Prepared","floor":13.0},{"not_picked":["Envenom","Grand Finale"],"picked":"Burst","floor":16},{"not_picked":["Sucker Punch","Underhanded Strike"],"picked":"PiercingWail","floor":18}],"player_experience":2084897,"relics_obtained":[{"floor":6.0,"key":"Pear"},{"floor":9.0,"key":"Ninja Scroll"},{"floor":11.0,"key":"Mummified Hand"},{"floor":13.0,"key":"Art of War"}],"event_choices":[{"damage_healed":0.0,"max_hp_gain":0.0,"max_hp_loss":0.0,"gold_gain":0.0,"cards_transformed":["Strike_G"],"event_name":"Transmorgrifier","player_choice":"Transformed","floor":3.0,"gold_loss":0.0,"damage_taken":0.0,"cards_obtained":["Corpse Explosion"]},{"damage_healed":0.0,"max_hp_gain":0.0,"max_hp_loss":0.0,"gold_gain":0.0,"event_name":"Lab","player_choice":"Got Potions","floor":10.0,"gold_loss":0.0,"damage_taken":0.0},{"damage_healed":0,"gold_gain":50,"player_choice":"Stole From Cult","damage_taken":0,"max_hp_gain":0,"max_hp_loss":0,"event_name":"Nest","floor":19,"gold_loss":0},{"damage_healed":0,"gold_gain":0,"player_choice":"Became a vampire","damage_taken":0,"max_hp_gain":0,"max_hp_loss":23,"event_name":"Vampires","floor":20,"gold_loss":0,"cards_obtained":["Bite","Bite","Bite","Bite","Bite"]},{"damage_healed":0,"gold_gain":0,"player_choice":"Read","damage_taken":0,"max_hp_gain":0,"max_hp_loss":0,"event_name":"The Library","floor":21,"gold_loss":0,"cards_obtained":["Noxious Fumes"]}],"is_beta":false,"boss_relics":[{"not_picked":["Empty Cage","Velvet Choker"],"picked":"Coffee Dripper"}],"items_purged_floors":[],"is_endless":false,"potions_floor_spawned":[1,4,12,13,16,18],"killed_by":"Slavers","ascension_level":20}}