{"host":"kn32u0f2pym5bozc","time":1612079003,"event":{"mods":["2.2 Compatiblity","BaseMod","Better Third Choice","Minty Spire (QoL Compilation)","Permanent Neow","Relic Stats","StSLib","The Animator"],"gold_per_floor":[18,31,42,74,90,90,90],"floor_reached":6,"language":"ENG","playtime":443,"items_purged":[],"score":76,"play_id":"125119ce-89e3-4343-ae0b-fb39529a8973","local_time":"20210131024323","is_ascension_mode":true,"campfire_choices":[],"circlet_count":0,"master_deck":["AscendersBane","animator:Strike_Fate","animator:Defend_Fate","animator:Strike","animator:Strike","animator:Strike","animator:Defend","animator:Defend","animator:Defend","animator:Alexander","animator:Rider","animator:LizardPriest","animator:Priestess","animator:Lu","animator:Berserker","animator:Ciel"],"relics":["animator:LivingPicture","animator:TheMissingPiece","animator:PurgingStone","CaptainsWheel"],"acts_visited":["Exordium"],"potions_floor_usage":[],"damage_taken":[{"damage":1,"enemies":"Cultist","floor":1,"turns":4},{"damage":1,"enemies":"2 Louse","floor":2,"turns":3},{"damage":0,"enemies":"Small Slimes","floor":3,"turns":4},{"damage":15,"enemies":"Exordium Thugs","floor":4,"turns":6},{"damage":34,"enemies":"Large Slime","floor":5,"turns":10},{"damage":4,"enemies":"3 Sentries","floor":6,"turns":2}],"seed_played":"-5201801001385645295","potions_obtained":[{"floor":1,"key":"Ancient Potion"}],"is_trial":false,"path_per_floor":["M","M","M","M","M","E"],"character_chosen":"THE_ANIMATOR","items_purchased":[],"campfire_rested":0,"item_purchase_floors":[],"current_hp_per_floor":[53,52,52,37,3,0,0],"gold":90,"neow_bonus":"ONE_RARE_RELIC","is_daily":false,"chose_seed":false,"campfire_upgraded":0,"win_rate":0.0,"timestamp":1612079003,"path_taken":["M","?","M","M","M","E"],"items_purchased_type":[],"build_version":"2020-12-22","purchased_purges":0,"victory":false,"max_hp_per_floor":[60,60,60,60,60,60,60],"relic_stats":{"counters":[6,29],"obtain_stats":[{"CaptainsWheel":0,"animator:PurgingStone":0,"animator:TheMissingPiece":0,"animator:LivingPicture":0},{"CaptainsWheel":0,"animator:PurgingStone":0,"animator:TheMissingPiece":0,"animator:LivingPicture":0},{"CaptainsWheel":0,"animator:PurgingStone":0,"animator:TheMissingPiece":0,"animator:LivingPicture":0}]},"card_choices":[{"not_picked":["animator:DolaStephanie","animator:YaoHaDucy"],"picked":"animator:LizardPriest","floor":1},{"not_picked":["animator:ChaikaBohdan","animator:TukaLunaMarceau"],"picked":"animator:Priestess","floor":2},{"not_picked":["animator:Demiurge","animator:Sebas"],"picked":"animator:Lu","floor":3},{"not_picked":["animator:ShinjiMatou","animator:Alexander"],"picked":"animator:Berserker","floor":4},{"not_picked":["animator:HighElfArcher","animator:Yuuichirou"],"picked":"animator:Ciel","floor":5}],"player_experience":885467,"relics_obtained":[],"event_choices":[],"is_beta":false,"boss_relics":[],"items_purged_floors":[],"is_endless":false,"potions_floor_spawned":[1],"killed_by":"3 Sentries","ascension_level":18}}