{"host":"2l3i55whvwk76mom","time":1612055221,"event":{"mods":["BaseMod","Googly Eyes","Hermit","Hubris","Minty Spire (QoL Compilation)","Replay The Spire","StSLib","The Cursed","The Disciple","The Hierophant","The Jungle","The Necromancer"],"gold_per_floor":[115,130,142,160,176,176,208,208,208,208,208],"floor_reached":10,"language":"ENG","playtime":409,"items_purged":[],"score":123,"play_id":"336a831e-fdcf-4d6d-a146-32fe6b635c0f","local_time":"20210130170701","is_ascension_mode":true,"campfire_choices":[{"data":"Feed","floor":6,"key":"SMITH"},{"floor":8,"key":"REST"}],"circlet_count":0,"master_deck":["Burning Pact","Strike_R","Strike_R","Strike_R","Strike_R","Strike_R","Defend_R","Defend_R","Defend_R","Defend_R","Bash","Feed+1","ReplayTheSpireMod:Muscle Training","Shockwave","Anger","Warcry","Cleave","Disarm"],"relics":["Burning Blood","Molten Egg 2"],"acts_visited":["Exordium"],"potions_floor_usage":[5,5,7],"damage_taken":[{"damage":6,"enemies":"Cultist","floor":1,"turns":3},{"damage":5,"enemies":"Small Slimes","floor":2,"turns":3},{"damage":8,"enemies":"Jaw Worm","floor":3,"turns":3},{"damage":11,"enemies":"Blue Slaver","floor":4,"turns":3},{"damage":12,"enemies":"Gremlin Gang","floor":5,"turns":7},{"damage":73,"enemies":"Lagavulin","floor":7,"turns":12},{"damage":33,"enemies":"Gremlin Nob","floor":10,"turns":5}],"seed_played":"-1004045584678244258","potions_obtained":[{"floor":1,"key":"SpeedPotion"},{"floor":2,"key":"LifebloodPotion"},{"floor":3,"key":"ColorlessPotion"}],"is_trial":false,"path_per_floor":["M","M","M","M","M","R","E","R","T","E"],"character_chosen":"IRONCLAD","items_purchased":[],"campfire_rested":1,"item_purchase_floors":[],"current_hp_per_floor":[75,79,80,78,75,75,12,41,41,8,8],"gold":208,"neow_bonus":"ONE_RANDOM_RARE_CARD","is_daily":false,"chose_seed":false,"campfire_upgraded":1,"win_rate":0.0,"timestamp":1612055221,"path_taken":["M","M","M","M","M","R","E","R","T","E"],"items_purchased_type":[],"build_version":"2020-12-22","purchased_purges":0,"victory":false,"max_hp_per_floor":[83,86,89,92,95,95,99,99,99,99,99],"card_choices":[{"not_picked":["Life Link","Evolve"],"picked":"ReplayTheSpireMod:Muscle Training","floor":1},{"not_picked":["Power Through","Headbutt"],"picked":"Shockwave","floor":2},{"not_picked":["Heavy Blade","Body Slam"],"picked":"Anger","floor":3},{"not_picked":["Seeing Red","Anger"],"picked":"Warcry","floor":4},{"not_picked":["Wild Strike","ReplayTheSpireMod:Stacked"],"picked":"Cleave","floor":5},{"not_picked":["Perfected Strike+1","ReplayTheSpireMod:Muscle Training"],"picked":"Disarm","floor":7}],"player_experience":340709,"relics_obtained":[{"floor":7,"key":"Molten Egg 2"}],"event_choices":[],"is_beta":false,"boss_relics":[],"items_purged_floors":[],"is_endless":false,"potions_floor_spawned":[1,2,3],"killed_by":"Gremlin Nob","ascension_level":8}}