{"host":"g2yp6paluzgljz05","time":1612096230,"event":{"mods":["BaseMod","Bestiary","Colored Powertips","DeckTracker","Highlight Path","Minty Spire (QoL Compilation)","Quick Restart"],"gold_per_floor":[116,291,566,263,281,281,307,207,281,292,292,318,335,350,350,450,450,470,345,360,285,297,297,328,328,354,119,134,134,134,153,153,253,253,269,280,190,206,206,206],"floor_reached":39,"language":"ENG","playtime":2080,"items_purged":["Regret","Doubt","Parasite","Strike_R"],"score":600,"play_id":"f41c2c55-20bd-40f4-a5ea-1bfa7c219d2e","local_time":"20210131233030","is_ascension_mode":true,"campfire_choices":[{"data":"Clothesline","floor":6,"key":"SMITH"},{"floor":11,"key":"REST"},{"data":"Sever Soul","floor":15,"key":"SMITH"},{"floor":23,"key":"REST"},{"floor":29,"key":"REST"},{"floor":32,"key":"REST"}],"circlet_count":0,"master_deck":["Strike_R","Defend_R+1","Defend_R","Defend_R","Defend_R","Bash","Pommel Strike","Battle Trance","Clothesline+1","Sever Soul+1","Disarm","Immolate","Uppercut","Shrug It Off+1","Mayhem","Berserk","CurseOfTheBell","Armaments+1","Infernal Blade+1","Fire Breathing+1"],"relics":["Burning Blood","Champion Belt","Lee\u0027s Waffle","Orichalcum","Mercury Hourglass","Bag of Preparation","Fusion Hammer","Art of War","Smiling Mask","Nunchaku","Calling Bell","Potion Belt","The Courier","Charon\u0027s Ashes"],"acts_visited":["Exordium","TheCity","TheBeyond"],"potions_floor_usage":[33,38,38,39],"damage_taken":[{"damage":17.0,"enemies":"Jaw Worm","floor":1.0,"turns":3.0},{"damage":12,"enemies":"2 Louse","floor":5,"turns":4},{"damage":65,"enemies":"3 Sentries","floor":7,"turns":9},{"damage":0,"enemies":"Cultist","floor":10,"turns":3},{"damage":21,"enemies":"Lagavulin","floor":12,"turns":6},{"damage":8,"enemies":"Blue Slaver","floor":13,"turns":3},{"damage":2,"enemies":"Looter","floor":14,"turns":2},{"damage":10,"enemies":"Hexaghost","floor":16,"turns":10},{"damage":19,"enemies":"3 Byrds","floor":18,"turns":4},{"damage":5,"enemies":"Spheric Guardian","floor":20,"turns":3},{"damage":7,"enemies":"Cultist and Chosen","floor":22,"turns":4},{"damage":20,"enemies":"Book of Stabbing","floor":24,"turns":5},{"damage":25,"enemies":"3 Cultists","floor":28,"turns":4},{"damage":12,"enemies":"Snake Plant","floor":31,"turns":3},{"damage":58,"enemies":"Automaton","floor":33,"turns":8},{"damage":25,"enemies":"3 Shapes","floor":35,"turns":4},{"damage":8,"enemies":"Orb Walker","floor":36,"turns":4},{"damage":45,"enemies":"Maw","floor":38,"turns":7},{"damage":28,"enemies":"Sphere and 2 Shapes","floor":39,"turns":2}],"seed_played":"8322739931203995387","potions_obtained":[{"floor":1,"key":"EssenceOfSteel"},{"floor":7,"key":"Explosive Potion"},{"floor":14,"key":"PowerPotion"},{"floor":20,"key":"BloodPotion"},{"floor":31,"key":"GamblersBrew"},{"floor":33,"key":"DistilledChaos"},{"floor":35,"key":"Strength Potion"},{"floor":36,"key":"Dexterity Potion"}],"is_trial":false,"path_per_floor":["M","?","?","$","M","R","E","$","T","M","R","E","M","M","R","B",null,"M","$","M","?","M","R","E","?","T","$","M","R","?","M","R","B",null,"M","M","?","M","M"],"character_chosen":"IRONCLAD","items_purchased":["Lee\u0027s Waffle","Battle Trance","Mayhem"],"campfire_rested":4,"item_purchase_floors":[4,4,27],"current_hp_per_floor":[61,61,61,87,81,81,22,22,22,28,54,39,37,41,41,37,75,62,62,63,63,62,84,70,70,70,70,51,76,76,70,84,32,71,52,50,50,27,0,0],"gold":206,"neow_bonus":"ONE_RARE_RELIC","is_daily":false,"chose_seed":false,"campfire_upgraded":2,"win_rate":0.0,"timestamp":1612096230,"path_taken":["M","?","?","$","M","R","E","$","T","M","R","E","M","?","R","BOSS","M","$","M","?","M","R","E","?","T","$","M","R","?","M","R","BOSS","M","M","?","M","?"],"items_purchased_type":["Relic","Card","Card"],"build_version":"2020-12-22","purchased_purges":4,"victory":false,"max_hp_per_floor":[80,80,80,87,87,87,87,87,87,87,87,87,87,87,87,87,87,87,84,84,84,84,84,84,84,84,84,84,84,84,84,84,84,84,84,84,84,84,84,84],"card_choices":[{"not_picked":["Havoc","Disarm"],"picked":"Pommel Strike","floor":1},{"not_picked":["Sword Boomerang","Wild Strike"],"picked":"Clothesline","floor":5},{"not_picked":["Shrug It Off","Dual Wield"],"picked":"Sever Soul","floor":7},{"not_picked":["Bludgeon","Second Wind"],"picked":"Disarm","floor":10},{"not_picked":["Flex","Perfected Strike","Wild Strike"],"picked":"SKIP","floor":12},{"not_picked":["Body Slam","Power Through","Clash"],"picked":"SKIP","floor":13},{"not_picked":["Power Through","Dropkick","Anger"],"picked":"SKIP","floor":14},{"not_picked":["Feed","Barricade"],"picked":"Immolate","floor":16},{"not_picked":["Pommel Strike","Flame Barrier"],"picked":"Uppercut","floor":18},{"not_picked":["Uppercut","Battle Trance","Perfected Strike"],"picked":"SKIP","floor":20},{"not_picked":["Feel No Pain+1","Havoc+1"],"picked":"Shrug It Off+1","floor":22},{"not_picked":["Seeing Red","Cleave+1","Thunderclap"],"picked":"SKIP","floor":24},{"not_picked":["Anger","Entrench","Shockwave"],"picked":"SKIP","floor":28},{"not_picked":["Shrug It Off","Fire Breathing","Dropkick"],"picked":"SKIP","floor":31},{"not_picked":["Immolate","Fiend Fire"],"picked":"Berserk","floor":33},{"not_picked":["Flex+1","Cleave"],"picked":"Armaments+1","floor":35},{"not_picked":["Flex+1","Clash"],"picked":"Infernal Blade+1","floor":36},{"not_picked":["Evolve","Flex+1"],"picked":"Fire Breathing+1","floor":38}],"player_experience":295936,"relics_obtained":[{"floor":7,"key":"Orichalcum"},{"floor":9,"key":"Mercury Hourglass"},{"floor":12,"key":"Bag of Preparation"},{"floor":24,"key":"Art of War"},{"floor":26,"key":"Smiling Mask"},{"floor":34,"key":"Potion Belt"},{"floor":34,"key":"The Courier"},{"floor":34,"key":"Charon\u0027s Ashes"}],"event_choices":[{"damage_healed":0,"gold_gain":175,"player_choice":"AGREE","damage_taken":0,"max_hp_gain":0,"max_hp_loss":0,"event_name":"Liars Game","floor":2,"gold_loss":0,"cards_obtained":["Doubt"]},{"damage_healed":0,"gold_gain":275,"player_choice":"Desecrate","damage_taken":0,"max_hp_gain":0,"max_hp_loss":0,"event_name":"Golden Shrine","floor":3,"gold_loss":0,"cards_obtained":["Regret"]},{"cards_removed":["Strike_R"],"damage_healed":0,"gold_gain":0,"player_choice":"Gave Gold","damage_taken":0,"max_hp_gain":0,"max_hp_loss":0,"event_name":"Beggar","floor":21,"gold_loss":75},{"cards_removed":["Strike_R"],"damage_healed":0,"gold_gain":0,"player_choice":"Elegance","damage_taken":0,"max_hp_gain":0,"max_hp_loss":0,"event_name":"Back to Basics","floor":25,"gold_loss":0},{"damage_healed":0,"gold_gain":0,"player_choice":"Gave Potion","damage_taken":0,"relics_obtained":["Nunchaku"],"max_hp_gain":0,"max_hp_loss":0,"event_name":"WeMeetAgain","floor":30,"gold_loss":0},{"cards_removed":["Strike_R"],"damage_healed":0,"gold_gain":0,"player_choice":"Upgrade and Remove","damage_taken":0,"max_hp_gain":0,"max_hp_loss":0,"event_name":"Designer","floor":37,"gold_loss":90,"cards_upgraded":["Defend_R"]}],"is_beta":false,"boss_relics":[{"not_picked":["Runic Pyramid","SacredBark"],"picked":"Fusion Hammer"},{"not_picked":["Snecko Eye","Empty Cage"],"picked":"Calling Bell"}],"items_purged_floors":[4,8,19,27],"is_endless":false,"potions_floor_spawned":[1,7,14,20,31,33,35,36],"killed_by":"Sphere and 2 Shapes","ascension_level":8}}