{"host":"ir6vojma30jz6tvk","time":1612084816,"event":{"mods":["AchievementEnabler","BaseMod","Colored Map","Minty Spire (QoL Compilation)","StSLib","SuperFastMode"],"gold_per_floor":[114,129,8,28,28,53,53,53,53,85,100,100,100,112,112,207,207,221,221,232,50,50,79,91,108,176,188,188,205,215,227,227,324,324,334,348,348,226,238,238,263,263,263,279,279,279,313,363,363,363,363,863,336,371,371],"floor_reached":56,"language":"KOR","playtime":6100,"items_purged":["Strike_B","Zap","Strike_B+1"],"score":1214,"play_id":"f9475044-7bb5-4dfb-9786-b956961d9174","local_time":"20210131182015","is_ascension_mode":false,"campfire_choices":[{"floor":7,"key":"REST"},{"data":"Fusion","floor":13,"key":"SMITH"},{"data":"Reboot","floor":15,"key":"SMITH"},{"floor":28,"key":"REST"},{"data":"Coolheaded","floor":32,"key":"SMITH"},{"data":"Scrape","floor":40,"key":"SMITH"},{"floor":49,"key":"RECALL"},{"data":"Conserve Battery","floor":52,"key":"SMITH"}],"circlet_count":0,"master_deck":["Strike_B+1","Defend_B+1","Defend_B+1","Defend_B+1","Defend_B+1","Dualcast+1","Gash","Gash","Gash","Fusion+1","Self Repair","Reboot+1","Coolheaded+1","Meteor Strike+1","All For One+1","Rebound+1","Flash of Steel","Multi-Cast","Steam+1","Rip and Tear","Go for the Eyes+1","Sweeping Beam+1","FTL","Echo Form","Coolheaded+1","Scrape+1","Conserve Battery+1","Skim+1","Recycle+1","Hologram+1","Creative AI+1","Reinforced Body"],"relics":["Cracked Core","Shuriken","Art of War","Black Star","Ornamental Fan","Ancient Tea Set","Pantograph","Sozu","Cables","Toy Ornithopter","Blood Vial","Bottled Tornado","Meat on the Bone","Eternal Feather","Prayer Wheel","Ice Cream","Sling","Mummified Hand","Whetstone","Du-Vu Doll"],"acts_visited":["Exordium","TheCity","TheBeyond","TheEnding"],"potions_floor_usage":[10,16,16,16,47,55,55],"damage_taken":[{"damage":15.0,"enemies":"Cultist","floor":1.0,"turns":4.0},{"damage":11,"enemies":"Jaw Worm","floor":2,"turns":3},{"damage":0,"enemies":"2 Louse","floor":4,"turns":2},{"damage":32,"enemies":"Gremlin Nob","floor":6,"turns":5},{"damage":15,"enemies":"Lagavulin","floor":10,"turns":6},{"damage":23,"enemies":"Exordium Thugs","floor":11,"turns":4},{"damage":12,"enemies":"2 Fungi Beasts","floor":14,"turns":3},{"damage":2,"enemies":"Hexaghost","floor":16,"turns":7},{"damage":29,"enemies":"Shell Parasite","floor":18,"turns":4},{"damage":0,"enemies":"Chosen","floor":20,"turns":3},{"damage":46,"enemies":"Book of Stabbing","floor":23,"turns":6},{"damage":10,"enemies":"3 Cultists","floor":24,"turns":6},{"damage":16,"enemies":"Sentry and Sphere","floor":25,"turns":4},{"damage":4,"enemies":"Centurion and Healer","floor":27,"turns":4},{"damage":11,"enemies":"Snecko","floor":29,"turns":4},{"damage":8,"enemies":"Cultist and Chosen","floor":30,"turns":5},{"damage":8,"enemies":"Centurion and Healer","floor":31,"turns":4},{"damage":16,"enemies":"Automaton","floor":33,"turns":6},{"damage":15,"enemies":"Orb Walker","floor":35,"turns":4},{"damage":3,"enemies":"3 Shapes","floor":36,"turns":2},{"damage":15,"enemies":"Jaw Worm Horde","floor":39,"turns":4},{"damage":28,"enemies":"Giant Head","floor":41,"turns":8},{"damage":34,"enemies":"Maw","floor":44,"turns":6},{"damage":6,"enemies":"Nemesis","floor":47,"turns":5},{"damage":14,"enemies":"Mind Bloom Boss Battle","floor":48,"turns":7},{"damage":46,"enemies":"Donu and Deca","floor":50,"turns":7},{"damage":57,"enemies":"Shield and Spear","floor":54,"turns":4},{"damage":60,"enemies":"The Heart","floor":55,"turns":9}],"seed_played":"7527875195625576857","potions_obtained":[{"floor":2,"key":"SkillPotion"},{"floor":4,"key":"GamblersBrew"},{"floor":6,"key":"CultistPotion"},{"floor":10,"key":"BlessingOfTheForge"},{"floor":12,"key":"SteroidPotion"},{"floor":12,"key":"Strength Potion"},{"floor":14,"key":"Block Potion"},{"floor":23,"key":"PotionOfCapacity"},{"floor":25,"key":"Weak Potion"},{"floor":31,"key":"AttackPotion"}],"is_trial":false,"path_per_floor":["M","M","$","M","$","E","R","?","T","E","M","?","R","M","R","B",null,"M","?","M","$","?","E","M","M","T","M","R","M","M","M","R","B",null,"M","M","?","$","M","R","E","?","T","M","T","?","E","?","R","B",null,"R","$","E","B",null],"character_chosen":"DEFECT","items_purchased":["Gash","Flash of Steel","Scrape","Conserve Battery","Sling","Mummified Hand"],"campfire_rested":2,"item_purchase_floors":[3,21,38,38,53,53],"current_hp_per_floor":[67,56,56,56,56,24,48,53,53,45,29,29,29,24,24,29,87,65,65,72,72,72,33,30,21,21,17,43,39,38,30,30,46,87,72,76,76,76,68,68,47,47,47,22,22,22,37,64,82,60,87,87,87,56,46],"gold":371,"neow_bonus":"TEN_PERCENT_HP_BONUS","is_daily":false,"chose_seed":false,"campfire_upgraded":5,"win_rate":0.0,"timestamp":1612084815,"path_taken":["M","M","?","M","$","E","R","?","T","E","M","?","R","M","R","BOSS","M","?","M","$","?","E","M","M","T","M","R","?","M","M","R","BOSS","M","M","?","$","M","R","E","?","T","?","?","?","E","?","R","BOSS","R","$","E","BOSS"],"items_purchased_type":["Card","Card","Card","Card","Relic","Relic"],"build_version":"2020-12-22","purchased_purges":3,"victory":true,"max_hp_per_floor":[82,82,82,82,82,82,82,87,87,87,87,87,87,87,87,87,87,87,87,87,87,87,87,87,87,87,87,87,87,87,87,87,87,87,87,87,87,87,87,87,87,87,87,87,87,87,87,87,87,87,87,87,87,87,87],"card_choices":[{"not_picked":["Hologram","Rebound"],"picked":"Gash","floor":1},{"not_picked":["Steam","Fusion"],"picked":"Gash","floor":2},{"not_picked":["Turbo","Cold Snap"],"picked":"Fusion","floor":4},{"not_picked":["White Noise","Ball Lightning"],"picked":"Self Repair","floor":6},{"not_picked":["Conserve Battery","Turbo"],"picked":"Reboot","floor":10},{"not_picked":["Rebound","Undo"],"picked":"Coolheaded","floor":11},{"not_picked":["Steam","Stack"],"picked":"Hologram","floor":14},{"not_picked":["Amplify","Fission"],"picked":"Meteor Strike","floor":16},{"not_picked":["Gash+1","Blizzard+1","Stack"],"picked":"SKIP","floor":18},{"not_picked":["Cold Snap","Gash"],"picked":"Rebound+1","floor":20},{"not_picked":["Auto Shields","Stack+1"],"picked":"Steam+1","floor":23},{"not_picked":["Consume","Go for the Eyes","Hello World"],"picked":"SKIP","floor":24},{"not_picked":["Rebound","Defragment","Streamline"],"picked":"SKIP","floor":25},{"not_picked":["Stack","Rainbow"],"picked":"Rip and Tear","floor":27},{"not_picked":["Static Discharge","Beam Cell"],"picked":"Go for the Eyes+1","floor":29},{"not_picked":["Genetic Algorithm+1","Rebound"],"picked":"Sweeping Beam","floor":30},{"not_picked":["Cold Snap+1","Melter"],"picked":"FTL","floor":31},{"not_picked":["Biased Cognition","Thunder Strike"],"picked":"Echo Form","floor":33},{"not_picked":["Sunder","Static Discharge"],"picked":"Coolheaded+1","floor":35},{"not_picked":["Consume+1","Coolheaded+1","Turbo"],"picked":"SKIP","floor":36},{"not_picked":["FTL+1","Cold Snap"],"picked":"Skim+1","floor":39},{"not_picked":["Ball Lightning+1","Lockon+1"],"picked":"Recycle+1","floor":41},{"not_picked":["Sweeping Beam+1","Gash","Chaos"],"picked":"SKIP","floor":44},{"not_picked":["Cold Snap+1","Conserve Battery","Heatsinks+1"],"picked":"SKIP","floor":47},{"not_picked":["Go for the Eyes","Steam+1"],"picked":"Hologram+1","floor":48},{"not_picked":["Auto Shields","Hologram"],"picked":"Reinforced Body","floor":54}],"player_experience":666977,"relics_obtained":[{"floor":6,"key":"Shuriken"},{"floor":10,"key":"Art of War"},{"floor":23,"key":"Ornamental Fan"},{"floor":23,"key":"Ancient Tea Set"},{"floor":26,"key":"Pantograph"},{"floor":41,"key":"Cables"},{"floor":41,"key":"Toy Ornithopter"},{"floor":43,"key":"Blood Vial"},{"floor":45,"key":"Bottled Tornado"},{"floor":47,"key":"Meat on the Bone"},{"floor":47,"key":"Eternal Feather"},{"floor":48,"key":"Prayer Wheel"},{"floor":54,"key":"Whetstone"},{"floor":54,"key":"Du-Vu Doll"}],"event_choices":[{"damage_healed":0,"gold_gain":0,"player_choice":"Donut","damage_taken":0,"max_hp_gain":5,"max_hp_loss":0,"event_name":"Big Fish","floor":8,"gold_loss":0},{"damage_healed":0,"gold_gain":0,"player_choice":"Got Potions","damage_taken":0,"max_hp_gain":0,"max_hp_loss":0,"event_name":"Lab","floor":12,"gold_loss":0},{"damage_healed":0,"gold_gain":0,"player_choice":"Simplicity","damage_taken":0,"max_hp_gain":0,"max_hp_loss":0,"event_name":"Back to Basics","floor":19,"gold_loss":0,"cards_upgraded":["Strike_B","Strike_B","Strike_B","Defend_B","Defend_B","Defend_B","Defend_B"]},{"damage_healed":0,"gold_gain":0,"cards_transformed":["Strike_B"],"player_choice":"Transformed","damage_taken":0,"max_hp_gain":0,"max_hp_loss":0,"event_name":"Transmorgrifier","floor":22,"gold_loss":0,"cards_obtained":["Multi-Cast"]},{"cards_removed":["Hologram"],"damage_healed":0,"gold_gain":0,"player_choice":"Removed Skill","damage_taken":0,"max_hp_gain":0,"max_hp_loss":0,"event_name":"Falling","floor":37,"gold_loss":0},{"damage_healed":0,"gold_gain":0,"player_choice":"Upgraded","damage_taken":0,"max_hp_gain":0,"max_hp_loss":0,"event_name":"Upgrade Shrine","floor":42,"gold_loss":0,"cards_upgraded":["Dualcast"]},{"damage_healed":0,"gold_gain":0,"player_choice":"Ignored","damage_taken":0,"max_hp_gain":0,"max_hp_loss":0,"event_name":"Mysterious Sphere","floor":46,"gold_loss":0},{"damage_healed":0,"gold_gain":0,"player_choice":"Fight","damage_taken":0,"max_hp_gain":0,"max_hp_loss":0,"event_name":"MindBloom","floor":48,"gold_loss":0}],"is_beta":false,"boss_relics":[{"not_picked":["Velvet Choker","Busted Crown"],"picked":"Black Star"},{"not_picked":["Cursed Key","Inserter"],"picked":"Sozu"}],"items_purged_floors":[3,21,53],"is_endless":false,"potions_floor_spawned":[2,4,6,10,14,23,25,31,36,39,44],"ascension_level":0}}