{"host":"cxvb37eaaiijvrl4","time":1612063079,"event":{"mods":["ATMod(阿瑾Mod)","BaseMod","Better Third Choice","Minty Spire (QoL Compilation)","MostiFishMod","Quick Restart","Rare Cards Sparkle","Shop Mod","Spicy Shops","StSLib","TestMod","Uncapped","残留之物"],"gold_per_floor":[115,190,190,115,125,154,182,18,18,70,96,146,172,187,187,258,258,278,278,278,303,703,733,759,785,785,32,32,32,67,96,96,171,171,187,11,21,41,41,70,101,51,74,74,74,100,131,156,156,156,156,156,156,106,139,139],"floor_reached":57,"language":"ZHS","playtime":2594,"items_purged":["Bane","MostiFishMod:Opportunism","Deadly Poison","MostiFishMod:InvigoratingSolution","MostiFishMod:PerfectParry"],"score":4103,"play_id":"c7bfe666-167d-461e-aa4e-1d468097d313","local_time":"20210130191759","daily_mods":["SealedDeck","Heirloom","Flight"],"is_ascension_mode":true,"campfire_choices":[{"data":"Outmaneuver","floor":15.0,"key":"SMITH"},{"data":"Catalyst","floor":28,"key":"SMITH"},{"data":"MostiFishMod:HiddenBlade","floor":32,"key":"SMITH"},{"data":"Catalyst","floor":44,"key":"SMITH"},{"data":"Outmaneuver+1","floor":45,"key":"PURGE"},{"floor":49,"key":"RECALL"},{"data":"Backflip","floor":53,"key":"SMITH"}],"circlet_count":0,"master_deck":["AscendersBane","MostiFishMod:InvigoratingSolution","AT_ShadowStep+1","Acrobatics+1","Reflex+1","Backflip+1","Catalyst+1","MostiFishMod:HiddenBlade+1","MostiFishMod:Neurotoxin+1","Catalyst+1"],"relics":["Ring of the Serpent","DaveBox","AT_ATBox","Civilization","testmod-Brilliant","Peace Pipe","SynthV:TestCard","AT_RedNoBalance","testmod-Motorcycle","Snake Skull","ImprovedEquipment","Bag of Preparation","testmod-Justice","Toy Ornithopter","War Paint","Art of War","StrikeDummy","Ginger","Medical Kit","MerchantsRug","AT_PhaseBoots","Smiling Mask","Blood Vial","Sozu","Technique","testmod-Antiphasic","DianPoetry","AT_BellDemon","PlaceholderMod:DeVermisMysteriis","testmod-Maize","AT_RedTearstoneRing","MealTicket","testmod-FatalChain","MostiFishMod:Haymaker","AT_ForceNature","Calipers"],"acts_visited":["Exordium","TheCity","TheBeyond","TheEnding"],"potions_floor_usage":[],"damage_taken":[{"damage":0.0,"enemies":"2 Louse","floor":1.0,"turns":1.0},{"damage":0.0,"enemies":"Jaw Worm","floor":5.0,"turns":2.0},{"damage":5.0,"enemies":"Gremlin Nob","floor":6.0,"turns":3.0},{"damage":13.0,"enemies":"Lagavulin","floor":7.0,"turns":4.0},{"damage":22.0,"enemies":"3 Sentries","floor":11.0,"turns":13.0},{"damage":0.0,"enemies":"Lagavulin","floor":13.0,"turns":4.0},{"damage":0.0,"enemies":"Small Slimes","floor":14.0,"turns":1.0},{"damage":0.0,"enemies":"The Guardian","floor":16.0,"turns":5.0},{"damage":2.0,"enemies":"2 Thieves","floor":18.0,"turns":3.0},{"damage":9,"enemies":"Slavers","floor":23,"turns":2},{"damage":0,"enemies":"Gremlin Leader","floor":24,"turns":2},{"damage":0,"enemies":"Slavers","floor":25,"turns":2},{"damage":0,"enemies":"Book of Stabbing","floor":30,"turns":2},{"damage":24,"enemies":"Slavers","floor":31,"turns":8},{"damage":0,"enemies":"Collector","floor":33,"turns":1},{"damage":4,"enemies":"3 Shapes","floor":35,"turns":2},{"damage":0,"enemies":"Orb Walker","floor":37,"turns":2},{"damage":0,"enemies":"Spire Growth","floor":38,"turns":2},{"damage":0,"enemies":"Nemesis","floor":40,"turns":3},{"damage":0,"enemies":"Reptomancer","floor":41,"turns":1},{"damage":0,"enemies":"Giant Head","floor":46,"turns":1},{"damage":0,"enemies":"Reptomancer","floor":47,"turns":1},{"damage":0,"enemies":"Giant Head","floor":48,"turns":1},{"damage":0,"enemies":"Donu and Deca","floor":50,"turns":2},{"damage":0,"enemies":"Time Eater","floor":51,"turns":2},{"damage":0,"enemies":"Shield and Spear","floor":55,"turns":1},{"damage":0,"enemies":"The Heart","floor":56,"turns":4}],"seed_played":"-5746283784262849725","potions_obtained":[{"floor":1.0,"key":"Fire Potion"},{"floor":5.0,"key":"EntropicBrew"},{"floor":7.0,"key":"Fruit Juice"},{"floor":23,"key":"testmod-EscapePotion"},{"floor":24,"key":"GamblersBrew"},{"floor":30,"key":"Weak Potion"},{"floor":33,"key":"GamblersBrew"}],"is_trial":true,"path_per_floor":["M","?","?","$","M","E","E","$","T","T","E","?","E","M","R","B",null,"M","?","?","T","?","E","E","E","T","$","R","$","E","E","R","B",null,"M","$","M","M","?","E","E","$","T","R","R","E","E","E","R","B","B",null,"R","$","E","B",null],"character_chosen":"THE_SILENT","items_purchased":["Snake Skull","Ginger","Medical Kit","MerchantsRug","AT_SpeedBoots","Technique"],"campfire_rested":0,"item_purchase_floors":[8,27,27,27,27,36],"current_hp_per_floor":[61,50,50,50,53,52,34,34,34,34,25,25,50,52,52,55,93,55,77,77,77,77,73,78,83,83,83,83,83,88,69,69,76,124,127,127,134,141,141,148,155,155,155,155,155,162,167,172,172,177,182,182,182,182,187,192],"gold":139,"neow_bonus":"","is_daily":false,"chose_seed":false,"campfire_upgraded":5,"win_rate":0.0,"timestamp":1612063079,"path_taken":["M","?","?","$","?","E","E","$","T","?","E","?","E","M","R","BOSS","M","?","?","?","?","E","E","E","T","$","R","?","E","E","R","BOSS","M","$","M","M","?","E","E","$","T","R","R","E","E","E","R","BOSS","BOSS","R","$","E","BOSS"],"items_purchased_type":["Relic","Relic","Relic","Relic","Relic","Relic"],"build_version":"2020-12-22","purchased_purges":5,"victory":true,"max_hp_per_floor":[68,68,68,68,71,75,85,85,85,85,90,90,95,100,100,105,105,110,110,110,110,110,115,120,125,125,125,125,125,130,135,135,140,140,145,145,150,155,147,152,157,157,157,157,157,162,167,172,172,177,182,182,182,182,187,192],"card_choices":[{"not_picked":["Deadly Poison","Underhanded Strike"],"picked":"Catalyst","floor":1.0},{"not_picked":["Masterful Stab","Cloak And Dagger","Dagger Spray","MostiFishMod:FrostNova","Reflex"],"picked":"SKIP","floor":5.0},{"not_picked":["Flying Knee","Prepared","Riddle With Holes","Slice","Heel Hook"],"picked":"SKIP","floor":6.0},{"not_picked":["MostiFishMod:PerfectParry","Finisher","Outmaneuver","AT_MyraUnstableElement","Quick Slash"],"picked":"SKIP","floor":7.0},{"not_picked":["Quick Slash","Prepared","Outmaneuver","MostiFishMod:PerfectParry","Noxious Fumes"],"picked":"SKIP","floor":11.0},{"not_picked":["AT_WindFlip","Prepared","Dagger Spray","Bane","Caltrops"],"picked":"SKIP","floor":13.0},{"not_picked":["Backflip","Dash","Dagger Spray","Underhanded Strike","Calculated Gamble"],"picked":"SKIP","floor":14.0},{"not_picked":["Malaise","Storm of Steel","Die Die Die","MostiFishMod:GrandStart"],"picked":"MostiFishMod:Opportunism","floor":16.0},{"not_picked":["Dodge and Roll","Acrobatics","Well Laid Plans","MostiFishMod:PreservedThorns","Prepared"],"picked":"SKIP","floor":18.0},{"not_picked":["Flying Knee","Dash","Sucker Punch","Dagger Throw+1","MostiFishMod:PreservedThorns"],"picked":"SKIP","floor":23},{"not_picked":["Outmaneuver+1","Predator","Dagger Throw+1","Dodge and Roll+1","Flechettes"],"picked":"SKIP","floor":24},{"not_picked":["Prepared+1","Acrobatics","Dagger Throw","Flechettes","Sucker Punch"],"picked":"SKIP","floor":25},{"not_picked":["Terror","Accuracy+1","Deflect","MostiFishMod:FrostNova","Cloak And Dagger+1"],"picked":"SKIP","floor":30},{"not_picked":["Prepared","MostiFishMod:ThornCasing","Blade Dance","After Image"],"picked":"MostiFishMod:HiddenBlade","floor":31},{"not_picked":["Unload","Storm of Steel","MostiFishMod:GrandStart","Phantasmal Killer"],"picked":"MostiFishMod:Neurotoxin","floor":33},{"not_picked":["Dagger Spray","Calculated Gamble","Expertise","Underhanded Strike+1","Skewer"],"picked":"SKIP","floor":35},{"not_picked":["Slice+1","Expertise","Backstab","Choke","Dodge and Roll"],"picked":"SKIP","floor":37},{"not_picked":["Flechettes","Blade Dance","Poisoned Stab+1","Deflect"],"picked":"Catalyst","floor":38},{"not_picked":["Dagger Throw","MostiFishMod:PreservedThorns","Underhanded Strike","Flying Knee","All Out Attack"],"picked":"SKIP","floor":40},{"not_picked":["Accuracy","MostiFishMod:Wind","AT_KneejerkReflex+1","Acrobatics","Backflip"],"picked":"SKIP","floor":41},{"not_picked":["Wraith Form v2","Dodge and Roll+1","Blade Dance","Dash","Escape Plan+1"],"picked":"SKIP","floor":46},{"not_picked":["Deflect+1","Eviscerate","AT_WomanClash+1","Quick Slash","MostiFishMod:FrostNova"],"picked":"SKIP","floor":47},{"not_picked":["AT_ThistleTea","Bouncing Flask","Accuracy","Quick Slash","Slice"],"picked":"SKIP","floor":48},{"not_picked":["After Image","Backstab","Glass Knife","Tactician","MostiFishMod:PoisonShield"],"picked":"SKIP","floor":55}],"player_experience":720532,"relics_obtained":[{"floor":1.0,"key":"SynthV:TestCard"},{"floor":6.0,"key":"AT_SilverBalance"},{"floor":7.0,"key":"testmod-Motorcycle"},{"floor":9.0,"key":"ImprovedEquipment"},{"floor":11.0,"key":"Bag of Preparation"},{"floor":13.0,"key":"testmod-Justice"},{"floor":21,"key":"Toy Ornithopter"},{"floor":23,"key":"War Paint"},{"floor":24,"key":"Art of War"},{"floor":25,"key":"Dream Catcher"},{"floor":26,"key":"StrikeDummy"},{"floor":30,"key":"Smiling Mask"},{"floor":31,"key":"Blood Vial"},{"floor":40,"key":"testmod-Antiphasic"},{"floor":41,"key":"DianPoetry"},{"floor":43,"key":"AT_BellDemon"},{"floor":46,"key":"PlaceholderMod:DeVermisMysteriis"},{"floor":46,"key":"testmod-Maize"},{"floor":47,"key":"AT_RedTearstoneRing"},{"floor":47,"key":"MealTicket"},{"floor":48,"key":"testmod-FatalChain"},{"floor":48,"key":"MostiFishMod:Haymaker"},{"floor":55,"key":"AT_ForceNature"},{"floor":55,"key":"Calipers"}],"event_choices":[{"damage_healed":0.0,"max_hp_gain":0.0,"max_hp_loss":0.0,"gold_gain":75.0,"event_name":"betterThird:BetterGoop","player_choice":"Gold","floor":2.0,"gold_loss":0.0,"damage_taken":11.0},{"cards_removed":["AT_GerminateFire"],"damage_healed":0.0,"max_hp_gain":0.0,"max_hp_loss":0.0,"gold_gain":0.0,"event_name":"Living Wall","player_choice":"Forget","floor":3.0,"gold_loss":0.0,"damage_taken":0.0},{"damage_healed":0.0,"max_hp_gain":0.0,"max_hp_loss":0.0,"gold_gain":50.0,"event_name":"Golden Shrine","player_choice":"Pray","floor":12.0,"gold_loss":0.0,"damage_taken":0.0},{"damage_healed":22,"gold_gain":0,"player_choice":"Heal","damage_taken":0,"max_hp_gain":0,"max_hp_loss":0,"event_name":"The Library","floor":19,"gold_loss":0},{"damage_healed":0,"gold_gain":0,"player_choice":"Ignored","damage_taken":0,"max_hp_gain":0,"max_hp_loss":0,"event_name":"Vampires","floor":20,"gold_loss":0},{"damage_healed":0,"gold_gain":400,"player_choice":"Sell","damage_taken":0,"max_hp_gain":0,"max_hp_loss":0,"event_name":"恩洛斯的盘子","floor":22,"relics_lost":["testmod-TestBox"],"gold_loss":0},{"damage_healed":0,"gold_gain":0,"player_choice":"Max HP","damage_taken":0,"max_hp_gain":0,"max_hp_loss":8,"event_name":"Winding Halls","floor":39,"gold_loss":0}],"is_beta":false,"boss_relics":[{"not_picked":["Velvet Choker","testmod-Nine"],"picked":"Ring of the Serpent"},{"not_picked":["HoveringKite","testmod-Recursion"],"picked":"Sozu"}],"items_purged_floors":[4,27,36,42,54],"is_endless":false,"potions_floor_spawned":[1,5,7,13,23,24,30,33,35,41,46,47],"ascension_level":20}}