{"host":"sc0o2qwpf9j16a4i","time":1612093656,"event":{"mods":["AchievementEnabler","BaseMod","BetterRewards","Block Reminder","Colored Map","Colored Powertips","Custom Start","Highlight Path","Minty Spire (QoL Compilation)","Relic Stats"],"gold_per_floor":[112,112,11,11,11,44,19,19,19,19,29,29,56,72,72,177,177,193,193,207,207,223,223,249,249,298,318,351,27,27,43,43,145,145,155,2,17,31,31,62,74,98,110,133,156,197,62,62,62,62],"floor_reached":51,"language":"ENG","playtime":1908,"items_purged":["Strike_R"],"score":928,"play_id":"4d740ee3-27ad-4df0-8680-e02f612cf6db","local_time":"20210131134736","daily_mods":["Chimera","Colorless Cards","Binary"],"is_ascension_mode":false,"campfire_choices":[{"data":"Armaments","floor":8.0,"key":"SMITH"},{"data":"Whirlwind","floor":10.0,"key":"SMITH"},{"floor":15.0,"key":"REST"},{"data":"Ghostly","floor":23.0,"key":"SMITH"},{"data":"Ghostly","floor":30.0,"key":"SMITH"},{"floor":32.0,"key":"REST"},{"floor":41,"key":"REST"},{"data":"Offering","floor":49,"key":"SMITH"}],"circlet_count":0,"master_deck":["Bash","Survivor","Eruption","Defend_R","Defend_P","Whirlwind+1","Rupture","Thunderclap","Pummel","Armaments+1","Twin Strike","Flash of Steel","Berserk","Shockwave","Battle Trance","Ghostly+1","Ghostly+1","Ghostly","Ghostly","Ghostly","Trip+1","Finesse","Flash of Steel","Flash of Steel","Deep Breath","Pommel Strike+1","Chrysalis","True Grit","Feed","Metallicize+1","The Bomb+1","Trip+1","Mind Blast","Infernal Blade+1","Shrug It Off+1","True Grit+1","Panacea+1","True Grit+1","Offering+1","Dramatic Entrance+1","Warcry+1"],"relics":["Burning Blood","Nunchaku","Ornamental Fan","Oddly Smooth Stone","Lantern","Philosopher\u0027s Stone","Blood Vial","Vajra","Letter Opener","Shuriken","Astrolabe","Orrery","MawBank","Question Card","Bird Faced Urn","OrangePellets","Singing Bowl"],"acts_visited":["Exordium","TheCity","TheBeyond"],"potions_floor_usage":[33,33,42,50,50,50,50],"damage_taken":[{"damage":6.0,"enemies":"2 Louse","floor":1.0,"turns":4.0},{"damage":23.0,"enemies":"3 Sentries","floor":6.0,"turns":7.0},{"damage":0.0,"enemies":"Cultist","floor":11.0,"turns":3.0},{"damage":27.0,"enemies":"Lagavulin","floor":13.0,"turns":8.0},{"damage":7.0,"enemies":"Jaw Worm","floor":14.0,"turns":3.0},{"damage":0.0,"enemies":"Slime Boss","floor":16.0,"turns":3.0},{"damage":30.0,"enemies":"Shell Parasite","floor":18.0,"turns":5.0},{"damage":20.0,"enemies":"Spheric Guardian","floor":20.0,"turns":4.0},{"damage":0.0,"enemies":"Shelled Parasite and Fungi","floor":22.0,"turns":5.0},{"damage":0.0,"enemies":"Gremlin Leader","floor":24.0,"turns":5.0},{"damage":0.0,"enemies":"3 Cultists","floor":27.0,"turns":5.0},{"damage":0.0,"enemies":"Slavers","floor":28.0,"turns":4.0},{"damage":11.0,"enemies":"Snake Plant","floor":31.0,"turns":4.0},{"damage":18,"enemies":"Automaton","floor":33,"turns":9},{"damage":1,"enemies":"Orb Walker","floor":35,"turns":4},{"damage":0,"enemies":"3 Darklings","floor":37,"turns":5},{"damage":36,"enemies":"Maw","floor":38,"turns":8},{"damage":0,"enemies":"Nemesis","floor":40,"turns":5},{"damage":3,"enemies":"Jaw Worm Horde","floor":42,"turns":3},{"damage":14,"enemies":"Writhing Mass","floor":44,"turns":7},{"damage":4,"enemies":"Maw","floor":45,"turns":8},{"damage":7,"enemies":"Giant Head","floor":46,"turns":6},{"damage":31,"enemies":"Donu and Deca","floor":50,"turns":10}],"seed_played":"-8502821038107702628","potions_obtained":[{"floor":13.0,"key":"SneckoOil"},{"floor":14.0,"key":"Weak Potion"},{"floor":16.0,"key":"EssenceOfSteel"},{"floor":31.0,"key":"FearPotion"},{"floor":33,"key":"Explosive Potion"},{"floor":39,"key":"DistilledChaos"},{"floor":39,"key":"FairyPotion"},{"floor":39,"key":"CultistPotion"},{"floor":42,"key":"EntropicBrew"}],"is_trial":true,"path_per_floor":["M","?","$","?","$","E","$","R","T","R","M","$","E","M","R","B",null,"M","?","M","?","M","R","E","?","T","M","E","$","R","M","R","B",null,"M","$","M","M","?","E","R","M","T","M","M","E","$","T","R","B",null],"character_chosen":"IRONCLAD","items_purchased":["Thunderclap","Explosive Potion","Armaments","Shuriken","Orrery","OrangePellets"],"campfire_rested":3,"item_purchase_floors":[3,3,7,29,36,47],"current_hp_per_floor":[80,80,80,77,77,60,60,60,60,60,66,66,45,44,68,74,80,56,56,42,40,40,40,40,4,4,12,20,20,20,17,29,19,40,40,40,40,10,10,18,30,39,39,37,45,46,46,46,46,28],"gold":62,"neow_bonus":"","is_daily":false,"chose_seed":false,"campfire_upgraded":5,"win_rate":0.0,"timestamp":1612093656,"path_taken":["M","?","?","?","?","E","$","R","T","R","?","$","E","M","R","BOSS","M","?","M","?","M","R","E","?","T","M","E","$","R","?","R","BOSS","M","$","M","M","?","E","R","M","T","M","M","E","$","?","R","BOSS"],"items_purchased_type":["Card","Potion","Card","Relic","Relic","Relic"],"build_version":"2020-12-22","purchased_purges":1,"victory":true,"max_hp_per_floor":[80,80,80,80,80,80,80,80,80,80,80,80,80,80,80,80,80,80,80,80,40,40,40,40,40,40,40,40,40,40,40,40,40,40,40,40,40,40,40,40,40,44,44,48,52,52,52,52,52,55],"relic_stats":{"Singing Bowl":0,"counters":[23,125],"Astrolabe":["Metallicize","The Bomb","Trip"],"Letter Opener":[246],"MawBank":84,"Question Card":3,"Burning Blood":115,"Blood Vial":20,"OrangePellets":[0],"Nunchaku":[23],"Ornamental Fan":[160],"Shuriken":[26],"Bird Faced Urn":[2],"obtain_stats":[{"Lantern":13,"Singing Bowl":48,"Astrolabe":34,"Oddly Smooth Stone":9,"Vajra":26,"Letter Opener":28,"MawBank":40,"Question Card":43,"Burning Blood":0,"Blood Vial":24,"OrangePellets":47,"Nunchaku":4,"Ornamental Fan":6,"Shuriken":29,"Bird Faced Urn":46,"Orrery":36,"Philosopher\u0027s Stone":17},{"Lantern":4,"Singing Bowl":22,"Astrolabe":14,"Oddly Smooth Stone":2,"Vajra":10,"Letter Opener":12,"MawBank":18,"Question Card":19,"Burning Blood":0,"Blood Vial":10,"OrangePellets":22,"Nunchaku":1,"Ornamental Fan":2,"Shuriken":12,"Bird Faced Urn":22,"Orrery":15,"Philosopher\u0027s Stone":6},{"Lantern":22,"Singing Bowl":115,"Astrolabe":69,"Oddly Smooth Stone":11,"Vajra":47,"Letter Opener":56,"MawBank":91,"Question Card":94,"Burning Blood":0,"Blood Vial":47,"OrangePellets":115,"Nunchaku":4,"Ornamental Fan":11,"Shuriken":56,"Bird Faced Urn":115,"Orrery":73,"Philosopher\u0027s Stone":28}]},"card_choices":[{"not_picked":["Sword Boomerang"],"picked":"Whirlwind","floor":1.0},{"not_picked":["True Grit"],"picked":"Pummel","floor":6.0},{"not_picked":["Sentinel"],"picked":"Twin Strike","floor":11.0},{"not_picked":["Pommel Strike","Thunderclap"],"picked":"SKIP","floor":13.0},{"not_picked":["Cleave"],"picked":"Flash of Steel","floor":14.0},{"not_picked":["Secret Weapon"],"picked":"Berserk","floor":16.0},{"not_picked":["Wild Strike"],"picked":"Shockwave","floor":18.0},{"not_picked":["Clothesline"],"picked":"Battle Trance","floor":20.0},{"not_picked":["Twin Strike+1","Perfected Strike"],"picked":"SKIP","floor":22.0},{"not_picked":["Whirlwind"],"picked":"Trip+1","floor":24.0},{"not_picked":["Clash"],"picked":"Pommel Strike+1","floor":27.0},{"not_picked":["Flex+1"],"picked":"Chrysalis","floor":28.0},{"not_picked":["Twin Strike"],"picked":"True Grit","floor":31.0},{"not_picked":["Secret Weapon"],"picked":"Feed","floor":33},{"not_picked":["Body Slam+1","Perfected Strike"],"picked":"SKIP","floor":35},{"not_picked":["Anger+1"],"picked":"Mind Blast","floor":36},{"not_picked":["Hemokinesis+1"],"picked":"Infernal Blade+1","floor":36},{"not_picked":["Bandage Up+1"],"picked":"Shrug It Off+1","floor":36},{"not_picked":["Pommel Strike+1"],"picked":"True Grit+1","floor":36},{"not_picked":["Fire Breathing"],"picked":"Panacea+1","floor":37},{"not_picked":["Wild Strike"],"picked":"True Grit+1","floor":38},{"not_picked":["Flex"],"picked":"Offering","floor":40},{"not_picked":["Shrug It Off+1"],"picked":"Dramatic Entrance+1","floor":42},{"not_picked":["Headbutt+1","Armaments+1"],"picked":"Warcry+1","floor":44},{"not_picked":["Flash of Steel","Dropkick","Anger+1"],"picked":"SKIP","floor":45},{"not_picked":["Perfected Strike+1","Anger","Thunderclap+1"],"picked":"SKIP","floor":46}],"player_experience":1110783,"relics_obtained":[{"floor":6.0,"key":"Ornamental Fan"},{"floor":9.0,"key":"Oddly Smooth Stone"},{"floor":13.0,"key":"Lantern"},{"floor":24.0,"key":"Blood Vial"},{"floor":26.0,"key":"Vajra"},{"floor":28.0,"key":"Letter Opener"},{"floor":40,"key":"MawBank"},{"floor":43,"key":"Question Card"},{"floor":46,"key":"Bird Faced Urn"},{"floor":48,"key":"Singing Bowl"}],"event_choices":[{"damage_healed":0.0,"max_hp_gain":0.0,"max_hp_loss":0.0,"gold_gain":0.0,"cards_transformed":["Zap"],"event_name":"Transmorgrifier","player_choice":"Transformed","floor":2.0,"gold_loss":0.0,"damage_taken":0.0,"cards_obtained":["Rupture"]},{"damage_healed":0.0,"max_hp_gain":0.0,"max_hp_loss":0.0,"gold_gain":0.0,"event_name":"Scrap Ooze","player_choice":"Success","floor":4.0,"gold_loss":0.0,"damage_taken":3.0,"relics_obtained":["Nunchaku"]},{"damage_healed":0.0,"max_hp_gain":0.0,"max_hp_loss":0.0,"gold_gain":0.0,"event_name":"Beggar","player_choice":"Ignored","floor":19.0,"gold_loss":0.0,"damage_taken":0.0},{"damage_healed":0.0,"max_hp_gain":0.0,"max_hp_loss":40.0,"gold_gain":0.0,"event_name":"Ghosts","player_choice":"Became a Ghost","floor":21.0,"gold_loss":0.0,"damage_taken":0.0,"cards_obtained":["Ghostly","Ghostly","Ghostly","Ghostly","Ghostly"]},{"damage_healed":0.0,"max_hp_gain":0.0,"max_hp_loss":0.0,"gold_gain":0.0,"event_name":"Knowing Skull","player_choice":"CARD CARD CARD CARD ","floor":25.0,"potions_obtained":[],"gold_loss":0.0,"damage_taken":36.0,"cards_obtained":["Finesse","Flash of Steel","Flash of Steel","Deep Breath"]},{"damage_healed":0,"gold_gain":0,"player_choice":"Got Potions","damage_taken":0,"max_hp_gain":0,"max_hp_loss":0,"event_name":"Lab","floor":39,"gold_loss":0}],"is_beta":false,"boss_relics":[{"not_picked":["Busted Crown","Coffee Dripper"],"picked":"Philosopher\u0027s Stone"},{"not_picked":["Fusion Hammer","Snecko Eye"],"picked":"Astrolabe"}],"items_purged_floors":[29],"is_endless":false,"potions_floor_spawned":[13,14,16,20,22,31,33,40,42,45],"ascension_level":0}}