{"host":"ifcf0cy5l3qbxi8r","time":1612055979,"event":{"mods":["Act Like it!","Arknights","BaseMod","Gensokyo","Minty Spire (QoL Compilation)","StSLib"],"gold_per_floor":[118,118,118,118,136,170,1,1,79,79,97,127,127,127,127,229,229,241,259,259,0,0,0],"floor_reached":22,"language":"ZHS","playtime":930,"items_purged":["ats:Strike V"],"score":207,"play_id":"6cde752a-9c09-41a0-97d4-7d4f5e82e7d9","local_time":"20210131091939","is_ascension_mode":true,"campfire_choices":[{"data":"ats:Healing Strengthening","floor":8,"key":"SMITH"},{"data":"ats:Calcification","floor":15,"key":"SMITH"}],"circlet_count":0,"master_deck":["ats:Strike C+1","ats:Strike G","ats:Strike S","ats:Armor Crushing Shot","ats:Defend","ats:Defend","ats:Defend+1","ats:Defend","ats:Emotion Absorption","ats:Disruption Kick","ats:Thorns","ats:Serious Mode","ats:Revitalization+1","ats:Calcification+1","ats:Healing Strengthening+1","ats:Revitalization","ats:Blood Oath+1","ats:Nebulous Foxfire","ats:Sashimi Platter+1","ats:Guard Mode"],"relics":["ats:Sanity","ats:Originium","Molten Egg 2","InkBottle","Gensokyo:Justice","Ancient Tea Set","Gensokyo:YoukaiFlower","SlaversCollar","Gensokyo:SongOfSouls"],"acts_visited":["Exordium","Gensokyo:Gensokyo"],"potions_floor_usage":[6,16,22],"damage_taken":[{"damage":9,"enemies":"Gensokyo:Gryphon","floor":1,"turns":4},{"damage":15,"enemies":"Gensokyo:Python","floor":5,"turns":4},{"damage":36,"enemies":"Gensokyo:Mamizou","floor":6,"turns":9},{"damage":33,"enemies":"Gensokyo:2_Kodama","floor":11,"turns":10},{"damage":41,"enemies":"Gensokyo:Cirno","floor":12,"turns":6},{"damage":61,"enemies":"Gensokyo:Reimu","floor":16,"turns":19},{"damage":69,"enemies":"Gensokyo:Chomper","floor":18,"turns":10},{"damage":78,"enemies":"Gensokyo:3_Dogs","floor":19,"turns":7},{"damage":92,"enemies":"Gensokyo:3_Gloops","floor":22,"turns":4}],"seed_played":"-2354609184022671086","potions_obtained":[{"floor":5,"key":"Ancient Potion"},{"floor":6,"key":"SkillPotion"},{"floor":12,"key":"Dexterity Potion"},{"floor":18,"key":"Energy Potion"}],"is_trial":false,"path_per_floor":["M","?","?","?","M","E","$","R","T","?","M","E","?","?","R","B",null,"M","M","?","?","M"],"character_chosen":"DOCTOR_CLASS","items_purchased":["ats:Healing Strengthening","ats:Revitalization"],"campfire_rested":0,"item_purchase_floors":[7,7],"current_hp_per_floor":[63,63,63,63,48,18,18,18,18,18,55,52,52,59,59,79,79,79,77,77,77,0,0],"gold":0,"neow_bonus":"ONE_RANDOM_RARE_CARD","is_daily":false,"chose_seed":false,"campfire_upgraded":2,"win_rate":0.0,"timestamp":1612055979,"path_taken":["M","?","?","?","M","E","$","R","T","?","?","E","?","?","R","BOSS","M","M","?","?","M"],"items_purchased_type":["Card","Card"],"build_version":"2020-12-22","purchased_purges":1,"victory":false,"max_hp_per_floor":[72,72,72,72,72,72,72,72,72,72,72,72,72,79,79,79,79,79,79,79,79,79,79],"card_choices":[{"not_picked":["ats:Closed Bolt Burst Fire","ats:Song Of Battle"],"picked":"ats:Absolute Focus","floor":1},{"not_picked":["ats:Literary Storm","ats:Overload"],"picked":"ats:Thorns","floor":3},{"not_picked":["ats:Hammer On","ats:Ignite"],"picked":"ats:Serious Mode","floor":3},{"not_picked":["ats:Hammer On","ats:Consecutive Shot Auto"],"picked":"ats:Revitalization","floor":5},{"not_picked":["ats:Neurotoxin","ats:Red Shift+1"],"picked":"ats:Calcification","floor":6},{"not_picked":["ats:Shell Defense","ats:Revitalization"],"picked":"ats:Blood Oath+1","floor":11},{"not_picked":["ats:Absolute Focus","ats:Defend Order"],"picked":"ats:Thermite Blade+1","floor":12},{"not_picked":["ats:Roar Of Ursus","ats:Ambush"],"picked":"ats:Nebulous Foxfire","floor":16},{"not_picked":["ats:Burning Ground","ats:Hook Shot"],"picked":"ats:Sashimi Platter+1","floor":18},{"not_picked":["ats:Cat Scratch+1","ats:Very Hot Blade+1"],"picked":"ats:Guard Mode","floor":19}],"player_experience":102902,"relics_obtained":[{"floor":6,"key":"ats:Originium"},{"floor":6,"key":"Molten Egg 2"},{"floor":9,"key":"InkBottle"},{"floor":12,"key":"ats:Originium"},{"floor":12,"key":"Ancient Tea Set"}],"event_choices":[],"is_beta":false,"boss_relics":[{"not_picked":["Sozu","Velvet Choker"],"picked":"SlaversCollar"}],"items_purged_floors":[7],"is_endless":false,"potions_floor_spawned":[5,6,12,18],"killed_by":"Gensokyo:3_Gloops","ascension_level":2}}