{"host":"2se5dq1do2gp0x9k","time":1612057501,"event":{"mods":["AchievementEnabler","BaseMod","Block Reminder","Colored Map","Colored Powertips","Minty Spire (QoL Compilation)","Relic Stats","StSLib","SuperFastMode"],"gold_per_floor":[361,120,133,145,56,56,117,117,117],"floor_reached":8,"language":"ENG","playtime":242,"items_purged":["Strike_B"],"score":92,"play_id":"ae9b3078-fd16-4e0e-bcbe-eb476c08b587","local_time":"20210130174501","is_ascension_mode":true,"campfire_choices":[{"data":"Blizzard","floor":6,"key":"SMITH"}],"circlet_count":0,"master_deck":["AscendersBane","Strike_B","Strike_B","Strike_B","Defend_B","Defend_B","Defend_B","Defend_B","Zap","Dualcast","Chill","Cold Snap","Gash","Conserve Battery","Cold Snap","Go for the Eyes","Blizzard+1","Skim"],"relics":["Cracked Core","DataDisk"],"acts_visited":["Exordium"],"potions_floor_usage":[8],"damage_taken":[{"damage":2,"enemies":"Jaw Worm","floor":1,"turns":3},{"damage":0,"enemies":"Small Slimes","floor":3,"turns":4},{"damage":0,"enemies":"2 Louse","floor":4,"turns":3},{"damage":24,"enemies":"Gremlin Nob","floor":7,"turns":5},{"damage":34,"enemies":"Gremlin Nob","floor":8,"turns":3}],"seed_played":"1846780485952671924","potions_obtained":[{"floor":1,"key":"PotionOfCapacity"},{"floor":7,"key":"Energy Potion"}],"is_trial":false,"path_per_floor":["M","$","M","M","$","R","?","E"],"character_chosen":"DEFECT","items_purchased":["Cold Snap","Gash","Conserve Battery","Blizzard"],"campfire_rested":0,"item_purchase_floors":[2,2,2,5],"current_hp_per_floor":[44,44,44,44,44,44,20,0,0],"gold":117,"neow_bonus":"TWO_FIFTY_GOLD","is_daily":false,"chose_seed":false,"campfire_upgraded":1,"win_rate":0.0,"timestamp":1612057501,"path_taken":["M","$","M","M","$","R","?","E"],"items_purchased_type":["Card","Card","Card","Card"],"build_version":"2020-12-22","purchased_purges":1,"victory":false,"max_hp_per_floor":[71,71,71,71,71,71,71,71,71],"relic_stats":{"counters":[5,18],"obtain_stats":[{"DataDisk":7,"Cracked Core":0},{"DataDisk":3,"Cracked Core":0},{"DataDisk":10,"Cracked Core":0}]},"card_choices":[{"not_picked":["Rebound","Redo"],"picked":"Chill","floor":1},{"not_picked":["Hello World","Rebound"],"picked":"Cold Snap","floor":3},{"not_picked":["Compile Driver","Turbo"],"picked":"Go for the Eyes","floor":4},{"not_picked":["Redo","Reinforced Body"],"picked":"Skim","floor":7}],"player_experience":4005136,"relics_obtained":[],"event_choices":[{"damage_healed":0,"gold_gain":30,"player_choice":"Searched \u00273\u0027 times","damage_taken":0,"relics_obtained":["DataDisk"],"max_hp_gain":0,"max_hp_loss":0,"event_name":"Dead Adventurer","floor":7,"gold_loss":0}],"is_beta":false,"boss_relics":[],"items_purged_floors":[2],"is_endless":false,"potions_floor_spawned":[1,7],"killed_by":"Gremlin Nob","ascension_level":20}}