{"host":"7u8vekii4cye2mt9","time":1612106120,"event":{"mods":["BaseMod","Better Altar","Better Note","Better Sensory Stone","Better Skull","Hermit","Minty Spire (QoL Compilation)","Shop Mod","StSLib","The Animator","The Servant 0.9.4","Transform Curses"],"gold_per_floor":[119,137,155,155,4,46,46,76,115,127,158,189,201,253,265,375,387,417,429,459,471,513,525,566,578,614,586,621,673,702,714,726,849,861,893,940,958,958],"floor_reached":37,"language":"POL","playtime":4220,"items_purged":["Pain"],"score":475,"play_id":"c55401b2-b968-4cd8-b9d6-b1c68d45a8f5","local_time":"20210131161520","is_ascension_mode":true,"campfire_choices":[{"data":"animator:Saitama","floor":7.0,"key":"SMITH"},{"data":"animator:Mikaela","floor":10.0,"key":"SMITH"},{"floor":15.0,"key":"REST"},{"floor":23.0,"key":"REST"},{"data":"animator:Shiro","floor":25,"key":"SMITH"},{"floor":32,"key":"REST"}],"circlet_count":0,"master_deck":["animator:Strike_MadokaMagica","animator:Defend_MadokaMagica","animator:Defend","animator:Defend","animator:Defend+1","animator:IrohaTamaki","animator:YuiTsuruno","animator:Saitama+1","animator:Mitsuba","animator:MumenRider","animator:CowGirl","animator:YachiyoNanami","animator:SuzuneAmano","animator:Mikaela+1","animator:KrulTepes","animator:MamiTomoe","animator:SayakaMiki","animator:DolaStephanie","animator:MadokaKaname","animator:Chris","animator:MamiTomoe","animator:Shiro+1","animator:Rena+1","animator:DolaStephanie","animator:MumenRider+1","animator:HiiragiShinya","animator:IzunaHatsuse","animator:Eve+1","animator:DolaCouronne","animator:Kaijin+1"],"relics":["animator:LivingPicture","animator:TheMissingPiece","animator:PurgingStone","WarpedTongs","Dream Catcher","MawBank","Orichalcum","Blood Vial","Pantograph","Empty Cage","Bronze Scales","Nunchaku","HornCleat","Blood Vial","Frozen Egg 2","Shuriken","Philosopher\u0027s Stone"],"acts_visited":["Exordium","TheCity","TheBeyond"],"potions_floor_usage":[24,24,28,29,29,29,30],"damage_taken":[{"damage":4.0,"enemies":"Cultist","floor":1.0,"turns":4.0},{"damage":9.0,"enemies":"Jaw Worm","floor":2.0,"turns":3.0},{"damage":0.0,"enemies":"2 Louse","floor":3.0,"turns":3.0},{"damage":25.0,"enemies":"3 Sentries","floor":6.0,"turns":18.0},{"damage":3.0,"enemies":"Gremlin Nob","floor":8.0,"turns":3.0},{"damage":8.0,"enemies":"Blue Slaver","floor":11.0,"turns":3.0},{"damage":3.0,"enemies":"2 Fungi Beasts","floor":12.0,"turns":3.0},{"damage":16.0,"enemies":"Lagavulin","floor":14.0,"turns":8.0},{"damage":24.0,"enemies":"Hexaghost","floor":16.0,"turns":13.0},{"damage":12.0,"enemies":"Spheric Guardian","floor":18.0,"turns":4.0},{"damage":5.0,"enemies":"Chosen","floor":20.0,"turns":5.0},{"damage":7.0,"enemies":"Shelled Parasite and Fungi","floor":22.0,"turns":7.0},{"damage":16,"enemies":"Gremlin Leader","floor":24,"turns":14},{"damage":22,"enemies":"Cultist and Chosen","floor":28,"turns":9},{"damage":12,"enemies":"Slavers","floor":29,"turns":8},{"damage":14,"enemies":"Snake Plant","floor":30,"turns":4},{"damage":25,"enemies":"Collector","floor":33,"turns":9},{"damage":38,"enemies":"3 Darklings","floor":35,"turns":7},{"damage":9,"enemies":"3 Shapes","floor":36,"turns":6},{"damage":42,"enemies":"Transient","floor":37,"turns":4}],"seed_played":"-1399765065062738742","potions_obtained":[{"floor":2.0,"key":"Regen Potion"},{"floor":3.0,"key":"FearPotion"},{"floor":8.0,"key":"animator:FalseLifePotion"},{"floor":14.0,"key":"LiquidBronze"},{"floor":16.0,"key":"LiquidMemories"},{"floor":18.0,"key":"LiquidBronze"},{"floor":20.0,"key":"DistilledChaos"},{"floor":27,"key":"AttackPotion"},{"floor":27,"key":"EssenceOfSteel"},{"floor":27,"key":"PowerPotion"},{"floor":28,"key":"Dexterity Potion"},{"floor":29,"key":"CultistPotion"},{"floor":33,"key":"Swift Potion"},{"floor":36,"key":"Fire Potion"}],"is_trial":false,"path_per_floor":["M","M","M","?","$","E","R","E","T","R","M","M","$","E","R","B",null,"M","?","M","?","M","R","E","R","T","?","M","E","M","?","R","B",null,"M","M","M"],"character_chosen":"THE_ANIMATOR","items_purchased":["animator:YachiyoNanami"],"campfire_rested":3,"item_purchase_floors":[5],"current_hp_per_floor":[62,53,53,53,53,43,43,40,40,40,32,30,30,14,34,38,68,56,29,26,26,24,44,30,30,30,30,12,13,3,3,23,33,68,36,31,0,0],"gold":958,"neow_bonus":"ONE_RANDOM_RARE_CARD","is_daily":false,"chose_seed":false,"campfire_upgraded":3,"win_rate":0.0,"timestamp":1612106120,"path_taken":["M","M","?","?","$","E","R","E","T","R","M","?","$","E","R","BOSS","M","?","M","?","M","R","E","R","T","?","?","E","M","?","R","BOSS","M","M","?"],"items_purchased_type":["Card"],"build_version":"2020-12-22","purchased_purges":1,"victory":false,"max_hp_per_floor":[66,66,66,66,66,66,66,66,66,66,66,67,67,67,67,68,68,68,68,68,68,68,68,68,68,68,68,68,68,68,68,68,68,68,68,68,68,68],"card_choices":[{"not_picked":["animator:Demiurge","animator:IzunaHatsuse"],"picked":"animator:Mitsuba","floor":1.0},{"not_picked":["animator:DwarfShaman","animator:Add"],"picked":"animator:MumenRider","floor":2.0},{"not_picked":["animator:DolaSchwi","animator:Demiurge"],"picked":"animator:CowGirl","floor":3.0},{"not_picked":["animator:NagisaMomoe","animator:OrikoMikuni"],"picked":"animator:SuzuneAmano","floor":6.0},{"not_picked":["animator:MetalKnight","animator:Geryuganshoop"],"picked":"animator:Mikaela","floor":8.0},{"not_picked":["animator:YunYun","animator:Millim"],"picked":"animator:KrulTepes","floor":11.0},{"not_picked":["animator:Yoichi","animator:IrohaTamaki"],"picked":"animator:MamiTomoe","floor":12.0},{"not_picked":["animator:IrohaTamaki","animator:YuiTsuruno"],"picked":"animator:SayakaMiki","floor":14.0},{"not_picked":["animator:Rena","animator:Hakurou"],"picked":"animator:DolaStephanie","floor":15.0},{"not_picked":["animator:Ainz","animator:Albedo"],"picked":"animator:MadokaKaname","floor":16.0},{"not_picked":["animator:IrohaTamaki","animator:LizardPriest"],"picked":"animator:Chris","floor":18.0},{"not_picked":["animator:DolaSchwi","animator:Yoichi","animator:Add"],"picked":"SKIP","floor":20.0},{"not_picked":["animator:KyokoSakura","animator:MetalKnight"],"picked":"animator:MamiTomoe","floor":22.0},{"not_picked":["animator:OrikoMikuni","animator:Mitsurugi+1"],"picked":"animator:Shiro","floor":23.0},{"not_picked":["animator:Entoma","animator:SayakaMiki"],"picked":"animator:Rena+1","floor":28},{"not_picked":["animator:ChlammyZell","animator:Shinoa"],"picked":"animator:DolaStephanie","floor":29},{"not_picked":["animator:Mikaela+1","animator:HiiragiShinya"],"picked":"animator:MumenRider+1","floor":30},{"not_picked":["animator:Mitsuba","animator:SuzuneAmano"],"picked":"animator:IzunaHatsuse","floor":32},{"not_picked":["animator:Guren","animator:SwordMaiden"],"picked":"animator:Eve+1","floor":33},{"not_picked":["animator:DolaSchwi","animator:Tet"],"picked":"animator:DolaCouronne","floor":35},{"not_picked":["animator:Chung","animator:ChlammyZell"],"picked":"animator:Kaijin+1","floor":36}],"player_experience":505486,"relics_obtained":[{"floor":6.0,"key":"Dream Catcher"},{"floor":8.0,"key":"MawBank"},{"floor":9.0,"key":"Orichalcum"},{"floor":14.0,"key":"Blood Vial"},{"floor":14.0,"key":"Pantograph"},{"floor":24,"key":"Blood Vial"},{"floor":24,"key":"Frozen Egg 2"},{"floor":29,"key":"Shuriken"}],"event_choices":[{"damage_healed":0.0,"max_hp_gain":0.0,"max_hp_loss":0.0,"gold_gain":0.0,"event_name":"Accursed Blacksmith","player_choice":"Rummage","floor":4.0,"gold_loss":0.0,"damage_taken":0.0,"relics_obtained":["WarpedTongs"],"cards_obtained":["Pain"]},{"damage_healed":0.0,"max_hp_gain":0.0,"max_hp_loss":0.0,"gold_gain":0.0,"event_name":"betterSkull:BetterSkull","player_choice":"RE RE ","floor":19.0,"gold_loss":0.0,"damage_taken":31.0,"cards_upgraded":[],"relics_obtained":["Bronze Scales","Nunchaku"]},{"damage_healed":0.0,"max_hp_gain":0.0,"max_hp_loss":0.0,"gold_gain":0.0,"event_name":"WeMeetAgain","player_choice":"Gave Potion","floor":21.0,"gold_loss":0.0,"damage_taken":0.0,"relics_obtained":["HornCleat"]},{"damage_healed":0,"gold_gain":0,"player_choice":"Bought 3 Potions","damage_taken":0,"max_hp_gain":0,"max_hp_loss":0,"event_name":"The Woman in Blue","floor":27,"gold_loss":0},{"damage_healed":0,"gold_gain":0,"cards_transformed":["animator:Strike"],"player_choice":"Transformed","damage_taken":0,"max_hp_gain":0,"max_hp_loss":0,"event_name":"Transmorgrifier","floor":31,"gold_loss":0,"cards_obtained":["animator:HiiragiShinya"]}],"is_beta":false,"boss_relics":[{"not_picked":["Pandora\u0027s Box","Ectoplasm"],"picked":"Empty Cage"},{"not_picked":["animator:CursedBlade","Sozu"],"picked":"Philosopher\u0027s Stone"}],"items_purged_floors":[5],"is_endless":false,"potions_floor_spawned":[2,3,8,14,16,18,20,28,29,33,36],"killed_by":"Transient","ascension_level":1}}