{"host":"utqe55yv0jihe4d6","time":1612067367,"event":{"mods":["2.2 Compatiblity","AchievementEnabler","BaseMod","Block Reminder","Colored Map","Colored Powertips","Minty Spire (QoL Compilation)","Quick Restart","Rare Cards Sparkle","Relic Stats","SuperFastMode"],"gold_per_floor":[117,130,55,73,13,13,30,30,30,50,50,76,89,124,124,200,200,220,53,64,82,7,7,7,7],"floor_reached":24,"language":"ENG","playtime":770,"items_purged":["Injury"],"score":416,"play_id":"9843337b-e795-4630-9b45-61dc5491880c","local_time":"20210130232927","is_ascension_mode":true,"campfire_choices":[{"data":"Neutralize","floor":6,"key":"SMITH"},{"data":"Poisoned Stab","floor":8,"key":"SMITH"},{"data":"Blade Dance","floor":11,"key":"SMITH"},{"floor":15,"key":"REST"},{"floor":23,"key":"REST"}],"circlet_count":0,"master_deck":["AscendersBane","Survivor","Neutralize+1","Die Die Die","Dagger Spray","Endless Agony","Blade Dance+1","Poisoned Stab+1","Backflip","Crippling Poison","Terror","After Image+1","Flying Knee","Deadly Poison","Prepared","Flechettes","Grand Finale","Infinite Blades+1","PiercingWail","Leg Sweep","Setup","PiercingWail","Well Laid Plans+1","Finisher","Accuracy+1"],"relics":["Ring of the Snake","Darkstone Periapt","Question Card","Tingsha","Frozen Egg 2","Pandora\u0027s Box","Orrery"],"acts_visited":["Exordium","TheCity"],"potions_floor_usage":[14,21],"damage_taken":[{"damage":7,"enemies":"2 Louse","floor":1,"turns":3},{"damage":1,"enemies":"Cultist","floor":2,"turns":4},{"damage":2,"enemies":"Small Slimes","floor":4,"turns":2},{"damage":9,"enemies":"Red Slaver","floor":7,"turns":5},{"damage":10,"enemies":"Large Slime","floor":10,"turns":6},{"damage":8,"enemies":"Gremlin Nob","floor":12,"turns":3},{"damage":0,"enemies":"Exordium Thugs","floor":13,"turns":3},{"damage":12,"enemies":"3 Sentries","floor":14,"turns":6},{"damage":26,"enemies":"The Guardian","floor":16,"turns":13},{"damage":22,"enemies":"2 Thieves","floor":18,"turns":5},{"damage":5,"enemies":"Shell Parasite","floor":20,"turns":6},{"damage":6,"enemies":"Snake Plant","floor":21,"turns":6},{"damage":40,"enemies":"Gremlin Leader","floor":24,"turns":3}],"seed_played":"8142501215014411995","potions_obtained":[{"floor":2,"key":"Energy Potion"},{"floor":12,"key":"Ancient Potion"},{"floor":20,"key":"LiquidMemories"}],"is_trial":false,"path_per_floor":["M","M","$","M","?","R","M","R","T","M","R","E","M","E","R","B",null,"M","$","M","M","?","R","E"],"character_chosen":"THE_SILENT","items_purchased":["Orrery"],"campfire_rested":2,"item_purchase_floors":[19],"current_hp_per_floor":[52,51,51,49,49,49,40,40,40,30,30,22,22,10,29,3,50,28,28,23,17,17,36,0,0],"gold":7,"neow_bonus":"THREE_RARE_CARDS","is_daily":false,"chose_seed":false,"campfire_upgraded":3,"win_rate":0.0,"timestamp":1612067367,"path_taken":["M","M","$","M","?","R","M","R","T","M","R","E","M","E","R","BOSS","M","$","M","M","?","R","E"],"items_purchased_type":["Relic"],"build_version":"2020-12-22","purchased_purges":1,"victory":false,"max_hp_per_floor":[66,66,66,66,66,66,66,66,66,66,66,66,66,66,66,66,66,66,66,66,66,66,66,66,66],"relic_stats":{"Darkstone Periapt":0,"counters":[13,65],"Tingsha":[28],"Pandora\u0027s Box":["Flying Knee","Deadly Poison","Prepared","Flechettes","Grand Finale","Infinite Blades","PiercingWail","Infinite Blades","Leg Sweep","Setup"],"Question Card":13,"obtain_stats":[{"Darkstone Periapt":5,"Orrery":19,"Tingsha":12,"Pandora\u0027s Box":17,"Frozen Egg 2":14,"Question Card":9,"Ring of the Snake":0},{"Darkstone Periapt":3,"Orrery":10,"Tingsha":6,"Pandora\u0027s Box":9,"Frozen Egg 2":8,"Question Card":4,"Ring of the Snake":0},{"Darkstone Periapt":9,"Orrery":50,"Tingsha":23,"Pandora\u0027s Box":45,"Frozen Egg 2":32,"Question Card":14,"Ring of the Snake":0}],"Ring of the Snake":[27]},"card_choices":[{"not_picked":["Storm of Steel","After Image"],"picked":"Die Die Die","floor":0},{"not_picked":["Infinite Blades","Prepared"],"picked":"Dagger Spray","floor":1},{"not_picked":["Quick Slash","Prepared"],"picked":"Endless Agony","floor":2},{"not_picked":["Dodge and Roll","Underhanded Strike"],"picked":"Blade Dance","floor":4},{"not_picked":["Cloak And Dagger","Blade Dance"],"picked":"Poisoned Stab","floor":7},{"not_picked":["Dagger Spray","Dagger Throw","Choke"],"picked":"Backflip","floor":10},{"not_picked":["Flechettes","Tactician","Predator"],"picked":"Crippling Poison","floor":12},{"not_picked":["Blur","Poisoned Stab","Outmaneuver"],"picked":"Terror","floor":13},{"not_picked":["Cloak And Dagger","Backflip","Flying Knee","Sucker Punch"],"picked":"SKIP","floor":14},{"not_picked":["Night Terror","Corpse Explosion","Burst"],"picked":"After Image+1","floor":16},{"not_picked":["Tactician","Underhanded Strike","Bane"],"picked":"PiercingWail","floor":18},{"not_picked":["Tactician","Cloak And Dagger+1","Grand Finale"],"picked":"Well Laid Plans+1","floor":19},{"not_picked":["Outmaneuver","Bane","Acrobatics"],"picked":"Finisher","floor":20},{"not_picked":["Heel Hook","Escape Plan","Dagger Throw"],"picked":"Accuracy+1","floor":21}],"player_experience":2966828,"relics_obtained":[{"floor":9,"key":"Question Card"},{"floor":12,"key":"Tingsha"},{"floor":14,"key":"Frozen Egg 2"}],"event_choices":[{"damage_healed":0,"gold_gain":0,"player_choice":"Paid Gold","damage_taken":0,"relics_obtained":["Darkstone Periapt"],"max_hp_gain":0,"max_hp_loss":0,"event_name":"WeMeetAgain","floor":5,"gold_loss":60},{"cards_removed":["Infinite Blades"],"damage_healed":0,"gold_gain":0,"player_choice":"Gave Gold","damage_taken":0,"max_hp_gain":0,"max_hp_loss":0,"event_name":"Beggar","floor":22,"gold_loss":75}],"is_beta":false,"boss_relics":[{"not_picked":["WristBlade","Busted Crown"],"picked":"Pandora\u0027s Box"}],"items_purged_floors":[3],"is_endless":false,"potions_floor_spawned":[2,12,13,20],"killed_by":"Gremlin Leader","ascension_level":20}}