{"host":"uc8wz0q199a7d901","time":1612087419,"event":{"mods":["2.2 Compatiblity","BaseMod","Colored Map","DeckTracker","Highlight Path","Minty Spire (QoL Compilation)","Permanent Neow","Quick Restart","SuperFastMode"],"gold_per_floor":[112,131,131,152,166,166,204,174,174,30,46,46,46,64,64,158,158,137,80,80,80,91,91,91],"floor_reached":23,"language":"KOR","playtime":419,"items_purged":[],"score":382,"play_id":"1a345dc2-0486-421b-b1dc-2cdfd3c7905e","local_time":"20210131190339","is_ascension_mode":true,"campfire_choices":[{"data":"Defragment","floor":6.0,"key":"SMITH"},{"floor":15.0,"key":"REST"}],"circlet_count":0,"master_deck":["AscendersBane","Strike_B","Strike_B","Strike_B","Strike_B","Defend_B","Defend_B","Defend_B","Defend_B","Zap","Dualcast","Cold Snap","Sweeping Beam","Lockon","Thunder Strike","Defragment+1","Turbo","Sunder","Parasite","Seek","White Noise","Coolheaded","White Noise"],"relics":["Cracked Core","Bloody Idol","Cables","CaptainsWheel","Sozu","Nilry\u0027s Codex"],"acts_visited":["Exordium","TheCity"],"potions_floor_usage":[],"damage_taken":[{"damage":7.0,"enemies":"Jaw Worm","floor":1.0,"turns":3.0},{"damage":2.0,"enemies":"Small Slimes","floor":2.0,"turns":3.0},{"damage":0.0,"enemies":"Cultist","floor":4.0,"turns":2.0},{"damage":26.0,"enemies":"Large Slime","floor":5.0,"turns":4.0},{"damage":28.0,"enemies":"Gremlin Nob","floor":7.0,"turns":4.0},{"damage":0.0,"enemies":"Exordium Wildlife","floor":11.0,"turns":2.0},{"damage":13.0,"enemies":"2 Fungi Beasts","floor":14.0,"turns":3.0},{"damage":20.0,"enemies":"Hexaghost","floor":16.0,"turns":11.0},{"damage":23,"enemies":"2 Thieves","floor":18,"turns":4},{"damage":3,"enemies":"Chosen","floor":22,"turns":4},{"damage":11,"enemies":"Gremlin Leader","floor":23,"turns":1}],"seed_played":"2284024782603683734","potions_obtained":[{"floor":4.0,"key":"SteroidPotion"},{"floor":8.0,"key":"Block Potion"},{"floor":8.0,"key":"Dexterity Potion"}],"is_trial":false,"path_per_floor":["M","M","?","M","M","R","E","?","T","$","M","?","$","M","R","B",null,"M","$","?","?","M","E"],"character_chosen":"DEFECT","items_purchased":["Turbo","Sunder","Coolheaded"],"campfire_rested":1,"item_purchase_floors":[10,10,19],"current_hp_per_floor":[57,55,55,55,29,29,1,1,1,1,1,17,17,4,23,3,49,26,26,5,5,7,0,0],"gold":91,"neow_bonus":"THREE_CARDS","is_daily":false,"chose_seed":false,"campfire_upgraded":1,"win_rate":0.0,"timestamp":1612087419,"path_taken":["M","M","?","M","M","R","E","?","T","$","?","?","?","M","R","BOSS","M","$","?","?","M","E"],"items_purchased_type":["Card","Card","Card"],"build_version":"2020-12-22","purchased_purges":0,"victory":false,"max_hp_per_floor":[71,71,64,64,64,64,64,64,64,64,64,64,64,64,64,64,64,64,64,64,64,64,64,64],"card_choices":[{"not_picked":["Hologram","Gash"],"picked":"Cold Snap","floor":0.0},{"not_picked":["Rebound","Hologram"],"picked":"Sweeping Beam","floor":1.0},{"not_picked":["Go for the Eyes","Leap"],"picked":"Lockon","floor":2.0},{"not_picked":["Redo","Sweeping Beam"],"picked":"Thunder Strike","floor":4.0},{"not_picked":["Hologram","Blizzard"],"picked":"Defragment","floor":5.0},{"not_picked":["Rebound","Sweeping Beam","Gash"],"picked":"SKIP","floor":7.0},{"not_picked":["Barrage","Compile Driver","Sunder"],"picked":"SKIP","floor":11.0},{"not_picked":["Steam","Thunder Strike","Streamline"],"picked":"SKIP","floor":14.0},{"not_picked":["Fission","Multi-Cast"],"picked":"Seek","floor":16.0},{"not_picked":["Self Repair","Glacier"],"picked":"White Noise","floor":18},{"not_picked":["Barrage","Doom and Gloom"],"picked":"White Noise","floor":22}],"player_experience":706182,"relics_obtained":[{"floor":7.0,"key":"Cables"},{"floor":9.0,"key":"CaptainsWheel"},{"floor":20,"key":"Nilry\u0027s Codex"}],"event_choices":[{"damage_healed":0.0,"max_hp_gain":0.0,"max_hp_loss":7.0,"gold_gain":0.0,"event_name":"Golden Idol","player_choice":"Lose Max HP","floor":3.0,"gold_loss":0.0,"damage_taken":0.0,"relics_obtained":["Golden Idol"]},{"damage_healed":0.0,"max_hp_gain":0.0,"max_hp_loss":0.0,"gold_gain":0.0,"event_name":"The Woman in Blue","player_choice":"Bought 2 Potions","floor":8.0,"gold_loss":0.0,"damage_taken":0.0},{"damage_healed":16.0,"max_hp_gain":0.0,"max_hp_loss":0.0,"gold_gain":0.0,"event_name":"Mushrooms","player_choice":"Healed and dodged fight","floor":12.0,"gold_loss":0.0,"damage_taken":0.0,"cards_obtained":["Parasite"]},{"damage_healed":0,"gold_gain":0,"player_choice":"Obtained Book","damage_taken":21,"max_hp_gain":0,"max_hp_loss":0,"event_name":"Cursed Tome","floor":20,"gold_loss":0},{"damage_healed":0,"gold_gain":0,"player_choice":"Gave Idol","damage_taken":0,"relics_obtained":["Bloody Idol"],"max_hp_gain":0,"max_hp_loss":0,"event_name":"Forgotten Altar","floor":21,"relics_lost":["Golden Idol"],"gold_loss":0}],"is_beta":false,"boss_relics":[{"not_picked":["Ectoplasm","Philosopher\u0027s Stone"],"picked":"Sozu"}],"items_purged_floors":[],"is_endless":false,"potions_floor_spawned":[4,11,14,22],"killed_by":"Gremlin Leader","ascension_level":20}}