{"host":"8u7tvcybuv0u72fd","time":1612072658,"event":{"mods":["BaseMod","BetterRewards","Colored Map","Colored Powertips","Minty Spire (QoL Compilation)","Quick Restart","Shop Mod"],"gold_per_floor":[118,131,131,145,159,159,192,192,192,211,226,256,273,226,226,329,329,349,367,282,50,50,75,89,89,138,52,52,64,94,109,109,207,207,219,179,193,204,78,104,115,149,149,165,165,185,185,195,195,195,195,195,2,27,27],"floor_reached":56,"language":"ENG","playtime":3938,"items_purged":["Strike_R","Defend_R","Strike_R"],"score":1663,"play_id":"1a0f410e-3ed4-47aa-afc4-0a469ca6d11c","local_time":"20210131005738","is_ascension_mode":false,"campfire_choices":[{"data":"Body Slam","floor":6.0,"key":"SMITH"},{"data":"Bash","floor":8.0,"key":"SMITH"},{"data":"Feed","floor":15.0,"key":"SMITH"},{"data":"Shrug It Off","floor":25.0,"key":"SMITH"},{"data":"Iron Wave","floor":28.0,"key":"SMITH"},{"data":"Defend_R","floor":32.0,"key":"SMITH"},{"data":"Headbutt","floor":45,"key":"SMITH"},{"floor":47,"key":"RECALL"},{"data":"Limit Break","floor":49,"key":"SMITH"},{"data":"Strike_R","floor":52,"key":"SMITH"}],"circlet_count":0,"master_deck":["Strike_R+1","Strike_R+1","Strike_R+1","Defend_R+1","Defend_R+1","Defend_R+1","Bash+1","Body Slam+1","Iron Wave+1","Headbutt+1","Feed+1","Offering","Shrug It Off+1","Hemokinesis+1","Limit Break+1","Dropkick+1","Disarm+1","Cleave+1","Rage+1","Blood for Blood+1","Intimidate"],"relics":["Black Blood","Medical Kit","Bag of Preparation","Membership Card","Dead Branch","War Paint","Magic Flower","Prayer Wheel","Ice Cream","Singing Bowl","MerchantsRug","Busted Crown","Letter Opener","Potion Belt","Sling","Charon\u0027s Ashes","Anchor","TheAbacus","Question Card","Pocketwatch","Akabeko","ClockworkSouvenir","Calipers","Paper Frog","Art of War"],"acts_visited":["Exordium","TheCity","TheBeyond","TheEnding"],"potions_floor_usage":[33,35,55,55,55,55,55],"damage_taken":[{"damage":0.0,"enemies":"Small Slimes","floor":1.0,"turns":4.0},{"damage":0.0,"enemies":"Cultist","floor":2.0,"turns":3.0},{"damage":0.0,"enemies":"2 Louse","floor":4.0,"turns":3.0},{"damage":2.0,"enemies":"Looter","floor":5.0,"turns":3.0},{"damage":27.0,"enemies":"Lagavulin","floor":7.0,"turns":6.0},{"damage":3.0,"enemies":"Lots of Slimes","floor":10.0,"turns":4.0},{"damage":0.0,"enemies":"Large Slime","floor":11.0,"turns":5.0},{"damage":3.0,"enemies":"3 Sentries","floor":12.0,"turns":4.0},{"damage":0.0,"enemies":"Gremlin Gang","floor":13.0,"turns":4.0},{"damage":89.0,"enemies":"Hexaghost","floor":16.0,"turns":11.0},{"damage":6.0,"enemies":"Chosen","floor":18.0,"turns":3.0},{"damage":6.0,"enemies":"Shell Parasite","floor":19.0,"turns":3.0},{"damage":19.0,"enemies":"Book of Stabbing","floor":23.0,"turns":5.0},{"damage":8.0,"enemies":"Cultist and Chosen","floor":24.0,"turns":3.0},{"damage":6.0,"enemies":"Snake Plant","floor":29.0,"turns":2.0},{"damage":8.0,"enemies":"Gremlin Leader","floor":30.0,"turns":5.0},{"damage":8.0,"enemies":"Chosen and Byrds","floor":31.0,"turns":5.0},{"damage":117,"enemies":"Collector","floor":33,"turns":13},{"damage":29,"enemies":"3 Darklings","floor":35,"turns":9},{"damage":15,"enemies":"3 Shapes","floor":37,"turns":3},{"damage":8,"enemies":"Jaw Worm Horde","floor":38,"turns":4},{"damage":16,"enemies":"Nemesis","floor":40,"turns":3},{"damage":40,"enemies":"Writhing Mass","floor":41,"turns":6},{"damage":19,"enemies":"Reptomancer","floor":42,"turns":5},{"damage":22,"enemies":"Maw","floor":44,"turns":5},{"damage":8,"enemies":"Sphere and 2 Shapes","floor":46,"turns":3},{"damage":8,"enemies":"Spire Growth","floor":48,"turns":3},{"damage":61,"enemies":"Awakened One","floor":50,"turns":15},{"damage":18,"enemies":"Shield and Spear","floor":54,"turns":5},{"damage":55,"enemies":"The Heart","floor":55,"turns":8}],"seed_played":"9173890028266532348","potions_obtained":[{"floor":4.0,"key":"BloodPotion"},{"floor":5.0,"key":"SkillPotion"},{"floor":7.0,"key":"EssenceOfSteel"},{"floor":11.0,"key":"CultistPotion"},{"floor":12.0,"key":"Fire Potion"},{"floor":13.0,"key":"GamblersBrew"},{"floor":16.0,"key":"ElixirPotion"},{"floor":18.0,"key":"BloodPotion"},{"floor":23.0,"key":"AttackPotion"},{"floor":24.0,"key":"SteroidPotion"},{"floor":29.0,"key":"Regen Potion"},{"floor":30.0,"key":"Dexterity Potion"},{"floor":31.0,"key":"HeartOfIron"},{"floor":33,"key":"Block Potion"},{"floor":35,"key":"PowerPotion"},{"floor":37,"key":"LiquidBronze"},{"floor":42,"key":"HeartOfIron"}],"is_trial":false,"path_per_floor":["M","M","?","M","M","R","E","R","T","M","M","E","M","$","R","B",null,"M","M","?","$","?","E","M","R","T","?","R","M","E","M","R","B",null,"M","?","M","M","$","E","M","E","T","M","R","M","R","M","R","B",null,"R","$","E","B",null],"character_chosen":"IRONCLAD","items_purchased":["Medical Kit","Body Slam","Bag of Preparation","Membership Card","White Beast Statue","Strawberry","Iron Wave","Fire Potion","Regen Potion","War Paint","SkillPotion","MerchantsRug","Potion Belt","Sling","Fruit Juice","Shrug It Off","TheAbacus","ClockworkSouvenir","Calipers","Paper Frog","Intimidate"],"campfire_rested":0,"item_purchase_floors":[0,0,0,0,0,0,0,0,0,0,0,14,21,21,21,21,39,53,53,53,53],"current_hp_per_floor":[48,57,57,83,90,90,77,77,77,88,99,107,114,114,114,40,118,122,126,126,131,103,101,112,112,112,112,112,153,162,170,170,62,170,169,169,180,192,192,194,182,181,181,185,185,201,201,215,215,178,220,220,220,222,185],"gold":27,"neow_bonus":"","is_daily":false,"chose_seed":false,"campfire_upgraded":9,"win_rate":0.0,"timestamp":1612072658,"path_taken":["M","M","?","M","M","R","E","R","T","M","M","E","M","?","R","BOSS","M","M","?","$","?","E","M","R","T","?","R","?","E","M","R","BOSS","M","?","M","M","$","E","M","E","T","M","R","M","R","?","R","BOSS","R","$","E","BOSS"],"items_purchased_type":["Relic","Card","Relic","Relic","Relic","Relic","Card","Potion","Potion","Relic","Potion","Relic","Relic","Relic","Potion","Card","Relic","Relic","Relic","Relic","Card"],"build_version":"2020-12-22","purchased_purges":3,"victory":true,"max_hp_per_floor":[87,87,87,87,90,90,93,93,93,96,99,107,114,114,114,118,118,122,126,126,131,136,142,150,150,150,150,150,156,162,170,170,170,170,178,178,184,192,192,194,202,202,202,208,208,212,212,216,216,220,220,220,220,222,222],"card_choices":[{"not_picked":["Clothesline","Bloodletting","True Grit"],"picked":"SKIP","floor":1.0},{"not_picked":["Blood for Blood","Inflame","True Grit"],"picked":"SKIP","floor":1.0},{"not_picked":["Entrench","Blood for Blood"],"picked":"Headbutt","floor":2.0},{"not_picked":["Cleave","Havoc","Searing Blow"],"picked":"SKIP","floor":2.0},{"not_picked":["Flex","Twin Strike"],"picked":"Feed","floor":4.0},{"not_picked":["Twin Strike","Anger","Second Wind"],"picked":"SKIP","floor":4.0},{"not_picked":["Pummel","Blood for Blood","Sword Boomerang"],"picked":"SKIP","floor":5.0},{"not_picked":["Exhume","Headbutt","Second Wind"],"picked":"SKIP","floor":5.0},{"not_picked":["Hemokinesis","Impervious","Pommel Strike"],"picked":"SKIP","floor":7.0},{"not_picked":["Body Slam","Fire Breathing","Iron Wave"],"picked":"SKIP","floor":10.0},{"not_picked":["Perfected Strike","Dropkick","Clothesline"],"picked":"SKIP","floor":10.0},{"not_picked":["Clash","Twin Strike","Warcry"],"picked":"SKIP","floor":11.0},{"not_picked":["Double Tap","Heavy Blade","Shockwave"],"picked":"SKIP","floor":11.0},{"not_picked":["Hemokinesis","Sentinel","True Grit"],"picked":"Singing Bowl","floor":12.0},{"not_picked":["Heavy Blade","Wild Strike","Havoc"],"picked":"Singing Bowl","floor":13.0},{"not_picked":["Havoc","Immolate","Armaments"],"picked":"Singing Bowl","floor":13.0},{"not_picked":["Exhume","Impervious"],"picked":"Offering","floor":16.0},{"not_picked":["Wild Strike"],"picked":"Singing Bowl","floor":18.0},{"not_picked":["Wild Strike"],"picked":"Singing Bowl","floor":18.0},{"not_picked":["Wild Strike"],"picked":"Singing Bowl","floor":19.0},{"not_picked":["Wild Strike"],"picked":"Singing Bowl","floor":19.0},{"not_picked":["Feel No Pain"],"picked":"Singing Bowl","floor":23.0},{"not_picked":["Flex"],"picked":"Singing Bowl","floor":24.0},{"not_picked":["Infernal Blade"],"picked":"Singing Bowl","floor":24.0},{"not_picked":[],"picked":"Hemokinesis+1","floor":29.0},{"not_picked":["Havoc"],"picked":"Singing Bowl","floor":29.0},{"not_picked":["Headbutt+1"],"picked":"Singing Bowl","floor":30.0},{"not_picked":["Pommel Strike"],"picked":"Singing Bowl","floor":31.0},{"not_picked":["True Grit"],"picked":"Singing Bowl","floor":31.0},{"not_picked":[],"picked":"Limit Break","floor":33},{"not_picked":["Body Slam+1"],"picked":"Singing Bowl","floor":35},{"not_picked":["Perfected Strike"],"picked":"Singing Bowl","floor":35},{"not_picked":[],"picked":"Dropkick+1","floor":37},{"not_picked":["Spot Weakness"],"picked":"Singing Bowl","floor":37},{"not_picked":["Havoc+1"],"picked":"Singing Bowl","floor":38},{"not_picked":["Pommel Strike"],"picked":"Singing Bowl","floor":38},{"not_picked":["Sentinel"],"picked":"Singing Bowl","floor":40},{"not_picked":["Hemokinesis+1","Clothesline"],"picked":"Singing Bowl","floor":41},{"not_picked":["Iron Wave+1","Cleave"],"picked":"Singing Bowl","floor":41},{"not_picked":["Sever Soul"],"picked":"Disarm+1","floor":42},{"not_picked":["Flex","Body Slam+1"],"picked":"Singing Bowl","floor":44},{"not_picked":["Iron Wave"],"picked":"Cleave+1","floor":44},{"not_picked":["Carnage"],"picked":"Rage+1","floor":46},{"not_picked":["Reckless Charge"],"picked":"Blood for Blood+1","floor":46},{"not_picked":["Rage","Dropkick+1"],"picked":"Singing Bowl","floor":48},{"not_picked":["Rampage","Sword Boomerang"],"picked":"Singing Bowl","floor":48},{"not_picked":["Rupture","Fiend Fire"],"picked":"Singing Bowl","floor":54}],"player_experience":1460977,"relics_obtained":[{"floor":7.0,"key":"Ice Cream"},{"floor":12.0,"key":"Singing Bowl"},{"floor":23.0,"key":"Charon\u0027s Ashes"},{"floor":26.0,"key":"Anchor"},{"floor":30.0,"key":"Tiny Chest"},{"floor":40,"key":"Question Card"},{"floor":42,"key":"Pocketwatch"},{"floor":43,"key":"Akabeko"},{"floor":54,"key":"Art of War"}],"event_choices":[{"damage_healed":0.0,"max_hp_gain":0.0,"max_hp_loss":0.0,"gold_gain":0.0,"event_name":"The Woman in Blue","player_choice":"Bought 0 Potions","floor":3.0,"gold_loss":0.0,"damage_taken":0.0},{"damage_healed":0.0,"max_hp_gain":0.0,"max_hp_loss":0.0,"gold_gain":0.0,"event_name":"Addict","player_choice":"Obtained Relic","floor":20.0,"gold_loss":85.0,"damage_taken":0.0,"relics_obtained":["Letter Opener"]},{"damage_healed":0.0,"max_hp_gain":5.0,"max_hp_loss":0.0,"gold_gain":0.0,"event_name":"Forgotten Altar","player_choice":"Shed Blood","floor":22.0,"gold_loss":0.0,"damage_taken":33.0},{"damage_healed":0.0,"max_hp_gain":0.0,"max_hp_loss":0.0,"gold_gain":0.0,"event_name":"WeMeetAgain","player_choice":"Paid Gold","floor":27.0,"gold_loss":86.0,"damage_taken":0.0,"relics_obtained":["Smiling Mask"]},{"damage_healed":0,"gold_gain":0,"player_choice":"Upgraded Two","damage_taken":0,"max_hp_gain":0,"max_hp_loss":0,"event_name":"Designer","floor":36,"gold_loss":40,"cards_upgraded":["Strike_R","Strike_R"]}],"is_beta":false,"boss_relics":[{"not_picked":["Empty Cage","Coffee Dripper"],"picked":"Busted Crown"},{"not_picked":["SlaversCollar","Astrolabe"],"picked":"Black Blood"}],"items_purged_floors":[0,0,39],"is_endless":false,"potions_floor_spawned":[1,2,4,5,7,10,11,12,13,16,18,19,23,24,29,30,31,33,35,37,38,40,41,42,44,46,48],"ascension_level":0}}