{"host":"nlowmoq7gy18n72d","time":1612131815,"event":{"mods":["BaseMod","Colored Powertips","Conspire","Downfall","Hermit","Highlight Path","Infinite Spire","Jorbs\u0027s Wanderer Trilogy","Minty Spire (QoL Compilation)","Rare Cards Sparkle","Replay The Spire","StSLib","The Cursed","The Hierophant"],"gold_per_floor":[119,132,164,164,178,207,207,236,261,288,308,308,321,336,336,443,443,463,187,187,224,224,224,257,257,281,281,314,226,226,237,237,347,347,362,362,362,406,454,454,525,525,525,581,651,721,808,12,12,19,19,19,19,60,67,67],"floor_reached":55,"language":"ENG","playtime":2756,"items_purged":["hermit:CalledShot","downfall:Bewildered","hermit:TrackingShot"],"score":1060,"play_id":"207b3b43-7798-4a84-aad9-641d7b2cbbdc","local_time":"20210201012335","is_ascension_mode":true,"campfire_choices":[{"floor":12,"key":"REST"},{"floor":15,"key":"REST"},{"floor":23,"key":"REST"},{"data":"hermit:Maintenance","floor":25,"key":"SMITH"},{"data":"hermit:Dive","floor":27,"key":"SMITH"},{"floor":32,"key":"REST"},{"data":"hermit:Scavenge","floor":40,"key":"SMITH"},{"floor":42,"key":"REST"},{"floor":49,"key":"RECALL"},{"data":"hermit:Enervate","floor":52,"key":"SMITH"}],"circlet_count":0,"master_deck":["hermit:Strike_Hermit","hermit:Strike_Hermit","hermit:Strike_Hermit+1","hermit:Strike_Hermit","hermit:Defend_Hermit","hermit:Defend_Hermit+1","hermit:Defend_Hermit+1","hermit:Defend_Hermit","hermit:Snapshot+1","hermit:Covet","hermit:Enervate+1","hermit:Snipe","hermit:Dive+1","hermit:Quickdraw","hermit:RoundhouseKick","hermit:Scavenge+1","hermit:CursedWeapon","hermit:Maintenance+1","hermit:HighNoon+1","hermit:Dive+1","hermit:Glare","hermit:Maintenance+1","Decay","hermit:BodyArmor","hermit:HighCaliber"],"relics":["hermit:ClaspedLocket","Pet Ghost","PreservedInsect","Potion Belt","Gremlin Food","Oddly Smooth Stone","Art of War","ReplayTheSpireMod:TigerMarble","sneckomod:BabySnecko","Red Mask","Lantern","Regal Pillow","MawBank","conspire:SpecialSausage","infinitespire:EvilPickle","Pondfish Scales","Bag of Preparation","conspire:TopHat","Ancient Tea Set","Mummified Hand","Medical Kit","Boot"],"acts_visited":["Exordium","TheCity","TheBeyond","TheEnding"],"potions_floor_usage":[10,18,33,47,47,50,50,50,50,55],"damage_taken":[{"damage":1,"enemies":"Jaw Worm","floor":1,"turns":5},{"damage":0,"enemies":"2 Louse","floor":2,"turns":3},{"damage":29,"enemies":"conspire:MimicChest","floor":3,"turns":7},{"damage":10,"enemies":"Small Slimes","floor":5,"turns":3},{"damage":8,"enemies":"Gremlin Nob","floor":6,"turns":3},{"damage":12,"enemies":"3 Sentries","floor":8,"turns":6},{"damage":6,"enemies":"Lagavulin","floor":10,"turns":6},{"damage":0,"enemies":"Gremlin Gang","floor":11,"turns":4},{"damage":1,"enemies":"Looter","floor":13,"turns":2},{"damage":2,"enemies":"Large Slime","floor":14,"turns":4},{"damage":43,"enemies":"The Guardian","floor":16,"turns":15},{"damage":26,"enemies":"3 Byrds","floor":18,"turns":7},{"damage":24,"enemies":"Masked Bandits","floor":21,"turns":7},{"damage":16,"enemies":"Book of Stabbing","floor":24,"turns":4},{"damage":8,"enemies":"Slavers","floor":28,"turns":5},{"damage":2,"enemies":"2 Thieves","floor":31,"turns":4},{"damage":17,"enemies":"Pondfish","floor":33,"turns":16},{"damage":3,"enemies":"3 Darklings","floor":35,"turns":9},{"damage":2,"enemies":"3 Shapes","floor":38,"turns":4},{"damage":14,"enemies":"Jaw Worm Horde","floor":39,"turns":5},{"damage":35,"enemies":"Giant Head","floor":41,"turns":10},{"damage":12,"enemies":"Writhing Mass","floor":44,"turns":6},{"damage":14,"enemies":"Nemesis","floor":45,"turns":5},{"damage":4,"enemies":"Spire Growth","floor":46,"turns":6},{"damage":4,"enemies":"Reptomancer","floor":47,"turns":6},{"damage":21,"enemies":"Donu and Deca","floor":50,"turns":11},{"damage":24,"enemies":"Shield and Spear","floor":54,"turns":7},{"damage":46,"enemies":"The Heart","floor":55,"turns":4}],"seed_played":"-2448251937997065464","potions_obtained":[{"floor":1,"key":"Adrenaline Potion"},{"floor":3,"key":"SpeedPotion"},{"floor":6,"key":"Block Potion"},{"floor":11,"key":"Strength Potion"},{"floor":16,"key":"PowerPotion"},{"floor":24,"key":"Weak Potion"},{"floor":28,"key":"SkillPotion"},{"floor":31,"key":"Explosive Potion"},{"floor":33,"key":"Fire Potion"},{"floor":54,"key":"hexamod:SoulburnPotion"}],"is_trial":false,"path_per_floor":["M","M","?","?","M","E","?","E","T","E","M","R","M","M","R","B",null,"M","$","?","?","?","R","E","R","T","R","E","$","?","M","R","B",null,"M","?","?","M","M","R","E","R","T","M","E","M","E","$","R","B",null,"R","$","E","B"],"character_chosen":"HERMIT","items_purchased":["ReplayTheSpireMod:TigerMarble","hermit:Glare","ColorlessPotion","ColorlessPotion","Ancient Tea Set","Mummified Hand","Medical Kit"],"campfire_rested":5,"item_purchase_floors":[19,19,48,48,48,48,48],"current_hp_per_floor":[81,81,52,52,42,34,34,22,22,16,16,40,39,37,61,18,82,56,56,56,32,59,82,66,66,66,66,58,58,58,56,82,65,82,79,79,79,77,64,64,29,68,68,58,44,41,38,38,38,17,83,83,83,61,15,15],"gold":67,"neow_bonus":"TEN_PERCENT_HP_BONUS","is_daily":false,"chose_seed":false,"campfire_upgraded":4,"win_rate":0.0,"timestamp":1612131815,"path_taken":["M","M","?","?","?","E","?","E","T","E","M","R","M","M","R","BOSS","M","$","?","?","?","R","E","R","T","R","E","?","?","M","R","BOSS","M","?","?","M","?","R","E","R","T","M","E","M","E","$","R","BOSS","R","$","E","BOSS"],"items_purchased_type":["Relic","Card","Potion","Potion","Relic","Relic","Relic"],"build_version":"2020-12-22","purchased_purges":3,"victory":false,"max_hp_per_floor":[82,82,82,82,82,82,82,82,82,82,82,82,82,82,82,82,82,82,82,82,82,82,82,82,82,82,82,82,82,82,82,82,82,82,82,82,82,82,82,82,82,82,82,83,83,83,83,83,83,83,83,83,83,83,83,83],"card_choices":[{"not_picked":["hermit:TakeCover","hermit:TakeAim"],"picked":"hermit:TrackingShot","floor":1},{"not_picked":["hermit:Roulette","hermit:SprayPray"],"picked":"hermit:CalledShot","floor":2},{"not_picked":["hermit:Desperado","hermit:Snipe"],"picked":"hermit:Enervate","floor":3},{"not_picked":["hermit:Purgatory","hermit:Feint"],"picked":"hermit:Snipe","floor":5},{"not_picked":["hermit:Glare","hermit:LuckOfTheDraw"],"picked":"hermit:Dive","floor":6},{"not_picked":["hermit:Purgatory","hermit:HoleUp"],"picked":"hermit:Quickdraw","floor":8},{"not_picked":["hermit:ItchyTrigger","hermit:WideOpen"],"picked":"hermit:RoundhouseKick","floor":10},{"not_picked":["hermit:TakeAim","hermit:Vantage"],"picked":"hermit:Scavenge","floor":11},{"not_picked":["hermit:Enervate","hermit:TrackingShot"],"picked":"hermit:CursedWeapon","floor":13},{"not_picked":["hermit:Desperado","hermit:Vantage"],"picked":"hermit:Maintenance","floor":14},{"not_picked":["hermit:OverwhelmingPower","hermit:Adapt"],"picked":"hermit:HighNoon","floor":16},{"not_picked":["hermit:BigShot","hermit:PistolWhip"],"picked":"hermit:Dive+1","floor":18},{"not_picked":["hermit:Snipe","hermit:ItchyTrigger+1","hermit:SprayPray"],"picked":"SKIP","floor":24},{"not_picked":["hermit:EyeOfTheStorm","hermit:LowProfile","hermit:Roulette"],"picked":"SKIP","floor":28},{"not_picked":["hermit:Grudge+1","hermit:Misfire","hermit:PistolWhip"],"picked":"SKIP","floor":31},{"not_picked":["hermit:LoneWolf+1","hermit:BodyArmor+1","hermit:Dive"],"picked":"SKIP","floor":35},{"not_picked":["hermit:Manifest+1","hermit:CalledShot","hermit:Feint"],"picked":"SKIP","floor":38},{"not_picked":["hermit:ItchyTrigger+1","hermit:TrackingShot+1","hermit:Combo"],"picked":"SKIP","floor":39},{"not_picked":["hermit:Determination","hermit:Spite","hermit:HoleUp+1"],"picked":"SKIP","floor":41},{"not_picked":["hermit:Midnight","hermit:Coalescence+1"],"picked":"hermit:BodyArmor","floor":44},{"not_picked":["hermit:SprayPray","hermit:PistolWhip","hermit:CalledShot+1"],"picked":"SKIP","floor":45},{"not_picked":["hermit:Headshot","hermit:Coalescence+1"],"picked":"hermit:HighCaliber","floor":46},{"not_picked":["hermit:Spite","hermit:Misfire","hermit:ShadowCloak+1"],"picked":"SKIP","floor":47},{"not_picked":["hermit:CalledShot","hermit:Horror","hermit:Coalescence+1"],"picked":"SKIP","floor":54}],"player_experience":749581,"relics_obtained":[{"floor":3,"key":"Pet Ghost"},{"floor":6,"key":"Potion Belt"},{"floor":8,"key":"Gremlin Food"},{"floor":9,"key":"Oddly Smooth Stone"},{"floor":10,"key":"Art of War"},{"floor":21,"key":"Red Mask"},{"floor":24,"key":"Lantern"},{"floor":26,"key":"Regal Pillow"},{"floor":28,"key":"MawBank"},{"floor":41,"key":"Pondfish Scales"},{"floor":45,"key":"Bag of Preparation"},{"floor":47,"key":"conspire:TopHat"},{"floor":54,"key":"Boot"}],"event_choices":[{"damage_healed":0,"gold_gain":0,"player_choice":"Gave Potion","damage_taken":0,"relics_obtained":["PreservedInsect"],"max_hp_gain":0,"max_hp_loss":0,"event_name":"WeMeetAgain","floor":4,"gold_loss":0},{"damage_healed":0,"gold_gain":0,"player_choice":"Fought Bandits","damage_taken":0,"max_hp_gain":0,"max_hp_loss":0,"event_name":"Masked Bandits","floor":21,"gold_loss":0},{"damage_healed":27,"gold_gain":0,"player_choice":"Heal","damage_taken":0,"max_hp_gain":0,"max_hp_loss":0,"event_name":"The Library","floor":22,"gold_loss":0},{"damage_healed":0,"gold_gain":0,"player_choice":"Copied","damage_taken":0,"max_hp_gain":0,"max_hp_loss":0,"event_name":"Duplicator","floor":30,"gold_loss":0,"cards_obtained":["hermit:Maintenance"]},{"damage_healed":0,"gold_gain":0,"player_choice":"Memory 1","damage_taken":0,"max_hp_gain":0,"max_hp_loss":0,"event_name":"SensoryStone","floor":36,"gold_loss":0},{"damage_healed":0,"gold_gain":0,"player_choice":"Cursed","damage_taken":0,"max_hp_gain":0,"max_hp_loss":0,"event_name":"Wheel of Change","floor":37,"gold_loss":0,"cards_obtained":["Decay"]}],"is_beta":false,"boss_relics":[{"not_picked":["Snecko Eye","Kintsugi"],"picked":"hermit:ClaspedLocket"},{"not_picked":["Astrolabe","ChewingGum"],"picked":"conspire:SpecialSausage"}],"items_purged_floors":[19,29,48],"is_endless":false,"potions_floor_spawned":[1,3,6,11,16,24,28,31,33,35,44,45,46,54],"killed_by":"The Heart","ascension_level":1}}