{"host":"rkd2egloqduv8drx","time":1612095375,"event":{"mods":["ATMod(°¢èªMod)","Act Like it!","Arknights","BaseMod","CapriCore","Gensokyo","GungeonMod","Hermit","Jedi Mod","Koishi","Minty Spire (QoL Compilation)","Permanent Neow","Prisma Mod","Quick Restart","Rare Cards Sparkle","Robot Space Explorer","Spicy Shops","StSLib","The Administrix","The Bug Knight","The Immortal","WarShipGirlsR/Õ½½¢ÉÙÅ®R mod"],"gold_per_floor":[17,17,33,33,33,33,62,62,62,82,82,101,121,135,135,135,135],"floor_reached":16,"language":"ZHS","playtime":1051,"items_purged":[],"score":102,"play_id":"263ed7bd-5619-41a6-b779-225dc16bfcf4","local_time":"20210131201615","is_ascension_mode":false,"campfire_choices":[{"data":"hermit:Dive","floor":6,"key":"SMITH"},{"data":"hermit:Snapshot","floor":8,"key":"SMITH"},{"data":"hermit:Covet","floor":11,"key":"SMITH"},{"data":"hermit:ShadowCloak","floor":15,"key":"SMITH"}],"circlet_count":0,"master_deck":["hermit:Strike_Hermit","hermit:Strike_Hermit","hermit:Strike_Hermit","hermit:Defend_Hermit","hermit:Defend_Hermit","hermit:Defend_Hermit","hermit:Defend_Hermit","hermit:Snapshot+1","hermit:Covet+1","hermit:Dive+1","hermit:Virtue","hermit:Determination","hermit:ShadowCloak+1","hermit:Deadeye"],"relics":["hermit:Momento","AT_ATBox","AT_Manta","AT_ImmortalShieldbow","PreservedInsect","Ornamental Fan"],"acts_visited":["Exordium"],"potions_floor_usage":[16],"damage_taken":[{"damage":1,"enemies":"Jaw Worm","floor":1,"turns":3},{"damage":0,"enemies":"2 Louse","floor":3,"turns":3},{"damage":34,"enemies":"Lagavulin","floor":7,"turns":10},{"damage":0,"enemies":"Cultist","floor":10,"turns":4},{"damage":3,"enemies":"Blue Slaver","floor":12,"turns":4},{"damage":16,"enemies":"2 Fungi Beasts","floor":13,"turns":6},{"damage":13,"enemies":"Red Slaver","floor":14,"turns":4},{"damage":33,"enemies":"Hexaghost","floor":16,"turns":11}],"seed_played":"-6096066908930022180","potions_obtained":[{"floor":10,"key":"Weak Potion"},{"floor":12,"key":"BlessingOfTheForge"},{"floor":14,"key":"hermit:BlackBile"}],"is_trial":false,"path_per_floor":["M","?","M","?","$","R","E","R","T","M","R","M","M","M","R","B"],"character_chosen":"HERMIT","items_purchased":[],"campfire_rested":0,"item_purchase_floors":[],"current_hp_per_floor":[74,71,71,71,71,71,37,37,37,37,37,34,24,23,23,0,0],"gold":135,"neow_bonus":"ONE_RARE_RELIC","is_daily":false,"chose_seed":false,"campfire_upgraded":4,"win_rate":0.0,"timestamp":1612095375,"path_taken":["M","?","M","?","$","R","E","R","T","M","R","M","M","M","R","BOSS"],"items_purchased_type":[],"build_version":"2020-12-22","purchased_purges":0,"victory":false,"max_hp_per_floor":[75,75,75,75,75,75,75,75,75,75,75,75,75,75,75,75,75],"card_choices":[{"not_picked":["hermit:TrackingShot","hermit:Midnight"],"picked":"hermit:Dive","floor":1},{"not_picked":["hermit:LowProfile","hermit:Ricochet","hermit:DeadMansHand"],"picked":"SKIP","floor":3},{"not_picked":["hermit:Roulette","hermit:PistolWhip","hermit:LowProfile"],"picked":"SKIP","floor":7},{"not_picked":["hermit:Gestalt","hermit:ItchyTrigger"],"picked":"hermit:Determination","floor":10},{"not_picked":["hermit:ShadowCloak","hermit:Quickdraw","hermit:Determination"],"picked":"SKIP","floor":12},{"not_picked":["hermit:ShadowCloak","hermit:Quickdraw","hermit:Determination"],"picked":"SKIP","floor":12},{"not_picked":["hermit:Quickdraw","hermit:Determination"],"picked":"hermit:ShadowCloak","floor":12},{"not_picked":["hermit:LowProfile","hermit:Scavenge"],"picked":"hermit:Deadeye","floor":13},{"not_picked":["hermit:Ricochet","hermit:Headshot","hermit:Feint"],"picked":"SKIP","floor":14}],"player_experience":323879,"relics_obtained":[{"floor":7,"key":"PreservedInsect"},{"floor":9,"key":"Ornamental Fan"}],"event_choices":[{"damage_healed":0,"gold_gain":0,"player_choice":"Success","damage_taken":3,"relics_obtained":["AT_ImmortalShieldbow"],"max_hp_gain":0,"max_hp_loss":0,"event_name":"Scrap Ooze","floor":2,"gold_loss":0},{"damage_healed":0,"gold_gain":0,"cards_transformed":["hermit:Strike_Hermit"],"player_choice":"Transformed","damage_taken":0,"max_hp_gain":0,"max_hp_loss":0,"event_name":"Transmorgrifier","floor":4,"gold_loss":0,"cards_obtained":["hermit:Virtue"]}],"is_beta":false,"boss_relics":[],"items_purged_floors":[],"is_endless":false,"potions_floor_spawned":[10,12,14],"killed_by":"Hexaghost","ascension_level":0}}