{"host":"yx5rao87132cy5xq","time":1612117605,"event":{"mods":["2.2 Compatiblity","AchievementEnabler","BaseMod","Bestiary","Colored Map","Colored Powertips","Minty Spire (QoL Compilation)","Quick Restart","Relic Stats","Slay-I","SuperFastMode"],"gold_per_floor":[118,132,142,142,160,160,195,215,215,242,257,286,303,328,328,400,400,414,329,339,2,2,2,37,55,110,110,60,92,111,146,146,146,146],"floor_reached":33,"language":"ENG","playtime":1711,"items_purged":[],"score":589,"play_id":"fe86e92e-375e-4e4a-909f-a157522232db","local_time":"20210131192645","is_ascension_mode":true,"campfire_choices":[{"data":"Whirlwind","floor":6.0,"key":"SMITH"},{"floor":15.0,"key":"REST"},{"data":"1","floor":23.0,"key":"LIFT"},{"data":"2","floor":27.0,"key":"LIFT"},{"floor":32.0,"key":"REST"}],"circlet_count":0,"master_deck":["AscendersBane","Strike_R","Strike_R","Strike_R","Strike_R","Strike_R","Defend_R","Defend_R","Defend_R","Defend_R","Bash+1","Clash","Wild Strike","Headbutt","Whirlwind+1","Demon Form","True Grit","Iron Wave","Shrug It Off","Metallicize","Corruption","Iron Wave","True Grit","Flame Barrier","Seeing Red","Iron Wave","Ghostly Armor","Bloodletting+1","Shrug It Off+1"],"relics":["Burning Blood","Bag of Marbles","Orichalcum","Dream Catcher","HornCleat","Odd Mushroom","Black Star","Juzu Bracelet","Girya","StoneCalendar","Thread and Needle","Lantern","PreservedInsect","The Courier","Toxic Egg 2","Potion Belt"],"acts_visited":["Exordium","TheCity"],"potions_floor_usage":[33,33],"damage_taken":[{"damage":7.0,"enemies":"2 Louse","floor":1.0,"turns":4.0},{"damage":13.0,"enemies":"Jaw Worm","floor":2.0,"turns":4.0},{"damage":0.0,"enemies":"Small Slimes","floor":3.0,"turns":3.0},{"damage":8.0,"enemies":"Blue Slaver","floor":5.0,"turns":3.0},{"damage":8.0,"enemies":"Gremlin Nob","floor":7.0,"turns":3.0},{"damage":10.0,"enemies":"Gremlin Gang","floor":8.0,"turns":3.0},{"damage":24.0,"enemies":"Lagavulin","floor":10.0,"turns":4.0},{"damage":15.0,"enemies":"Lots of Slimes","floor":11.0,"turns":4.0},{"damage":23.0,"enemies":"Gremlin Nob","floor":12.0,"turns":4.0},{"damage":8.0,"enemies":"Exordium Thugs","floor":13.0,"turns":2.0},{"damage":2.0,"enemies":"The Mushroom Lair","floor":14.0,"turns":4.0},{"damage":16.0,"enemies":"The Guardian","floor":16.0,"turns":7.0},{"damage":13.0,"enemies":"Shell Parasite","floor":18.0,"turns":6.0},{"damage":0.0,"enemies":"3 Byrds","floor":20.0,"turns":3.0},{"damage":28.0,"enemies":"Gremlin Leader","floor":24.0,"turns":7.0},{"damage":10.0,"enemies":"Snecko","floor":25.0,"turns":7.0},{"damage":34.0,"enemies":"Slavers","floor":29.0,"turns":7.0},{"damage":9.0,"enemies":"Centurion and Healer","floor":30.0,"turns":8.0},{"damage":7.0,"enemies":"Gremlin Leader","floor":31.0,"turns":4.0},{"damage":49,"enemies":"Collector","floor":33,"turns":6}],"seed_played":"4623844194903246921","potions_obtained":[{"floor":3.0,"key":"AttackPotion"},{"floor":7.0,"key":"SmokeBomb"},{"floor":13.0,"key":"Strength Potion"},{"floor":20.0,"key":"DuplicationPotion"},{"floor":25.0,"key":"Strength Potion"},{"floor":30.0,"key":"LiquidBronze"},{"floor":31.0,"key":"Fire Potion"}],"is_trial":false,"path_per_floor":["M","M","M","?","M","R","E","M","T","E","M","E","M","?","R","B",null,"M","?","M","$","?","R","E","M","T","R","?","E","M","E","R","B"],"character_chosen":"IRONCLAD","items_purchased":["Girya"],"campfire_rested":2,"item_purchase_floors":[21],"current_hp_per_floor":[74,67,73,73,71,71,69,65,65,47,38,21,19,23,47,37,71,64,64,70,70,82,82,60,56,56,56,56,28,25,24,48,0,0],"gold":146,"neow_bonus":"TEN_PERCENT_HP_BONUS","is_daily":false,"chose_seed":false,"campfire_upgraded":1,"win_rate":0.0,"timestamp":1612117605,"path_taken":["M","M","M","?","M","R","E","M","T","E","M","E","M","?","R","BOSS","M","?","M","$","?","R","E","M","T","R","?","E","M","E","R","BOSS"],"items_purchased_type":["Relic"],"build_version":"2020-12-22","purchased_purges":0,"victory":false,"max_hp_per_floor":[82,82,82,82,82,82,82,82,82,82,82,82,82,82,82,82,82,82,82,82,82,82,82,82,82,82,82,82,82,82,82,82,82,82],"relic_stats":{"Dream Catcher":2,"counters":[20,93],"StoneCalendar":[122],"PreservedInsect":49,"Black Star":3,"Juzu Bracelet":1,"Orichalcum":[90],"obtain_stats":[{"Potion Belt":31,"Girya":21,"Lantern":26,"StoneCalendar":24,"Thread and Needle":24,"PreservedInsect":29,"The Courier":29,"Juzu Bracelet":19,"Orichalcum":9,"Odd Mushroom":14,"Burning Blood":0,"Dream Catcher":10,"HornCleat":12,"Bag of Marbles":7,"Black Star":17,"Toxic Egg 2":31},{"Potion Belt":19,"Girya":14,"Lantern":16,"StoneCalendar":15,"Thread and Needle":15,"PreservedInsect":17,"The Courier":17,"Juzu Bracelet":13,"Orichalcum":6,"Odd Mushroom":11,"Burning Blood":0,"Dream Catcher":7,"HornCleat":9,"Bag of Marbles":5,"Black Star":12,"Toxic Egg 2":19},{"Potion Belt":87,"Girya":54,"Lantern":68,"StoneCalendar":61,"Thread and Needle":61,"PreservedInsect":75,"The Courier":75,"Juzu Bracelet":51,"Orichalcum":20,"Odd Mushroom":38,"Burning Blood":0,"Dream Catcher":24,"HornCleat":32,"Bag of Marbles":17,"Black Star":45,"Toxic Egg 2":87}],"Burning Blood":114},"card_choices":[{"not_picked":["Heavy Blade","Dark Embrace"],"picked":"Clash","floor":1.0},{"not_picked":["Cleave","Burning Pact"],"picked":"Wild Strike","floor":2.0},{"not_picked":["Seeing Red","Clothesline"],"picked":"Headbutt","floor":3.0},{"not_picked":["Pummel","Body Slam"],"picked":"Whirlwind","floor":5.0},{"not_picked":["Armaments","Burning Pact"],"picked":"Demon Form","floor":7.0},{"not_picked":["Rupture","Clothesline","Clash"],"picked":"SKIP","floor":8.0},{"not_picked":["Pommel Strike","Battle Trance"],"picked":"True Grit","floor":10.0},{"not_picked":["Pummel","Body Slam","Twin Strike"],"picked":"SKIP","floor":11.0},{"not_picked":["Havoc","Headbutt","Pommel Strike"],"picked":"SKIP","floor":12.0},{"not_picked":["Body Slam","Cleave"],"picked":"Iron Wave","floor":13.0},{"not_picked":["Barricade","Body Slam"],"picked":"Shrug It Off","floor":14.0},{"not_picked":["Cleave","Clothesline"],"picked":"Metallicize","floor":15.0},{"not_picked":["Brutality","Berserk"],"picked":"Corruption","floor":16.0},{"not_picked":["Flex+1","Reckless Charge+1"],"picked":"Iron Wave","floor":18.0},{"not_picked":["Body Slam","Warcry"],"picked":"True Grit","floor":20.0},{"not_picked":["Flex","Armaments"],"picked":"Flame Barrier","floor":24.0},{"not_picked":["Pommel Strike","Headbutt"],"picked":"Seeing Red","floor":25.0},{"not_picked":["Brutality","Anger"],"picked":"Iron Wave","floor":29.0},{"not_picked":["Entrench","Flex"],"picked":"Ghostly Armor","floor":30.0},{"not_picked":["Perfected Strike+1","Seeing Red+1"],"picked":"Bloodletting+1","floor":31.0},{"not_picked":["Havoc+1","Armaments+1"],"picked":"Shrug It Off+1","floor":32.0}],"player_experience":946805,"relics_obtained":[{"floor":7.0,"key":"Bag of Marbles"},{"floor":9.0,"key":"Orichalcum"},{"floor":10.0,"key":"Dream Catcher"},{"floor":12.0,"key":"HornCleat"},{"floor":14.0,"key":"Odd Mushroom"},{"floor":24.0,"key":"StoneCalendar"},{"floor":24.0,"key":"Thread and Needle"},{"floor":26.0,"key":"Lantern"},{"floor":29.0,"key":"PreservedInsect"},{"floor":29.0,"key":"The Courier"},{"floor":31.0,"key":"Toxic Egg 2"},{"floor":31.0,"key":"Potion Belt"}],"event_choices":[{"damage_healed":0.0,"max_hp_gain":0.0,"max_hp_loss":0.0,"gold_gain":0.0,"event_name":"Living Wall","player_choice":"Grow","floor":4.0,"gold_loss":0.0,"damage_taken":0.0,"cards_upgraded":["Bash"]},{"damage_healed":0.0,"max_hp_gain":0.0,"max_hp_loss":0.0,"gold_gain":0.0,"event_name":"Mushrooms","player_choice":"Fought Mushrooms","floor":14.0,"gold_loss":0.0,"damage_taken":0.0},{"damage_healed":0.0,"max_hp_gain":0.0,"max_hp_loss":0.0,"gold_gain":0.0,"event_name":"Addict","player_choice":"Obtained Relic","floor":19.0,"gold_loss":85.0,"damage_taken":0.0,"relics_obtained":["Juzu Bracelet"]},{"damage_healed":12.0,"max_hp_gain":0.0,"max_hp_loss":0.0,"gold_gain":0.0,"event_name":"Wheel of Change","player_choice":"Full Heal","floor":22.0,"gold_loss":0.0,"damage_taken":0.0},{"damage_healed":0.0,"max_hp_gain":0.0,"max_hp_loss":0.0,"gold_gain":0.0,"event_name":"The Joust","player_choice":"Bet on Murderer","floor":28.0,"gold_loss":50.0,"damage_taken":0.0}],"is_beta":false,"boss_relics":[{"not_picked":["Sozu","SlaversCollar"],"picked":"Black Star"}],"items_purged_floors":[],"is_endless":false,"potions_floor_spawned":[3,7,12,13,20,25,30,31],"killed_by":"Collector","ascension_level":16}}