{"host":"yzb2zje941uub2vb","time":1612132789,"event":{"mods":["AchievementEnabler","BaseMod","Marisa£®ÏF”Í°°ƒß¿Ì…≥£©","Minty Spire (QoL Compilation)","The Construct"],"gold_per_floor":[117,117,129,155,183,183,242,258,329,34,34,45,50,64,64,181,181,211,211,257,5,33,33,49,49,49,49,49,66,66,82,82,82,82],"floor_reached":33,"language":"ZHS","playtime":1713,"items_purged":["Strike_MRS"],"score":264,"play_id":"b9893e13-5ea0-4c6e-8671-fc19d886a01b","local_time":"20210131233949","is_ascension_mode":true,"campfire_choices":[{"data":"EnergyFlow","floor":6,"key":"SMITH"},{"floor":11,"key":"REST"},{"floor":15,"key":"REST"},{"floor":23,"key":"REST"},{"data":"OrrerysSun","floor":25,"key":"SMITH"},{"data":"DarkMatter","floor":27,"key":"SMITH"},{"floor":30,"key":"REST"},{"data":"PulseMagic","floor":32,"key":"SMITH"}],"circlet_count":0,"master_deck":["MasterSpark","UpSweep","WitchOfGreed","EnergyFlow+1","GravityBeat","DarkSpark","ShootingEcho","GrandCross","DC","MagicChant","GravityBeat","DeepEcoloBomb","FinalSpark","SuperPerseids","StarDustReverie","SprinkleStarSeal","DarkMatter+1","GrandCross","RefractionSpark","WitchLeyline","AsteroidBelt","AsteroidBelt+1","EnergyFlow","6A","DoubleSpark","IllusionStar","OrrerysSun+1","MagicAbsorber+1","Necronomicurse","PulseMagic+1","OortCloud"],"relics":["MiniHakkero","Vajra","Gambling Chip","Bottled Flame","Strange Spoon","Pandora\u0027s Box","Red Mask","War Paint","Necronomicon"],"acts_visited":["Exordium","TheCity"],"potions_floor_usage":[5,7,8,12,16,18,18,20,33,33,33],"damage_taken":[{"damage":1,"enemies":"Jaw Worm","floor":1,"turns":2},{"damage":1,"enemies":"Cultist","floor":3,"turns":3},{"damage":5,"enemies":"2 Louse","floor":4,"turns":3},{"damage":15,"enemies":"Large Slime","floor":5,"turns":5},{"damage":15,"enemies":"3 Sentries","floor":7,"turns":6},{"damage":5,"enemies":"Looter","floor":8,"turns":2},{"damage":7,"enemies":"Exordium Wildlife","floor":12,"turns":3},{"damage":18,"enemies":"Exordium Thugs","floor":13,"turns":4},{"damage":7,"enemies":"Blue Slaver","floor":14,"turns":2},{"damage":31,"enemies":"The Guardian","floor":16,"turns":9},{"damage":6,"enemies":"2 Thieves","floor":18,"turns":2},{"damage":18,"enemies":"Masked Bandits","floor":20,"turns":5},{"damage":8,"enemies":"3 Byrds","floor":22,"turns":4},{"damage":4,"enemies":"Cultist and Chosen","floor":24,"turns":6},{"damage":4,"enemies":"Centurion and Healer","floor":29,"turns":5},{"damage":0,"enemies":"3 Cultists","floor":31,"turns":2},{"damage":53,"enemies":"Collector","floor":33,"turns":6}],"seed_played":"-3080343294775269039","potions_obtained":[{"floor":3,"key":"Block Potion"},{"floor":4,"key":"BottledSpark"},{"floor":5,"key":"BlessingOfTheForge"},{"floor":7,"key":"PowerPotion"},{"floor":7,"key":"PowerPotion"},{"floor":8,"key":"EssenceOfSteel"},{"floor":13,"key":"Energy Potion"},{"floor":16,"key":"Strength Potion"},{"floor":18,"key":"Explosive Potion"},{"floor":18,"key":"Weak Potion"},{"floor":20,"key":"FearPotion"},{"floor":22,"key":"Swift Potion"}],"is_trial":false,"path_per_floor":["M","?","M","M","M","R","E","M","T","$","R","M","M","M","R","B",null,"M","?","?","$","M","R","M","R","T","R","?","M","R","M","R","B"],"character_chosen":"MARISA","items_purchased":["GrandCross","Strange Spoon","DC","AsteroidBelt","EnergyFlow","6A","DoubleSpark","IllusionStar"],"campfire_rested":4,"item_purchase_floors":[10,10,10,21,21,21,21,21],"current_hp_per_floor":[74,74,73,68,53,53,38,33,33,33,55,48,30,23,45,14,75,69,55,37,37,29,53,49,49,49,49,33,29,53,53,53,0,0],"gold":82,"neow_bonus":"REMOVE_CARD","is_daily":false,"chose_seed":false,"campfire_upgraded":4,"win_rate":0.0,"timestamp":1612132789,"path_taken":["M","?","M","?","M","R","E","M","T","$","R","M","M","M","R","BOSS","M","?","?","$","M","R","M","R","T","R","?","M","R","M","R","BOSS"],"items_purchased_type":["Card","Relic","Card","Card","Card","Card","Card","Card"],"build_version":"2020-12-22","purchased_purges":1,"victory":false,"max_hp_per_floor":[75,75,75,75,75,75,75,75,75,75,75,75,75,75,75,75,75,75,80,80,80,80,80,80,80,80,80,80,80,80,80,80,80,80],"card_choices":[{"not_picked":["LuminesStrike","DC"],"picked":"6A","floor":1},{"not_picked":["Acceleration","MachineGunSpark"],"picked":"WitchOfGreed","floor":3},{"not_picked":["MagicChant","MachineGunSpark"],"picked":"EnergyFlow","floor":4},{"not_picked":["SprinkleStarSeal","LuminesStrike"],"picked":"GravityBeat","floor":5},{"not_picked":["MilkyWay","WitchOfGreed"],"picked":"DarkSpark","floor":7},{"not_picked":["PowerUp","CollectingQuirk"],"picked":"ShootingEcho","floor":8},{"not_picked":["LuminesStrike","SporeBomb"],"picked":"MagicChant","floor":12},{"not_picked":["6A","Acceleration"],"picked":"GravityBeat","floor":13},{"not_picked":["Acceleration","GasGiant"],"picked":"DeepEcoloBomb","floor":14},{"not_picked":["AbsoluteMagnitude","CollectingQuirk"],"picked":"FinalSpark","floor":16},{"not_picked":["NonDirectionalLaser+1","UnstableBomb"],"picked":"WitchLeyline","floor":18},{"not_picked":["MagicAbsorber","IllusionStar"],"picked":"AsteroidBelt","floor":20},{"not_picked":["ChargeUpSpray","GravityBeat"],"picked":"OrrerysSun","floor":22},{"not_picked":["ManaConvection","MeteoricShower"],"picked":"MagicAbsorber","floor":24},{"not_picked":["Singularity","AsteroidBelt"],"picked":"PulseMagic","floor":29},{"not_picked":["WitchLeyline+1","PowerUp"],"picked":"OortCloud","floor":31}],"player_experience":111929,"relics_obtained":[{"floor":7,"key":"Gambling Chip"},{"floor":9,"key":"Bottled Flame"},{"floor":20,"key":"Red Mask"},{"floor":26,"key":"War Paint"},{"floor":28,"key":"Necronomicon"}],"event_choices":[{"cards_removed":["6A"],"damage_healed":0,"gold_gain":0,"player_choice":"Gave Card","damage_taken":0,"relics_obtained":["Vajra"],"max_hp_gain":0,"max_hp_loss":0,"event_name":"WeMeetAgain","floor":2,"gold_loss":0},{"damage_healed":0,"gold_gain":0,"player_choice":"Shed Blood","damage_taken":19,"max_hp_gain":5,"max_hp_loss":0,"event_name":"Forgotten Altar","floor":19,"gold_loss":0},{"damage_healed":0,"gold_gain":0,"player_choice":"Fought Bandits","damage_taken":0,"max_hp_gain":0,"max_hp_loss":0,"event_name":"Masked Bandits","floor":20,"gold_loss":0},{"damage_healed":0,"gold_gain":0,"player_choice":"Obtained Book","damage_taken":16,"max_hp_gain":0,"max_hp_loss":0,"event_name":"Cursed Tome","floor":28,"gold_loss":0}],"is_beta":false,"boss_relics":[{"not_picked":["Runic Dome","Velvet Choker"],"picked":"Pandora\u0027s Box"}],"items_purged_floors":[10],"is_endless":false,"potions_floor_spawned":[3,7,8,13,14,18,29],"killed_by":"Collector","ascension_level":1}}