{"host":"dscols65uipasqd2","time":1612054340,"event":{"mods":["2.2 Compatiblity","AchievementEnabler","Aspiration","BaseMod","Colored Powertips","Downfall","Energized Spire","GifTheSpireLib","Hermit","Hubris","Infinite Spire","JesterMod","Jorbs\u0027s Wanderer Trilogy","Magitek Elite","Marisa????????","Minty Spire (QoL Compilation)","Rare Cards Sparkle","Replay The Spire","StSLib","Stuff the Spire","The Cursed","The Disciple","The Hierophant","The Judge","The Jungle","TheFirefly"],"gold_per_floor":[99,116,116,134,147,43,96,116,116,116,132,150,150,27,37,132,132,132,145,145,161,5,5,31,48,59,59,94,111,111,111,111],"floor_reached":30,"language":"ENG","playtime":2045,"items_purged":[],"score":269,"play_id":"8e585edb-5c17-4f4e-9f5f-4fd2ea41f7c8","local_time":"20210130195220","is_ascension_mode":false,"campfire_choices":[{"floor":13,"key":"REST"},{"floor":23,"key":"RECALL"}],"circlet_count":0,"master_deck":["sneckomod:Strike","sneckomod:Strike","sneckomod:Strike","sneckomod:Defend","sneckomod:Defend","sneckomod:Defend","sneckomod:TailWhip+1","sneckomod:SnekBite","sneckomod:Unknown","stsjorbsmod:Tragedy","sneckomod:UnknownCommonAttack","sneckomod:Unknown0Cost","sneckomod:UnknownUncommonSkill","sneckomod:UnendingSupply","sneckomod:WideSting","sneckomod:Unknown0Cost","sneckomod:QuickMove","Pain","sneckomod:RainOfDice","sneckomod:IronFang","sneckomod:SoulDraw","sneckomod:CheapStock+1","sneckomod:DiceBlock","stsjorbsmod:Procrastination","TheCursedMod:CollectTribute","sneckomod:UnknownClassTHE_CURSED_PURPLE","infinitespire:Collect","hubris:Fate","sneckomod:TrashToTreasure+1","sneckomod:ImprovisedAttack","expansioncontent:PrepareCrush","sneckomod:UnknownClassCULL_RED_COLOR","sneckomod:UnknownUncommonPower+1","StuffTheSpire:DeathNote","sneckomod:SerpentIdol+1","sneckomod:UnknownClassTHE_CURSED_PURPLE"],"relics":["sneckomod:SneckoSoul","Toy Ornithopter","WarpedTongs","StuffTheSpire:Kangaroo","ReplayTheSpireMod:EnergyBall","Replay:Mystery Machine"],"acts_visited":["Exordium","TheCity"],"potions_floor_usage":[15,16,16,19,22,28,28,29,30],"damage_taken":[{"damage":15,"enemies":"Cultist","floor":2,"turns":5},{"damage":3,"enemies":"Jaw Worm","floor":4,"turns":3},{"damage":5,"enemies":"2 Louse","floor":5,"turns":2},{"damage":0,"enemies":"downfall:FleeingMerchant","floor":6,"turns":4},{"damage":34,"enemies":"Lots of Slimes","floor":8,"turns":4},{"damage":11,"enemies":"3 Louse","floor":11,"turns":4},{"damage":26,"enemies":"Exordium Wildlife","floor":12,"turns":5},{"damage":16,"enemies":"downfall:FleeingMerchant","floor":14,"turns":4},{"damage":0,"enemies":"Blue Slaver","floor":15,"turns":1},{"damage":24,"enemies":"WA_ARCHETYPE_RETAIN","floor":16,"turns":5},{"damage":8,"enemies":"3 Byrds","floor":19,"turns":5},{"damage":4,"enemies":"Shell Parasite","floor":21,"turns":2},{"damage":5,"enemies":"downfall:FleeingMerchant","floor":22,"turns":4},{"damage":11,"enemies":"Snecko","floor":25,"turns":4},{"damage":26,"enemies":"Shelled Parasite and Fungi","floor":26,"turns":3},{"damage":24,"enemies":"Gremlin Leader","floor":28,"turns":4},{"damage":5,"enemies":"Snake Plant","floor":29,"turns":3},{"damage":18,"enemies":"Nightmare","floor":30,"turns":4}],"seed_played":"-651523863440116548","potions_obtained":[{"floor":8,"key":"sneckomod:CheatPotion"},{"floor":12,"key":"sneckomod:DiceRollPotion"},{"floor":15,"key":"LiquidBronze"},{"floor":16,"key":"Adrenaline Potion"},{"floor":25,"key":"Guardian:BlockOnCardUsePotion"},{"floor":26,"key":"Toxic Potion"},{"floor":29,"key":"ColorlessPotion"}],"is_trial":false,"path_per_floor":["R","M","?","M","M","$","T","M","?","?","M","M","R","$","M","B",null,"R","M","AVR","M","$","R","T","M","M","?","E","M","NM"],"character_chosen":"THE_SNECKO","items_purchased":["sneckomod:WideSting","sneckomod:Unknown0Cost","sneckomod:CheapStock+1","SkillPotion","PowerPotion","expansioncontent:PrepareCrush"],"campfire_rested":1,"item_purchase_floors":[6,6,14,14,22,22],"current_hp_per_floor":[99,84,84,81,76,76,76,42,42,42,33,7,35,19,24,10,96,96,88,88,84,84,84,84,73,47,27,13,13,0,0,0],"gold":111,"neow_bonus":"TEN_PERCENT_HP_BONUS","is_daily":false,"chose_seed":false,"campfire_upgraded":0,"win_rate":0.0,"timestamp":1612054340,"path_taken":["R","M","?","M","M","$","T","M","?","?","M","?","R","$","M","BOSS","R","M","AVR","M","?","R","T","M","M","?","E","M","NM"],"items_purchased_type":["Card","Card","Card","Potion","Potion","Card"],"build_version":"2020-12-22","purchased_purges":0,"victory":false,"max_hp_per_floor":[99,99,99,99,99,99,99,99,99,99,96,96,96,96,96,96,96,96,96,96,96,96,96,96,96,96,96,96,96,96,96,96],"card_choices":[{"not_picked":["sneckomod:DefensiveFlair","sneckomod:RainOfDice"],"picked":"sneckomod:UnknownCommonAttack","floor":2},{"not_picked":["sneckomod:DefensiveFlair","sneckomod:UnknownCommonAttack"],"picked":"sneckomod:Unknown0Cost","floor":4},{"not_picked":["sneckomod:UnknownBlock","sneckomod:Unknown2Cost"],"picked":"sneckomod:UnknownUncommonSkill","floor":5},{"not_picked":["sneckomod:Nope","sneckomod:UnknownRareAttack"],"picked":"sneckomod:UnendingSupply","floor":6},{"not_picked":["sneckomod:DefensiveFlair","sneckomod:DiceBlock"],"picked":"sneckomod:QuickMove","floor":8},{"not_picked":["sneckomod:UnknownBlock","sneckomod:UnknownDraw"],"picked":"sneckomod:RainOfDice","floor":11},{"not_picked":["sneckomod:Nope","sneckomod:UnknownWeak"],"picked":"sneckomod:IronFang","floor":12},{"not_picked":["sneckomod:Unknown1Cost","sneckomod:DiceBoulder"],"picked":"sneckomod:SoulDraw","floor":14},{"not_picked":["sneckomod:UnknownWeak","sneckomod:UnknownStrike"],"picked":"sneckomod:DiceBlock","floor":15},{"not_picked":["sneckomod:SoulExchange","sneckomod:UnknownRareAttack"],"picked":"sneckomod:UnknownRarePower","floor":16},{"not_picked":["sneckomod:Unknown1Cost","sneckomod:UnknownClassCULL_RED_COLOR"],"picked":"sneckomod:UnknownClassTHE_CURSED_PURPLE","floor":19},{"not_picked":["sneckomod:DiceBlock","sneckomod:DefensiveFlair"],"picked":"sneckomod:TrashToTreasure+1","floor":21},{"not_picked":["sneckomod:Unknown1Cost","sneckomod:UnknownClassCULL_RED_COLOR"],"picked":"sneckomod:ImprovisedAttack","floor":22},{"not_picked":["sneckomod:UnknownX+1","sneckomod:UnknownCommonSkill"],"picked":"sneckomod:UnknownClassCULL_RED_COLOR","floor":25},{"not_picked":["sneckomod:UnknownUncommonSkill","sneckomod:WideSting"],"picked":"sneckomod:UnknownUncommonPower+1","floor":26},{"not_picked":["sneckomod:DiceBoulder","sneckomod:UnendingSupply"],"picked":"sneckomod:SerpentIdol+1","floor":28},{"not_picked":["sneckomod:Mudshield","sneckomod:UnknownBlock"],"picked":"sneckomod:UnknownClassTHE_CURSED_PURPLE","floor":29}],"player_experience":500611,"relics_obtained":[{"floor":7,"key":"Toy Ornithopter"},{"floor":28,"key":"Replay:Mystery Machine"}],"event_choices":[{"damage_healed":0,"gold_gain":0,"player_choice":"Rummage","damage_taken":0,"relics_obtained":["WarpedTongs"],"max_hp_gain":0,"max_hp_loss":0,"event_name":"Accursed Blacksmith","floor":10,"gold_loss":0,"cards_obtained":["Pain"]}],"is_beta":false,"boss_relics":[{"not_picked":["Empty Cage","hubris:BlackHole"],"picked":"StuffTheSpire:Kangaroo"}],"items_purged_floors":[],"is_endless":false,"potions_floor_spawned":[8,12,15,16,25,26,29],"killed_by":"Nightmare","ascension_level":0}}