{"host":"37r75cyug2ir6qa5","time":1612095326,"event":{"mods":["BaseMod","Colored Map","Downfall","Highlight Path","Minty Spire (QoL Compilation)","Replay The Spire","StSLib"],"gold_per_floor":[119,129,145,158,175,201,201,201,224,253,253,263,263,297,297,297,297],"floor_reached":16,"language":"ENG","playtime":663,"items_purged":[],"score":171,"play_id":"dbce1be5-0486-465e-a654-0687949e0a50","local_time":"20210131201526","is_ascension_mode":true,"campfire_choices":[{"data":"Pommel Strike","floor":8,"key":"SMITH"},{"floor":15,"key":"REST"}],"circlet_count":0,"master_deck":["Strike_R","Strike_R","Strike_R","Strike_R","Strike_R","Defend_R","Defend_R","Defend_R","Bash","Pommel Strike+1","Run Through","Intimidate","Ghostly Armor","ReplayReversal","Self Repair+1","Pommel Strike","Scorching Beam","Impervious"],"relics":["Paper Frog","Iron Core","Bag of Preparation","Omamori","Lantern"],"acts_visited":["Exordium"],"potions_floor_usage":[6,10,10,16],"damage_taken":[{"damage":4,"enemies":"2 Louse","floor":1,"turns":3},{"damage":7,"enemies":"Jaw Worm","floor":2,"turns":3},{"damage":7,"enemies":"Small Slimes","floor":3,"turns":3},{"damage":10,"enemies":"Red Slaver","floor":4,"turns":3},{"damage":6,"enemies":"2 Fungi Beasts","floor":5,"turns":4},{"damage":15,"enemies":"Gremlin Nob","floor":6,"turns":4},{"damage":43,"enemies":"Lagavulin","floor":10,"turns":9},{"damage":12,"enemies":"3 Louse","floor":12,"turns":5},{"damage":24,"enemies":"Gremlin Nob","floor":14,"turns":4},{"damage":48,"enemies":"Hexaghost","floor":16,"turns":10}],"seed_played":"4051553721296630531","potions_obtained":[{"floor":1,"key":"ElixirPotion"},{"floor":4,"key":"Energy Potion"},{"floor":5,"key":"AttackPotion"},{"floor":12,"key":"Flashbang"}],"is_trial":false,"path_per_floor":["M","M","M","M","M","E","?","R","T","E","T","M","?","E","R","B"],"character_chosen":"IRONCLAD","items_purchased":[],"campfire_rested":1,"item_purchase_floors":[],"current_hp_per_floor":[82,81,80,76,76,67,67,67,67,34,34,32,32,18,44,0,0],"gold":297,"neow_bonus":"TEN_PERCENT_HP_BONUS","is_daily":false,"chose_seed":false,"campfire_upgraded":1,"win_rate":0.0,"timestamp":1612095326,"path_taken":["M","M","M","M","M","E","?","R","T","E","?","M","?","E","R","BOSS"],"items_purchased_type":[],"build_version":"2020-12-22","purchased_purges":0,"victory":false,"max_hp_per_floor":[88,88,88,88,88,88,88,88,88,88,88,88,88,88,88,88,88],"card_choices":[{"not_picked":["Life Link","Run Through"],"picked":"Pommel Strike","floor":1},{"not_picked":["Clash","Pommel Strike"],"picked":"Run Through","floor":2},{"not_picked":["Sword Boomerang","Shrug It Off"],"picked":"Intimidate","floor":3},{"not_picked":["Clothesline","ReplayTheSpireMod:Strike From Hell"],"picked":"Ghostly Armor","floor":4},{"not_picked":["Dual Wield","Sword Boomerang"],"picked":"ReplayReversal","floor":5},{"not_picked":["Uppercut","True Grit","Armaments"],"picked":"SKIP","floor":6},{"not_picked":["Heavy Blade","True Grit"],"picked":"Pommel Strike","floor":10},{"not_picked":["Fire Breathing","Infernal Blade","Anger"],"picked":"SKIP","floor":12},{"not_picked":["Reckless Charge","Cold Snap"],"picked":"Impervious","floor":14}],"player_experience":185679,"relics_obtained":[{"floor":6,"key":"Paper Frog"},{"floor":9,"key":"Bag of Preparation"},{"floor":10,"key":"Omamori"},{"floor":14,"key":"Lantern"}],"event_choices":[{"damage_healed":0,"gold_gain":0,"cards_transformed":["Defend_R"],"player_choice":"Transformed","damage_taken":0,"max_hp_gain":0,"max_hp_loss":0,"event_name":"Transmorgrifier","floor":13,"gold_loss":0,"cards_obtained":["Scorching Beam"]}],"is_beta":false,"boss_relics":[],"items_purged_floors":[],"is_endless":false,"potions_floor_spawned":[1,4,5,12],"killed_by":"Hexaghost","ascension_level":8}}