{"host":"nnmmiiw4bez2c8ei","time":1612075250,"event":{"mods":["AchievementEnabler","BaseMod","Colored Map","Colored Powertips","Minty Spire (QoL Compilation)","Rare Cards Sparkle","StSLib"],"gold_per_floor":[114,114,114,114,1,1,22,22,47,47,61,76,101,140,140,271,271,290,240,261,133,133,133,172,172,172,87,87,122,122,122,122,243,243,257,90,111,111,174,174,208,233,287,80,80,118,1,24,24,24],"floor_reached":51,"language":"KOR","playtime":2500,"items_purged":["Strike_B","Strike_B","Defend_B","Melter+1","Parasite","Strike_B+1"],"score":1004,"play_id":"e8788f85-6b0d-4cbe-8e83-a283fa14abf4","local_time":"20210131154050","is_ascension_mode":true,"campfire_choices":[{"data":"Zap","floor":6.0,"key":"SMITH"},{"floor":8.0,"key":"REST"},{"data":"Melter","floor":10.0,"key":"SMITH"},{"data":"Leap","floor":15.0,"key":"SMITH"},{"data":"Echo Form","floor":23,"key":"SMITH"},{"data":"Fission","floor":25,"key":"SMITH"},{"data":"Chill","floor":30,"key":"SMITH"},{"data":"Capacitor","floor":32,"key":"SMITH"},{"data":"Apotheosis","floor":40,"key":"SMITH"},{"floor":45,"key":"RECALL"},{"floor":49,"key":"REST"}],"circlet_count":0,"master_deck":["Zap+1","Dualcast+1","Melter+1","Cold Snap+1","Conserve Battery","BootSequence","Leap+1","Sweeping Beam","Echo Form+1","Capacitor+1","Chill+1","Fission+1","Seek","Darkness+1","Machine Learning+1","Double Energy","Loop","Streamline+1","Apotheosis+1","Bandage Up","Consume","Panacea","Biased Cognition","Glacier"],"relics":["Cracked Core","Pocketwatch","Golden Idol","Whetstone","Smiling Mask","SacredBark","Kunai","Meat on the Bone","StrikeDummy","Letter Opener","Nloth\u0027s Gift","Astrolabe","Thread and Needle","Orichalcum","Nunchaku","Strawberry"],"acts_visited":["TheBeyond"],"potions_floor_usage":[24,29,35,42,48],"damage_taken":[{"damage":1.0,"enemies":"2 Louse","floor":1.0,"turns":2.0},{"damage":1.0,"enemies":"Small Slimes","floor":7.0,"turns":2.0},{"damage":5.0,"enemies":"Jaw Worm","floor":11.0,"turns":2.0},{"damage":3.0,"enemies":"Blue Slaver","floor":12.0,"turns":2.0},{"damage":0.0,"enemies":"2 Fungi Beasts","floor":13.0,"turns":3.0},{"damage":1.0,"enemies":"Lagavulin","floor":14.0,"turns":6.0},{"damage":4.0,"enemies":"Hexaghost","floor":16.0,"turns":9.0},{"damage":0.0,"enemies":"Shell Parasite","floor":18.0,"turns":3.0},{"damage":24,"enemies":"3 Byrds","floor":20,"turns":4},{"damage":19,"enemies":"Gremlin Leader","floor":24,"turns":8},{"damage":24,"enemies":"Slavers","floor":29,"turns":4},{"damage":59,"enemies":"Collector","floor":33,"turns":11},{"damage":21,"enemies":"Orb Walker","floor":35,"turns":4},{"damage":19,"enemies":"3 Shapes","floor":37,"turns":5},{"damage":13,"enemies":"Mind Bloom Boss Battle","floor":39,"turns":7},{"damage":43,"enemies":"Nemesis","floor":41,"turns":9},{"damage":0,"enemies":"Writhing Mass","floor":42,"turns":5},{"damage":44,"enemies":"Giant Head","floor":46,"turns":8},{"damage":0,"enemies":"4 Shapes","floor":48,"turns":4},{"damage":52,"enemies":"Donu and Deca","floor":50,"turns":9}],"seed_played":"-7415995198404762599","potions_obtained":[{"floor":1.0,"key":"Block Potion"},{"floor":7.0,"key":"Regen Potion"},{"floor":13.0,"key":"FocusPotion"},{"floor":20,"key":"FairyPotion"},{"floor":33,"key":"SneckoOil"},{"floor":35,"key":"Explosive Potion"},{"floor":41,"key":"Explosive Potion"},{"floor":46,"key":"FearPotion"}],"is_trial":false,"path_per_floor":["M","?","?","?","$","R","M","R","T","R","M","M","M","E","R","B",null,"M","$","M","$","?","R","E","R","T","?","?","E","R","?","R","B",null,"M","$","M","?","?","R","E","M","T","$","R","E","$","M","R","B",null],"character_chosen":"DEFECT","items_purchased":["Melter","Capacitor","Double Energy","Loop","Consume","Panacea","Glacier"],"campfire_rested":2,"item_purchase_floors":[5,21,36,36,44,44,47],"current_hp_per_floor":[67,53,36,33,33,33,32,52,52,52,47,44,44,43,43,39,68,68,68,44,44,44,44,25,25,25,25,25,40,40,40,40,40,68,47,47,40,30,41,41,16,34,34,34,34,21,21,33,54,26],"gold":24,"neow_bonus":"ONE_RARE_RELIC","is_daily":false,"chose_seed":false,"campfire_upgraded":8,"win_rate":0.0,"timestamp":1612075250,"path_taken":["M","?","?","?","?","R","M","R","T","R","M","M","?","E","R","BOSS","M","$","M","$","?","R","E","R","T","?","?","E","R","?","R","BOSS","M","?","?","?","?","R","E","M","T","$","R","E","$","M","R","BOSS"],"items_purchased_type":["Card","Card","Card","Card","Card","Card","Card"],"build_version":"2020-12-22","purchased_purges":6,"victory":true,"max_hp_per_floor":[68,68,68,68,68,68,68,68,68,68,68,68,68,68,68,68,68,68,68,68,68,68,68,68,68,68,68,68,68,68,68,68,68,68,68,68,68,68,68,68,68,68,68,65,65,72,72,72,72,72],"card_choices":[{"not_picked":["Skim","Steam Power","Barrage"],"picked":"SKIP","floor":1.0},{"not_picked":["Streamline","Reprogram"],"picked":"Cold Snap","floor":7.0},{"not_picked":["Steam","Loop"],"picked":"Conserve Battery","floor":11.0},{"not_picked":["Stack","Undo"],"picked":"BootSequence","floor":12.0},{"not_picked":["Steam","Tempest"],"picked":"Leap","floor":13.0},{"not_picked":["Barrage","Ball Lightning"],"picked":"Sweeping Beam","floor":14.0},{"not_picked":["Biased Cognition","Fission"],"picked":"Echo Form","floor":16.0},{"not_picked":["Turbo","Compile Driver","Lockon"],"picked":"SKIP","floor":18.0},{"not_picked":["Sweeping Beam","Beam Cell","Streamline"],"picked":"SKIP","floor":20},{"not_picked":["Cold Snap+1","Leap"],"picked":"Fission","floor":24},{"not_picked":["Stack","Coolheaded+1","Undo"],"picked":"SKIP","floor":29},{"not_picked":["Machine Learning","Echo Form"],"picked":"Seek","floor":33},{"not_picked":["Genetic Algorithm","Barrage+1","Force Field"],"picked":"SKIP","floor":35},{"not_picked":["Rebound","Cold Snap+1"],"picked":"Streamline+1","floor":37},{"not_picked":["Discovery","Transmutation"],"picked":"Apotheosis","floor":38},{"not_picked":["Thinking Ahead","Violence"],"picked":"Bandage Up","floor":38},{"not_picked":["Ball Lightning+1","Compile Driver+1","Streamline"],"picked":"SKIP","floor":41},{"not_picked":["Hyperbeam","Hologram+1","Gash+1"],"picked":"SKIP","floor":42},{"not_picked":["Multi-Cast","Electrodynamics"],"picked":"Biased Cognition","floor":46},{"not_picked":["Steam Power","Redo","Compile Driver"],"picked":"SKIP","floor":48}],"player_experience":498282,"relics_obtained":[{"floor":9.0,"key":"Whetstone"},{"floor":14.0,"key":"Smiling Mask"},{"floor":24,"key":"Kunai"},{"floor":26,"key":"Meat on the Bone"},{"floor":29,"key":"Letter Opener"},{"floor":39,"key":"Thread and Needle"},{"floor":41,"key":"Orichalcum"},{"floor":43,"key":"Nunchaku"},{"floor":46,"key":"Strawberry"}],"event_choices":[{"damage_healed":0.0,"max_hp_gain":0.0,"max_hp_loss":0.0,"gold_gain":0.0,"event_name":"Shining Light","player_choice":"Entered Light","floor":2.0,"gold_loss":0.0,"damage_taken":14.0,"cards_upgraded":["Dualcast","Strike_B"]},{"damage_healed":0.0,"max_hp_gain":0.0,"max_hp_loss":0.0,"gold_gain":0.0,"event_name":"Golden Idol","player_choice":"Take Damage","floor":3.0,"gold_loss":0.0,"damage_taken":17.0,"relics_obtained":["Golden Idol"]},{"damage_healed":0.0,"max_hp_gain":0.0,"max_hp_loss":0.0,"gold_gain":0.0,"event_name":"Scrap Ooze","player_choice":"Success","floor":4.0,"gold_loss":0.0,"damage_taken":3.0,"relics_obtained":["Symbiotic Virus"]},{"damage_healed":0,"gold_gain":0,"cards_transformed":["Defend_B","Defend_B"],"player_choice":"Became Test Subject","damage_taken":0,"max_hp_gain":0,"max_hp_loss":0,"event_name":"Drug Dealer","floor":22,"gold_loss":0,"cards_obtained":["Storm","Chill"]},{"damage_healed":0,"gold_gain":0,"player_choice":"Obtained Relic","damage_taken":0,"relics_obtained":["StrikeDummy"],"max_hp_gain":0,"max_hp_loss":0,"event_name":"Addict","floor":27,"gold_loss":85},{"damage_healed":0,"gold_gain":0,"player_choice":"Ignored","damage_taken":0,"max_hp_gain":0,"max_hp_loss":0,"event_name":"Ghosts","floor":28,"gold_loss":0},{"damage_healed":0,"gold_gain":0,"player_choice":"Traded Relic","damage_taken":0,"relics_obtained":["Nloth\u0027s Gift"],"max_hp_gain":0,"max_hp_loss":0,"event_name":"N\u0027loth","floor":31,"relics_lost":["Symbiotic Virus"],"gold_loss":0},{"damage_healed":0,"gold_gain":0,"player_choice":"Memory 3","damage_taken":10,"max_hp_gain":0,"max_hp_loss":0,"event_name":"SensoryStone","floor":38,"gold_loss":0},{"damage_healed":0,"gold_gain":0,"player_choice":"Fight","damage_taken":0,"max_hp_gain":0,"max_hp_loss":0,"event_name":"MindBloom","floor":39,"gold_loss":0}],"is_beta":false,"boss_relics":[{"not_picked":["Cursed Key","SlaversCollar"],"picked":"SacredBark"},{"not_picked":["Runic Dome","Tiny House"],"picked":"Astrolabe"}],"items_purged_floors":[5,19,21,36,44,47],"is_endless":false,"potions_floor_spawned":[1,7,13,20,33,35,41,46],"ascension_level":4}}