{"host":"i2s4iw62z1dejrqn","time":1612085882,"event":{"mods":["AchievementEnabler","BaseMod","Minty Spire (QoL Compilation)","Random Character Button","SuperFastMode"],"gold_per_floor":[112,125,125,50,50,50,85,102,102,115,115,148,161,185,185,282,282,299,214,214,227,91,91,19,19,44,79,94,111,124,141,141,246,246,259,259,259,274,68,68,368,379,379,397,413,413,445,128,128,128],"floor_reached":51,"language":"KOR","playtime":5366,"items_purged":["Defend_G","Strike_G","Heel Hook","Flechettes"],"score":945,"play_id":"eaf2263e-9d99-4855-8b01-bce1a60d66b3","local_time":"20210131183802","is_ascension_mode":true,"campfire_choices":[{"data":"Noxious Fumes","floor":6.0,"key":"SMITH"},{"floor":11.0,"key":"REST"},{"data":"Neutralize","floor":15.0,"key":"SMITH"},{"data":"Setup","floor":23.0,"key":"SMITH"},{"data":"Noxious Fumes","floor":25.0,"key":"SMITH"},{"floor":32.0,"key":"REST"},{"data":"Well Laid Plans","floor":40.0,"key":"SMITH"},{"floor":46.0,"key":"REST"},{"floor":49.0,"key":"REST"}],"circlet_count":0,"master_deck":["Survivor","Neutralize+1","Noxious Fumes+1","Backflip","Setup+1","Noxious Fumes+1","Blade Dance","After Image","CurseOfTheBell","Infinite Blades","Deadly Poison+1","Blade Dance+1","Well Laid Plans+1","Crippling Poison+1","After Image","Prepared+1","Outmaneuver+1","Envenom","Backflip+1","Tactician+1","Predator","Deadly Poison+1","Terror+1","Madness+1","Madness+1","Prepared+1","Enlightenment+1","Footwork","Skewer+1","Envenom","Footwork","Blur+1","PanicButton+1"],"relics":["Ring of the Snake","Nunchaku","Ice Cream","Gambling Chip","TungstenRod","Odd Mushroom","Calling Bell","Vajra","Toxic Egg 2","Mango","Blood Vial","Lantern","Matryoshka","Pandora\u0027s Box","Bottled Lightning","Strawberry"],"acts_visited":["Exordium","TheCity","TheBeyond"],"potions_floor_usage":[50,50],"damage_taken":[{"damage":4.0,"enemies":"Jaw Worm","floor":1.0,"turns":4.0},{"damage":4.0,"enemies":"2 Louse","floor":2.0,"turns":4.0},{"damage":24.0,"enemies":"3 Sentries","floor":7.0,"turns":6.0},{"damage":2.0,"enemies":"Cultist","floor":8.0,"turns":4.0},{"damage":5.0,"enemies":"2 Fungi Beasts","floor":10.0,"turns":4.0},{"damage":2.0,"enemies":"Lagavulin","floor":12.0,"turns":6.0},{"damage":0.0,"enemies":"Blue Slaver","floor":13.0,"turns":5.0},{"damage":2.0,"enemies":"The Mushroom Lair","floor":14.0,"turns":4.0},{"damage":12.0,"enemies":"Slime Boss","floor":16.0,"turns":10.0},{"damage":5.0,"enemies":"Chosen","floor":18.0,"turns":6.0},{"damage":2.0,"enemies":"3 Byrds","floor":21.0,"turns":5.0},{"damage":20.0,"enemies":"Gremlin Leader","floor":27.0,"turns":6.0},{"damage":22.0,"enemies":"Snake Plant","floor":28.0,"turns":5.0},{"damage":13.0,"enemies":"Cultist and Chosen","floor":29.0,"turns":5.0},{"damage":13.0,"enemies":"Shelled Parasite and Fungi","floor":30.0,"turns":4.0},{"damage":12.0,"enemies":"Snecko","floor":31.0,"turns":5.0},{"damage":8.0,"enemies":"Champ","floor":33.0,"turns":11.0},{"damage":5.0,"enemies":"3 Shapes","floor":35.0,"turns":3.0},{"damage":18.0,"enemies":"3 Darklings","floor":38.0,"turns":5.0},{"damage":0.0,"enemies":"Maw","floor":42.0,"turns":6.0},{"damage":6.0,"enemies":"Jaw Worm Horde","floor":44.0,"turns":3.0},{"damage":7.0,"enemies":"4 Shapes","floor":45.0,"turns":5.0},{"damage":39.0,"enemies":"Reptomancer","floor":47.0,"turns":7.0},{"damage":70,"enemies":"Awakened One","floor":50,"turns":10}],"seed_played":"-2074007889985896866","potions_obtained":[{"floor":1.0,"key":"BlessingOfTheForge"},{"floor":10.0,"key":"CunningPotion"},{"floor":13.0,"key":"EssenceOfSteel"},{"floor":14.0,"key":"Block Potion"},{"floor":29.0,"key":"FairyPotion"},{"floor":31.0,"key":"PowerPotion"},{"floor":42.0,"key":"Regen Potion"},{"floor":45.0,"key":"SteroidPotion"}],"is_trial":false,"path_per_floor":["M","M","?","$","?","R","E","M","T","M","R","E","M","?","R","B",null,"M","?","?","M","$","R","$","R","T","E","M","M","M","M","R","B",null,"M","?","?","M","$","R","?","M","T","M","M","R","E","$","R","B",null],"character_chosen":"THE_SILENT","items_purchased":["Well Laid Plans","Crippling Poison+1","Enlightenment+1","Blur+1","PanicButton+1"],"campfire_rested":4,"item_purchase_floors":[22,24,39,48,48],"current_hp_per_floor":[59,55,48,48,48,48,24,22,22,17,38,36,36,34,34,22,72,67,67,67,67,67,67,67,67,67,49,29,18,7,25,50,44,74,71,71,61,45,45,45,45,47,47,43,38,63,48,48,75,7],"gold":128,"neow_bonus":"RANDOM_COMMON_RELIC","is_daily":false,"chose_seed":false,"campfire_upgraded":5,"win_rate":0.0,"timestamp":1612085882,"path_taken":["M","M","?","$","?","R","E","M","T","?","R","E","M","?","R","BOSS","M","?","?","M","?","R","$","R","T","E","M","M","?","M","R","BOSS","M","?","?","M","$","R","?","M","T","M","M","R","E","$","R","BOSS"],"items_purchased_type":["Card","Card","Card","Card","Card"],"build_version":"2020-12-22","purchased_purges":4,"victory":true,"max_hp_per_floor":[70,70,70,70,70,70,70,70,70,70,70,70,70,70,70,70,84,84,84,84,84,84,84,84,84,84,84,84,84,84,84,84,84,84,84,84,84,84,84,84,84,84,84,84,84,84,91,91,91,91],"card_choices":[{"not_picked":["Bane","Acrobatics"],"picked":"Noxious Fumes","floor":1.0},{"not_picked":["Outmaneuver","All Out Attack","Eviscerate"],"picked":"SKIP","floor":2.0},{"not_picked":["Heel Hook","Slice","Outmaneuver"],"picked":"SKIP","floor":7.0},{"not_picked":["Tactician","Acrobatics"],"picked":"Backflip","floor":8.0},{"not_picked":["A Thousand Cuts","Quick Slash"],"picked":"Setup","floor":10.0},{"not_picked":["Acrobatics","Finisher"],"picked":"Noxious Fumes","floor":12.0},{"not_picked":["Poisoned Stab","Sucker Punch","Escape Plan"],"picked":"SKIP","floor":13.0},{"not_picked":["Deflect","Slice"],"picked":"Blade Dance","floor":14.0},{"not_picked":["Bullet Time","Unload"],"picked":"After Image","floor":16.0},{"not_picked":["PiercingWail+1","Dagger Spray"],"picked":"Infinite Blades","floor":18.0},{"not_picked":["Riddle With Holes","Underhanded Strike"],"picked":"Blade Dance+1","floor":21.0},{"not_picked":["Sucker Punch","Flechettes","Quick Slash"],"picked":"SKIP","floor":27.0},{"not_picked":["Sucker Punch+1","PiercingWail+1"],"picked":"After Image","floor":28.0},{"not_picked":["Blade Dance+1","Dash+1"],"picked":"Prepared+1","floor":29.0},{"not_picked":["Prepared+1","Heel Hook"],"picked":"Outmaneuver+1","floor":30.0},{"not_picked":["Backflip+1","Unload","Poisoned Stab"],"picked":"SKIP","floor":31.0},{"not_picked":["Glass Knife","Corpse Explosion+1"],"picked":"Envenom","floor":33.0},{"not_picked":["Riddle With Holes","Masterful Stab+1"],"picked":"Terror+1","floor":35.0},{"not_picked":["Blade Dance+1","Underhanded Strike+1"],"picked":"Prepared+1","floor":38.0},{"not_picked":["Backflip+1","Flying Knee"],"picked":"Footwork","floor":42.0},{"not_picked":["Dagger Spray","Heel Hook"],"picked":"Skewer+1","floor":44.0},{"not_picked":["Backflip+1","Dagger Spray+1"],"picked":"Envenom","floor":45.0},{"not_picked":["Caltrops","Acrobatics+1"],"picked":"Footwork","floor":47.0}],"player_experience":450396,"relics_obtained":[{"floor":7.0,"key":"Ice Cream"},{"floor":9.0,"key":"Gambling Chip"},{"floor":12.0,"key":"TungstenRod"},{"floor":14.0,"key":"Odd Mushroom"},{"floor":17.0,"key":"Vajra"},{"floor":17.0,"key":"Toxic Egg 2"},{"floor":17.0,"key":"Mango"},{"floor":26.0,"key":"Lantern"},{"floor":27.0,"key":"Matryoshka"},{"floor":43.0,"key":"Bottled Lightning"},{"floor":47.0,"key":"Strawberry"}],"event_choices":[{"cards_removed":["Strike_G"],"damage_healed":0.0,"max_hp_gain":0.0,"max_hp_loss":0.0,"gold_gain":0.0,"event_name":"Golden Wing","player_choice":"Card Removal","floor":3.0,"gold_loss":0.0,"damage_taken":7.0},{"cards_removed":["Defend_G"],"damage_healed":0.0,"max_hp_gain":0.0,"max_hp_loss":0.0,"gold_gain":0.0,"event_name":"Purifier","player_choice":"Purged","floor":5.0,"gold_loss":0.0,"damage_taken":0.0},{"damage_healed":0.0,"max_hp_gain":0.0,"max_hp_loss":0.0,"gold_gain":0.0,"event_name":"Mushrooms","player_choice":"Fought Mushrooms","floor":14.0,"gold_loss":0.0,"damage_taken":0.0},{"damage_healed":0.0,"max_hp_gain":0.0,"max_hp_loss":0.0,"gold_gain":0.0,"event_name":"Addict","player_choice":"Obtained Relic","floor":19.0,"gold_loss":85.0,"damage_taken":0.0,"relics_obtained":["Blood Vial"]},{"damage_healed":0.0,"max_hp_gain":0.0,"max_hp_loss":0.0,"gold_gain":0.0,"event_name":"The Library","player_choice":"Read","floor":20.0,"gold_loss":0.0,"damage_taken":0.0,"cards_obtained":["Deadly Poison"]},{"damage_healed":0.0,"max_hp_gain":0.0,"max_hp_loss":0.0,"gold_gain":0.0,"event_name":"Tomb of Lord Red Mask","player_choice":"Ignored","floor":36.0,"gold_loss":0.0,"damage_taken":0.0},{"damage_healed":0.0,"max_hp_gain":0.0,"max_hp_loss":0.0,"gold_gain":0.0,"event_name":"Winding Halls","player_choice":"Embrace Madness","floor":37.0,"gold_loss":0.0,"damage_taken":11.0,"cards_obtained":["Madness","Madness"]},{"damage_healed":0.0,"max_hp_gain":0.0,"max_hp_loss":0.0,"gold_gain":300.0,"event_name":"Wheel of Change","player_choice":"Gold","floor":41.0,"gold_loss":0.0,"damage_taken":0.0}],"is_beta":false,"boss_relics":[{"not_picked":["Fusion Hammer","Ring of the Serpent"],"picked":"Calling Bell"},{"not_picked":["SacredBark","Coffee Dripper"],"picked":"Pandora\u0027s Box"}],"items_purged_floors":[4,22,39,48],"is_endless":false,"potions_floor_spawned":[1,10,13,14,29,31,42,45],"ascension_level":8}}