{"host":"q4axc00jr2bozlh9","time":1612132590,"event":{"mods":["AchievementEnabler","BaseMod","Bestiary","Colored Map","Colored Powertips","Curses Come First","Minty Spire (QoL Compilation)","Relic Stats","StSLib","SuperFastMode","UnlockEverythingMod"],"gold_per_floor":[115,132,132,132,207,207,207,50,76,90,90,16,31,51,51,151,151,151,151,151,131,131,131,131,131,131,131,131,131,31,31,31,31,31,31,31,31,31,31,31,31,31],"floor_reached":41,"language":"ENG","playtime":2052,"items_purged":["Defend_R","Strike_R"],"score":423,"play_id":"349b1aca-5250-4f57-8c0e-120ae2a4dcd6","local_time":"20210131233630","is_ascension_mode":false,"campfire_choices":[{"data":"Armaments","floor":6,"key":"SMITH"},{"floor":11,"key":"REST"},{"data":"Metallicize","floor":15,"key":"SMITH"},{"floor":23,"key":"REST"},{"floor":32,"key":"REST"},{"floor":40,"key":"RECALL"}],"circlet_count":0,"master_deck":["Strike_R","Defend_R","Defend_R+1","Defend_R+1","Bash","Burning Pact","Brutality","Heavy Blade","True Grit","Armaments+1","Swift Strike","Shrug It Off","Metallicize+1","Ghostly Armor","Immolate","Flex+1","Thunderclap+1","Seeing Red","Carnage+1","Double Tap","Infernal Blade","Exhume","Seeing Red"],"relics":["Burning Blood","MealTicket","Ectoplasm","StrikeDummy","PreservedInsect","Pantograph","Cursed Key"],"acts_visited":["Exordium","TheCity","TheBeyond"],"potions_floor_usage":[16,16,24,29,29,33,41,41],"damage_taken":[{"damage":5,"enemies":"2 Louse","floor":1,"turns":4},{"damage":15,"enemies":"Small Slimes","floor":2,"turns":4},{"damage":2,"enemies":"Cultist","floor":10,"turns":3},{"damage":3,"enemies":"2 Fungi Beasts","floor":13,"turns":5},{"damage":4,"enemies":"Red Slaver","floor":14,"turns":5},{"damage":60,"enemies":"The Guardian","floor":16,"turns":21},{"damage":8,"enemies":"Shell Parasite","floor":18,"turns":8},{"damage":11,"enemies":"Spheric Guardian","floor":19,"turns":4},{"damage":5,"enemies":"Cultist and Chosen","floor":22,"turns":6},{"damage":20,"enemies":"Slavers","floor":24,"turns":2},{"damage":11,"enemies":"Shelled Parasite and Fungi","floor":25,"turns":5},{"damage":18,"enemies":"Snecko","floor":27,"turns":5},{"damage":7,"enemies":"Snake Plant","floor":28,"turns":3},{"damage":12,"enemies":"Centurion and Healer","floor":29,"turns":3},{"damage":16,"enemies":"Book of Stabbing","floor":31,"turns":3},{"damage":40,"enemies":"Champ","floor":33,"turns":8},{"damage":0,"enemies":"Orb Walker","floor":35,"turns":2},{"damage":40,"enemies":"3 Darklings","floor":38,"turns":5},{"damage":75,"enemies":"Nemesis","floor":41,"turns":7}],"seed_played":"-8715737623585380942","potions_obtained":[{"floor":10,"key":"Ancient Potion"},{"floor":13,"key":"Regen Potion"},{"floor":21,"key":"DuplicationPotion"},{"floor":24,"key":"Energy Potion"},{"floor":28,"key":"Ancient Potion"},{"floor":29,"key":"GamblersBrew"},{"floor":31,"key":"ColorlessPotion"},{"floor":38,"key":"LiquidMemories"}],"is_trial":false,"path_per_floor":["M","M","?","?","?","R","?","$","T","M","R","$","M","M","R","B",null,"M","M","?","?","M","R","E","M","T","M","M","M","$","E","R","B",null,"M","$","$","M","$","R","E"],"character_chosen":"IRONCLAD","items_purchased":["Swift Strike","Metallicize"],"campfire_rested":3,"item_purchase_floors":[8,12],"current_hp_per_floor":[80,71,55,55,44,44,37,37,37,41,65,80,80,80,80,41,80,78,73,58,58,59,84,70,65,65,53,52,46,61,51,76,51,85,85,85,85,51,66,66,0,0],"gold":31,"neow_bonus":"TRANSFORM_TWO_CARDS","is_daily":false,"chose_seed":false,"campfire_upgraded":2,"win_rate":0.0,"timestamp":1612132590,"path_taken":["M","M","?","?","?","R","?","$","T","M","R","?","M","M","R","BOSS","M","?","?","?","?","R","E","M","T","M","M","M","$","E","R","BOSS","M","?","$","M","?","R","E"],"items_purchased_type":["Card","Card"],"build_version":"2020-12-22","purchased_purges":2,"victory":false,"max_hp_per_floor":[80,80,80,80,80,80,80,80,80,80,80,80,80,80,80,80,80,80,80,85,85,85,85,85,85,85,85,85,85,85,85,85,85,85,85,85,85,85,85,85,85,85],"relic_stats":{"counters":[19,103],"Pantograph":9,"MealTicket":45,"Ectoplasm":318,"PreservedInsect":87,"Cursed Key":0,"obtain_stats":[{"Pantograph":31,"MealTicket":9,"Ectoplasm":17,"PreservedInsect":26,"StrikeDummy":24,"Cursed Key":34,"Burning Blood":0},{"Pantograph":15,"MealTicket":2,"Ectoplasm":6,"PreservedInsect":11,"StrikeDummy":10,"Cursed Key":16,"Burning Blood":0},{"Pantograph":81,"MealTicket":8,"Ectoplasm":42,"PreservedInsect":67,"StrikeDummy":62,"Cursed Key":89,"Burning Blood":0}],"Burning Blood":96},"card_choices":[{"not_picked":["Pommel Strike","Twin Strike"],"picked":"Heavy Blade","floor":1},{"not_picked":["Wild Strike","Reckless Charge"],"picked":"True Grit","floor":2},{"not_picked":["Twin Strike","Iron Wave"],"picked":"Shrug It Off","floor":10},{"not_picked":["Body Slam","True Grit","Heavy Blade"],"picked":"SKIP","floor":13},{"not_picked":["Sword Boomerang","Corruption"],"picked":"Ghostly Armor","floor":14},{"not_picked":["Corruption","Berserk"],"picked":"Immolate","floor":16},{"not_picked":["Havoc","Clothesline"],"picked":"Flex+1","floor":18},{"not_picked":["Twin Strike","Disarm"],"picked":"Thunderclap+1","floor":19},{"not_picked":["Perfected Strike","Anger","Thunderclap+1"],"picked":"SKIP","floor":22},{"not_picked":["Twin Strike","Power Through+1"],"picked":"Seeing Red","floor":24},{"not_picked":["Second Wind","Anger"],"picked":"Carnage+1","floor":25},{"not_picked":["Anger","Shrug It Off","Havoc+1"],"picked":"SKIP","floor":27},{"not_picked":["Twin Strike","Perfected Strike"],"picked":"Double Tap","floor":28},{"not_picked":["Anger","Flex+1"],"picked":"Infernal Blade","floor":29},{"not_picked":["Ghostly Armor","Heavy Blade","Sword Boomerang"],"picked":"SKIP","floor":31},{"not_picked":["Bludgeon","Fiend Fire"],"picked":"Exhume","floor":33},{"not_picked":["Reckless Charge+1","Iron Wave"],"picked":"Seeing Red","floor":35},{"not_picked":["Cleave","Perfected Strike","Demon Form"],"picked":"SKIP","floor":38}],"player_experience":224914,"relics_obtained":[{"floor":9,"key":"MealTicket"},{"floor":24,"key":"StrikeDummy"},{"floor":26,"key":"PreservedInsect"},{"floor":31,"key":"Pantograph"}],"event_choices":[{"damage_healed":0,"gold_gain":0,"player_choice":"Entered Light","damage_taken":16,"max_hp_gain":0,"max_hp_loss":0,"event_name":"Shining Light","floor":3,"gold_loss":0,"cards_upgraded":["Defend_R","Defend_R"]},{"damage_healed":0,"gold_gain":0,"cards_transformed":["Strike_R"],"player_choice":"Change","damage_taken":0,"max_hp_gain":0,"max_hp_loss":0,"event_name":"Living Wall","floor":4,"gold_loss":0,"cards_obtained":["Armaments"]},{"damage_healed":0,"gold_gain":75,"player_choice":"Gather Gold","damage_taken":11,"max_hp_gain":0,"max_hp_loss":0,"event_name":"World of Goop","floor":5,"gold_loss":0},{"cards_removed":["Writhe"],"damage_healed":0,"gold_gain":0,"player_choice":"Card Removal","damage_taken":7,"max_hp_gain":0,"max_hp_loss":0,"event_name":"Golden Wing","floor":7,"gold_loss":0},{"damage_healed":0,"gold_gain":0,"player_choice":"Shed Blood","damage_taken":20,"max_hp_gain":5,"max_hp_loss":0,"event_name":"Forgotten Altar","floor":20,"gold_loss":0},{"damage_healed":0,"gold_gain":0,"player_choice":"Bought 1 Potion","damage_taken":0,"max_hp_gain":0,"max_hp_loss":0,"event_name":"The Woman in Blue","floor":21,"gold_loss":0}],"is_beta":false,"boss_relics":[{"not_picked":["Runic Pyramid","Black Blood"],"picked":"Ectoplasm"},{"not_picked":["Pandora\u0027s Box","Snecko Eye"],"picked":"Cursed Key"}],"items_purged_floors":[8,30],"is_endless":false,"potions_floor_spawned":[10,13,24,28,29,31,38],"killed_by":"Nemesis","ascension_level":0}}