{"host":"0kk91h4bq4kgfj0u","time":1612052850,"event":{"mods":["BaseMod","Minty Spire (QoL Compilation)","StSLib"],"gold_per_floor":[115,115,128,145,158,158,184,200,200,200,218,60,60,93,93,192,192,204,204,216,216,233,233,233,260,260,272,304,316,41,141,141,141,141],"floor_reached":33,"language":"ENG","playtime":1079,"items_purged":["Regret"],"score":385,"play_id":"4af82db0-57e6-41b2-b753-00dabe28c672","local_time":"20210130192730","is_ascension_mode":true,"campfire_choices":[{"floor":6,"key":"REST"},{"floor":10,"key":"REST"},{"floor":13,"key":"REST"},{"floor":15,"key":"REST"},{"floor":23,"key":"REST"},{"floor":27,"key":"REST"},{"floor":32,"key":"REST"}],"circlet_count":0,"master_deck":["Strike_R","Strike_R","Strike_R","Strike_R","Strike_R","Defend_R","Defend_R","Defend_R","Defend_R","Bash","Power Through","Fire Breathing","Cleave","Thunderclap","Iron Wave","Armaments","Armaments","Anger","Reckless Charge","Reaper","Demon Form","Flex","Shrug It Off+1","Seeing Red","Anger+1","Searing Blow","Finesse"],"relics":["Burning Blood","Turnip","Happy Flower","Regal Pillow","Mark of Pain","Nloth\u0027s Gift","MutagenicStrength","Thread and Needle","MawBank","CeramicFish"],"acts_visited":["Exordium","TheCity"],"potions_floor_usage":[7,16,16,25,28,33,33,33],"damage_taken":[{"damage":21,"enemies":"Jaw Worm","floor":1,"turns":6},{"damage":9,"enemies":"Cultist","floor":3,"turns":6},{"damage":3,"enemies":"Small Slimes","floor":4,"turns":3},{"damage":16,"enemies":"3 Louse","floor":5,"turns":4},{"damage":53,"enemies":"Lagavulin","floor":7,"turns":8},{"damage":2,"enemies":"Large Slime","floor":8,"turns":5},{"damage":14,"enemies":"Lots of Slimes","floor":11,"turns":4},{"damage":15,"enemies":"3 Sentries","floor":14,"turns":5},{"damage":57,"enemies":"Hexaghost","floor":16,"turns":12},{"damage":26,"enemies":"2 Thieves","floor":18,"turns":5},{"damage":22,"enemies":"Chosen","floor":20,"turns":6},{"damage":29,"enemies":"Centurion and Healer","floor":22,"turns":6},{"damage":100,"enemies":"Slavers","floor":25,"turns":7},{"damage":45,"enemies":"Shelled Parasite and Fungi","floor":28,"turns":6},{"damage":85,"enemies":"Automaton","floor":33,"turns":10}],"seed_played":"-2274826362885796260","potions_obtained":[{"floor":2,"key":"Block Potion"},{"floor":2,"key":"Fire Potion"},{"floor":2,"key":"DistilledChaos"},{"floor":7,"key":"LiquidBronze"},{"floor":22,"key":"BloodPotion"},{"floor":25,"key":"PowerPotion"},{"floor":28,"key":"SpeedPotion"}],"is_trial":false,"path_per_floor":["M","?","M","M","M","R","E","M","T","R","M","$","R","E","R","B",null,"M","?","M","?","M","R","?","E","T","R","M","?","$","?","R","B"],"character_chosen":"IRONCLAD","items_purchased":["Anger","Reckless Charge","CeramicFish","Finesse","Block Potion"],"campfire_rested":7,"item_purchase_floors":[12,12,30,30,30],"current_hp_per_floor":[57,57,54,57,47,71,24,28,28,52,44,44,68,59,80,29,67,51,51,35,35,38,77,77,11,11,50,11,37,37,37,76,0,0],"gold":141,"neow_bonus":"ONE_RARE_RELIC","is_daily":false,"chose_seed":false,"campfire_upgraded":0,"win_rate":0.0,"timestamp":1612052850,"path_taken":["M","?","M","M","M","R","E","M","T","R","M","?","R","E","R","BOSS","M","?","?","?","M","R","?","E","T","R","M","?","$","?","R","BOSS"],"items_purchased_type":["Card","Card","Relic","Card","Potion"],"build_version":"2020-12-22","purchased_purges":1,"victory":false,"max_hp_per_floor":[80,80,80,80,80,80,80,80,80,80,80,80,80,80,80,80,80,80,80,80,80,80,80,80,80,80,80,80,80,80,80,80,80,80],"card_choices":[{"not_picked":["Warcry","Iron Wave"],"picked":"Power Through","floor":1},{"not_picked":["True Grit","Rupture"],"picked":"Fire Breathing","floor":3},{"not_picked":["Evolve","Rupture"],"picked":"Cleave","floor":4},{"not_picked":["Wild Strike","Clothesline"],"picked":"Thunderclap","floor":5},{"not_picked":["Warcry","Berserk"],"picked":"Iron Wave","floor":7},{"not_picked":["Evolve","Bloodletting"],"picked":"Armaments","floor":8},{"not_picked":["Sentinel","Shockwave"],"picked":"Armaments","floor":11},{"not_picked":["Whirlwind","Bloodletting"],"picked":"Reaper","floor":14},{"not_picked":["Impervious","Fiend Fire"],"picked":"Demon Form","floor":16},{"not_picked":["Body Slam","Shockwave"],"picked":"Flex","floor":18},{"not_picked":["Spot Weakness","Reckless Charge"],"picked":"Shrug It Off+1","floor":20},{"not_picked":["True Grit","Sword Boomerang"],"picked":"Seeing Red","floor":22},{"not_picked":["Wild Strike","Perfected Strike+1"],"picked":"Anger+1","floor":25},{"not_picked":["Clothesline","True Grit+1"],"picked":"Searing Blow","floor":28}],"player_experience":829551,"relics_obtained":[{"floor":7,"key":"Happy Flower"},{"floor":9,"key":"Bottled Flame"},{"floor":14,"key":"Regal Pillow"},{"floor":25,"key":"Thread and Needle"},{"floor":26,"key":"MawBank"}],"event_choices":[{"damage_healed":0,"gold_gain":0,"player_choice":"Got Potions","damage_taken":0,"max_hp_gain":0,"max_hp_loss":0,"event_name":"Lab","floor":2,"gold_loss":0},{"damage_healed":0,"gold_gain":0,"player_choice":"Traded Relic","damage_taken":0,"relics_obtained":["Nloth\u0027s Gift"],"max_hp_gain":0,"max_hp_loss":0,"event_name":"N\u0027loth","floor":19,"relics_lost":["Bottled Flame"],"gold_loss":0},{"damage_healed":0,"gold_gain":0,"player_choice":"Ignored","damage_taken":0,"max_hp_gain":0,"max_hp_loss":0,"event_name":"Beggar","floor":21,"gold_loss":0},{"damage_healed":0,"gold_gain":0,"player_choice":"Inject Mutagens","damage_taken":0,"relics_obtained":["MutagenicStrength"],"max_hp_gain":0,"max_hp_loss":0,"event_name":"Drug Dealer","floor":24,"gold_loss":0},{"damage_healed":26,"gold_gain":0,"player_choice":"Heal","damage_taken":0,"max_hp_gain":0,"max_hp_loss":0,"event_name":"The Library","floor":29,"gold_loss":0},{"damage_healed":0,"gold_gain":100,"player_choice":"Pray","damage_taken":0,"max_hp_gain":0,"max_hp_loss":0,"event_name":"Golden Shrine","floor":31,"gold_loss":0}],"is_beta":false,"boss_relics":[{"not_picked":["SacredBark","Ectoplasm"],"picked":"Mark of Pain"}],"items_purged_floors":[12],"is_endless":false,"potions_floor_spawned":[4,7,8,11,22,25,28],"killed_by":"Automaton","ascension_level":8}}