{"host":"nsc6ozq3atyrdr3m","time":1612095112,"event":{"mods":["BaseMod","Colored Map","Minty Spire (QoL Compilation)"],"gold_per_floor":[110,110,260,134,144,144,144,178,178,178,178,178,189,189,189,189,189],"floor_reached":16,"language":"FRA","playtime":156,"items_purged":["Doubt"],"score":242,"play_id":"c86e8be7-f8f3-4759-865e-3555456167da","local_time":"20210131131152","is_ascension_mode":true,"campfire_choices":[{"data":"Sword Boomerang","floor":6,"key":"SMITH"},{"data":"Sword Boomerang","floor":10,"key":"SMITH"},{"data":"Bash","floor":12,"key":"SMITH"},{"data":"Thunderclap","floor":15,"key":"SMITH"}],"circlet_count":0,"master_deck":["AscendersBane","Strike_R","Strike_R","Strike_R","Strike_R","Strike_R","Defend_R","Defend_R","Defend_R","Defend_R+1","Bash+1","Sword Boomerang+1","Pommel Strike+1","Sword Boomerang+1","Thunderclap+1"],"relics":["Burning Blood","NeowsBlessing","Akabeko","Calipers","StrikeDummy"],"acts_visited":["Exordium"],"potions_floor_usage":[16],"damage_taken":[{"damage":0,"enemies":"Cultist","floor":1,"turns":1},{"damage":0,"enemies":"Jaw Worm","floor":5,"turns":1},{"damage":0,"enemies":"Gremlin Nob","floor":8,"turns":1},{"damage":0,"enemies":"Small Slimes","floor":13,"turns":1},{"damage":83,"enemies":"The Guardian","floor":16,"turns":8}],"seed_played":"6854134329717455575","potions_obtained":[{"floor":1,"key":"BloodPotion"},{"floor":8,"key":"Ancient Potion"}],"is_trial":false,"path_per_floor":["M","$","?","$","M","R","?","E","T","R","T","R","M","$","R","B"],"character_chosen":"IRONCLAD","items_purchased":["Sword Boomerang"],"campfire_rested":0,"item_purchase_floors":[4],"current_hp_per_floor":[74,74,74,74,75,75,52,58,58,58,58,58,64,64,64,0,0],"gold":189,"neow_bonus":"THREE_ENEMY_KILL","is_daily":false,"chose_seed":false,"campfire_upgraded":4,"win_rate":0.0,"timestamp":1612095112,"path_taken":["M","?","?","$","M","R","?","E","T","R","?","R","M","$","R","BOSS"],"items_purchased_type":["Card"],"build_version":"2020-12-22","purchased_purges":1,"victory":false,"max_hp_per_floor":[75,75,75,75,75,75,75,75,75,75,75,75,75,75,75,75,75],"card_choices":[{"not_picked":["Seeing Red","Clash","Shrug It Off"],"picked":"SKIP","floor":1},{"not_picked":["Perfected Strike","Twin Strike"],"picked":"Pommel Strike","floor":5},{"not_picked":["Body Slam","Offering"],"picked":"Sword Boomerang","floor":8},{"not_picked":["Headbutt","Evolve"],"picked":"Thunderclap","floor":13}],"player_experience":366507,"relics_obtained":[{"floor":8,"key":"Akabeko"},{"floor":9,"key":"Calipers"},{"floor":11,"key":"StrikeDummy"}],"event_choices":[{"damage_healed":0,"gold_gain":150,"player_choice":"AGREE","damage_taken":0,"max_hp_gain":0,"max_hp_loss":0,"event_name":"Liars Game","floor":3,"gold_loss":0,"cards_obtained":["Doubt"]},{"damage_healed":0,"gold_gain":0,"player_choice":"Entered Light","damage_taken":23,"max_hp_gain":0,"max_hp_loss":0,"event_name":"Shining Light","floor":7,"gold_loss":0,"cards_upgraded":["Defend_R","Pommel Strike"]}],"is_beta":false,"boss_relics":[],"items_purged_floors":[4],"is_endless":false,"potions_floor_spawned":[1,8],"killed_by":"The Guardian","ascension_level":20}}