{"host":"qgrlfjrqk9z96gfi","time":1612136855,"event":{"mods":["BaseMod","Block Reminder","Colored Map","Custom Start","DeckTracker","Minty Spire (QoL Compilation)"],"gold_per_floor":[110,130,145,145,145,145,14,45,45,45,63,76,111,134,134,227,227,245,0,41,94,115,146,146,184,184,252,252,267,288,104,104,195,195,218,49,49,67,400,400,622,655,655,666,666,666,666],"floor_reached":46,"language":"ENG","playtime":1755,"items_purged":["Strike_G","Injury"],"score":1067,"play_id":"9e43456d-7754-4614-8b13-652c97ee1aec","local_time":"20210131134735","is_ascension_mode":true,"campfire_choices":[{"data":"Eviscerate","floor":6,"key":"SMITH"},{"data":"Survivor","floor":10,"key":"SMITH"},{"data":"Choke","floor":15,"key":"SMITH"},{"floor":24,"key":"REST"},{"floor":28,"key":"REST"},{"data":"Wraith Form v2","floor":32,"key":"SMITH"},{"floor":40,"key":"REST"}],"circlet_count":0,"master_deck":["AscendersBane","Survivor+1","Neutralize","Eviscerate+1","Flying Knee","PiercingWail","Deadly Poison","Choke+1","Wraith Form v2+1","Eviscerate","Leg Sweep","Underhanded Strike","Parasite","Predator","Injury","Riddle With Holes","Malaise","Grand Finale","Concentrate","After Image","Accuracy","Underhanded Strike","Blur","Dash","Regret"],"relics":["Snecko Eye","Bottled Flame","Gremlin Horn","Tiny Chest","Cursed Key","MealTicket","Red Mask","Vajra","Happy Flower","Darkstone Periapt","Ornamental Fan","Sundial","Pandora\u0027s Box","Regal Pillow","Singing Bowl"],"acts_visited":["Exordium","TheCity","TheBeyond"],"potions_floor_usage":[8,13,13,16,23,25,33,42,44],"damage_taken":[{"damage":2.0,"enemies":"Cultist","floor":1.0,"turns":4.0},{"damage":0,"enemies":"Small Slimes","floor":2,"turns":3},{"damage":0,"enemies":"Jaw Worm","floor":3,"turns":3},{"damage":6,"enemies":"Gremlin Nob","floor":8,"turns":3},{"damage":8,"enemies":"Exordium Thugs","floor":11,"turns":4},{"damage":1,"enemies":"2 Fungi Beasts","floor":12,"turns":3},{"damage":4,"enemies":"3 Sentries","floor":13,"turns":5},{"damage":0,"enemies":"Exordium Wildlife","floor":14,"turns":3},{"damage":5,"enemies":"Hexaghost","floor":16,"turns":9},{"damage":12,"enemies":"3 Byrds","floor":18,"turns":5},{"damage":13,"enemies":"Masked Bandits","floor":20,"turns":5},{"damage":0,"enemies":"2 Thieves","floor":22,"turns":3},{"damage":6,"enemies":"Book of Stabbing","floor":23,"turns":4},{"damage":12,"enemies":"Slavers","floor":25,"turns":4},{"damage":3,"enemies":"Snake Plant","floor":29,"turns":4},{"damage":0,"enemies":"Snecko","floor":30,"turns":4},{"damage":60,"enemies":"Automaton","floor":33,"turns":12},{"damage":47,"enemies":"3 Shapes","floor":35,"turns":5},{"damage":1,"enemies":"3 Darklings","floor":38,"turns":5},{"damage":0,"enemies":"Reptomancer","floor":42,"turns":3},{"damage":29,"enemies":"Maw","floor":44,"turns":8},{"damage":75,"enemies":"Giant Head","floor":46,"turns":9}],"seed_played":"-9095705677135612762","potions_obtained":[{"floor":1,"key":"Explosive Potion"},{"floor":3,"key":"ColorlessPotion"},{"floor":12,"key":"ColorlessPotion"},{"floor":14,"key":"Block Potion"},{"floor":18,"key":"ColorlessPotion"},{"floor":22,"key":"SpeedPotion"},{"floor":23,"key":"AttackPotion"},{"floor":29,"key":"CunningPotion"},{"floor":38,"key":"Strength Potion"}],"is_trial":false,"path_per_floor":["M","M","M","?","?","R","$","E","T","R","M","M","E","M","R","B",null,"M","$","?","T","M","E","R","E","T","T","R","M","M","$","R","B",null,"M","$","?","M","?","R","?","E","T","M","T","E"],"character_chosen":"THE_SILENT","items_purchased":["Fire Potion","Leg Sweep","MealTicket","Riddle With Holes","Regal Pillow"],"campfire_rested":3,"item_purchase_floors":[7,19,19,31,36],"current_hp_per_floor":[57,57,57,50,50,50,50,44,44,44,36,35,31,31,31,26,52,40,40,27,27,27,21,39,27,33,39,60,57,57,72,72,12,57,10,25,25,24,24,60,60,62,62,35,41,0,0],"gold":666,"neow_bonus":"BOSS_RELIC","is_daily":false,"chose_seed":false,"campfire_upgraded":4,"win_rate":0.0,"timestamp":1612136855,"path_taken":["M","M","M","?","?","R","$","E","T","R","M","M","E","M","R","BOSS","M","$","?","?","?","E","R","E","T","?","R","M","M","$","R","BOSS","M","$","?","M","?","R","?","E","T","M","?","E"],"items_purchased_type":["Potion","Card","Relic","Card","Relic"],"build_version":"2020-12-22","purchased_purges":2,"victory":false,"max_hp_per_floor":[66,66,66,66,60,60,60,60,60,60,60,60,60,60,60,60,60,60,60,60,60,60,60,60,60,66,72,72,72,72,72,72,72,72,72,72,72,72,72,72,72,74,74,76,82,82,82],"card_choices":[{"not_picked":["Dash","Quick Slash"],"picked":"Eviscerate","floor":1},{"not_picked":["Bane","Blur"],"picked":"Flying Knee","floor":2},{"not_picked":["Blade Dance","Escape Plan","Sucker Punch"],"picked":"SKIP","floor":3},{"not_picked":["Sucker Punch","Blur","Flying Knee"],"picked":"SKIP","floor":8},{"not_picked":["Prepared","Acrobatics"],"picked":"PiercingWail","floor":11},{"not_picked":["Blur","Distraction"],"picked":"Deadly Poison","floor":12},{"not_picked":["All Out Attack","Blade Dance","Distraction"],"picked":"SKIP","floor":13},{"not_picked":["Acrobatics","Dagger Spray"],"picked":"Choke","floor":14},{"not_picked":["Doppelganger","Grand Finale"],"picked":"Wraith Form v2","floor":16},{"not_picked":["PiercingWail","Quick Slash"],"picked":"Eviscerate","floor":18},{"not_picked":["Deflect","Blur"],"picked":"Underhanded Strike","floor":20},{"not_picked":["Bane+1","Acrobatics","Sucker Punch"],"picked":"SKIP","floor":22},{"not_picked":["Reflex","Backflip"],"picked":"Predator","floor":23},{"not_picked":["Deflect","Expertise","Choke"],"picked":"SKIP","floor":25},{"not_picked":["Acrobatics","Dagger Throw","Dagger Spray"],"picked":"SKIP","floor":29},{"not_picked":["Grand Finale","Sucker Punch+1","Flying Knee+1"],"picked":"SKIP","floor":30},{"not_picked":["Doppelganger","Unload"],"picked":"Malaise","floor":33},{"not_picked":["Backflip","Dagger Throw+1","Dagger Spray"],"picked":"SKIP","floor":35},{"not_picked":["Concentrate","Deflect","Dodge and Roll"],"picked":"SKIP","floor":38},{"not_picked":["Infinite Blades","Reflex","Accuracy"],"picked":"Singing Bowl","floor":42},{"not_picked":["Crippling Poison","Deadly Poison","Concentrate"],"picked":"Singing Bowl","floor":44}],"player_experience":1094945,"relics_obtained":[{"floor":8,"key":"Bottled Flame"},{"floor":9,"key":"Gremlin Horn"},{"floor":13,"key":"Tiny Chest"},{"floor":20,"key":"Red Mask"},{"floor":21,"key":"Vajra"},{"floor":23,"key":"Happy Flower"},{"floor":25,"key":"Darkstone Periapt"},{"floor":26,"key":"Ornamental Fan"},{"floor":27,"key":"Sundial"},{"floor":42,"key":"Singing Bowl"}],"event_choices":[{"cards_removed":["Strike_G"],"damage_healed":0,"gold_gain":0,"player_choice":"Card Removal","damage_taken":7,"max_hp_gain":0,"max_hp_loss":0,"event_name":"Golden Wing","floor":4,"gold_loss":0},{"damage_healed":0,"gold_gain":0,"player_choice":"Lose Max HP","damage_taken":0,"relics_obtained":["Golden Idol"],"max_hp_gain":0,"max_hp_loss":6,"event_name":"Golden Idol","floor":5,"gold_loss":0},{"damage_healed":0,"gold_gain":0,"player_choice":"Fought Bandits","damage_taken":0,"max_hp_gain":0,"max_hp_loss":0,"event_name":"Masked Bandits","floor":20,"gold_loss":0},{"cards_removed":["Accuracy"],"damage_healed":0,"gold_gain":0,"player_choice":"Removed Power","damage_taken":0,"max_hp_gain":0,"max_hp_loss":0,"event_name":"Falling","floor":37,"gold_loss":0},{"damage_healed":0,"gold_gain":333,"player_choice":"Gave Idol","damage_taken":0,"max_hp_gain":0,"max_hp_loss":0,"event_name":"The Moai Head","floor":39,"relics_lost":["Golden Idol"],"gold_loss":0},{"damage_healed":0,"gold_gain":222,"player_choice":"Wore Mask","damage_taken":0,"max_hp_gain":0,"max_hp_loss":0,"event_name":"Tomb of Lord Red Mask","floor":41,"gold_loss":0}],"is_beta":false,"boss_relics":[{"not_picked":["Ectoplasm","Runic Pyramid"],"picked":"Cursed Key"},{"not_picked":["Fusion Hammer","Empty Cage"],"picked":"Pandora\u0027s Box"}],"items_purged_floors":[7,31],"is_endless":false,"potions_floor_spawned":[1,3,12,14,18,22,23,29,38],"killed_by":"Giant Head","ascension_level":20}}