{"host":"c3lc60y5x60jlt1y","time":1612097492,"event":{"mods":["AchievementEnabler","BaseMod","Bestiary","Colored Map","Minty Spire (QoL Compilation)","Quick Restart","StSLib","ojb\u0027s Info Mod"],"gold_per_floor":[118,129,51,126,146,146,176,101,154,154,184,199,199,230,230,332,332,343,243,203,186,199,226,226,226,226],"floor_reached":25,"language":"ENG","playtime":2602,"items_purged":["Strike_G","Defend_G"],"score":229,"play_id":"f40e74a6-4ab3-461d-9801-db9cffd9c839","local_time":"20210131145132","is_ascension_mode":false,"campfire_choices":[{"data":"Prepared","floor":6,"key":"SMITH"},{"data":"Neutralize","floor":10,"key":"SMITH"},{"data":"Calculated Gamble","floor":13,"key":"SMITH"},{"data":"Survivor","floor":15,"key":"SMITH"}],"circlet_count":0,"master_deck":["Strike_G","Strike_G","Strike_G","Strike_G","Defend_G","Defend_G","Defend_G","Defend_G","Survivor+1","Neutralize+1","Calculated Gamble+1","Prepared+1","Heel Hook","Dash","Backstab","Underhanded Strike","Malaise","Adrenaline","Masterful Stab","Decay"],"relics":["Runic Pyramid","Meat on the Bone","Potion Belt","Strawberry","Incense Burner","HoveringKite","Juzu Bracelet"],"acts_visited":["Exordium","TheCity"],"potions_floor_usage":[14,16,16,23,23,23,23],"damage_taken":[{"damage":3,"enemies":"2 Louse","floor":1,"turns":3},{"damage":0,"enemies":"Cultist","floor":2,"turns":4},{"damage":7,"enemies":"Small Slimes","floor":5,"turns":4},{"damage":4,"enemies":"Lagavulin","floor":11,"turns":9},{"damage":0,"enemies":"2 Fungi Beasts","floor":12,"turns":3},{"damage":3,"enemies":"Gremlin Nob","floor":14,"turns":4},{"damage":20,"enemies":"The Guardian","floor":16,"turns":13},{"damage":3,"enemies":"3 Byrds","floor":18,"turns":6},{"damage":5,"enemies":"2 Thieves","floor":21,"turns":4},{"damage":6,"enemies":"Snecko","floor":22,"turns":7},{"damage":61,"enemies":"Gremlin Leader","floor":23,"turns":9},{"damage":14,"enemies":"Masked Bandits","floor":25,"turns":5}],"seed_played":"-2071199953525392336","potions_obtained":[{"floor":1,"key":"LiquidBronze"},{"floor":2,"key":"EssenceOfSteel"},{"floor":12,"key":"AttackPotion"},{"floor":16,"key":"EssenceOfSteel"},{"floor":18,"key":"Weak Potion"},{"floor":20,"key":"DistilledChaos"},{"floor":20,"key":"EssenceOfSteel"},{"floor":20,"key":"LiquidMemories"},{"floor":23,"key":"Strength Potion"}],"is_trial":false,"path_per_floor":["M","M","$","?","M","R","?","$","T","R","E","M","R","E","R","B",null,"M","$","?","M","M","E","?","?"],"character_chosen":"THE_SILENT","items_purchased":["Heel Hook"],"campfire_rested":0,"item_purchase_floors":[3],"current_hp_per_floor":[67,67,67,60,53,53,53,53,53,53,56,56,56,53,53,45,77,74,74,74,69,63,14,14,0,0],"gold":226,"neow_bonus":"BOSS_RELIC","is_daily":false,"chose_seed":false,"campfire_upgraded":4,"win_rate":0.0,"timestamp":1612097492,"path_taken":["M","M","$","?","?","R","?","$","T","R","E","M","R","E","R","BOSS","M","$","?","?","M","E","?","?"],"items_purchased_type":["Card"],"build_version":"2020-12-22","purchased_purges":2,"victory":false,"max_hp_per_floor":[70,70,70,70,70,70,70,70,70,70,77,77,77,77,77,77,77,77,77,77,77,77,77,77,77,77],"card_choices":[{"not_picked":["Caltrops","Eviscerate"],"picked":"Calculated Gamble","floor":1},{"not_picked":["Quick Slash","Reflex"],"picked":"Prepared","floor":2},{"not_picked":["Prepared","Outmaneuver"],"picked":"Dash","floor":5},{"not_picked":["Concentrate","Footwork"],"picked":"Backstab","floor":11},{"not_picked":["Deflect","Prepared"],"picked":"Underhanded Strike","floor":12},{"not_picked":["Accuracy","Dodge and Roll"],"picked":"Malaise","floor":14},{"not_picked":["Night Terror","Corpse Explosion"],"picked":"Adrenaline","floor":16},{"not_picked":["Prepared","Dagger Spray","Blur+1"],"picked":"SKIP","floor":18},{"not_picked":["Sucker Punch","Poisoned Stab","Deflect+1"],"picked":"SKIP","floor":21},{"not_picked":["Predator","Dodge and Roll","Noxious Fumes"],"picked":"SKIP","floor":22},{"not_picked":["Bouncing Flask","Prepared"],"picked":"Masterful Stab","floor":23}],"player_experience":8870351,"relics_obtained":[{"floor":9,"key":"Potion Belt"},{"floor":11,"key":"Strawberry"},{"floor":14,"key":"Incense Burner"},{"floor":23,"key":"Juzu Bracelet"}],"event_choices":[{"damage_healed":0,"gold_gain":75,"player_choice":"Touch","damage_taken":7,"max_hp_gain":0,"max_hp_loss":0,"event_name":"FaceTrader","floor":4,"gold_loss":0},{"damage_healed":0,"gold_gain":30,"player_choice":"Searched \u00273\u0027 times","damage_taken":0,"relics_obtained":["Meat on the Bone"],"max_hp_gain":0,"max_hp_loss":0,"event_name":"Dead Adventurer","floor":7,"gold_loss":0},{"damage_healed":0,"gold_gain":0,"player_choice":"Bought 3 Potions","damage_taken":0,"max_hp_gain":0,"max_hp_loss":0,"event_name":"The Woman in Blue","floor":20,"gold_loss":0},{"damage_healed":0,"gold_gain":0,"player_choice":"Smashed Altar","damage_taken":0,"max_hp_gain":0,"max_hp_loss":0,"event_name":"Forgotten Altar","floor":24,"gold_loss":0,"cards_obtained":["Decay"]},{"damage_healed":0,"gold_gain":0,"player_choice":"Fought Bandits","damage_taken":0,"max_hp_gain":0,"max_hp_loss":0,"event_name":"Masked Bandits","floor":25,"gold_loss":0}],"is_beta":false,"boss_relics":[{"not_picked":["Velvet Choker","SacredBark"],"picked":"HoveringKite"}],"items_purged_floors":[8,19],"is_endless":false,"potions_floor_spawned":[1,2,12,16,18,23],"killed_by":"Masked Bandits","ascension_level":0}}