{"host":"08umfpj02pt2ygc3","time":1612115138,"event":{"mods":["2.2 Compatiblity","BaseMod","DeckTracker","Highlight Path","Keyboard Shortcuts","Minty Spire (QoL Compilation)","Quick Restart","Random Character Button","StSLib","SuperFastMode","everything is the same but u backflip on backflip"],"gold_per_floor":[116,41,53,3,178,209,209,284,357,390,390,400,416,446,446,543,543,553,377,292,167,167,167,182,182,208,218,218,229,248,98,98,98,98],"floor_reached":33,"language":"KOR","playtime":1431,"items_purged":["Strike_R","Doubt","Strike_R","Strike_R"],"score":417,"play_id":"8bd540af-c572-4a38-abf3-0774c633ca46","local_time":"20210201024538","is_ascension_mode":true,"campfire_choices":[{"data":"Body Slam","floor":7.0,"key":"SMITH"},{"data":"True Grit","floor":15.0,"key":"SMITH"},{"data":"Searing Blow","floor":23.0,"key":"SMITH"},{"data":"Searing Blow+1","floor":25.0,"key":"SMITH"},{"data":"Searing Blow+2","floor":28.0,"key":"SMITH"},{"data":"Searing Blow+3","floor":32,"key":"SMITH"}],"circlet_count":0,"master_deck":["AscendersBane","Strike_R","Strike_R+1","Defend_R","Defend_R","Defend_R","Defend_R","Bash","Body Slam+1","Uppercut+1","Burning Pact","True Grit+1","Offering","Flex+1","Searing Blow+4","Sword Boomerang+1","Shockwave+1"],"relics":["Burning Blood","NeowsBlessing","Happy Flower","Whetstone","Sozu","MealTicket","Red Skull"],"acts_visited":["Exordium","TheCity"],"potions_floor_usage":[29],"damage_taken":[{"damage":0.0,"enemies":"Jaw Worm","floor":1.0,"turns":1.0},{"damage":0.0,"enemies":"Small Slimes","floor":3.0,"turns":1.0},{"damage":0.0,"enemies":"Lagavulin","floor":6.0,"turns":1.0},{"damage":40.0,"enemies":"Gremlin Nob","floor":10.0,"turns":5.0},{"damage":3.0,"enemies":"2 Louse","floor":12.0,"turns":2.0},{"damage":20.0,"enemies":"Blue Slaver","floor":13.0,"turns":4.0},{"damage":30.0,"enemies":"Slime Boss","floor":16.0,"turns":8.0},{"damage":40.0,"enemies":"3 Byrds","floor":18.0,"turns":6.0},{"damage":17.0,"enemies":"2 Thieves","floor":24.0,"turns":3.0},{"damage":11.0,"enemies":"Chosen and Byrds","floor":27.0,"turns":5.0},{"damage":0,"enemies":"Snake Plant","floor":29,"turns":1},{"damage":9,"enemies":"Snecko","floor":30,"turns":4},{"damage":63,"enemies":"Automaton","floor":33,"turns":6}],"seed_played":"-6804425453900522439","potions_obtained":[{"floor":6.0,"key":"Strength Potion"},{"floor":12.0,"key":"BlessingOfTheForge"},{"floor":13.0,"key":"AttackPotion"},{"floor":16.0,"key":"PowerPotion"}],"is_trial":false,"path_per_floor":["M","$","M","$","?","E","R","?","T","E","?","M","M","?","R","B",null,"M","$","?","$","?","R","M","R","T","M","R","M","M","$","R","B"],"character_chosen":"IRONCLAD","items_purchased":["Explosive Potion","Searing Blow"],"campfire_rested":0,"item_purchase_floors":[4,19],"current_hp_per_floor":[78,78,80,80,80,80,80,69,69,35,61,64,50,50,50,26,67,33,33,33,48,48,48,37,37,37,32,32,38,35,50,50,0,0],"gold":98,"neow_bonus":"THREE_ENEMY_KILL","is_daily":false,"chose_seed":false,"campfire_upgraded":6,"win_rate":0.0,"timestamp":1612115138,"path_taken":["M","$","M","$","?","E","R","?","T","E","?","M","M","?","R","BOSS","M","$","?","$","?","R","M","R","T","M","R","?","M","?","R","BOSS"],"items_purchased_type":["Potion","Card"],"build_version":"2020-12-22","purchased_purges":4,"victory":false,"max_hp_per_floor":[80,80,80,80,80,80,80,80,80,80,80,80,80,80,80,80,80,80,80,80,80,80,80,80,80,80,80,80,80,80,80,80,80,80],"card_choices":[{"not_picked":["Heavy Blade","Bloodletting"],"picked":"Body Slam","floor":1.0},{"not_picked":["Sword Boomerang","Rupture","Flame Barrier"],"picked":"SKIP","floor":3.0},{"not_picked":["Iron Wave","Disarm","Wild Strike"],"picked":"SKIP","floor":6.0},{"not_picked":["Rupture","Seeing Red"],"picked":"Uppercut","floor":10.0},{"not_picked":["Power Through","Bloodletting"],"picked":"Burning Pact","floor":12.0},{"not_picked":["Spot Weakness","Pummel"],"picked":"True Grit","floor":13.0},{"not_picked":["Impervious","Double Tap"],"picked":"Offering","floor":16.0},{"not_picked":["Combust","Clash"],"picked":"Flex+1","floor":18.0},{"not_picked":["Armaments","True Grit","Headbutt"],"picked":"SKIP","floor":24.0},{"not_picked":["Headbutt","Burning Pact"],"picked":"Sword Boomerang+1","floor":27.0},{"not_picked":["Infernal Blade","Sword Boomerang"],"picked":"Shockwave+1","floor":29},{"not_picked":["Shrug It Off","Cleave","Iron Wave+1"],"picked":"SKIP","floor":30}],"player_experience":359294,"relics_obtained":[{"floor":6.0,"key":"Happy Flower"},{"floor":10.0,"key":"Whetstone"},{"floor":26.0,"key":"Red Skull"}],"event_choices":[{"damage_healed":0.0,"max_hp_gain":0.0,"max_hp_loss":0.0,"gold_gain":175.0,"event_name":"Liars Game","player_choice":"AGREE","floor":5.0,"gold_loss":0.0,"damage_taken":0.0,"cards_obtained":["Doubt"]},{"damage_healed":0.0,"max_hp_gain":0.0,"max_hp_loss":0.0,"gold_gain":75.0,"event_name":"World of Goop","player_choice":"Gather Gold","floor":8.0,"gold_loss":0.0,"damage_taken":11.0},{"damage_healed":26.0,"max_hp_gain":0.0,"max_hp_loss":0.0,"gold_gain":0.0,"event_name":"Big Fish","player_choice":"Banana","floor":11.0,"gold_loss":0.0,"damage_taken":0.0},{"damage_healed":0.0,"max_hp_gain":0.0,"max_hp_loss":0.0,"gold_gain":30.0,"event_name":"Dead Adventurer","player_choice":"Searched \u00271\u0027 times","floor":14.0,"gold_loss":0.0,"damage_taken":0.0},{"damage_healed":0.0,"max_hp_gain":0.0,"max_hp_loss":0.0,"gold_gain":0.0,"event_name":"Addict","player_choice":"Obtained Relic","floor":20.0,"gold_loss":85.0,"damage_taken":0.0,"relics_obtained":["MealTicket"]},{"damage_healed":0.0,"max_hp_gain":0.0,"max_hp_loss":0.0,"gold_gain":0.0,"event_name":"Match and Keep!","player_choice":"0 cards matched","floor":22.0,"gold_loss":0.0,"damage_taken":0.0,"cards_obtained":[]}],"is_beta":false,"boss_relics":[{"not_picked":["Busted Crown","Coffee Dripper"],"picked":"Sozu"}],"items_purged_floors":[2,19,21,31],"is_endless":false,"potions_floor_spawned":[6,12,13,16,29,30],"killed_by":"Automaton","ascension_level":10}}