{"host":"4a0aa7b2d8dxohwr","time":1612077558,"event":{"mods":["ATMod(∞¢Ë™Mod)","Act Like it!","BaseMod","Dota2Spire","Friendly Minions","Gensokyo","GifTheSpireLib","GungeonMod","Marisa£®ÏF”Í°°ƒß¿Ì…≥£©","Minty Spire (QoL Compilation)","Reimu£®≤©¿ˆ¡È√Œ£©","Reliquary","Remilia£®¿Ÿ√◊¿Ú—«£©","Shop Mod","StSLib","The Cursed","The Senshi","The Servant 0.9.4","Youmu£®ªÍ∆«—˝√Œ£©","[IsaacMod]“‘»ˆº‚À˛","°æ“≈ŒÔø®≈∆°øREMEMod"],"gold_per_floor":[114,114,128,142,159,184,36,50,50,77,27,27,27,60,60,159,159,178,178,178,194,205,239,249,249,249,265,265,107,139,154,154,454,454,474,474,485,537,170,198,215,247,301,665,360,360,417,417,417,447,447,447,50,77,77],"floor_reached":56,"language":"ZHS","playtime":4408,"items_purged":["Strike_B","Strike_B","Defend_B","Defend_B"],"score":1814,"play_id":"653af6f0-46aa-4921-80f3-56f6113abac5","local_time":"20210131151918","is_ascension_mode":true,"campfire_choices":[{"data":"Creative AI","floor":12.0,"key":"SMITH"},{"data":"Zap","floor":15.0,"key":"SMITH"},{"data":"Redo","floor":25.0,"key":"SMITH"},{"data":"AT_FamilyPortrait","floor":32,"key":"SMITH"},{"data":"AT_DrawKnifeCut","floor":46,"key":"SMITH"},{"floor":49,"key":"RECALL"},{"data":"AT_EMC2","floor":52,"key":"SMITH"}],"circlet_count":0,"master_deck":["Strike_B+1","Defend_B+1","Defend_B","Zap+1","Dualcast+1","AT_FamilyPortrait+1","AT_DrawKnifeCut+1","Conserve Battery+1","Seek+1","Cold Snap+1","Redo+1","REME_DataAnalysis","Compile Driver","Creative AI+1","ElectricPowerLearning+1","Turbo+1","Ball Lightning+1","Judgement+1","Coolheaded+1","Capacitor+1","AT_DarkMatter+1","Buffer+1","Fan+1","AT_EMC2+1"],"relics":["Cracked Core","HushsDoor","YumHeart","Gensokyo:CelestialsFlawlessClothing","D6","AT_ChloranthyRing","Dota2Spire:CrimsonGuard","Gensokyo:NagashiBinaDoll","Centennial Puzzle","Torii","reliquary:QuartzCube","AT_SilvercatRing","Void","DemoMod:PinkGuonStone","Dota2Spire:Bloodstone","DemoMod:ResourcefulSack","Dota2Spire:Mjollnir","Art of War","reliquary:Bookmark","DemoMod:MemoryAlloy","REME_CardOfGreed","SteamSale","Dota2Spire:PowerTreads","Sling","Nunchaku","Membership Card","AT_SilverBalance","MerchantsRug","Bag of Marbles"],"acts_visited":["Exordium","Gensokyo:Gensokyo","TheBeyond","TheEnding"],"potions_floor_usage":[30,33,33,38,40,55,55],"damage_taken":[{"damage":6.0,"enemies":"Gensokyo:Gryphon","floor":1.0,"turns":3.0},{"damage":3.0,"enemies":"Gensokyo:2_Kodama","floor":3.0,"turns":3.0},{"damage":0.0,"enemies":"Gensokyo:3_Fairies","floor":4.0,"turns":3.0},{"damage":7.0,"enemies":"Gensokyo:Kitsune","floor":5.0,"turns":4.0},{"damage":13.0,"enemies":"Gensokyo:Mamizou","floor":6.0,"turns":5.0},{"damage":0.0,"enemies":"Gensokyo:2_Rabbits","floor":8.0,"turns":3.0},{"damage":14.0,"enemies":"Gensokyo:Cirno","floor":10.0,"turns":5.0},{"damage":30.0,"enemies":"Gensokyo:Aya","floor":14.0,"turns":6.0},{"damage":16.0,"enemies":"Gensokyo:Reimu","floor":16.0,"turns":12.0},{"damage":11.0,"enemies":"Gensokyo:Chomper","floor":18.0,"turns":6.0},{"damage":6.0,"enemies":"Gensokyo:AngelMirror","floor":21.0,"turns":2.0},{"damage":15.0,"enemies":"Gensokyo:Wraith","floor":22.0,"turns":5.0},{"damage":15.0,"enemies":"Gensokyo:Reisen","floor":23.0,"turns":10.0},{"damage":6.0,"enemies":"Gensokyo:Monolith_and_Dog","floor":24.0,"turns":5.0},{"damage":15.0,"enemies":"Gensokyo:Mirror_and_Dog","floor":27.0,"turns":5.0},{"damage":36,"enemies":"Gensokyo:Tenshi","floor":30,"turns":8},{"damage":26,"enemies":"Gensokyo:Slime_Group","floor":31,"turns":5},{"damage":65,"enemies":"Gensokyo:Eternal_Rivals","floor":33,"turns":10},{"damage":0,"enemies":"Orb Walker","floor":35,"turns":2},{"damage":1,"enemies":"3 Darklings","floor":37,"turns":3},{"damage":8,"enemies":"2 Orb Walkers","floor":38,"turns":5},{"damage":0,"enemies":"Reptomancer","floor":40,"turns":6},{"damage":0,"enemies":"Maw","floor":41,"turns":5},{"damage":1,"enemies":"Nemesis","floor":42,"turns":7},{"damage":0,"enemies":"Reptomancer","floor":44,"turns":6},{"damage":0,"enemies":"Giant Head","floor":47,"turns":8},{"damage":0,"enemies":"Donu and Deca","floor":50,"turns":8},{"damage":1,"enemies":"Shield and Spear","floor":54,"turns":4},{"damage":41,"enemies":"The Heart","floor":55,"turns":6}],"seed_played":"-8055295860593858172","potions_obtained":[{"floor":3.0,"key":"SpeedPotion"},{"floor":6.0,"key":"Dota2Spire:HealingSalve"},{"floor":10.0,"key":"Strength Potion"},{"floor":16.0,"key":"Dota2Spire:Clarity"},{"floor":23.0,"key":"FairyPotion"},{"floor":27.0,"key":"EntropicBrew"},{"floor":33,"key":"DuplicationPotion"},{"floor":35,"key":"Swift Potion"},{"floor":38,"key":"Dota2Spire:Clarity"},{"floor":41,"key":"SteroidPotion"}],"is_trial":false,"path_per_floor":["M","?","M","M","M","E","$","M","T","E","COS","R","?","E","R","B",null,"M","?","?","M","M","E","M","R","T","M","?","COS","E","M","R","B",null,"M","?","M","?","$","E","M","E","T","E","$","R","E","?","R","B",null,"R","$","E","B",null],"character_chosen":"DEFECT","items_purchased":["AT_ChloranthyRing","Art of War","reliquary:Bookmark","REME_CardOfGreed","FocusPotion","DemoMod:WeirdEgg","Sling","Nunchaku","LiquidMemories","Membership Card","War Paint","AT_SilverBalance","MerchantsRug"],"campfire_rested":0,"item_purchase_floors":[7,39,39,45,45,53,53,53,53,53,53,53,53],"current_hp_per_floor":[76,81,78,78,71,82,82,82,82,68,68,68,68,38,38,22,82,73,73,73,67,77,62,56,56,56,41,41,66,33,7,7,3,91,91,91,90,82,82,82,82,81,81,81,81,81,81,81,81,91,91,91,91,44,67],"gold":77,"neow_bonus":"TEN_PERCENT_HP_BONUS","is_daily":false,"chose_seed":false,"campfire_upgraded":6,"win_rate":0.0,"timestamp":1612077558,"path_taken":["M","?","M","M","?","E","$","M","T","E","COS","R","?","E","R","BOSS","M","?","?","?","M","E","M","R","T","M","?","COS","E","?","R","BOSS","M","?","M","?","$","E","?","E","T","E","$","R","E","?","R","BOSS","R","$","E","BOSS"],"items_purchased_type":["Relic","Relic","Relic","Relic","Potion","Relic","Relic","Relic","Potion","Relic","Relic","Relic","Relic"],"build_version":"2020-12-22","purchased_purges":4,"victory":true,"max_hp_per_floor":[82,82,82,82,82,82,82,82,82,82,82,82,82,82,82,82,82,84,84,84,84,84,84,84,84,84,84,84,84,84,84,84,91,91,91,91,91,91,91,91,91,91,91,91,91,91,91,91,91,91,91,91,91,91,91],"card_choices":[{"not_picked":["Compile Driver","Rebound"],"picked":"Conserve Battery","floor":1.0},{"not_picked":["Reinforced Body","Gash"],"picked":"Seek","floor":3.0},{"not_picked":["Beam Cell","Distribution"],"picked":"Cold Snap","floor":4.0},{"not_picked":["Glacier","Blizzard"],"picked":"Redo","floor":5.0},{"not_picked":["Compile Driver","Stack"],"picked":"REME_DataAnalysis","floor":6.0},{"not_picked":["Go for the Eyes","Static Discharge"],"picked":"Compile Driver","floor":8.0},{"not_picked":["AT_StudyProgram","Glacier"],"picked":"Creative AI","floor":10.0},{"not_picked":["Steam","BootSequence","Conserve Battery"],"picked":"SKIP","floor":14.0},{"not_picked":["Core Surge","Reboot"],"picked":"ElectricPowerLearning","floor":16.0},{"not_picked":["Compile Driver","Rebound"],"picked":"Turbo","floor":18.0},{"not_picked":["Go for the Eyes","Steam"],"picked":"Coolheaded+1","floor":21.0},{"not_picked":["Stack","Go for the Eyes+1","Cold Snap","Genetic Algorithm"],"picked":"SKIP","floor":22.0},{"not_picked":["Steam","Stack","Beam Cell"],"picked":"SKIP","floor":23.0},{"not_picked":["Rebound+1","Gash","Amplify"],"picked":"SKIP","floor":24.0},{"not_picked":["Pulse","AT_DarkMatter","Barrage"],"picked":"Capacitor+1","floor":27.0},{"not_picked":["Coolheaded","AT_WarpDrive","Beam Cell"],"picked":"SKIP","floor":30},{"not_picked":["Core Surge","Sweeping Beam"],"picked":"AT_DarkMatter","floor":31},{"not_picked":["Hyperbeam","Multi-Cast","All For One"],"picked":"Buffer","floor":33},{"not_picked":["Streamline","Lockon+1","Gash"],"picked":"SKIP","floor":35},{"not_picked":["Discovery","AT_BreakingExtremeWeapon"],"picked":"Bomb","floor":36},{"not_picked":["Sweeping Beam","Streamline+1"],"picked":"Fan+1","floor":37},{"not_picked":["Core Surge","Beam Cell+1","Gash+1"],"picked":"SKIP","floor":40},{"not_picked":["Leap+1","Hologram+1","Aggregate+1"],"picked":"SKIP","floor":41},{"not_picked":["REME_ForAll","Steam","Auto Shields+1"],"picked":"SKIP","floor":42},{"not_picked":["Coolheaded+1","Leap+1","Rebound+1"],"picked":"SKIP","floor":44},{"not_picked":["Doom and Gloom+1","Self Repair","AT_HeatAcrobatics"],"picked":"AT_EMC2","floor":47},{"not_picked":["Conserve Battery+1","Ball Lightning","Cancel+1"],"picked":"SKIP","floor":54}],"player_experience":517051,"relics_obtained":[{"floor":6.0,"key":"D6"},{"floor":10.0,"key":"Dota2Spire:CrimsonGuard"},{"floor":14.0,"key":"Centennial Puzzle"},{"floor":23.0,"key":"reliquary:QuartzCube"},{"floor":26.0,"key":"AT_SilvercatRing"},{"floor":30,"key":"Void"},{"floor":38,"key":"Dota2Spire:Mjollnir"},{"floor":40,"key":"DemoMod:MemoryAlloy"},{"floor":42,"key":"Whetstone"},{"floor":43,"key":"Dota2Spire:HandOfMidas"},{"floor":44,"key":"Old Coin"},{"floor":47,"key":"SteamSale"},{"floor":54,"key":"Bag of Marbles"}],"event_choices":[{"damage_healed":0,"gold_gain":0,"player_choice":"Memory 1","damage_taken":0,"max_hp_gain":0,"max_hp_loss":0,"event_name":"SensoryStone","floor":36,"gold_loss":0},{"damage_healed":0,"gold_gain":0,"player_choice":"Fight","damage_taken":0,"max_hp_gain":0,"max_hp_loss":0,"event_name":"Mysterious Sphere","floor":38,"gold_loss":0},{"damage_healed":0,"gold_gain":0,"player_choice":"Ignored","damage_taken":0,"max_hp_gain":0,"max_hp_loss":0,"event_name":"Tomb of Lord Red Mask","floor":48,"gold_loss":0}],"is_beta":false,"boss_relics":[{"not_picked":["Tiny House","Ectoplasm"],"picked":"Empty Cage"},{"not_picked":[]},{"not_picked":["DemoMod:WaxWing","Nuclear Battery"],"picked":"Dota2Spire:Bloodstone"},{"not_picked":[]}],"items_purged_floors":[39,45,53,53],"is_endless":false,"potions_floor_spawned":[3,6,10,16,22,23,27,33,35,38,41,42],"ascension_level":4}}