{"host":"f0gpob8hq9vgebej","time":1612093192,"event":{"mods":["AchievementEnabler","BaseMod","Minty Spire (QoL Compilation)","Quick Restart","SuperFastMode"],"gold_per_floor":[316,333,221,233,248,248,248,268,295,328,328,9,27,38,38,116,116,128,148,164,164,215,215,246,246,300,300,41,41,51,69,69,148,148,166,166,191,209,209,209,37,54,81,100,22,22,39,56,56,56],"floor_reached":51,"language":"KOR","playtime":5752,"items_purged":["Strike_R","Strike_R","Strike_R+1"],"score":1112,"play_id":"bfbe693c-828f-42f4-9520-6ecd9c4f470d","local_time":"20210131203952","is_ascension_mode":true,"campfire_choices":[{"data":"Inflame","floor":7.0,"key":"SMITH"},{"floor":15.0,"key":"REST"},{"data":"Spot Weakness","floor":23.0,"key":"SMITH"},{"floor":25.0,"key":"REST"},{"data":"Shrug It Off","floor":27.0,"key":"SMITH"},{"floor":32.0,"key":"REST"},{"data":"Shrug It Off","floor":40.0,"key":"SMITH"},{"data":"Battle Trance","floor":46.0,"key":"SMITH"},{"data":"Rupture","floor":49.0,"key":"SMITH"}],"circlet_count":0,"master_deck":["AscendersBane","Strike_R+1","Strike_R+1","Defend_R+1","Defend_R+1","Defend_R+1","Defend_R+1","Bash+1","Inflame+1","Rupture+1","Heavy Blade","Spot Weakness+1","Shrug It Off+1","Evolve","Impervious","Shrug It Off+1","Battle Trance+1","Dual Wield+1","Seeing Red","Sword Boomerang+1","Reaper+1","Hemokinesis+1","Shrug It Off","Bloodletting","Pain","Parasite","Sword Boomerang+1"],"relics":["Burning Blood","Old Coin","War Paint","Nunchaku","Vajra","Mark of Pain","Bronze Scales","Strawberry","Ancient Tea Set","Molten Egg 2","Cursed Key","Thread and Needle","Orichalcum"],"acts_visited":["Exordium","TheCity","TheBeyond"],"potions_floor_usage":[50,50],"damage_taken":[{"damage":7.0,"enemies":"2 Louse","floor":1.0,"turns":3.0},{"damage":0.0,"enemies":"Small Slimes","floor":2.0,"turns":4.0},{"damage":4.0,"enemies":"Jaw Worm","floor":4.0,"turns":7.0},{"damage":24.0,"enemies":"Blue Slaver","floor":5.0,"turns":5.0},{"damage":7.0,"enemies":"Looter","floor":8.0,"turns":4.0},{"damage":17.0,"enemies":"3 Sentries","floor":10.0,"turns":7.0},{"damage":21.0,"enemies":"3 Louse","floor":13.0,"turns":3.0},{"damage":0.0,"enemies":"2 Fungi Beasts","floor":14.0,"turns":4.0},{"damage":4.0,"enemies":"Slime Boss","floor":16.0,"turns":12.0},{"damage":7.0,"enemies":"Chosen","floor":18.0,"turns":3.0},{"damage":11.0,"enemies":"2 Thieves","floor":19.0,"turns":5.0},{"damage":12.0,"enemies":"Snake Plant","floor":20.0,"turns":5.0},{"damage":40.0,"enemies":"Slavers","floor":24.0,"turns":7.0},{"damage":24.0,"enemies":"Centurion and Healer","floor":30.0,"turns":4.0},{"damage":23.0,"enemies":"3 Cultists","floor":31.0,"turns":7.0},{"damage":35.0,"enemies":"Champ","floor":33.0,"turns":9.0},{"damage":25.0,"enemies":"3 Shapes","floor":35.0,"turns":4.0},{"damage":0.0,"enemies":"Mind Bloom Boss Battle","floor":37.0,"turns":5.0},{"damage":0.0,"enemies":"Orb Walker","floor":38.0,"turns":5.0},{"damage":10.0,"enemies":"3 Darklings","floor":42.0,"turns":6.0},{"damage":40.0,"enemies":"Transient","floor":44.0,"turns":5.0},{"damage":14.0,"enemies":"4 Shapes","floor":47.0,"turns":7.0},{"damage":18.0,"enemies":"Writhing Mass","floor":48.0,"turns":6.0},{"damage":72,"enemies":"Donu and Deca","floor":50,"turns":7}],"seed_played":"-6428464229328363425","potions_obtained":[{"floor":2.0,"key":"Energy Potion"},{"floor":8.0,"key":"Strength Potion"},{"floor":10.0,"key":"HeartOfIron"},{"floor":13.0,"key":"BlessingOfTheForge"},{"floor":14.0,"key":"Block Potion"},{"floor":30.0,"key":"SpeedPotion"},{"floor":31.0,"key":"Ancient Potion"},{"floor":37.0,"key":"ColorlessPotion"},{"floor":42.0,"key":"Strength Potion"}],"is_trial":false,"path_per_floor":["M","M","$","M","M","?","R","M","T","E","?","$","M","M","R","B",null,"M","M","M","?","T","R","E","R","T","R","$","?","M","M","R","B",null,"M","?","?","M","?","R","$","M","T","M","$","R","M","M","R","B",null],"character_chosen":"IRONCLAD","items_purchased":["Rupture","Spot Weakness","Vajra","Molten Egg 2","Shrug It Off","EssenceOfSteel"],"campfire_rested":3,"item_purchase_floors":[3,12,12,28,41,45],"current_hp_per_floor":[67,73,73,75,57,34,34,33,33,22,22,22,7,13,35,37,66,65,60,54,54,54,54,27,51,51,51,51,51,33,16,40,11,64,75,75,82,82,82,82,82,82,82,59,59,59,74,74,74,46],"gold":56,"neow_bonus":"ONE_RARE_RELIC","is_daily":false,"chose_seed":false,"campfire_upgraded":6,"win_rate":0.0,"timestamp":1612093192,"path_taken":["M","M","$","M","M","?","R","M","T","E","?","$","M","M","R","BOSS","M","M","M","?","?","R","E","R","T","R","$","?","M","M","R","BOSS","M","?","?","M","?","R","$","M","T","M","?","R","M","M","R","BOSS"],"items_purchased_type":["Card","Card","Relic","Relic","Card","Potion"],"build_version":"2020-12-22","purchased_purges":3,"victory":true,"max_hp_per_floor":[75,75,75,75,75,75,75,75,75,75,75,75,75,75,75,75,75,75,75,75,75,75,75,82,82,82,82,82,82,82,82,82,82,82,82,82,82,82,82,82,82,82,82,82,82,82,82,82,82,82],"card_choices":[{"not_picked":["Heavy Blade","Searing Blow"],"picked":"Power Through","floor":1.0},{"not_picked":["Armaments","Sword Boomerang"],"picked":"Inflame","floor":2.0},{"not_picked":["Cleave","Rage"],"picked":"Heavy Blade","floor":4.0},{"not_picked":["Clash","Thunderclap","Dropkick"],"picked":"SKIP","floor":5.0},{"not_picked":["Fire Breathing","Searing Blow","Blood for Blood"],"picked":"SKIP","floor":8.0},{"not_picked":["Thunderclap","Cleave","Sentinel"],"picked":"SKIP","floor":10.0},{"not_picked":["Blood for Blood","Iron Wave"],"picked":"Shrug It Off","floor":13.0},{"not_picked":["Body Slam","Cleave"],"picked":"Evolve","floor":14.0},{"not_picked":["Berserk","Exhume"],"picked":"Impervious","floor":16.0},{"not_picked":["Headbutt+1","Clothesline"],"picked":"Shrug It Off","floor":18.0},{"not_picked":["Armaments","Entrench"],"picked":"Battle Trance","floor":19.0},{"not_picked":["Reckless Charge","Metallicize"],"picked":"Dual Wield+1","floor":20.0},{"not_picked":["Twin Strike+1","Flex"],"picked":"Seeing Red","floor":24.0},{"not_picked":["Second Wind","Iron Wave+1","Armaments"],"picked":"SKIP","floor":30.0},{"not_picked":["Flex+1","Shrug It Off+1"],"picked":"Sword Boomerang+1","floor":31.0},{"not_picked":["Fiend Fire+1","Offering"],"picked":"Reaper+1","floor":33.0},{"not_picked":["Armaments","Body Slam+1","Searing Blow+1"],"picked":"SKIP","floor":35.0},{"not_picked":["Heavy Blade+1","Flame Barrier"],"picked":"Hemokinesis+1","floor":38.0},{"not_picked":["Hemokinesis+1","Cleave+1"],"picked":"Bloodletting","floor":42.0},{"not_picked":["Pommel Strike+1","Searing Blow+1","Immolate+1"],"picked":"SKIP","floor":44.0},{"not_picked":["Perfected Strike+1","Thunderclap+1","Headbutt+1"],"picked":"SKIP","floor":47.0},{"not_picked":["Warcry","Battle Trance"],"picked":"Sword Boomerang+1","floor":48.0}],"player_experience":309685,"relics_obtained":[{"floor":9.0,"key":"War Paint"},{"floor":10.0,"key":"Nunchaku"},{"floor":22.0,"key":"Bronze Scales"},{"floor":24.0,"key":"Strawberry"},{"floor":26.0,"key":"Ancient Tea Set"},{"floor":37.0,"key":"Thread and Needle"},{"floor":43.0,"key":"Orichalcum"}],"event_choices":[{"damage_healed":0.0,"max_hp_gain":0.0,"max_hp_loss":0.0,"gold_gain":0.0,"event_name":"Shining Light","player_choice":"Entered Light","floor":6.0,"gold_loss":0.0,"damage_taken":23.0,"cards_upgraded":["Bash","Strike_R"]},{"damage_healed":0.0,"max_hp_gain":0.0,"max_hp_loss":0.0,"gold_gain":0.0,"event_name":"Dead Adventurer","player_choice":"Searched \u00270\u0027 times","floor":11.0,"gold_loss":0.0,"damage_taken":0.0},{"damage_healed":0.0,"max_hp_gain":0.0,"max_hp_loss":0.0,"gold_gain":0.0,"event_name":"Back to Basics","player_choice":"Simplicity","floor":21.0,"gold_loss":0.0,"damage_taken":0.0,"cards_upgraded":["Strike_R","Strike_R","Defend_R","Defend_R","Defend_R"]},{"damage_healed":0.0,"max_hp_gain":0.0,"max_hp_loss":0.0,"gold_gain":0.0,"event_name":"Mysterious Sphere","player_choice":"Ignored","floor":36.0,"gold_loss":0.0,"damage_taken":0.0},{"damage_healed":0.0,"max_hp_gain":0.0,"max_hp_loss":0.0,"gold_gain":0.0,"event_name":"MindBloom","player_choice":"Fight","floor":37.0,"gold_loss":0.0,"damage_taken":0.0},{"cards_removed":["Power Through"],"damage_healed":0.0,"max_hp_gain":0.0,"max_hp_loss":0.0,"gold_gain":0.0,"event_name":"Falling","player_choice":"Removed Skill","floor":39.0,"gold_loss":0.0,"damage_taken":0.0}],"is_beta":false,"boss_relics":[{"not_picked":["Busted Crown","Velvet Choker"],"picked":"Mark of Pain"},{"not_picked":["Fusion Hammer","Runic Dome"],"picked":"Cursed Key"}],"items_purged_floors":[3,12,41],"is_endless":false,"potions_floor_spawned":[2,8,10,13,14,30,31,37,42,47,48],"ascension_level":15}}