{"host":"g8ufh7m4frdlkxwv","time":1612066282,"event":{"mods":["AchievementEnabler","BaseMod","Colored Map","Dark Map","Minty Spire (QoL Compilation)","Relic Stats","StSLib","ojb\u0027s Info Mod"],"gold_per_floor":[211,3,18,18,38,65,65,94,94,94,94],"floor_reached":10,"language":"ENG","playtime":487,"items_purged":["Defend_G"],"score":152,"play_id":"fe3ff473-abf7-41c4-9221-09096aadd3a4","local_time":"20210131051122","is_ascension_mode":true,"campfire_choices":[{"data":"Predator","floor":7,"key":"SMITH"}],"circlet_count":0,"master_deck":["AscendersBane","Strike_G","Strike_G","Strike_G","Strike_G","Defend_G","Defend_G","Defend_G","Defend_G","Survivor","Neutralize","Deflect","Dagger Throw","Predator+1","Flying Knee","Slice","Leg Sweep"],"relics":["Ring of the Snake","Pantograph","Unceasing Top","Matryoshka"],"acts_visited":["Exordium"],"potions_floor_usage":[6,6,8],"damage_taken":[{"damage":2,"enemies":"Jaw Worm","floor":1,"turns":4},{"damage":0,"enemies":"Small Slimes","floor":3,"turns":4},{"damage":0,"enemies":"Cultist","floor":5,"turns":3},{"damage":13,"enemies":"Gremlin Nob","floor":6,"turns":4},{"damage":26,"enemies":"Lagavulin","floor":8,"turns":6},{"damage":16,"enemies":"Gremlin Nob","floor":10,"turns":3}],"seed_played":"-7027403946841504965","potions_obtained":[{"floor":3,"key":"SpeedPotion"},{"floor":6,"key":"SneckoOil"}],"is_trial":false,"path_per_floor":["M","$","M","?","M","E","R","E","T","E"],"character_chosen":"THE_SILENT","items_purchased":["DuplicationPotion","Dagger Throw"],"campfire_rested":0,"item_purchase_floors":[2,2],"current_hp_per_floor":[57,57,57,50,50,37,37,11,11,0,0],"gold":94,"neow_bonus":"HUNDRED_GOLD","is_daily":false,"chose_seed":false,"campfire_upgraded":1,"win_rate":0.0,"timestamp":1612066282,"path_taken":["M","$","M","?","M","E","R","E","T","E"],"items_purchased_type":["Potion","Card"],"build_version":"2020-12-22","purchased_purges":1,"victory":false,"max_hp_per_floor":[66,66,66,66,66,66,66,66,66,66,66],"relic_stats":{"counters":[6,24],"Pantograph":0,"obtain_stats":[{"Matryoshka":9,"Pantograph":6,"Unceasing Top":8,"Ring of the Snake":0},{"Matryoshka":5,"Pantograph":4,"Unceasing Top":5,"Ring of the Snake":0},{"Matryoshka":21,"Pantograph":15,"Unceasing Top":21,"Ring of the Snake":0}],"Unceasing Top":[0],"Ring of the Snake":[12]},"card_choices":[{"not_picked":["PiercingWail","Backflip"],"picked":"Deflect","floor":1},{"not_picked":["Caltrops","Outmaneuver"],"picked":"Predator","floor":3},{"not_picked":["Bane","Calculated Gamble"],"picked":"Flying Knee","floor":5},{"not_picked":["PiercingWail","Poisoned Stab"],"picked":"Slice","floor":6},{"not_picked":["Crippling Poison","Infinite Blades"],"picked":"Leg Sweep","floor":8}],"player_experience":1112516,"relics_obtained":[{"floor":6,"key":"Pantograph"},{"floor":8,"key":"Unceasing Top"},{"floor":9,"key":"Matryoshka"}],"event_choices":[{"cards_removed":["Strike_G"],"damage_healed":0,"gold_gain":0,"player_choice":"Card Removal","damage_taken":7,"max_hp_gain":0,"max_hp_loss":0,"event_name":"Golden Wing","floor":4,"gold_loss":0}],"is_beta":false,"boss_relics":[],"items_purged_floors":[2],"is_endless":false,"potions_floor_spawned":[3,6],"killed_by":"Gremlin Nob","ascension_level":20}}