{"host":"vyjryxuuuxkt43k4","time":1612109122,"event":{"mods":["AchievementEnabler","BaseMod","Colored Map","DeckTracker","Keyboard Shortcuts","Minty Spire (QoL Compilation)","Permanent Neow","Quick Restart","Rare Cards Sparkle","StSLib","SuperFastMode","everything is the same but u backflip on backflip"],"gold_per_floor":[361,27,27,92,110,136,136,15,15,15,30,28,78,139,139,215,215,225,77,92,107,7,7,7,7],"floor_reached":24,"language":"KOR","playtime":940,"items_purged":["Clumsy","Strike_G"],"score":343,"play_id":"a97835a8-d10d-4f06-9ea5-d4559eea1205","local_time":"20210201010522","is_ascension_mode":true,"campfire_choices":[{"floor":7,"key":"REST"},{"data":"Deadly Poison","floor":10,"key":"SMITH"},{"data":"Bouncing Flask","floor":15,"key":"SMITH"},{"data":"After Image","floor":23,"key":"SMITH"}],"circlet_count":0,"master_deck":["AscendersBane","Strike_G","Strike_G","Strike_G","Strike_G","Defend_G","Defend_G","Defend_G","Defend_G","Defend_G","Survivor","Neutralize","Deadly Poison+1","Footwork","Bouncing Flask+1","Calculated Gamble","Tactician","Dodge and Roll","Master of Strategy","Dodge and Roll","Accuracy","After Image+1","Blur","Underhanded Strike+1","Backflip"],"relics":["Ring of the Snake","Nunchaku","SsserpentHead","Mercury Hourglass","Ninja Scroll","Coffee Dripper"],"acts_visited":["Exordium","TheCity"],"potions_floor_usage":[5,16,21,24,24],"damage_taken":[{"damage":1,"enemies":"Small Slimes","floor":1,"turns":4},{"damage":0,"enemies":"Cultist","floor":4,"turns":4},{"damage":4,"enemies":"Jaw Worm","floor":5,"turns":3},{"damage":46,"enemies":"Gremlin Nob","floor":6,"turns":5},{"damage":0,"enemies":"Lots of Slimes","floor":11,"turns":2},{"damage":0,"enemies":"Large Slime","floor":14,"turns":4},{"damage":3,"enemies":"The Guardian","floor":16,"turns":8},{"damage":6,"enemies":"Shell Parasite","floor":18,"turns":5},{"damage":0,"enemies":"Spheric Guardian","floor":20,"turns":3},{"damage":15,"enemies":"3 Cultists","floor":21,"turns":7},{"damage":51,"enemies":"Gremlin Leader","floor":24,"turns":8}],"seed_played":"-1716479651356630091","potions_obtained":[{"floor":4,"key":"BlessingOfTheForge"},{"floor":11,"key":"FearPotion"},{"floor":14,"key":"Energy Potion"}],"is_trial":false,"path_per_floor":["M","$","?","M","M","E","R","$","T","R","M","$","?","M","R","B",null,"M","$","M","M","$","R","E"],"character_chosen":"THE_SILENT","items_purchased":["Footwork","Nunchaku","Bouncing Flask","Master of Strategy","PowerPotion","PowerPotion","Backflip","Dexterity Potion"],"campfire_rested":1,"item_purchase_floors":[2,2,2,8,12,19,22,22],"current_hp_per_floor":[58,58,58,58,54,8,27,27,27,27,27,27,66,66,66,63,65,59,59,59,44,44,44,0,0],"gold":7,"neow_bonus":"TWO_FIFTY_GOLD","is_daily":false,"chose_seed":false,"campfire_upgraded":3,"win_rate":0.0,"timestamp":1612109122,"path_taken":["M","$","?","?","M","E","R","?","T","R","M","?","?","?","R","BOSS","M","$","M","M","$","R","E"],"items_purchased_type":["Card","Relic","Card","Card","Potion","Potion","Card","Potion"],"build_version":"2020-12-22","purchased_purges":2,"victory":false,"max_hp_per_floor":[66,66,66,66,66,66,66,66,66,66,66,66,66,66,66,66,66,66,66,66,66,66,66,66,66],"card_choices":[{"not_picked":["Acrobatics","Underhanded Strike"],"picked":"Deadly Poison","floor":1},{"not_picked":["Prepared","Cloak And Dagger"],"picked":"Calculated Gamble","floor":4},{"not_picked":["Sucker Punch","Dagger Throw"],"picked":"Tactician","floor":5},{"not_picked":["Envenom","Prepared"],"picked":"Dodge and Roll","floor":6},{"not_picked":["Poisoned Stab","Masterful Stab"],"picked":"Dodge and Roll","floor":11},{"not_picked":["Dodge and Roll","Skewer"],"picked":"Accuracy","floor":14},{"not_picked":["Tools of the Trade","Malaise"],"picked":"After Image","floor":16},{"not_picked":["Predator","Concentrate","Eviscerate"],"picked":"SKIP","floor":18},{"not_picked":["Distraction","Poisoned Stab"],"picked":"Blur","floor":20},{"not_picked":["Deflect","Endless Agony"],"picked":"Underhanded Strike+1","floor":21}],"player_experience":549334,"relics_obtained":[{"floor":6,"key":"Mercury Hourglass"},{"floor":9,"key":"Ninja Scroll"}],"event_choices":[{"damage_healed":0,"gold_gain":0,"player_choice":"Trade","damage_taken":0,"relics_obtained":["SsserpentHead"],"max_hp_gain":0,"max_hp_loss":0,"event_name":"FaceTrader","floor":3,"gold_loss":0},{"damage_healed":39,"gold_gain":0,"player_choice":"Full Heal","damage_taken":0,"max_hp_gain":0,"max_hp_loss":0,"event_name":"Wheel of Change","floor":13,"gold_loss":0}],"is_beta":false,"boss_relics":[{"not_picked":["Fusion Hammer","Runic Dome"],"picked":"Coffee Dripper"}],"items_purged_floors":[2,19],"is_endless":false,"potions_floor_spawned":[4,11,14],"killed_by":"Gremlin Leader","ascension_level":15}}