{"host":"xg4r5pv6chpuampg","time":1612124904,"event":{"mods":["AchievementEnabler","BaseMod","Googly Eyes","Minty Spire (QoL Compilation)"],"gold_per_floor":[112,112,112,112,36,36,59,93,93,93,93,108,152,172,172,172,172],"floor_reached":16,"language":"ENG","playtime":879,"items_purged":[],"score":108,"play_id":"eb003903-b1e0-43f9-a081-2f2ad35ee19a","local_time":"20210131232824","is_ascension_mode":false,"campfire_choices":[{"data":"Bouncing Flask","floor":6,"key":"SMITH"},{"floor":10,"key":"REST"},{"floor":15,"key":"REST"}],"circlet_count":0,"master_deck":["Strike_G","Strike_G","Strike_G","Strike_G","Strike_G","Defend_G","Defend_G","Defend_G","Defend_G","Defend_G","Survivor","Neutralize","PiercingWail","Bouncing Flask+1","Eviscerate","Blur","Backflip"],"relics":["Busted Crown","Golden Idol","Calipers","Question Card","White Beast Statue","Ninja Scroll"],"acts_visited":["Exordium"],"potions_floor_usage":[13,16,16],"damage_taken":[{"damage":0,"enemies":"2 Louse","floor":1,"turns":3},{"damage":7,"enemies":"Small Slimes","floor":7,"turns":3},{"damage":11,"enemies":"Lagavulin","floor":8,"turns":6},{"damage":5,"enemies":"Jaw Worm","floor":12,"turns":3},{"damage":20,"enemies":"3 Sentries","floor":13,"turns":8},{"damage":0,"enemies":"Looter","floor":14,"turns":3},{"damage":59,"enemies":"Slime Boss","floor":16,"turns":13}],"seed_played":"-8097950402920843612","potions_obtained":[{"floor":8,"key":"SmokeBomb"},{"floor":12,"key":"Explosive Potion"},{"floor":13,"key":"DistilledChaos"},{"floor":14,"key":"DuplicationPotion"}],"is_trial":false,"path_per_floor":["M","?","?","?","$","R","M","E","T","R","T","M","E","M","R","B"],"character_chosen":"THE_SILENT","items_purchased":["Bouncing Flask"],"campfire_rested":2,"item_purchase_floors":[5],"current_hp_per_floor":[70,75,57,57,57,57,50,39,39,61,61,56,36,36,58,0,0],"gold":172,"neow_bonus":"BOSS_RELIC","is_daily":false,"chose_seed":false,"campfire_upgraded":1,"win_rate":0.0,"timestamp":1612124904,"path_taken":["M","?","?","?","$","R","M","E","T","R","?","M","E","M","R","BOSS"],"items_purchased_type":["Card"],"build_version":"2020-12-22","purchased_purges":0,"victory":false,"max_hp_per_floor":[70,75,75,75,75,75,75,75,75,75,75,75,75,75,75,75,75],"card_choices":[{"not_picked":[],"picked":"PiercingWail","floor":1},{"not_picked":[],"picked":"Eviscerate","floor":7},{"not_picked":[],"picked":"Blur","floor":8},{"not_picked":["Endless Agony"],"picked":"Backflip","floor":12},{"not_picked":["Acrobatics","Outmaneuver"],"picked":"SKIP","floor":13},{"not_picked":["Cloak And Dagger","Underhanded Strike"],"picked":"SKIP","floor":14}],"player_experience":27266,"relics_obtained":[{"floor":8,"key":"Calipers"},{"floor":9,"key":"Question Card"},{"floor":11,"key":"White Beast Statue"},{"floor":13,"key":"Ninja Scroll"}],"event_choices":[{"damage_healed":0,"gold_gain":0,"player_choice":"Donut","damage_taken":0,"max_hp_gain":5,"max_hp_loss":0,"event_name":"Big Fish","floor":2,"gold_loss":0},{"damage_healed":0,"gold_gain":0,"player_choice":"Take Damage","damage_taken":18,"relics_obtained":["Golden Idol"],"max_hp_gain":0,"max_hp_loss":0,"event_name":"Golden Idol","floor":3,"gold_loss":0},{"damage_healed":0,"gold_gain":0,"player_choice":"Leave","damage_taken":0,"max_hp_gain":0,"max_hp_loss":0,"event_name":"The Cleric","floor":4,"gold_loss":0}],"is_beta":false,"boss_relics":[],"items_purged_floors":[],"is_endless":false,"potions_floor_spawned":[8,12,13,14],"killed_by":"Slime Boss","ascension_level":0}}