{"host":"9ndbo4kgsfoemf7y","time":1612100132,"event":{"mods":["AchievementEnabler","BaseMod","Colored Map","DeckTracker","Keyboard Shortcuts","Minty Spire (QoL Compilation)","Permanent Neow","Quick Restart","Relic Stats","StSLib","SuperFastMode"],"gold_per_floor":[10,10,85,104,104,104,135,135,180,193,207,218,218,252,252,348,348,365,380,392,403,502,502,502,502,502,502,179,229,261,280,280,280,280],"floor_reached":33,"language":"KOR","playtime":1034,"items_purged":[],"score":521,"play_id":"6c09a8da-0558-4083-9ac6-4bc95890506c","local_time":"20210131223532","is_ascension_mode":true,"campfire_choices":[{"data":"Zap","floor":6.0,"key":"SMITH"},{"floor":8.0,"key":"REST"},{"floor":13,"key":"REST"},{"floor":15,"key":"REST"},{"data":"Aggregate","floor":23,"key":"SMITH"},{"data":"Go for the Eyes","floor":25,"key":"SMITH"},{"data":"FTL","floor":27,"key":"SMITH"},{"floor":32,"key":"REST"}],"circlet_count":0,"master_deck":["Zap+1","Dualcast","Aggregate+1","FTL+1","Coolheaded","Flash of Steel","Defragment","All For One","Hologram","Go for the Eyes+1","Reboot","Streamline","Auto Shields","All For One","All For One","All For One","Reboot","Go for the Eyes","Streamline+1","Turbo","Steam Power","Deep Breath","Ghostly","Ghostly","Ghostly","Ghostly","Ghostly"],"relics":["Cracked Core","Du-Vu Doll","Tiny Chest","Juzu Bracelet","Strawberry","Pandora\u0027s Box","SsserpentHead","HornCleat","Shuriken","Bird Faced Urn"],"acts_visited":["Exordium","TheCity"],"potions_floor_usage":[12,19],"damage_taken":[{"damage":0.0,"enemies":"2 Louse","floor":1.0,"turns":3.0},{"damage":15.0,"enemies":"Small Slimes","floor":4.0,"turns":3.0},{"damage":28.0,"enemies":"Gremlin Nob","floor":7.0,"turns":4.0},{"damage":0.0,"enemies":"Cultist","floor":10.0,"turns":3.0},{"damage":11.0,"enemies":"Blue Slaver","floor":11.0,"turns":3.0},{"damage":17,"enemies":"Gremlin Gang","floor":12,"turns":4},{"damage":14,"enemies":"Lagavulin","floor":14,"turns":7},{"damage":37,"enemies":"Hexaghost","floor":16,"turns":11},{"damage":4,"enemies":"Spheric Guardian","floor":18,"turns":3},{"damage":22,"enemies":"2 Thieves","floor":19,"turns":3},{"damage":0,"enemies":"Sentry and Sphere","floor":20,"turns":2},{"damage":0,"enemies":"Centurion and Healer","floor":21,"turns":2},{"damage":0,"enemies":"Gremlin Leader","floor":30,"turns":4},{"damage":3,"enemies":"Chosen and Byrds","floor":31,"turns":3},{"damage":50,"enemies":"Automaton","floor":33,"turns":6}],"seed_played":"-1881897399589786660","potions_obtained":[{"floor":4.0,"key":"AttackPotion"},{"floor":7.0,"key":"Dexterity Potion"},{"floor":11.0,"key":"Energy Potion"},{"floor":20,"key":"PowerPotion"},{"floor":30,"key":"Dexterity Potion"}],"is_trial":false,"path_per_floor":["M","?","?","M","?","R","E","R","T","M","M","M","R","E","R","B",null,"M","M","M","M","?","R","?","R","T","R","$","?","E","M","R","B"],"character_chosen":"DEFECT","items_purchased":["Shuriken","Deep Breath"],"campfire_rested":4,"item_purchase_floors":[28,28],"current_hp_per_floor":[68,68,57,42,42,42,14,36,36,36,25,8,30,23,47,10,64,60,38,38,38,38,38,38,38,38,38,38,38,38,37,41,0,0],"gold":280,"neow_bonus":"ONE_RARE_RELIC","is_daily":false,"chose_seed":false,"campfire_upgraded":4,"win_rate":0.0,"timestamp":1612100132,"path_taken":["M","?","?","M","?","R","E","R","T","M","M","M","R","E","R","BOSS","M","M","M","M","?","R","?","R","T","R","$","?","E","M","R","BOSS"],"items_purchased_type":["Relic","Card"],"build_version":"2020-12-22","purchased_purges":0,"victory":false,"max_hp_per_floor":[75,75,75,75,75,75,75,75,75,75,75,75,75,82,82,82,82,82,82,82,82,82,82,82,82,82,82,82,41,41,41,41,41,41],"relic_stats":{"SsserpentHead":50,"counters":[15,61],"Shuriken":[16],"Bird Faced Urn":[4],"Tiny Chest":0,"Pandora\u0027s Box":["Streamline","Auto Shields","All For One","All For One","All For One","Reboot","Go for the Eyes"],"Juzu Bracelet":2,"obtain_stats":[{"Du-Vu Doll":0,"SsserpentHead":24,"HornCleat":26,"Shuriken":28,"Strawberry":14,"Bird Faced Urn":30,"Tiny Chest":7,"Pandora\u0027s Box":17,"Juzu Bracelet":9,"Cracked Core":0},{"Du-Vu Doll":0,"SsserpentHead":12,"HornCleat":12,"Shuriken":12,"Strawberry":7,"Bird Faced Urn":13,"Tiny Chest":3,"Pandora\u0027s Box":8,"Juzu Bracelet":3,"Cracked Core":0},{"Du-Vu Doll":0,"SsserpentHead":48,"HornCleat":48,"Shuriken":48,"Strawberry":27,"Bird Faced Urn":52,"Tiny Chest":10,"Pandora\u0027s Box":38,"Juzu Bracelet":10,"Cracked Core":0}]},"card_choices":[{"not_picked":["Leap","Streamline"],"picked":"Aggregate","floor":1.0},{"not_picked":["Double Energy","Cold Snap"],"picked":"Coolheaded","floor":4.0},{"not_picked":["Chaos","Rebound","Leap"],"picked":"SKIP","floor":7.0},{"not_picked":["Ball Lightning","Cold Snap"],"picked":"Defragment","floor":10.0},{"not_picked":["Cold Snap","Coolheaded"],"picked":"All For One","floor":11.0},{"not_picked":["Tempest","White Noise"],"picked":"Hologram","floor":12},{"not_picked":["Echo Form","Auto Shields"],"picked":"Go for the Eyes","floor":14},{"not_picked":["Buffer","Amplify"],"picked":"Reboot","floor":16},{"not_picked":["Hologram","Ball Lightning"],"picked":"Streamline+1","floor":18},{"not_picked":["Turbo","Redo","Stack"],"picked":"SKIP","floor":19},{"not_picked":["Redo","Stack"],"picked":"Turbo","floor":19},{"not_picked":["Force Field","Consume+1"],"picked":"Steam Power","floor":20},{"not_picked":["Fission","Stack","Redo+1"],"picked":"SKIP","floor":21},{"not_picked":["Force Field","Heatsinks+1","Lockon"],"picked":"SKIP","floor":30},{"not_picked":["Capacitor","Steam","Rebound"],"picked":"SKIP","floor":31}],"player_experience":852747,"relics_obtained":[{"floor":7.0,"key":"Tiny Chest"},{"floor":9.0,"key":"Juzu Bracelet"},{"floor":14,"key":"Strawberry"},{"floor":26,"key":"HornCleat"},{"floor":30,"key":"Bird Faced Urn"}],"event_choices":[{"damage_healed":0.0,"max_hp_gain":0.0,"max_hp_loss":0.0,"gold_gain":0.0,"cards_transformed":["Strike_B"],"event_name":"Living Wall","player_choice":"Change","floor":2.0,"gold_loss":0.0,"damage_taken":0.0,"cards_obtained":["FTL"]},{"damage_healed":0.0,"max_hp_gain":0.0,"max_hp_loss":0.0,"gold_gain":75.0,"event_name":"World of Goop","player_choice":"Gather Gold","floor":3.0,"gold_loss":0.0,"damage_taken":11.0},{"damage_healed":0.0,"max_hp_gain":0.0,"max_hp_loss":0.0,"gold_gain":0.0,"event_name":"Match and Keep!","player_choice":"1 cards matched","floor":5.0,"gold_loss":0.0,"damage_taken":0.0,"cards_obtained":["Flash of Steel"]},{"damage_healed":0,"gold_gain":99,"player_choice":"Stole From Cult","damage_taken":0,"max_hp_gain":0,"max_hp_loss":0,"event_name":"Nest","floor":22,"gold_loss":0},{"damage_healed":0,"gold_gain":0,"player_choice":"Trade","damage_taken":0,"relics_obtained":["SsserpentHead"],"max_hp_gain":0,"max_hp_loss":0,"event_name":"FaceTrader","floor":24,"gold_loss":0},{"damage_healed":0,"gold_gain":0,"player_choice":"Became a Ghost","damage_taken":0,"max_hp_gain":0,"max_hp_loss":41,"event_name":"Ghosts","floor":29,"gold_loss":0,"cards_obtained":["Ghostly","Ghostly","Ghostly","Ghostly","Ghostly"]}],"is_beta":false,"boss_relics":[{"not_picked":["Black Star","Busted Crown"],"picked":"Pandora\u0027s Box"}],"items_purged_floors":[],"is_endless":false,"potions_floor_spawned":[4,7,11,20,30],"killed_by":"Automaton","ascension_level":9}}