{"host":"0fmi5fguj5lvt8pf","time":1612109099,"event":{"mods":["BaseMod","Colored Map","Curses Come First","Downfall","Minty Spire (QoL Compilation)","Permanent Neow","StSLib"],"gold_per_floor":[99,114,127,127,127,127,127,127],"floor_reached":6,"language":"ENG","playtime":355,"items_purged":[],"score":34,"play_id":"c12e2ca7-5923-4bb3-a886-71c542bb0d8a","local_time":"20210131080459","is_ascension_mode":false,"campfire_choices":[{"data":"Sadistic Nature","floor":1,"key":"SMITH"}],"circlet_count":0,"master_deck":["Guardian:Strike_Guardian","Guardian:Strike_Guardian","Guardian:Strike_Guardian","Guardian:Defend_Guardian","Guardian:Defend_Guardian","Guardian:Defend_Guardian","Guardian:Defend_Guardian","Guardian:CurlUp","Guardian:TwinSlam","Sadistic Nature+1","Guardian:Gem_Fragmented","Guardian:Gem_Cyan"],"relics":["Guardian:ModeShifter"],"acts_visited":["Exordium"],"potions_floor_usage":[],"damage_taken":[{"damage":7,"enemies":"2 Louse","floor":2,"turns":3},{"damage":8,"enemies":"Small Slimes","floor":3,"turns":4},{"damage":41,"enemies":"Gremlin Nob","floor":6,"turns":6}],"seed_played":"1476225863678368180","potions_obtained":[],"is_trial":false,"path_per_floor":["R","M","M","?","?","E"],"character_chosen":"GUARDIAN","items_purchased":[],"campfire_rested":0,"item_purchase_floors":[],"current_hp_per_floor":[72,65,57,57,62,21,21,21],"gold":127,"neow_bonus":"RANDOM_COLORLESS_2","is_daily":false,"chose_seed":false,"campfire_upgraded":1,"win_rate":0.0,"timestamp":1612109099,"path_taken":["R","M","M","?","?","E"],"items_purchased_type":[],"build_version":"2020-12-22","purchased_purges":0,"victory":false,"max_hp_per_floor":[72,72,72,72,77,77,77,77],"card_choices":[{"not_picked":["Apotheosis","Chrysalis"],"picked":"Sadistic Nature","floor":0},{"not_picked":["Guardian:FuturePlans","Guardian:CrystalBeam"],"picked":"Guardian:Gem_Fragmented","floor":2},{"not_picked":["Guardian:Reroute","Guardian:PrimingBeam"],"picked":"Guardian:Gem_Cyan","floor":3}],"player_experience":1461743,"relics_obtained":[],"event_choices":[{"cards_removed":["Guardian:Strike_Guardian"],"damage_healed":0,"gold_gain":0,"player_choice":"Card Removal","damage_taken":0,"max_hp_gain":0,"max_hp_loss":0,"event_name":"The Cleric","floor":4,"gold_loss":0},{"damage_healed":0,"gold_gain":0,"player_choice":"Donut","damage_taken":0,"max_hp_gain":5,"max_hp_loss":0,"event_name":"Big Fish","floor":5,"gold_loss":0}],"is_beta":false,"boss_relics":[],"items_purged_floors":[],"is_endless":false,"potions_floor_spawned":[],"killed_by":"Gremlin Nob","ascension_level":0}}