{"host":"8is2j71l4wmybkoi","time":1612104836,"event":{"mods":["AchievementEnabler","BaseMod","Colored Map","Minty Spire (QoL Compilation)","Rare Cards Sparkle","StSLib","SuperFastMode"],"gold_per_floor":[115,135,135,153,174,174,199,243,243,243,259,259,149,165,165,261,261,286,286,302,151,26,26,26],"floor_reached":23,"language":"KOR","playtime":1207,"items_purged":["Strike_G","Defend_G","Defend_G"],"score":425,"play_id":"7a5cc92d-ec2b-4553-a71b-664fa6fa3e0e","local_time":"20210131235356","is_ascension_mode":true,"campfire_choices":[{"data":"Crippling Poison","floor":6,"key":"SMITH"},{"data":"Neutralize","floor":12,"key":"SMITH"},{"data":"Footwork","floor":15,"key":"SMITH"}],"circlet_count":0,"master_deck":["AscendersBane","Strike_G","Strike_G","Strike_G","Defend_G","Defend_G","Survivor","Neutralize+1","Footwork+1","Predator","Escape Plan","Crippling Poison+1","Quick Slash","Dagger Throw","Distraction","Blur","Wraith Form v2"],"relics":["Ring of the Snake","Thread and Needle","Ninja Scroll","Black Star","Nloth\u0027s Gift"],"acts_visited":["Exordium","TheCity"],"potions_floor_usage":[11,14,16,16,18,18,23],"damage_taken":[{"damage":2,"enemies":"Cultist","floor":1,"turns":5},{"damage":4,"enemies":"Jaw Worm","floor":2,"turns":6},{"damage":0,"enemies":"2 Louse","floor":4,"turns":2},{"damage":8,"enemies":"Large Slime","floor":5,"turns":14},{"damage":3,"enemies":"Looter","floor":7,"turns":3},{"damage":14,"enemies":"3 Sentries","floor":8,"turns":11},{"damage":0,"enemies":"Exordium Wildlife","floor":11,"turns":3},{"damage":0,"enemies":"2 Fungi Beasts","floor":14,"turns":1},{"damage":0,"enemies":"Hexaghost","floor":16,"turns":10},{"damage":7,"enemies":"Spheric Guardian","floor":18,"turns":10},{"damage":0,"enemies":"Chosen","floor":20,"turns":11},{"damage":8,"enemies":"Book of Stabbing","floor":23,"turns":5}],"seed_played":"-4074332398675369916","potions_obtained":[{"floor":4,"key":"SteroidPotion"},{"floor":8,"key":"Fruit Juice"},{"floor":11,"key":"EntropicBrew"},{"floor":16,"key":"LiquidMemories"},{"floor":18,"key":"Dexterity Potion"}],"is_trial":false,"path_per_floor":["M","M","?","M","M","R","M","E","T","T","M","R","$","M","R","B",null,"M","?","M","$","$","E"],"character_chosen":"THE_SILENT","items_purchased":["Distraction","FearPotion"],"campfire_rested":0,"item_purchase_floors":[13,21],"current_hp_per_floor":[42,38,38,38,30,30,27,13,13,13,18,18,18,18,18,18,53,46,46,46,46,46,38,38],"gold":26,"neow_bonus":"REMOVE_TWO","is_daily":false,"chose_seed":false,"campfire_upgraded":3,"win_rate":0.0,"timestamp":1612104836,"path_taken":["M","M","?","M","M","R","M","E","T","?","M","R","$","M","R","BOSS","M","?","M","?","$","E"],"items_purchased_type":["Card","Potion"],"build_version":"2020-12-22","purchased_purges":3,"victory":false,"max_hp_per_floor":[66,66,60,60,60,60,60,60,60,60,65,65,65,65,65,65,65,65,65,65,65,65,65,65],"card_choices":[{"not_picked":["Prepared","Acrobatics"],"picked":"Footwork","floor":1},{"not_picked":["Prepared","Leg Sweep"],"picked":"Predator","floor":2},{"not_picked":["Predator","Deadly Poison"],"picked":"Escape Plan","floor":4},{"not_picked":["Prepared","Setup"],"picked":"Crippling Poison","floor":5},{"not_picked":["Accuracy","PiercingWail"],"picked":"Quick Slash","floor":7},{"not_picked":["PiercingWail","Choke","Sucker Punch"],"picked":"SKIP","floor":8},{"not_picked":["Quick Slash","Prepared"],"picked":"Dagger Throw","floor":11},{"not_picked":["Cloak And Dagger","Prepared"],"picked":"Blur","floor":14},{"not_picked":["A Thousand Cuts","Envenom"],"picked":"Wraith Form v2","floor":16},{"not_picked":["Prepared","Slice","Calculated Gamble"],"picked":"SKIP","floor":18},{"not_picked":["Bane","Slice","Tools of the Trade"],"picked":"SKIP","floor":20}],"player_experience":892729,"relics_obtained":[{"floor":8,"key":"Thread and Needle"},{"floor":9,"key":"Ninja Scroll"}],"event_choices":[{"damage_healed":0,"gold_gain":0,"player_choice":"Lose Max HP","damage_taken":0,"relics_obtained":["Golden Idol"],"max_hp_gain":0,"max_hp_loss":6,"event_name":"Golden Idol","floor":3,"gold_loss":0},{"damage_healed":0,"gold_gain":0,"player_choice":"Traded Relic","damage_taken":0,"relics_obtained":["Nloth\u0027s Gift"],"max_hp_gain":0,"max_hp_loss":0,"event_name":"N\u0027loth","floor":19,"relics_lost":["Golden Idol"],"gold_loss":0}],"is_beta":false,"boss_relics":[{"not_picked":["Runic Dome","Cursed Key"],"picked":"Black Star"}],"items_purged_floors":[13,21,22],"is_endless":false,"potions_floor_spawned":[4,8,11,16,18],"killed_by":"Book of Stabbing","ascension_level":15}}