{"host":"axuns55dzq466eei","time":1612085372,"event":{"mods":["BaseMod","Colored Map","Keyboard Shortcuts","Minty Spire (QoL Compilation)","StSLib","SuperFastMode"],"gold_per_floor":[112,124,134,134,153,153,184,184,184,197,210,96,96,107,107,107,107],"floor_reached":16,"language":"KOR","playtime":355,"items_purged":["Strike_R"],"score":208,"play_id":"ce95409e-6e9e-44c6-8342-bda49ffb611a","local_time":"20210131182932","is_ascension_mode":true,"campfire_choices":[{"data":"Clothesline","floor":6.0,"key":"SMITH"},{"data":"Bash","floor":8,"key":"SMITH"},{"floor":15,"key":"REST"}],"circlet_count":0,"master_deck":["AscendersBane","Strike_R","Strike_R","Strike_R","Strike_R","Defend_R","Defend_R","Defend_R","Bash+1","Clothesline+1","Pommel Strike+1","Wild Strike","Shrug It Off","Inflame","Evolve","Offering"],"relics":["Burning Blood","Blue Candle","Question Card"],"acts_visited":["Exordium"],"potions_floor_usage":[7,11,16],"damage_taken":[{"damage":3.0,"enemies":"Cultist","floor":1.0,"turns":4.0},{"damage":1.0,"enemies":"2 Louse","floor":2.0,"turns":3.0},{"damage":16.0,"enemies":"Jaw Worm","floor":3.0,"turns":4.0},{"damage":15.0,"enemies":"3 Louse","floor":5.0,"turns":4.0},{"damage":32,"enemies":"Gremlin Nob","floor":7,"turns":4},{"damage":8,"enemies":"Red Slaver","floor":10,"turns":3},{"damage":20,"enemies":"Exordium Thugs","floor":11,"turns":6},{"damage":0,"enemies":"Large Slime","floor":14,"turns":4},{"damage":43,"enemies":"The Guardian","floor":16,"turns":14}],"seed_played":"9059978030031721494","potions_obtained":[{"floor":1.0,"key":"Swift Potion"},{"floor":2.0,"key":"Block Potion"},{"floor":11,"key":"AttackPotion"}],"is_trial":false,"path_per_floor":["M","M","M","?","M","R","E","R","T","M","M","$","$","M","R","B"],"character_chosen":"IRONCLAD","items_purchased":["Evolve"],"campfire_rested":1,"item_purchase_floors":[12],"current_hp_per_floor":[71,75,65,65,56,56,30,30,30,28,14,14,14,20,42,0,0],"gold":107,"neow_bonus":"TRANSFORM_CARD","is_daily":false,"chose_seed":false,"campfire_upgraded":2,"win_rate":0.0,"timestamp":1612085372,"path_taken":["M","M","M","?","M","R","E","R","T","M","?","?","$","M","R","BOSS"],"items_purchased_type":["Card"],"build_version":"2020-12-22","purchased_purges":1,"victory":false,"max_hp_per_floor":[75,75,75,75,75,75,75,75,75,75,75,75,75,75,75,75,75],"card_choices":[{"not_picked":["Iron Wave","Dark Embrace","Metallicize"],"picked":"SKIP","floor":1.0},{"not_picked":["Sword Boomerang","Wild Strike"],"picked":"Pommel Strike","floor":2.0},{"not_picked":["Headbutt","Cleave","Sever Soul"],"picked":"SKIP","floor":3.0},{"not_picked":["Flex","Clash"],"picked":"Wild Strike","floor":5.0},{"not_picked":["Intimidate","Thunderclap"],"picked":"Shrug It Off","floor":7},{"not_picked":["Perfected Strike","Combust","Rupture","Uppercut"],"picked":"SKIP","floor":10},{"not_picked":["Whirlwind","Wild Strike","Clothesline"],"picked":"Inflame","floor":11},{"not_picked":["Cleave","Infernal Blade","Intimidate"],"picked":"Offering","floor":14}],"player_experience":1099951,"relics_obtained":[{"floor":7,"key":"Blue Candle"},{"floor":9,"key":"Question Card"}],"event_choices":[{"damage_healed":0.0,"max_hp_gain":0.0,"max_hp_loss":0.0,"gold_gain":0.0,"event_name":"Upgrade Shrine","player_choice":"Upgraded","floor":4.0,"gold_loss":0.0,"damage_taken":0.0,"cards_upgraded":["Pommel Strike"]}],"is_beta":false,"boss_relics":[],"items_purged_floors":[12],"is_endless":false,"potions_floor_spawned":[1,2,11],"killed_by":"The Guardian","ascension_level":20}}