{"host":"qm4rv4rkpk76sbxu","time":1612124761,"event":{"mods":["BaseMod","Bestiary","Block Reminder","DeckTracker","Filter the Spire","Keyboard Shortcuts","Minty Spire (QoL Compilation)","MonsterHotkey","Quick Restart","Random Character Button","Relic Stats","Slay-I","StSLib","Unceasing Turn Reminder","ojb\u0027s Better Paths Mod","ojb\u0027s Info Mod"],"gold_per_floor":[113,38,188,188,4,42,42,86,86,111,165,165,165,201,201,290,290,309,309,322,322,340,365,290,318,318,336,336,365,379,396,396,474,474,484,484,498,498,202,228,273,301,327,327,338,361,379,421,421,421,421],"floor_reached":50,"language":"ENG","playtime":5627,"items_purged":["Defend_G","Doubt"],"score":1483,"play_id":"6848c546-59b3-431e-afa8-7bc2effb9086","local_time":"20210131212601","is_ascension_mode":true,"campfire_choices":[{"data":"A Thousand Cuts","floor":7.0,"key":"SMITH"},{"floor":13.0,"key":"REST"},{"floor":15.0,"key":"DIG"},{"floor":28.0,"key":"DIG"},{"floor":32.0,"key":"DIG"},{"floor":44.0,"key":"DIG"},{"floor":49.0,"key":"RECALL"}],"circlet_count":0,"master_deck":["AscendersBane","Strike_G","Strike_G","Defend_G","Defend_G","Defend_G","Defend_G","Survivor","Neutralize","A Thousand Cuts+1","Deflect+1","Backstab","Reflex","Slice","Venomology","Crippling Poison","Slice","Acrobatics+1","A Thousand Cuts","Terror","Shame","Footwork","Calculated Gamble+1","Acrobatics","Reflex","Wraith Form v2","After Image","CurseOfTheBell","Blur","Leg Sweep","Madness","Madness","Slice+1","Blur+1","Doubt","Injury","Acrobatics+1","Panacea","Trip","Calculated Gamble+1"],"relics":["Ring of the Snake","Bloody Idol","Bag of Marbles","Gremlin Horn","Singing Bowl","Shovel","Prayer Wheel","Toy Ornithopter","Cursed Key","Oddly Smooth Stone","War Paint","Blue Candle","Pen Nib","Bird Faced Urn","Bag of Preparation","Calling Bell","Tiny Chest","Darkstone Periapt","Ginger","Akabeko","MealTicket","Potion Belt","Gambling Chip","CeramicFish","Bronze Scales"],"acts_visited":["Exordium","TheCity","TheBeyond"],"potions_floor_usage":[50,50,50],"damage_taken":[{"damage":5.0,"enemies":"Small Slimes","floor":1.0,"turns":5.0},{"damage":44.0,"enemies":"3 Sentries","floor":6.0,"turns":11.0},{"damage":7.0,"enemies":"Gremlin Nob","floor":8.0,"turns":3.0},{"damage":0.0,"enemies":"2 Louse","floor":10.0,"turns":2.0},{"damage":14.0,"enemies":"3 Sentries","floor":14.0,"turns":5.0},{"damage":7.0,"enemies":"The Guardian","floor":16.0,"turns":10.0},{"damage":16.0,"enemies":"2 Thieves","floor":18.0,"turns":4.0},{"damage":19.0,"enemies":"Spheric Guardian","floor":20.0,"turns":6.0},{"damage":10.0,"enemies":"3 Cultists","floor":22.0,"turns":4.0},{"damage":10.0,"enemies":"Gremlin Leader","floor":23.0,"turns":5.0},{"damage":5.0,"enemies":"Slavers","floor":25.0,"turns":5.0},{"damage":24.0,"enemies":"Cultist and Chosen","floor":27.0,"turns":5.0},{"damage":13.0,"enemies":"Gremlin Leader","floor":29.0,"turns":8.0},{"damage":9.0,"enemies":"Shelled Parasite and Fungi","floor":30.0,"turns":3.0},{"damage":11.0,"enemies":"Snecko","floor":31.0,"turns":6.0},{"damage":32.0,"enemies":"Automaton","floor":33.0,"turns":9.0},{"damage":25.0,"enemies":"Orb Walker","floor":35.0,"turns":4.0},{"damage":17.0,"enemies":"3 Darklings","floor":37.0,"turns":7.0},{"damage":23.0,"enemies":"Giant Head","floor":40.0,"turns":7.0},{"damage":81.0,"enemies":"Reptomancer","floor":42.0,"turns":9.0},{"damage":6.0,"enemies":"Maw","floor":45.0,"turns":9.0},{"damage":12.0,"enemies":"4 Shapes","floor":46.0,"turns":9.0},{"damage":27.0,"enemies":"Giant Head","floor":48.0,"turns":10.0},{"damage":84,"enemies":"Awakened One","floor":50,"turns":16}],"seed_played":"3318782432071483295","potions_obtained":[{"floor":6.0,"key":"CunningPotion"},{"floor":10.0,"key":"PowerPotion"},{"floor":14.0,"key":"ColorlessPotion"},{"floor":16.0,"key":"EssenceOfSteel"},{"floor":22.0,"key":"Regen Potion"},{"floor":25.0,"key":"BlessingOfTheForge"},{"floor":27.0,"key":"Weak Potion"},{"floor":29.0,"key":"BlessingOfTheForge"},{"floor":35.0,"key":"Block Potion"},{"floor":45.0,"key":"CunningPotion"},{"floor":48.0,"key":"Swift Potion"}],"is_trial":false,"path_per_floor":["M","$","?","?","$","E","R","E","T","M","?","T","R","E","R","B",null,"M","?","M","?","M","E","?","E","T","M","R","E","M","M","R","B",null,"M","?","M","?","$","E","T","E","T","R","M","M","?","E","R","B"],"character_chosen":"THE_SILENT","items_purchased":["DistilledChaos","Regen Potion","BlessingOfTheForge","Akabeko"],"campfire_rested":1,"item_purchase_floors":[5,39,39,39],"current_hp_per_floor":[54,54,54,54,54,10,10,3,3,3,3,3,21,9,9,12,50,36,36,29,29,26,42,42,59,59,52,52,49,63,63,63,49,69,62,48,56,56,56,67,78,14,25,25,43,58,60,58,58,0,0],"gold":421,"neow_bonus":"ONE_RANDOM_RARE_CARD","is_daily":false,"chose_seed":false,"campfire_upgraded":1,"win_rate":0.0,"timestamp":1612124761,"path_taken":["M","$","?","?","?","E","R","E","T","M","?","?","R","E","R","BOSS","M","?","M","?","M","E","?","E","T","M","R","E","?","M","R","BOSS","M","?","M","?","?","E","?","E","T","R","M","?","?","E","R","BOSS"],"items_purchased_type":["Potion","Potion","Potion","Relic"],"build_version":"2020-12-22","purchased_purges":2,"victory":false,"max_hp_per_floor":[66,66,66,60,60,60,60,60,60,60,60,60,60,62,62,62,62,64,64,66,66,68,70,70,72,72,74,74,74,76,76,76,76,76,76,76,78,78,78,78,84,86,92,92,96,98,100,100,100,100,100],"relic_stats":{"Darkstone Periapt":12,"Gremlin Horn":[38,38],"Singing Bowl":28,"counters":[24,162],"Blue Candle":[27],"CeramicFish":36,"Pen Nib":[19],"Bag of Preparation":[18],"Ginger":[11],"War Paint":["Acrobatics","Deflect"],"Cursed Key":3,"Shovel":4,"Bloody Idol":110,"Bird Faced Urn":[88],"Gambling Chip":[20],"Bronze Scales":[96],"Prayer Wheel":10,"Tiny Chest":1,"MealTicket":0,"obtain_stats":[{"Darkstone Periapt":34,"Gremlin Horn":8,"Singing Bowl":9,"CeramicFish":44,"Bag of Preparation":32,"Ginger":34,"Cursed Key":17,"Shovel":12,"Gambling Chip":42,"Prayer Wheel":14,"Tiny Chest":34,"MealTicket":40,"Ring of the Snake":0,"Potion Belt":41,"Golden Idol":4,"Blue Candle":26,"Oddly Smooth Stone":23,"Pen Nib":28,"War Paint":25,"Akabeko":39,"Calling Bell":34,"Bloody Idol":19,"Bird Faced Urn":29,"Bronze Scales":48,"Bag of Marbles":6,"Toy Ornithopter":15},{"Darkstone Periapt":16,"Gremlin Horn":3,"Singing Bowl":3,"CeramicFish":20,"Bag of Preparation":15,"Ginger":16,"Cursed Key":6,"Shovel":4,"Gambling Chip":20,"Prayer Wheel":5,"Tiny Chest":16,"MealTicket":19,"Ring of the Snake":0,"Potion Belt":19,"Golden Idol":1,"Blue Candle":11,"Oddly Smooth Stone":10,"Pen Nib":12,"War Paint":11,"Akabeko":18,"Calling Bell":16,"Bloody Idol":7,"Bird Faced Urn":13,"Bronze Scales":23,"Bag of Marbles":2,"Toy Ornithopter":5},{"Darkstone Periapt":91,"Gremlin Horn":19,"Singing Bowl":19,"CeramicFish":118,"Bag of Preparation":82,"Ginger":91,"Cursed Key":36,"Shovel":21,"Gambling Chip":118,"Prayer Wheel":26,"Tiny Chest":91,"MealTicket":109,"Ring of the Snake":0,"Potion Belt":109,"Golden Idol":5,"Blue Candle":60,"Oddly Smooth Stone":55,"Pen Nib":65,"War Paint":60,"Akabeko":102,"Calling Bell":91,"Bloody Idol":40,"Bird Faced Urn":73,"Bronze Scales":146,"Bag of Marbles":16,"Toy Ornithopter":26}],"Toy Ornithopter":120,"Ring of the Snake":[48]},"card_choices":[{"not_picked":["Riddle With Holes","Underhanded Strike"],"picked":"Deflect","floor":1.0},{"not_picked":["PiercingWail","Footwork"],"picked":"Backstab","floor":6.0},{"not_picked":["Prepared","Underhanded Strike"],"picked":"Reflex","floor":8.0},{"not_picked":["Poisoned Stab","Prepared"],"picked":"Slice","floor":10.0},{"not_picked":["Outmaneuver","Sucker Punch","Skewer"],"picked":"Singing Bowl","floor":14.0},{"not_picked":["Corpse Explosion","Unload"],"picked":"Venomology","floor":16.0},{"not_picked":["Dagger Throw","Endless Agony","Deadly Poison"],"picked":"Singing Bowl","floor":18.0},{"not_picked":["Acrobatics","Flying Knee"],"picked":"Crippling Poison","floor":18.0},{"not_picked":["Calculated Gamble","Flying Knee","PiercingWail"],"picked":"Singing Bowl","floor":20.0},{"not_picked":["Blade Dance","Poisoned Stab"],"picked":"Slice","floor":20.0},{"not_picked":["Escape Plan","Bane"],"picked":"Terror","floor":22.0},{"not_picked":["Grand Finale","Slice","Bane+1"],"picked":"Singing Bowl","floor":22.0},{"not_picked":["Well Laid Plans","Flechettes+1","Prepared"],"picked":"Singing Bowl","floor":23.0},{"not_picked":["Slice","Prepared","Deadly Poison+1"],"picked":"Singing Bowl","floor":25.0},{"not_picked":["PiercingWail","Dagger Spray","Deadly Poison"],"picked":"Singing Bowl","floor":27.0},{"not_picked":["Blade Dance","Malaise"],"picked":"Footwork","floor":27.0},{"not_picked":["Flechettes","Acrobatics"],"picked":"Calculated Gamble+1","floor":29.0},{"not_picked":["Deflect","Quick Slash","Flying Knee"],"picked":"Singing Bowl","floor":30.0},{"not_picked":["Dagger Throw","Dagger Spray"],"picked":"Acrobatics","floor":30.0},{"not_picked":["Outmaneuver","Prepared"],"picked":"Reflex","floor":31.0},{"not_picked":["Flechettes","Bouncing Flask+1"],"picked":"Wraith Form v2","floor":31.0},{"not_picked":["Die Die Die","Tools of the Trade"],"picked":"After Image","floor":33.0},{"not_picked":["Poisoned Stab","Prepared"],"picked":"Blur","floor":35.0},{"not_picked":["Expertise","Acrobatics"],"picked":"Leg Sweep","floor":35.0},{"not_picked":["Deflect","Cloak And Dagger"],"picked":"Slice+1","floor":37.0},{"not_picked":["Dash","Dagger Spray+1","Deflect"],"picked":"Singing Bowl","floor":37.0},{"not_picked":["Footwork+1","Blade Dance"],"picked":"Blur+1","floor":40.0},{"not_picked":["Blade Dance+1","Choke","Expertise"],"picked":"Singing Bowl","floor":42.0},{"not_picked":["Deadly Poison","Skewer+1","Sucker Punch+1"],"picked":"Singing Bowl","floor":45.0},{"not_picked":["Leg Sweep","Deflect","Deadly Poison"],"picked":"Singing Bowl","floor":45.0},{"not_picked":["Bane","Poisoned Stab","Endless Agony"],"picked":"Singing Bowl","floor":46.0},{"not_picked":["Masterful Stab","Endless Agony"],"picked":"Acrobatics+1","floor":46.0},{"not_picked":["Enlightenment","Blind"],"picked":"Panacea","floor":47.0},{"not_picked":["Jack Of All Trades","Thinking Ahead"],"picked":"Trip","floor":47.0},{"not_picked":["The Bomb","PanicButton","Madness"],"picked":"Singing Bowl","floor":47.0},{"not_picked":["PiercingWail","Masterful Stab"],"picked":"Calculated Gamble+1","floor":48.0}],"player_experience":1460872,"relics_obtained":[{"floor":6.0,"key":"Bag of Marbles"},{"floor":8.0,"key":"Gremlin Horn"},{"floor":9.0,"key":"Singing Bowl"},{"floor":12.0,"key":"Shovel"},{"floor":14.0,"key":"Prayer Wheel"},{"floor":15.0,"key":"Toy Ornithopter"},{"floor":23.0,"key":"Oddly Smooth Stone"},{"floor":25.0,"key":"War Paint"},{"floor":26.0,"key":"Blue Candle"},{"floor":28.0,"key":"Pen Nib"},{"floor":29.0,"key":"Bird Faced Urn"},{"floor":32.0,"key":"Bag of Preparation"},{"floor":34.0,"key":"Tiny Chest"},{"floor":34.0,"key":"Darkstone Periapt"},{"floor":34.0,"key":"Ginger"},{"floor":40.0,"key":"MealTicket"},{"floor":41.0,"key":"Potion Belt"},{"floor":42.0,"key":"Gambling Chip"},{"floor":44.0,"key":"CeramicFish"},{"floor":48.0,"key":"Bronze Scales"}],"event_choices":[{"damage_healed":0.0,"max_hp_gain":0.0,"max_hp_loss":0.0,"gold_gain":150.0,"event_name":"Liars Game","player_choice":"AGREE","floor":3.0,"gold_loss":0.0,"damage_taken":0.0,"cards_obtained":["Doubt"]},{"damage_healed":0.0,"max_hp_gain":0.0,"max_hp_loss":6.0,"gold_gain":0.0,"event_name":"Golden Idol","player_choice":"Lose Max HP","floor":4.0,"gold_loss":0.0,"damage_taken":0.0,"relics_obtained":["Golden Idol"]},{"damage_healed":0.0,"max_hp_gain":0.0,"max_hp_loss":0.0,"gold_gain":54.0,"event_name":"Golden Wing","player_choice":"Gained Gold","floor":11.0,"gold_loss":0.0,"damage_taken":0.0},{"damage_healed":0.0,"max_hp_gain":0.0,"max_hp_loss":0.0,"gold_gain":0.0,"event_name":"Forgotten Altar","player_choice":"Gave Idol","floor":19.0,"relics_lost":["Golden Idol"],"gold_loss":0.0,"damage_taken":0.0,"relics_obtained":["Bloody Idol"]},{"damage_healed":0.0,"max_hp_gain":0.0,"max_hp_loss":0.0,"gold_gain":0.0,"cards_transformed":["Strike_G","Strike_G"],"event_name":"Drug Dealer","player_choice":"Became Test Subject","floor":21.0,"gold_loss":0.0,"damage_taken":0.0,"cards_obtained":["Acrobatics","A Thousand Cuts"]},{"cards_removed":["Strike_G"],"damage_healed":0.0,"max_hp_gain":0.0,"max_hp_loss":0.0,"gold_gain":0.0,"event_name":"Beggar","player_choice":"Gave Gold","floor":24.0,"gold_loss":75.0,"damage_taken":0.0},{"damage_healed":0.0,"max_hp_gain":0.0,"max_hp_loss":0.0,"gold_gain":0.0,"event_name":"Winding Halls","player_choice":"Embrace Madness","floor":36.0,"gold_loss":0.0,"damage_taken":14.0,"cards_obtained":["Madness","Madness"]},{"damage_healed":0.0,"max_hp_gain":0.0,"max_hp_loss":0.0,"gold_gain":0.0,"event_name":"Tomb of Lord Red Mask","player_choice":"Ignored","floor":38.0,"gold_loss":0.0,"damage_taken":0.0},{"damage_healed":0.0,"max_hp_gain":0.0,"max_hp_loss":0.0,"gold_gain":0.0,"event_name":"SensoryStone","player_choice":"Memory 3","floor":47.0,"gold_loss":0.0,"damage_taken":10.0}],"is_beta":false,"boss_relics":[{"not_picked":["Tiny House","Black Star"],"picked":"Cursed Key"},{"not_picked":["HoveringKite","SacredBark"],"picked":"Calling Bell"}],"items_purged_floors":[2,5],"is_endless":false,"potions_floor_spawned":[6,10,14,16,22,25,27,29,33,35,45,48],"killed_by":"Awakened One","ascension_level":20}}