{"host":"815dqs41i1y8uxms","time":1612097807,"event":{"mods":["A Penny For Your Troubles","Act Like it!","BaseMod","Dark Map","Elementarium","Fox Events","Minty Spire (QoL Compilation)","Rare Cards Sparkle","Shop Mod","Spire Arcade","StSLib","The Marked"],"gold_per_floor":[116,131,131,146,146,164,198,221,221,221,4,4,23,47,47,172,235,256,256,256,270,53,84,84,96,96,96,96],"floor_reached":27,"language":"ENG","playtime":3088,"items_purged":["Normality","Injury"],"score":235,"play_id":"74f73819-d5e9-46f4-b0c2-eb59c99be38f","local_time":"20210131135647","is_ascension_mode":false,"campfire_choices":[{"floor":10,"key":"REST"},{"floor":12,"key":"REST"},{"floor":15,"key":"REST"},{"floor":24,"key":"RECALL"}],"circlet_count":0,"master_deck":["theMarked:Strike","theMarked:Strike","theMarked:Strike","theMarked:Strike","theMarked:Strike","theMarked:Defend","theMarked:Defend","theMarked:Defend","theMarked:Defend","theMarked:SoldierOfQuellstein","Thinking Ahead","theMarked:SwordAndMagic","theMarked:ChainLightning","theMarked:Indomitable","theMarked:Pokerface","theMarked:MuscleMemory","theMarked:SelfDefenseTraining+1","theMarked:Electrify","theMarked:Standoff","theMarked:TwofoldDefense","theMarked:TurnInvisible","theMarked:ResourceFulStrike","theMarked:HeightenedSenses+1","Discovery","Deep Breath","theMarked:Reabsorb","theMarked:SwordAndMagic","theMarked:ParalyzingBlade+1","theMarked:Improvise"],"relics":["theMarked:ArtifactOfAir","The Courier","Thread and Needle","Kunai","MerchantsRug","Tiny House","Elementarium:RadiantIdol","theMarked:Winder","Shuriken","InkBottle"],"acts_visited":["Exordium","Elementarium:Elementarium"],"potions_floor_usage":[16,16,23,27,27],"damage_taken":[{"damage":0,"enemies":"Small Slimes","floor":1,"turns":4},{"damage":0,"enemies":"2 Louse","floor":2,"turns":3},{"damage":6,"enemies":"Jaw Worm","floor":4,"turns":3},{"damage":14,"enemies":"3 Louse","floor":6,"turns":4},{"damage":35,"enemies":"3 Sentries","floor":7,"turns":11},{"damage":2,"enemies":"Large Slime","floor":8,"turns":5},{"damage":0,"enemies":"Exordium Wildlife","floor":13,"turns":4},{"damage":4,"enemies":"3 Louse","floor":14,"turns":4},{"damage":4,"enemies":"The Guardian","floor":16,"turns":13},{"damage":0,"enemies":"Elementarium:MUD_AND_TAR_GOLEMS","floor":18,"turns":11},{"damage":0,"enemies":"Elementarium:VoidCorruption","floor":21,"turns":8},{"damage":6,"enemies":"Elementarium:WarGolem","floor":23,"turns":8},{"damage":39,"enemies":"Elementarium:CYCLONE_AND_ORB_OF_FIRE","floor":25,"turns":9},{"damage":4,"enemies":"Elementarium:FIRE_SANCTUM_HERALD","floor":27,"turns":5},{"damage":44,"enemies":"Elementarium:FIRE_SANCTUM_FIRELORD","floor":27,"turns":10}],"seed_played":"-8133900800521987632","potions_obtained":[{"floor":7,"key":"Dexterity Potion"},{"floor":8,"key":"FearPotion"},{"floor":13,"key":"CultistPotion"},{"floor":16,"key":"SneckoOil"},{"floor":17,"key":"LiquidMemories"},{"floor":18,"key":"Fire Potion"},{"floor":23,"key":"Fruit Juice"}],"is_trial":false,"path_per_floor":["M","M","?","M","?","M","E","M","T","R","$","R","M","M","R","B",null,"M","?","?","M","$","E","R","M","T","?"],"character_chosen":"THE_DEFAULT","items_purchased":["MerchantsRug","theMarked:Electrify","theMarked:Winder","theMarked:SwordAndMagic"],"campfire_rested":3,"item_purchase_floors":[11,11,22,22],"current_hp_per_floor":[70,70,70,64,61,47,12,10,10,31,31,52,52,48,69,65,75,75,75,75,75,75,80,80,47,47,0,0],"gold":96,"neow_bonus":"RANDOM_COLORLESS_2","is_daily":false,"chose_seed":false,"campfire_upgraded":0,"win_rate":0.0,"timestamp":1612097807,"path_taken":["M","M","?","M","?","M","E","M","T","R","$","R","M","M","R","BOSS","M","?","?","M","$","E","R","M","T","?"],"items_purchased_type":["Relic","Card","Relic","Card"],"build_version":"2020-12-22","purchased_purges":2,"victory":false,"max_hp_per_floor":[70,70,70,70,70,70,70,70,70,70,70,70,70,70,70,70,75,75,75,75,75,75,80,80,80,80,80,80],"card_choices":[{"not_picked":["Secret Weapon","The Bomb"],"picked":"Thinking Ahead","floor":0},{"not_picked":["theMarked:WardOff","theMarked:Aftermath"],"picked":"theMarked:SwordAndMagic","floor":1},{"not_picked":["theMarked:BanishingStrike","theMarked:TwofoldDefense"],"picked":"theMarked:ChainLightning","floor":2},{"not_picked":["theMarked:SwordAndMagic","theMarked:TakeCover"],"picked":"theMarked:Indomitable","floor":4},{"not_picked":["theMarked:AttractMetal","theMarked:ResourceFulStrike"],"picked":"theMarked:Pokerface","floor":6},{"not_picked":["theMarked:SwordAndMagic","theMarked:Parkour"],"picked":"theMarked:MuscleMemory","floor":7},{"not_picked":["theMarked:RepellingDischarge","theMarked:HeightenedSenses"],"picked":"theMarked:SelfDefenseTraining","floor":8},{"not_picked":["theMarked:Abjuration","theMarked:TwofoldDefense"],"picked":"theMarked:Standoff","floor":13},{"not_picked":["theMarked:ChainLightning","theMarked:Standoff"],"picked":"theMarked:TwofoldDefense","floor":14},{"not_picked":["theMarked:Levitate","theMarked:Vacuum"],"picked":"theMarked:TurnInvisible","floor":16},{"not_picked":["theMarked:Electrify","theMarked:Parkour"],"picked":"theMarked:ResourceFulStrike","floor":17},{"not_picked":["theMarked:ElectricStrings","theMarked:RepellingDischarge"],"picked":"theMarked:HeightenedSenses+1","floor":18},{"not_picked":["Deep Breath","Finesse"],"picked":"Discovery","floor":19},{"not_picked":["Secret Weapon","Sadistic Nature"],"picked":"Deep Breath","floor":19},{"not_picked":["theMarked:HeightenedSenses","theMarked:Parkour"],"picked":"theMarked:Reabsorb","floor":21},{"not_picked":["theMarked:Static","theMarked:SwordAndMagic"],"picked":"theMarked:ParalyzingBlade+1","floor":23},{"not_picked":["theMarked:ChainLightning","theMarked:Frustration"],"picked":"theMarked:Improvise","floor":25}],"player_experience":3724261,"relics_obtained":[{"floor":7,"key":"Thread and Needle"},{"floor":9,"key":"Kunai"},{"floor":23,"key":"Shuriken"},{"floor":26,"key":"InkBottle"}],"event_choices":[{"damage_healed":0,"gold_gain":0,"player_choice":"Take Wound","damage_taken":0,"relics_obtained":["Golden Idol"],"max_hp_gain":0,"max_hp_loss":0,"event_name":"Golden Idol","floor":3,"gold_loss":0,"cards_obtained":["Injury"]},{"damage_healed":0,"gold_gain":0,"player_choice":"Success","damage_taken":3,"relics_obtained":["The Courier"],"max_hp_gain":0,"max_hp_loss":0,"event_name":"Scrap Ooze","floor":5,"gold_loss":0},{"damage_healed":0,"gold_gain":0,"player_choice":"Machinery","damage_taken":0,"max_hp_gain":0,"max_hp_loss":0,"event_name":"Elementarium:IncubationChamber","floor":19,"gold_loss":0},{"damage_healed":0,"gold_gain":0,"player_choice":"Offer","damage_taken":0,"relics_obtained":["Elementarium:RadiantIdol"],"max_hp_gain":0,"max_hp_loss":0,"event_name":"Elementarium:RadiantAltar","floor":20,"relics_lost":["Golden Idol"],"gold_loss":0},{"damage_healed":0,"gold_gain":0,"player_choice":"Fight","damage_taken":0,"max_hp_gain":0,"max_hp_loss":0,"event_name":"Elementarium:FireSanctum","floor":27,"gold_loss":0},{"damage_healed":0,"gold_gain":0,"player_choice":"Confrontation","damage_taken":0,"max_hp_gain":0,"max_hp_loss":0,"event_name":"Elementarium:FireSanctum","floor":27,"gold_loss":0}],"is_beta":false,"boss_relics":[{"not_picked":["Philosopher\u0027s Stone","Snecko Eye"],"picked":"Tiny House"}],"items_purged_floors":[11,22],"is_endless":false,"potions_floor_spawned":[7,8,13,16,18,23],"killed_by":"Elementarium:FIRE_SANCTUM_FIRELORD","ascension_level":0}}