{"host":"6r3ioyv75hs1gp74","time":1612127696,"event":{"mods":["AchievementEnabler","Act Like it!","BaseMod","Better Sensory Stone","Better Third Choice","Block Reminder","Colored Map","Colored Powertips","Curses Come First","Minty Spire (QoL Compilation)","StSLib"],"gold_per_floor":[114,124,124,3,19,45,45,56,79,91,91,117,131,149,149,254,254,265,14,14,14,28,28,38,72,72,72,99,99,99],"floor_reached":29,"language":"ENG","playtime":1616,"items_purged":["Pain","Strike_P"],"score":368,"play_id":"6ddf47b9-ac98-44ce-8cf9-7928b210ed6c","local_time":"20210131211456","is_ascension_mode":true,"campfire_choices":[{"data":"WheelKick","floor":7,"key":"SMITH"},{"data":"WindmillStrike","floor":11,"key":"SMITH"},{"data":"SignatureMove","floor":15,"key":"SMITH"},{"floor":23,"key":"REST"},{"data":"Worship","floor":27,"key":"SMITH"}],"circlet_count":0,"master_deck":["Strike_P","Strike_P","Strike_P","Defend_P","Defend_P","Defend_P","Defend_P","Eruption","Vigilance","WheelKick+1","ReachHeaven","Protect","Adaptation","Worship+1","WindmillStrike+1","LikeWater","Sanctity","SignatureMove+1","Establishment+1","Meditate","Wallop","WindmillStrike","Vault"],"relics":["Snecko Eye","WarpedTongs","Boot","Toy Ornithopter","Pen Nib","Black Star","Nunchaku","Oddly Smooth Stone","Kunai","Frozen Egg 2","Girya","Ancient Tea Set"],"acts_visited":["Exordium","TheCity"],"potions_floor_usage":[8,12,16],"damage_taken":[{"damage":0,"enemies":"Small Slimes","floor":1,"turns":4},{"damage":0,"enemies":"Cultist","floor":2,"turns":4},{"damage":1,"enemies":"Jaw Worm","floor":5,"turns":2},{"damage":0,"enemies":"Gremlin Nob","floor":6,"turns":2},{"damage":5,"enemies":"2 Fungi Beasts","floor":8,"turns":3},{"damage":0,"enemies":"Lots of Slimes","floor":10,"turns":2},{"damage":12,"enemies":"Lagavulin","floor":12,"turns":5},{"damage":5,"enemies":"Gremlin Gang","floor":13,"turns":3},{"damage":0,"enemies":"Blue Slaver","floor":14,"turns":2},{"damage":0,"enemies":"Slime Boss","floor":16,"turns":1},{"damage":8,"enemies":"Spheric Guardian","floor":18,"turns":3},{"damage":12,"enemies":"Shell Parasite","floor":22,"turns":4},{"damage":0,"enemies":"Snecko","floor":24,"turns":5},{"damage":12,"enemies":"Book of Stabbing","floor":25,"turns":3},{"damage":43,"enemies":"Gremlin Leader","floor":28,"turns":10},{"damage":7,"enemies":"Centurion and Healer","floor":29,"turns":1}],"seed_played":"4466204298655597856","potions_obtained":[{"floor":1,"key":"StancePotion"},{"floor":5,"key":"FearPotion"},{"floor":6,"key":"Dexterity Potion"},{"floor":8,"key":"DistilledChaos"},{"floor":16,"key":"Explosive Potion"},{"floor":28,"key":"Fire Potion"}],"is_trial":false,"path_per_floor":["M","M","?","$","M","E","R","M","T","M","R","E","M","M","R","B",null,"M","$","?","?","M","R","M","E","T","R","E","M"],"character_chosen":"WATCHER","items_purchased":["Protect","Nunchaku"],"campfire_rested":1,"item_purchase_floors":[4,19],"current_hp_per_floor":[72,72,72,72,71,71,71,66,66,66,66,59,54,54,54,59,72,64,64,51,51,39,62,62,50,50,50,7,0,0],"gold":99,"neow_bonus":"BOSS_RELIC","is_daily":false,"chose_seed":false,"campfire_upgraded":4,"win_rate":0.0,"timestamp":1612127696,"path_taken":["M","M","?","$","?","E","R","M","T","M","R","E","M","M","R","BOSS","M","?","?","?","?","R","?","E","T","R","E","?"],"items_purchased_type":["Card","Relic"],"build_version":"2020-12-22","purchased_purges":2,"victory":false,"max_hp_per_floor":[72,72,72,72,72,72,72,72,72,72,72,72,72,72,72,72,72,72,72,77,77,77,77,77,77,77,77,77,77,77],"card_choices":[{"not_picked":["CrushJoints","FlyingSleeves"],"picked":"WheelKick","floor":1},{"not_picked":["ForeignInfluence","Perseverance"],"picked":"ReachHeaven","floor":2},{"not_picked":["SashWhip","ThirdEye","ClearTheMind"],"picked":"SKIP","floor":5},{"not_picked":["Halt","JustLucky"],"picked":"Adaptation","floor":6},{"not_picked":["EmptyFist","EmptyBody"],"picked":"Worship","floor":8},{"not_picked":["WreathOfFlame","Crescendo"],"picked":"WindmillStrike","floor":10},{"not_picked":["BowlingBash","EmptyBody"],"picked":"LikeWater","floor":12},{"not_picked":["SashWhip","Evaluate"],"picked":"Sanctity","floor":13},{"not_picked":["Nirvana","Crescendo"],"picked":"SignatureMove","floor":14},{"not_picked":["ConjureBlade","Brilliance"],"picked":"Establishment","floor":16},{"not_picked":["EmptyFist","FlurryOfBlows+1","ClearTheMind"],"picked":"SKIP","floor":18},{"not_picked":["EmptyFist","CutThroughFate+1"],"picked":"Meditate","floor":22},{"not_picked":["FollowUp","CrushJoints"],"picked":"Wallop","floor":24},{"not_picked":["LikeWater","FlurryOfBlows"],"picked":"WindmillStrike","floor":25},{"not_picked":["FlurryOfBlows","WheelKick"],"picked":"Vault","floor":28}],"player_experience":133053,"relics_obtained":[{"floor":6,"key":"Boot"},{"floor":9,"key":"Toy Ornithopter"},{"floor":12,"key":"Pen Nib"},{"floor":25,"key":"Oddly Smooth Stone"},{"floor":25,"key":"Kunai"},{"floor":26,"key":"Frozen Egg 2"},{"floor":28,"key":"Girya"},{"floor":28,"key":"Ancient Tea Set"}],"event_choices":[{"damage_healed":0,"gold_gain":0,"player_choice":"Rummage","damage_taken":0,"relics_obtained":["WarpedTongs"],"max_hp_gain":0,"max_hp_loss":0,"event_name":"Accursed Blacksmith","floor":3,"gold_loss":0,"cards_obtained":["Pain"]},{"damage_healed":0,"gold_gain":0,"player_choice":"Shed Blood","damage_taken":18,"max_hp_gain":5,"max_hp_loss":0,"event_name":"Forgotten Altar","floor":20,"gold_loss":0},{"damage_healed":0,"gold_gain":0,"player_choice":"Upgraded","damage_taken":0,"max_hp_gain":0,"max_hp_loss":0,"event_name":"Upgrade Shrine","floor":21,"gold_loss":0,"cards_upgraded":["Establishment"]}],"is_beta":false,"boss_relics":[{"not_picked":["Runic Pyramid","Velvet Choker"],"picked":"Black Star"}],"items_purged_floors":[4,19],"is_endless":false,"potions_floor_spawned":[1,5,6,8,16,28],"killed_by":"Centurion and Healer","ascension_level":1}}