{"host":"lfvf97io7xuhaz8c","time":1612120201,"event":{"mods":["2.2 Compatiblity","BaseMod","Bestiary","Colored Map","Colored Powertips","Curses Come First","Highlight Path","Minty Spire (QoL Compilation)","Relic Stats","StSLib","SuperFastMode"],"gold_per_floor":[118,16,35,53,73,104,104,138,138,138,155,183,209,33,33,131,131,148,148,148,148,165,197,216,216,216,216,4,17,28,63,63,161,161,179,195,195,165,15,15,15,45,70,88,88,120,139,139,139,139,139],"floor_reached":50,"language":"FRA","playtime":4480,"items_purged":["Strike_R","Strike_R","Strike_R","Strike_R"],"score":753,"play_id":"621bc8de-ef51-4217-ba03-1482d01a3fe2","local_time":"20210131201001","is_ascension_mode":true,"campfire_choices":[{"floor":7,"key":"REST"},{"floor":10,"key":"RECALL"},{"floor":15,"key":"REST"},{"floor":25,"key":"REST"},{"floor":27,"key":"REST"},{"floor":32,"key":"REST"},{"floor":40,"key":"REST"},{"floor":49,"key":"REST"}],"circlet_count":0,"master_deck":["Strike_R","Defend_R","Defend_R","Defend_R","Defend_R","Bash","Armaments","Pommel Strike","Battle Trance","Clothesline","Pommel Strike","Shockwave","Rage","Flame Barrier","Seeing Red","Corruption","Flame Barrier","RitualDagger","Rampage","Cleave","Double Tap","Shrug It Off+1","Doubt"],"relics":["Fusion Hammer","Nunchaku","Gremlin Horn","Calipers","Odd Mushroom","Busted Crown","Tiny Chest","InkBottle","TungstenRod","SlaversCollar","PreservedInsect","Smiling Mask","Frozen Egg 2","Shuriken"],"acts_visited":["Exordium","TheCity","TheBeyond"],"potions_floor_usage":[5,6,8,18,23,23,29,36,42,44,46,47,47,50,50],"damage_taken":[{"damage":0,"enemies":"Small Slimes","floor":1,"turns":3},{"damage":0,"enemies":"2 Louse","floor":3,"turns":2},{"damage":4,"enemies":"Jaw Worm","floor":4,"turns":3},{"damage":6,"enemies":"Looter","floor":5,"turns":3},{"damage":10,"enemies":"Gremlin Nob","floor":6,"turns":3},{"damage":10,"enemies":"Lagavulin","floor":8,"turns":7},{"damage":0,"enemies":"Gremlin Gang","floor":11,"turns":3},{"damage":16,"enemies":"Gremlin Nob","floor":12,"turns":5},{"damage":5,"enemies":"The Mushroom Lair","floor":13,"turns":4},{"damage":53,"enemies":"Hexaghost","floor":16,"turns":12},{"damage":0,"enemies":"Shell Parasite","floor":18,"turns":5},{"damage":1,"enemies":"3 Byrds","floor":22,"turns":4},{"damage":41,"enemies":"Slavers","floor":23,"turns":7},{"damage":0,"enemies":"Snake Plant","floor":24,"turns":4},{"damage":0,"enemies":"3 Cultists","floor":29,"turns":4},{"damage":3,"enemies":"Centurion and Healer","floor":30,"turns":4},{"damage":2,"enemies":"Gremlin Leader","floor":31,"turns":6},{"damage":40,"enemies":"Automaton","floor":33,"turns":8},{"damage":0,"enemies":"3 Shapes","floor":35,"turns":4},{"damage":0,"enemies":"Orb Walker","floor":36,"turns":4},{"damage":19,"enemies":"Reptomancer","floor":42,"turns":7},{"damage":22,"enemies":"4 Shapes","floor":44,"turns":5},{"damage":36,"enemies":"Nemesis","floor":46,"turns":7},{"damage":6,"enemies":"Writhing Mass","floor":47,"turns":6},{"damage":123,"enemies":"Time Eater","floor":50,"turns":13}],"seed_played":"4228627523563371776","potions_obtained":[{"floor":3,"key":"Strength Potion"},{"floor":4,"key":"Weak Potion"},{"floor":6,"key":"Ancient Potion"},{"floor":13,"key":"FairyPotion"},{"floor":16,"key":"Swift Potion"},{"floor":18,"key":"FearPotion"},{"floor":24,"key":"LiquidMemories"},{"floor":33,"key":"HeartOfIron"},{"floor":38,"key":"Fruit Juice"},{"floor":38,"key":"Regen Potion"},{"floor":42,"key":"AttackPotion"},{"floor":46,"key":"EntropicBrew"},{"floor":47,"key":"Swift Potion"}],"is_trial":false,"path_per_floor":["M","$","M","M","M","E","R","E","T","R","M","E","?","$","R","B",null,"M","?","?","?","M","E","M","R","T","R","$","M","M","E","R","B",null,"M","M","?","?","$","R","$","E","T","M","T","E","M","?","R","B"],"character_chosen":"IRONCLAD","items_purchased":["Pommel Strike","Ancient Potion","Rampage","Cleave"],"campfire_rested":7,"item_purchase_floors":[2,14,28,28],"current_hp_per_floor":[72,72,72,68,62,52,76,66,66,66,66,50,45,45,69,16,64,64,58,58,58,57,16,16,40,40,64,64,64,61,59,80,40,70,70,70,70,70,70,76,76,62,62,40,40,19,13,81,81,0,0],"gold":139,"neow_bonus":"BOSS_RELIC","is_daily":false,"chose_seed":false,"campfire_upgraded":0,"win_rate":0.0,"timestamp":1612120201,"path_taken":["M","$","M","M","M","E","R","E","T","R","M","E","?","$","R","BOSS","M","?","?","?","M","E","M","R","T","R","$","M","M","E","R","BOSS","M","M","?","?","$","R","$","E","T","?","?","E","M","?","R","BOSS"],"items_purchased_type":["Card","Potion","Card","Card"],"build_version":"2020-12-22","purchased_purges":4,"victory":false,"max_hp_per_floor":[80,80,80,80,80,80,80,80,80,80,80,80,80,80,80,80,80,80,80,80,80,80,80,80,80,80,80,80,80,80,80,80,80,80,80,80,76,76,76,76,76,81,81,81,81,81,81,81,81,81,81],"relic_stats":{"Nunchaku":[26],"Busted Crown":28,"Gremlin Horn":[24,30],"counters":[25,133],"Shuriken":[7],"Tiny Chest":1,"PreservedInsect":47,"Smiling Mask":0,"obtain_stats":[{"Calipers":12,"Gremlin Horn":8,"PreservedInsect":42,"Odd Mushroom":13,"Frozen Egg 2":45,"Smiling Mask":43,"Burning Blood":0,"SlaversCollar":34,"Nunchaku":6,"Busted Crown":17,"Shuriken":46,"Tiny Chest":23,"Fusion Hammer":0,"InkBottle":26,"TungstenRod":31},{"Calipers":8,"Gremlin Horn":6,"PreservedInsect":21,"Odd Mushroom":9,"Frozen Egg 2":22,"Smiling Mask":21,"Burning Blood":0,"SlaversCollar":18,"Nunchaku":5,"Busted Crown":10,"Shuriken":23,"Tiny Chest":13,"Fusion Hammer":0,"InkBottle":14,"TungstenRod":17},{"Calipers":29,"Gremlin Horn":21,"PreservedInsect":102,"Odd Mushroom":33,"Frozen Egg 2":107,"Smiling Mask":102,"Burning Blood":0,"SlaversCollar":87,"Nunchaku":14,"Busted Crown":45,"Shuriken":114,"Tiny Chest":61,"Fusion Hammer":0,"InkBottle":65,"TungstenRod":79}],"InkBottle":[22],"TungstenRod":25},"card_choices":[{"not_picked":["Pommel Strike","Iron Wave"],"picked":"Armaments","floor":1},{"not_picked":["Sentinel","Entrench"],"picked":"Battle Trance","floor":3},{"not_picked":["True Grit","Warcry"],"picked":"Clothesline","floor":4},{"not_picked":["Clash","Burning Pact"],"picked":"Pommel Strike","floor":5},{"not_picked":["Body Slam","Brutality"],"picked":"Shockwave","floor":6},{"not_picked":["Uppercut","Rupture"],"picked":"Rage","floor":8},{"not_picked":["Thunderclap","Clothesline"],"picked":"Flame Barrier","floor":11},{"not_picked":["Warcry","Blood for Blood"],"picked":"Seeing Red","floor":12},{"not_picked":["Double Tap","Bludgeon"],"picked":"Corruption","floor":16},{"not_picked":[],"picked":"Flame Barrier","floor":18},{"not_picked":["Heavy Blade"],"picked":"SKIP","floor":22},{"not_picked":["Havoc+1"],"picked":"SKIP","floor":23},{"not_picked":["Wild Strike"],"picked":"SKIP","floor":24},{"not_picked":["Thunderclap+1"],"picked":"SKIP","floor":29},{"not_picked":["Warcry"],"picked":"SKIP","floor":30},{"not_picked":["Clothesline+1"],"picked":"SKIP","floor":31},{"not_picked":[],"picked":"Double Tap","floor":33},{"not_picked":[],"picked":"Shrug It Off+1","floor":35},{"not_picked":["Heavy Blade+1"],"picked":"SKIP","floor":36},{"not_picked":["Clash+1"],"picked":"SKIP","floor":42},{"not_picked":["Wild Strike+1"],"picked":"SKIP","floor":44},{"not_picked":["Whirlwind+1"],"picked":"SKIP","floor":46},{"not_picked":["Perfected Strike"],"picked":"SKIP","floor":47}],"player_experience":1485043,"relics_obtained":[{"floor":6,"key":"Nunchaku"},{"floor":8,"key":"Gremlin Horn"},{"floor":12,"key":"Calipers"},{"floor":13,"key":"Odd Mushroom"},{"floor":23,"key":"Tiny Chest"},{"floor":26,"key":"InkBottle"},{"floor":31,"key":"TungstenRod"},{"floor":42,"key":"PreservedInsect"},{"floor":43,"key":"Smiling Mask"},{"floor":45,"key":"Frozen Egg 2"},{"floor":46,"key":"Shuriken"}],"event_choices":[{"damage_healed":0,"gold_gain":0,"player_choice":"Fought Mushrooms","damage_taken":0,"max_hp_gain":0,"max_hp_loss":0,"event_name":"Mushrooms","floor":13,"gold_loss":0},{"damage_healed":0,"gold_gain":0,"player_choice":"Joined the Cult","damage_taken":6,"max_hp_gain":0,"max_hp_loss":0,"event_name":"Nest","floor":19,"gold_loss":0,"cards_obtained":["RitualDagger"]},{"damage_healed":0,"gold_gain":0,"player_choice":"Ignored","damage_taken":0,"max_hp_gain":0,"max_hp_loss":0,"event_name":"Ghosts","floor":20,"gold_loss":0},{"damage_healed":0,"gold_gain":0,"player_choice":"Ignored","damage_taken":0,"max_hp_gain":0,"max_hp_loss":0,"event_name":"Cursed Tome","floor":21,"gold_loss":0},{"damage_healed":0,"gold_gain":0,"player_choice":"Max HP","damage_taken":0,"max_hp_gain":0,"max_hp_loss":4,"event_name":"Winding Halls","floor":37,"gold_loss":0},{"damage_healed":0,"gold_gain":0,"player_choice":"Bought 2 Potions","damage_taken":0,"max_hp_gain":0,"max_hp_loss":0,"event_name":"The Woman in Blue","floor":38,"gold_loss":0},{"damage_healed":68,"gold_gain":0,"player_choice":"Heal","damage_taken":0,"max_hp_gain":0,"max_hp_loss":0,"event_name":"MindBloom","floor":48,"gold_loss":0,"cards_obtained":["Doubt"]}],"is_beta":false,"boss_relics":[{"not_picked":["Runic Pyramid","Calling Bell"],"picked":"Busted Crown"},{"not_picked":["Snecko Eye","Pandora\u0027s Box"],"picked":"SlaversCollar"}],"items_purged_floors":[2,14,28,39],"is_endless":false,"potions_floor_spawned":[3,4,6,13,16,18,22,24,33,42,46,47],"killed_by":"Time Eater","ascension_level":7}}