{"host":"9l4jcdn1v1hb3xgl","time":1612076634,"event":{"mods":["BaseMod","Colored Map","Colored Powertips","DeckTracker","Highlight Path","Minty Spire (QoL Compilation)","Permanent Neow","Quick Restart","Slay-I","StSLib","Synergy Search"],"gold_per_floor":[119,137,212,228,10,10,33,52,52,64,90,119,69,99,99,99,99],"floor_reached":16,"language":"ENG","playtime":453,"items_purged":["Defend_R","Defend_R"],"score":135,"play_id":"9229d7b2-7128-440a-a5ae-a75f8ec4a92c","local_time":"20210131150354","is_ascension_mode":false,"campfire_choices":[{"data":"1","floor":6.0,"key":"LIFT"},{"floor":15.0,"key":"REST"}],"circlet_count":0,"master_deck":["Strike_R","Strike_R","Strike_R","Strike_R","Strike_R","Defend_R","Defend_R","Bash","Clothesline","Reckless Charge","Anger","Cleave","Battle Trance","Clash","Shrug It Off"],"relics":["Burning Blood","Girya","Membership Card","Strawberry","Paper Frog","Odd Mushroom","Pear","Centennial Puzzle"],"acts_visited":["Exordium"],"potions_floor_usage":[16,16],"damage_taken":[{"damage":0.0,"enemies":"Small Slimes","floor":1.0,"turns":3.0},{"damage":15.0,"enemies":"Jaw Worm","floor":2.0,"turns":4.0},{"damage":3.0,"enemies":"2 Louse","floor":4.0,"turns":3.0},{"damage":17.0,"enemies":"Lots of Slimes","floor":8.0,"turns":4.0},{"damage":0.0,"enemies":"Exordium Wildlife","floor":10.0,"turns":2.0},{"damage":3.0,"enemies":"The Mushroom Lair","floor":11.0,"turns":2.0},{"damage":23.0,"enemies":"Gremlin Nob","floor":12.0,"turns":4.0},{"damage":31.0,"enemies":"Lagavulin","floor":14.0,"turns":5.0},{"damage":44,"enemies":"The Guardian","floor":16,"turns":12}],"seed_played":"6393207390002245167","potions_obtained":[{"floor":4.0,"key":"PowerPotion"},{"floor":8.0,"key":"Swift Potion"},{"floor":11.0,"key":"Dexterity Potion"}],"is_trial":false,"path_per_floor":["M","M","?","M","$","R","T","M","T","M","?","E","$","E","R","B"],"character_chosen":"IRONCLAD","items_purchased":["Anger","Membership Card"],"campfire_rested":1,"item_purchase_floors":[5,5],"current_hp_per_floor":[62,53,42,45,45,45,52,41,41,47,50,43,43,18,47,3,3],"gold":99,"neow_bonus":"ONE_RARE_RELIC","is_daily":false,"chose_seed":false,"campfire_upgraded":0,"win_rate":0.0,"timestamp":1612076634,"path_taken":["M","M","?","M","$","R","?","M","T","M","?","E","$","E","R","BOSS"],"items_purchased_type":["Card","Relic"],"build_version":"2020-12-22","purchased_purges":2,"victory":false,"max_hp_per_floor":[80,80,80,80,80,80,87,87,87,87,87,97,97,97,97,97,97],"card_choices":[{"not_picked":["Combust","Sentinel"],"picked":"Clothesline","floor":1.0},{"not_picked":["Flex","Dark Embrace"],"picked":"Reckless Charge","floor":2.0},{"not_picked":["Pummel","Sever Soul","Burning Pact"],"picked":"SKIP","floor":4.0},{"not_picked":["Havoc","Iron Wave"],"picked":"Cleave","floor":8.0},{"not_picked":["Wild Strike","Cleave"],"picked":"Battle Trance","floor":10.0},{"not_picked":["Rupture","Headbutt"],"picked":"Clash","floor":11.0},{"not_picked":["Dark Embrace","Entrench","Clothesline"],"picked":"SKIP","floor":12.0},{"not_picked":["Offering","Headbutt"],"picked":"Shrug It Off","floor":14.0}],"player_experience":94447,"relics_obtained":[{"floor":7.0,"key":"Strawberry"},{"floor":9.0,"key":"Paper Frog"},{"floor":11.0,"key":"Odd Mushroom"},{"floor":12.0,"key":"Pear"},{"floor":14.0,"key":"Centennial Puzzle"}],"event_choices":[{"damage_healed":0.0,"max_hp_gain":0.0,"max_hp_loss":0.0,"gold_gain":75.0,"event_name":"World of Goop","player_choice":"Gather Gold","floor":3.0,"gold_loss":0.0,"damage_taken":11.0},{"damage_healed":0.0,"max_hp_gain":0.0,"max_hp_loss":0.0,"gold_gain":0.0,"event_name":"Mushrooms","player_choice":"Fought Mushrooms","floor":11.0,"gold_loss":0.0,"damage_taken":0.0}],"is_beta":false,"boss_relics":[],"items_purged_floors":[5,13],"is_endless":false,"potions_floor_spawned":[4,8,11],"killed_by":"The Guardian","ascension_level":0}}