{"host":"jpcy2bclvs7juczu","time":1612130659,"event":{"mods":["Alarm Clock","BaseMod","Bestiary","Block Reminder","Colored Map","Colored Powertips","Curses Come First","Dark Map","Filter the Spire","Minty Spire (QoL Compilation)","Quick Restart","RNG Fix","Random Character Button","Relic Stats","Slay the Relics Exporter","Smile Girya","StSLib","everything is the same but u backflip on backflip","ojb\u0027s Better Paths Mod","ojb\u0027s Info Mod","slay the spire mod where everything is the same but ironclad has a cowboy hat"],"gold_per_floor":[115,115,132,150,32,32,65,81,81,81,93,121,135,146,146,223,223,243,261,274,285,303,303,317,342,342,342,342,374,386,397,397,397,397],"floor_reached":33,"language":"ENG","playtime":4152,"items_purged":[],"score":685,"play_id":"8d8cfcbb-5aaf-489d-9692-51c2d13cdc74","local_time":"20210131170419","is_ascension_mode":true,"campfire_choices":[{"data":"Fiend Fire","floor":6,"key":"SMITH"},{"data":"Hemokinesis","floor":10,"key":"SMITH"},{"data":"Battle Trance","floor":15,"key":"SMITH"},{"data":"Immolate","floor":23,"key":"SMITH"},{"data":"Second Wind","floor":27,"key":"SMITH"},{"floor":32,"key":"REST"}],"circlet_count":0,"master_deck":["AscendersBane","Defend_R","Defend_R","Defend_R","Defend_R","Bash","Fiend Fire+1","Cleave+1","Hemokinesis+1","Armaments","Feel No Pain","Burning Pact","Anger+1","Battle Trance+1","Power Through","Shrug It Off","Immolate+1","Second Wind+1","Dark Embrace","Bite","Bite","Bite","Bite","Bite","Shockwave","Ghostly Armor","Uppercut"],"relics":["Burning Blood","Kunai","Lizard Tail","Dream Catcher","Snecko Eye","Whetstone"],"acts_visited":["Exordium","TheCity"],"potions_floor_usage":[7,16,16,16,16,21,29,30,31],"damage_taken":[{"damage":1,"enemies":"Cultist","floor":1,"turns":3},{"damage":0,"enemies":"2 Louse","floor":3,"turns":2},{"damage":1,"enemies":"Small Slimes","floor":4,"turns":3},{"damage":27,"enemies":"Lagavulin","floor":7,"turns":5},{"damage":13,"enemies":"Looter","floor":8,"turns":3},{"damage":4,"enemies":"Red Slaver","floor":11,"turns":2},{"damage":16,"enemies":"3 Sentries","floor":12,"turns":7},{"damage":0,"enemies":"Exordium Wildlife","floor":13,"turns":2},{"damage":0,"enemies":"2 Fungi Beasts","floor":14,"turns":4},{"damage":58,"enemies":"Slime Boss","floor":16,"turns":19},{"damage":2,"enemies":"3 Byrds","floor":18,"turns":5},{"damage":30,"enemies":"2 Thieves","floor":19,"turns":3},{"damage":4,"enemies":"Centurion and Healer","floor":20,"turns":6},{"damage":15,"enemies":"Shelled Parasite and Fungi","floor":21,"turns":3},{"damage":0,"enemies":"Snake Plant","floor":22,"turns":1},{"damage":21,"enemies":"Snecko","floor":24,"turns":7},{"damage":2,"enemies":"Gremlin Leader","floor":25,"turns":2},{"damage":7,"enemies":"Slavers","floor":29,"turns":2},{"damage":44,"enemies":"Chosen and Byrds","floor":30,"turns":10},{"damage":5,"enemies":"Snake Plant","floor":31,"turns":4},{"damage":62,"enemies":"Collector","floor":33,"turns":7}],"seed_played":"-3879907305206281252","potions_obtained":[{"floor":1,"key":"SteroidPotion"},{"floor":2,"key":"EntropicBrew"},{"floor":13,"key":"Regen Potion"},{"floor":18,"key":"Swift Potion"},{"floor":20,"key":"Swift Potion"},{"floor":22,"key":"DuplicationPotion"},{"floor":30,"key":"SkillPotion"}],"is_trial":false,"path_per_floor":["M","?","M","M","$","R","E","M","T","R","M","E","M","M","R","B",null,"M","M","M","M","M","R","M","E","T","R","?","E","M","M","R","B"],"character_chosen":"IRONCLAD","items_purchased":["Feel No Pain","Burning Pact"],"campfire_rested":1,"item_purchase_floors":[5,5],"current_hp_per_floor":[55,55,61,66,66,66,45,38,38,38,40,30,36,42,42,42,67,71,47,49,40,46,46,31,35,35,35,35,34,17,25,40,0,0],"gold":397,"neow_bonus":"THREE_RARE_CARDS","is_daily":false,"chose_seed":false,"campfire_upgraded":5,"win_rate":0.0,"timestamp":1612130659,"path_taken":["M","?","M","M","$","R","E","?","T","R","M","E","M","M","R","BOSS","M","?","M","M","M","R","M","E","T","R","?","E","M","M","R","BOSS"],"items_purchased_type":["Card","Card"],"build_version":"2020-12-22","purchased_purges":0,"victory":false,"max_hp_per_floor":[75,75,75,75,75,75,75,75,75,75,75,75,75,75,75,75,75,75,75,75,75,75,75,75,75,75,75,52,52,52,52,52,52,52],"relic_stats":{"Lizard Tail":37,"Dream Catcher":1,"counters":[21,100],"Snecko Eye":[103,104,95,122],"Kunai":[20],"Whetstone":["Cleave","Anger"],"obtain_stats":[{"Lizard Tail":9,"Dream Catcher":12,"Snecko Eye":17,"Kunai":7,"Whetstone":25,"Burning Blood":0},{"Lizard Tail":5,"Dream Catcher":7,"Snecko Eye":10,"Kunai":4,"Whetstone":17,"Burning Blood":0},{"Lizard Tail":16,"Dream Catcher":25,"Snecko Eye":50,"Kunai":13,"Whetstone":77,"Burning Blood":0}],"Burning Blood":120},"card_choices":[{"not_picked":["Feed","Bludgeon"],"picked":"Fiend Fire","floor":0},{"not_picked":["Shrug It Off","Infernal Blade"],"picked":"Cleave","floor":1},{"not_picked":["Sword Boomerang","Burning Pact"],"picked":"Hemokinesis","floor":3},{"not_picked":["Body Slam","Headbutt"],"picked":"Armaments","floor":4},{"not_picked":["Perfected Strike","Pummel"],"picked":"Anger","floor":7},{"not_picked":["Shrug It Off","Uppercut"],"picked":"Battle Trance","floor":8},{"not_picked":["Sword Boomerang","Heavy Blade"],"picked":"Power Through","floor":11},{"not_picked":["Armaments","Sentinel"],"picked":"Shrug It Off","floor":12},{"not_picked":["Wild Strike","Armaments","Thunderclap"],"picked":"SKIP","floor":13},{"not_picked":["Sword Boomerang","Warcry","Headbutt"],"picked":"SKIP","floor":14},{"not_picked":["Double Tap","Juggernaut"],"picked":"Immolate","floor":16},{"not_picked":["Intimidate","Anger","Uppercut"],"picked":"SKIP","floor":18},{"not_picked":["Anger","Pummel"],"picked":"Second Wind","floor":19},{"not_picked":["Warcry","Bloodletting","Anger"],"picked":"SKIP","floor":20},{"not_picked":["True Grit","Cleave"],"picked":"Dark Embrace","floor":21},{"not_picked":["True Grit","Rupture","Pommel Strike"],"picked":"SKIP","floor":22},{"not_picked":["Pommel Strike","Intimidate","Shrug It Off"],"picked":"SKIP","floor":24},{"not_picked":["Reckless Charge","Sever Soul","Headbutt"],"picked":"SKIP","floor":25},{"not_picked":["Hemokinesis+1","Iron Wave"],"picked":"Shockwave","floor":29},{"not_picked":["Spot Weakness","Disarm"],"picked":"Ghostly Armor","floor":30},{"not_picked":["Reckless Charge","Body Slam","Thunderclap"],"picked":"SKIP","floor":31},{"not_picked":["Clash","Armaments"],"picked":"Uppercut","floor":32}],"player_experience":1518671,"relics_obtained":[{"floor":7,"key":"Kunai"},{"floor":9,"key":"Lizard Tail"},{"floor":12,"key":"Dream Catcher"},{"floor":25,"key":"Whetstone"}],"event_choices":[{"damage_healed":0,"gold_gain":0,"player_choice":"Got Potions","damage_taken":0,"max_hp_gain":0,"max_hp_loss":0,"event_name":"Lab","floor":2,"gold_loss":0},{"damage_healed":0,"gold_gain":0,"player_choice":"Became a vampire","damage_taken":0,"max_hp_gain":0,"max_hp_loss":23,"event_name":"Vampires","floor":28,"gold_loss":0,"cards_obtained":["Bite","Bite","Bite","Bite","Bite"]}],"is_beta":false,"boss_relics":[{"not_picked":["Sozu","Runic Cube"],"picked":"Snecko Eye"}],"items_purged_floors":[],"is_endless":false,"potions_floor_spawned":[1,3,13,18,20,22,25,30],"killed_by":"Collector","ascension_level":20}}