{"host":"0b7urydaxuefbgpn","time":1612102209,"event":{"mods":["Astrologer","Bard","BaseMod","Colored Powertips","Dio Mod","Downfall","Hermit","Jorbs\u0027s Wanderer Trilogy","Marisa????????","Minty Spire (QoL Compilation)","StSLib","The Bladedancer","The Cursed","The Disciple","The Necromancer","The Poker Player","The Runesmith","The Servant 0.9.4"],"gold_per_floor":[117,136,136,147,162,189,189,201,201,75,105,105,132,149,149,252,252,262,87,87,75,75,75,91,108,156,175,188,203,203,220,220,220,220],"floor_reached":33,"language":"RUS","playtime":1369,"items_purged":[],"score":273,"play_id":"0982c96e-8489-4581-8668-6235c8964079","local_time":"20210131171009","is_ascension_mode":false,"campfire_choices":[{"data":"Rampage","floor":7,"key":"SMITH"},{"floor":15,"key":"REST"},{"data":"Juggernaut","floor":23,"key":"SMITH"},{"floor":30,"key":"REST"},{"floor":32,"key":"REST"}],"circlet_count":0,"master_deck":["Strike_R+1","Strike_R","Strike_R","Strike_R+1","Defend_R","Defend_R","Defend_R","Defend_R","Bash","Headbutt","Pommel Strike","Clash","Rampage+1","Cleave","True Grit","Metallicize","Shrug It Off","Disarm","Sword Boomerang","Battle Trance","Juggernaut+1","CurseOfTheBell","Blood for Blood+1","Flex","Bloodletting","Juggernaut","Dropkick","Rage+1","Double Tap","Offering","Perfected Strike","Perfected Strike"],"relics":["Burning Blood","Juzu Bracelet","InkBottle","HornCleat","Calling Bell","Toy Ornithopter","Question Card","FossilizedHelix","ClockworkSouvenir","Nloth\u0027s Gift","Vajra"],"acts_visited":["Exordium","TheCity"],"potions_floor_usage":[13,25],"damage_taken":[{"damage":3,"enemies":"Jaw Worm","floor":1,"turns":4},{"damage":6,"enemies":"Cultist","floor":2,"turns":3},{"damage":4,"enemies":"Small Slimes","floor":4,"turns":3},{"damage":13,"enemies":"Exordium Thugs","floor":5,"turns":5},{"damage":21,"enemies":"Lagavulin","floor":6,"turns":5},{"damage":14,"enemies":"Blue Slaver","floor":8,"turns":3},{"damage":21,"enemies":"Gremlin Nob","floor":11,"turns":4},{"damage":23,"enemies":"Lagavulin","floor":13,"turns":7},{"damage":7,"enemies":"Red Slaver","floor":14,"turns":5},{"damage":33,"enemies":"Slime Boss","floor":16,"turns":10},{"damage":23,"enemies":"3 Byrds","floor":18,"turns":6},{"damage":1,"enemies":"2 Thieves","floor":21,"turns":4},{"damage":13,"enemies":"Chosen and Byrds","floor":24,"turns":5},{"damage":12,"enemies":"Snake Plant","floor":25,"turns":4},{"damage":10,"enemies":"Centurion and Healer","floor":27,"turns":4},{"damage":35,"enemies":"3 Cultists","floor":28,"turns":5},{"damage":20,"enemies":"Snake Plant","floor":29,"turns":3},{"damage":23,"enemies":"Shelled Parasite and Fungi","floor":31,"turns":4},{"damage":59,"enemies":"Collector","floor":33,"turns":6}],"seed_played":"9098758643917019238","potions_obtained":[{"floor":2,"key":"Weak Potion"},{"floor":6,"key":"SpeedPotion"},{"floor":11,"key":"FearPotion"},{"floor":13,"key":"Explosive Potion"},{"floor":25,"key":"BloodPotion"}],"is_trial":false,"path_per_floor":["M","M","?","M","M","E","R","M","T","$","E","?","E","M","R","B",null,"M","$","?","M","?","R","M","M","T","M","M","M","R","M","R","B"],"character_chosen":"IRONCLAD","items_purchased":["Metallicize","Shrug It Off","Flex","ClockworkSouvenir"],"campfire_rested":3,"item_purchase_floors":[10,10,19,19],"current_hp_per_floor":[88,88,88,88,81,66,66,58,58,58,43,43,26,25,51,24,88,71,71,71,76,76,76,69,68,68,64,35,21,47,30,56,0,0],"gold":220,"neow_bonus":"TEN_PERCENT_HP_BONUS","is_daily":false,"chose_seed":false,"campfire_upgraded":2,"win_rate":0.0,"timestamp":1612102209,"path_taken":["M","M","?","M","M","E","R","M","T","$","E","?","E","M","R","BOSS","M","$","?","M","?","R","M","M","T","M","M","M","R","M","R","BOSS"],"items_purchased_type":["Card","Card","Card","Relic"],"build_version":"2020-12-13","purchased_purges":0,"victory":false,"max_hp_per_floor":[88,88,88,88,88,88,88,88,88,88,88,88,88,88,88,88,88,88,88,88,88,88,88,88,88,88,88,88,88,88,88,88,88,88],"card_choices":[{"not_picked":["Shrug It Off","Power Through"],"picked":"Headbutt","floor":1},{"not_picked":["Cleave","Dual Wield"],"picked":"Pommel Strike","floor":2},{"not_picked":["Hemokinesis","Reckless Charge"],"picked":"Clash","floor":4},{"not_picked":["Bloodletting","Anger"],"picked":"Rampage","floor":5},{"not_picked":["Rupture","Anger"],"picked":"Cleave","floor":6},{"not_picked":["Feed","Pommel Strike"],"picked":"True Grit","floor":8},{"not_picked":["Body Slam","Entrench"],"picked":"Disarm","floor":11},{"not_picked":["Body Slam","Feel No Pain"],"picked":"Sword Boomerang","floor":13},{"not_picked":["Warcry","Uppercut"],"picked":"Battle Trance","floor":14},{"not_picked":["Impervious","Offering"],"picked":"Juggernaut","floor":16},{"not_picked":["Combust","True Grit+1","Clothesline"],"picked":"Blood for Blood+1","floor":18},{"not_picked":["Thunderclap","Clothesline","True Grit"],"picked":"Bloodletting","floor":21},{"not_picked":["Battle Trance","Power Through","Whirlwind"],"picked":"Dropkick","floor":24},{"not_picked":["True Grit","Iron Wave","Thunderclap"],"picked":"Rage+1","floor":25},{"not_picked":["Clash+1","Feel No Pain","Entrench"],"picked":"Double Tap","floor":27},{"not_picked":["Intimidate","Shockwave","Metallicize"],"picked":"Offering","floor":28},{"not_picked":["Headbutt","Rage","Blood for Blood"],"picked":"Perfected Strike","floor":29},{"not_picked":["Pommel Strike+1","True Grit","Cleave"],"picked":"Perfected Strike","floor":31}],"player_experience":26924,"relics_obtained":[{"floor":6,"key":"Juzu Bracelet"},{"floor":9,"key":"InkBottle"},{"floor":11,"key":"HornCleat"},{"floor":13,"key":"Whetstone"},{"floor":17,"key":"Toy Ornithopter"},{"floor":17,"key":"Question Card"},{"floor":17,"key":"FossilizedHelix"},{"floor":26,"key":"Vajra"}],"event_choices":[{"cards_removed":["Strike_R"],"damage_healed":0,"gold_gain":0,"player_choice":"Offered Basic","damage_taken":0,"max_hp_gain":0,"max_hp_loss":0,"event_name":"Bonfire Elementals","floor":3,"gold_loss":0},{"damage_healed":0,"gold_gain":0,"player_choice":"Fled","damage_taken":0,"max_hp_gain":0,"max_hp_loss":0,"event_name":"Scrap Ooze","floor":12,"gold_loss":0},{"damage_healed":0,"gold_gain":0,"player_choice":"Traded Relic","damage_taken":0,"relics_obtained":["Nloth\u0027s Gift"],"max_hp_gain":0,"max_hp_loss":0,"event_name":"N\u0027loth","floor":20,"relics_lost":["Whetstone"],"gold_loss":0},{"damage_healed":0,"gold_gain":0,"player_choice":"Read","damage_taken":0,"max_hp_gain":0,"max_hp_loss":0,"event_name":"The Library","floor":22,"gold_loss":0,"cards_obtained":["Juggernaut"]}],"is_beta":false,"boss_relics":[{"not_picked":["Runesmith:UraniumAnvil","Empty Cage"],"picked":"Calling Bell"}],"items_purged_floors":[],"is_endless":false,"potions_floor_spawned":[2,6,11,13,25,27,29],"killed_by":"Collector","ascension_level":0}}