{"host":"ELF","time":1612093878,"event":{"mods":["BaseMod","Bestiary","Minty Spire (QoL Compilation)","Relic Stats","Slay the Relics Exporter"],"gold_per_floor":[117,117,117,129,54,54,68,68,68,97,247,257,273,291,291,370,370,381,8,8,26,26,26,53,66,119,119,139,139,87,98,98,172,172,183,73,93,108,119,150,150,150,150,185,85,85,114,134,134,134,134],"floor_reached":52,"language":"ENG","playtime":3613,"items_purged":["Doubt","Defend_B"],"score":1849,"play_id":"5a1be4ba-0165-42bf-8fa6-a5393177fff5","local_time":"20210131055118","is_ascension_mode":true,"campfire_choices":[{"data":"Self Repair","floor":6.0,"key":"SMITH"},{"data":"Zap","floor":8.0,"key":"SMITH"},{"data":"Amplify","floor":15,"key":"SMITH"},{"floor":23,"key":"REST"},{"floor":27,"key":"REST"},{"floor":32,"key":"REST"},{"floor":41,"key":"REST"},{"floor":46,"key":"REST"},{"floor":49,"key":"RECALL"}],"circlet_count":0,"master_deck":["AscendersBane","Defend_B","Defend_B","Defend_B","Zap+1","Dualcast","Self Repair+1","Amplify+1","Chill","Capacitor","Skim+1","Barrage","Electrodynamics","Leap","Creative AI","Steam","Defragment","Force Field","Shame","Leap+1","Decay","Hello World+1","Coolheaded","Gash","Conserve Battery","Coolheaded","Buffer","Turbo","Defragment+1","Self Repair","Static Discharge+1","Aggregate+1","Parasite","Defragment","Buffer","Turbo"],"relics":["Cracked Core","Bird Faced Urn","Ornamental Fan","Calipers","Inserter","Regal Pillow","Bag of Marbles","Shuriken","Orichalcum","Mercury Hourglass","Cursed Key","Juzu Bracelet","Torii","PreservedInsect"],"acts_visited":["Exordium","TheCity","TheBeyond"],"potions_floor_usage":[12,16,31,40,44],"damage_taken":[{"damage":2.0,"enemies":"2 Louse","floor":1.0,"turns":3.0},{"damage":7.0,"enemies":"Small Slimes","floor":4.0,"turns":4.0},{"damage":7.0,"enemies":"Jaw Worm","floor":7.0,"turns":6.0},{"damage":59,"enemies":"Lagavulin","floor":10,"turns":11},{"damage":14,"enemies":"3 Louse","floor":12,"turns":2},{"damage":12,"enemies":"Exordium Thugs","floor":13,"turns":5},{"damage":28,"enemies":"Exordium Wildlife","floor":14,"turns":6},{"damage":43,"enemies":"The Guardian","floor":16,"turns":12},{"damage":59,"enemies":"Spheric Guardian","floor":18,"turns":8},{"damage":28,"enemies":"3 Byrds","floor":21,"turns":4},{"damage":48,"enemies":"Slavers","floor":24,"turns":3},{"damage":10,"enemies":"Centurion and Healer","floor":25,"turns":4},{"damage":22,"enemies":"Snecko","floor":28,"turns":6},{"damage":50,"enemies":"Cultist and Chosen","floor":31,"turns":6},{"damage":63,"enemies":"Collector","floor":33,"turns":12},{"damage":5,"enemies":"3 Shapes","floor":35,"turns":5},{"damage":23,"enemies":"3 Darklings","floor":37,"turns":4},{"damage":52,"enemies":"Jaw Worm Horde","floor":38,"turns":5},{"damage":2,"enemies":"Sphere and 2 Shapes","floor":39,"turns":6},{"damage":74,"enemies":"Reptomancer","floor":40,"turns":6},{"damage":64,"enemies":"Giant Head","floor":44,"turns":10},{"damage":27,"enemies":"Reptomancer","floor":47,"turns":9},{"damage":9,"enemies":"4 Shapes","floor":48,"turns":8},{"damage":56,"enemies":"Donu and Deca","floor":50,"turns":10},{"damage":32,"enemies":"Time Eater","floor":51,"turns":16}],"seed_played":"5768885416760022834","potions_obtained":[{"floor":7.0,"key":"SpeedPotion"},{"floor":10,"key":"EssenceOfDarkness"},{"floor":13,"key":"LiquidBronze"},{"floor":21,"key":"Dexterity Potion"},{"floor":28,"key":"AttackPotion"},{"floor":31,"key":"FearPotion"},{"floor":40,"key":"Weak Potion"},{"floor":44,"key":"CultistPotion"},{"floor":47,"key":"PotionOfCapacity"}],"is_trial":false,"path_per_floor":["M","?","?","M","?","R","M","R","T","E","?","M","M","M","R","B",null,"M","$","?","M","?","R","E","M","T","R","M","T","$","M","R","B",null,"M","?","M","M","M","E","R","?","T","E","$","R","E","M","R","B","B",null],"character_chosen":"DEFECT","items_purchased":["Defragment","Regal Pillow","Force Field","Conserve Battery"],"campfire_rested":5,"item_purchase_floors":[19,19,19,30],"current_hp_per_floor":[44,44,67,69,69,69,71,71,71,24,24,36,50,50,50,35,62,31,31,31,21,21,57,13,15,15,51,53,53,53,19,55,36,62,71,71,62,36,71,45,71,71,71,38,38,71,71,71,71,64,71],"gold":134,"neow_bonus":"ONE_RARE_RELIC","is_daily":false,"chose_seed":false,"campfire_upgraded":3,"win_rate":0.0,"timestamp":1612093878,"path_taken":["M","?","?","M","?","R","M","R","T","E","?","M","M","M","R","BOSS","M","$","?","M","?","R","E","M","T","R","M","?","$","M","R","BOSS","M","?","M","M","?","E","R","?","T","E","$","R","E","M","R","BOSS","BOSS"],"items_purchased_type":["Card","Relic","Card","Card"],"build_version":"2020-12-18","purchased_purges":2,"victory":true,"max_hp_per_floor":[71,71,71,71,71,71,71,71,71,71,71,71,71,71,71,71,71,71,71,71,71,71,71,71,71,71,71,71,71,71,71,71,71,71,71,71,71,71,71,71,71,71,71,71,71,71,71,71,71,71,71],"relic_stats":{"Regal Pillow":62,"Inserter":[51],"Torii":15,"counters":[25,168],"PreservedInsect":0,"Juzu Bracelet":0,"Orichalcum":[192],"Cursed Key":1,"Mercury Hourglass":[441],"Ornamental Fan":[20],"Shuriken":[5],"Bird Faced Urn":[347],"obtain_stats":[{"Regal Pillow":19,"Calipers":10,"Inserter":17,"Torii":44,"PreservedInsect":47,"Juzu Bracelet":40,"Orichalcum":26,"Cursed Key":34,"Mercury Hourglass":29,"Ornamental Fan":9,"Shuriken":24,"Bird Faced Urn":0,"Bag of Marbles":20,"Cracked Core":0},{"Regal Pillow":9,"Calipers":4,"Inserter":8,"Torii":21,"PreservedInsect":22,"Juzu Bracelet":20,"Orichalcum":12,"Cursed Key":15,"Mercury Hourglass":13,"Ornamental Fan":3,"Shuriken":11,"Bird Faced Urn":0,"Bag of Marbles":9,"Cracked Core":0},{"Regal Pillow":57,"Calipers":24,"Inserter":49,"Torii":126,"PreservedInsect":135,"Juzu Bracelet":116,"Orichalcum":68,"Cursed Key":91,"Mercury Hourglass":74,"Ornamental Fan":13,"Shuriken":64,"Bird Faced Urn":0,"Bag of Marbles":57,"Cracked Core":0}]},"card_choices":[{"not_picked":["Streamline","Hologram"],"picked":"Self Repair","floor":1.0},{"not_picked":["Recycle","Redo"],"picked":"Chill","floor":4.0},{"not_picked":["Beam Cell","Double Energy"],"picked":"Capacitor","floor":7.0},{"not_picked":["Sweeping Beam","Hologram"],"picked":"Skim","floor":10},{"not_picked":["Skim","Rebound"],"picked":"Barrage","floor":12},{"not_picked":["Ball Lightning","Streamline"],"picked":"Electrodynamics","floor":13},{"not_picked":["Go for the Eyes","FTL"],"picked":"Leap","floor":14},{"not_picked":["Hyperbeam","Biased Cognition"],"picked":"Creative AI","floor":16},{"not_picked":["Steam Power","Stack"],"picked":"Steam","floor":18},{"not_picked":["Tempest","Hologram"],"picked":"Leap+1","floor":21},{"not_picked":["Meteor Strike","Hyperbeam"],"picked":"Hello World+1","floor":24},{"not_picked":["Melter","Turbo"],"picked":"Coolheaded","floor":25},{"not_picked":["Redo","Leap"],"picked":"Gash","floor":28},{"not_picked":["Go for the Eyes","Streamline"],"picked":"Coolheaded","floor":31},{"not_picked":["Meteor Strike","Creative AI"],"picked":"Buffer","floor":33},{"not_picked":["Hologram","Go for the Eyes"],"picked":"Turbo","floor":35},{"not_picked":["Chaos+1","FTL"],"picked":"Defragment+1","floor":37},{"not_picked":["Turbo+1","Beam Cell+1"],"picked":"Self Repair","floor":38},{"not_picked":["Cold Snap","Go for the Eyes"],"picked":"Static Discharge+1","floor":39},{"not_picked":["Genetic Algorithm+1","Streamline"],"picked":"Aggregate+1","floor":40},{"not_picked":["Conserve Battery","Darkness+1"],"picked":"Defragment","floor":44},{"not_picked":["Redo","Cold Snap+1"],"picked":"Buffer","floor":47},{"not_picked":["Steam+1","Rebound+1"],"picked":"Turbo","floor":48}],"player_experience":3363894,"relics_obtained":[{"floor":9.0,"key":"Ornamental Fan"},{"floor":10,"key":"Calipers"},{"floor":24,"key":"Shuriken"},{"floor":26,"key":"Orichalcum"},{"floor":29,"key":"Mercury Hourglass"},{"floor":40,"key":"Juzu Bracelet"},{"floor":44,"key":"Torii"},{"floor":47,"key":"PreservedInsect"}],"event_choices":[{"damage_healed":0.0,"max_hp_gain":0.0,"max_hp_loss":0.0,"gold_gain":0.0,"cards_transformed":["Strike_B"],"event_name":"Living Wall","player_choice":"Change","floor":2.0,"gold_loss":0.0,"damage_taken":0.0,"cards_obtained":["Amplify"]},{"damage_healed":23.0,"max_hp_gain":0.0,"max_hp_loss":0.0,"gold_gain":0.0,"event_name":"Big Fish","player_choice":"Banana","floor":3.0,"gold_loss":0.0,"damage_taken":0.0},{"cards_removed":["Strike_B"],"damage_healed":0.0,"max_hp_gain":0.0,"max_hp_loss":0.0,"gold_gain":0.0,"event_name":"The Cleric","player_choice":"Card Removal","floor":5.0,"gold_loss":75.0,"damage_taken":0.0},{"damage_healed":0,"gold_gain":150,"player_choice":"AGREE","damage_taken":0,"max_hp_gain":0,"max_hp_loss":0,"event_name":"Liars Game","floor":11,"gold_loss":0,"cards_obtained":["Doubt"]},{"damage_healed":0,"gold_gain":0,"player_choice":"Stole Relic","damage_taken":0,"relics_obtained":["Bag of Marbles"],"max_hp_gain":0,"max_hp_loss":0,"event_name":"Addict","floor":20,"gold_loss":0,"cards_obtained":["Shame"]},{"damage_healed":0,"gold_gain":0,"player_choice":"Smashed Altar","damage_taken":0,"max_hp_gain":0,"max_hp_loss":0,"event_name":"Forgotten Altar","floor":22,"gold_loss":0,"cards_obtained":["Decay"]},{"cards_removed":["Strike_B"],"damage_healed":0,"gold_gain":0,"player_choice":"Upgrade and Remove","damage_taken":0,"max_hp_gain":0,"max_hp_loss":0,"event_name":"Designer","floor":36,"gold_loss":110,"cards_upgraded":["Skim"]},{"cards_removed":["Strike_B"],"damage_healed":0,"gold_gain":0,"player_choice":"Purged","damage_taken":0,"max_hp_gain":0,"max_hp_loss":0,"event_name":"Purifier","floor":42,"gold_loss":0}],"is_beta":true,"boss_relics":[{"not_picked":["Tiny House","Velvet Choker"],"picked":"Inserter"},{"not_picked":["Empty Cage","Astrolabe"],"picked":"Cursed Key"}],"items_purged_floors":[19,45],"is_endless":false,"potions_floor_spawned":[7,10,13,14,21,25,28,31,39,40,44,47],"ascension_level":20}}