{"host":"2e5gbsni44p3458r","time":1612088552,"event":{"mods":["BaseMod","Colored Map","Downfall","Hermit","Minty Spire (QoL Compilation)","Replay The Spire","StSLib","The Cursed"],"gold_per_floor":[0,0,175,275,290,290,290,306,306,322,322,322,332,332,144,159,183,291,391,391,413,426,426,426,187,187,201,201,101,288,288,299,299,313,408,408,320,352,376,388,419,483,495,527,383,415,315,326,346,346,362,362,362,396,348,348,348,348],"floor_reached":59,"language":"ENG","playtime":4945,"items_purged":["Doubt","Pride"],"score":1488,"play_id":"34523980-8c47-45bc-8a43-d4a20ae4c5d3","local_time":"20210131192232","is_ascension_mode":true,"campfire_choices":[{"data":"hexamod:Float","floor":1,"key":"SMITH"},{"floor":12,"key":"REST"},{"floor":14,"key":"REST"},{"floor":20,"key":"RECALL"},{"data":"hexamod:VolcanoVisage","floor":29,"key":"SMITH"},{"data":"hexamod:TurnItUp","floor":37,"key":"SMITH"},{"floor":47,"key":"REST"},{"data":"Ghostly","floor":56,"key":"SMITH"}],"circlet_count":0,"master_deck":["hexamod:Sear","hexamod:Float+1","hexamod:HauntingEcho+1","hexamod:Hexaguard","hexamod:FastForward+1","hexamod:AdvancingGuard+1","hexamod:RainOfEmbers+1","hexamod:TimeWarp+1","hexamod:VolcanoVisage+1","hexamod:SixthSeal","hexamod:FastForward","hexamod:EmpoweredFlame","hexamod:ThirdSeal","hexamod:CouncilsJustice+1","hexamod:CouncilsJustice+1","hexamod:CouncilsJustice+1","Ghostly+1","Ghostly","Ghostly+1","hexamod:RainOfEmbers+1","hexamod:FourthSeal","hexamod:GhostShield+1","hexamod:VolcanoVisage+1","hexamod:TurnItUp+1","CurseOfTheBell","hexamod:FastForward","hexamod:FastForward+1","hexamod:RadiantFlame+1","hexamod:StepThrough","hexamod:Incineration+1"],"relics":["hexamod:SpiritBrand","Pet Ghost","downfall:ShatteredFragment","Replay:Wanted Poster","hexamod:TheBrokenSeal","Tiny Chest","downfall:HeartBlessingRed","Happy Flower","Frozen Egg 2","White Beast Statue","Calling Bell","MawBank","Iron Hammer","Counterbalance","downfall:HeartBlessingBlue","Dream Catcher","Ancient Tea Set","OrangePellets","Replay:Rubber Ducky","downfall:HeartBlessingGreen","Replay:Mystery Machine"],"acts_visited":["Exordium","TheCity","TheBeyond","TheEnding"],"potions_floor_usage":[16,16,16,18,35,38,41,41,44,46,48,49,57,58,58],"damage_taken":[{"damage":27,"enemies":"2 Louse","floor":5,"turns":4},{"damage":14,"enemies":"Small Slimes","floor":8,"turns":4},{"damage":1,"enemies":"Cultist","floor":10,"turns":5},{"damage":3,"enemies":"Blue Slaver","floor":13,"turns":3},{"damage":5,"enemies":"downfall:FleeingMerchant","floor":15,"turns":4},{"damage":33,"enemies":"Gremlin Gang","floor":16,"turns":5},{"damage":10,"enemies":"Large Slime","floor":17,"turns":5},{"damage":7,"enemies":"IC_STATUS_ARCHETYPE","floor":18,"turns":7},{"damage":25,"enemies":"Shell Parasite","floor":21,"turns":5},{"damage":0,"enemies":"Chosen","floor":22,"turns":3},{"damage":0,"enemies":"downfall:FleeingMerchant","floor":25,"turns":4},{"damage":3,"enemies":"Centurion and Healer","floor":27,"turns":4},{"damage":1,"enemies":"downfall:FleeingMerchant","floor":30,"turns":3},{"damage":0,"enemies":"Snecko","floor":32,"turns":3},{"damage":0,"enemies":"Shelled Parasite and Fungi","floor":34,"turns":3},{"damage":0,"enemies":"SI_MIRROR_ARCHETYPE","floor":35,"turns":6},{"damage":0,"enemies":"3 Shapes","floor":38,"turns":2},{"damage":0,"enemies":"Orb Walker","floor":39,"turns":2},{"damage":4,"enemies":"Transient","floor":41,"turns":5},{"damage":15,"enemies":"Jaw Worm Horde","floor":44,"turns":4},{"damage":25,"enemies":"Reptomancer","floor":46,"turns":5},{"damage":0,"enemies":"4 Shapes","floor":48,"turns":4},{"damage":0,"enemies":"3 Darklings","floor":49,"turns":4},{"damage":0,"enemies":"Transient","floor":51,"turns":5},{"damage":0,"enemies":"DF_ARCHETYPE_ORBS","floor":52,"turns":7},{"damage":0,"enemies":"downfall:CharBossMerchant","floor":54,"turns":6},{"damage":0,"enemies":"downfall:NeowBoss","floor":57,"turns":12},{"damage":25,"enemies":"downfall:NeowBossFinal","floor":58,"turns":6}],"seed_played":"3440743222664600636","potions_obtained":[{"floor":5,"key":"Block Potion"},{"floor":10,"key":"Swift Potion"},{"floor":13,"key":"Explosive Potion"},{"floor":16,"key":"FearPotion"},{"floor":17,"key":"Venom Potion"},{"floor":17,"key":"Flashbang"},{"floor":18,"key":"SpeedPotion"},{"floor":32,"key":"Elixir"},{"floor":34,"key":"hexamod:DoubleChargePotion"},{"floor":35,"key":"Regen Potion"},{"floor":38,"key":"hexamod:EctoCoolerPotion"},{"floor":41,"key":"Fruit Juice"},{"floor":44,"key":"DuplicationPotion"},{"floor":46,"key":"CultistPotion"},{"floor":46,"key":"BlessingOfTheForge"},{"floor":48,"key":"hexamod:EctoCoolerPotion"},{"floor":49,"key":"hexamod:InfernoChargePotion"},{"floor":54,"key":"Weak Potion"}],"is_trial":false,"path_per_floor":["R","?","?","?","M","PTL","PTL","M","T","M","?","R","M","R","$","M","M","B",null,"R","M","M","?","?","$","T","M","?","R","$","T","M","T","M","B",null,"R","M","M","?","M","T","T","M","$","E","R","M","M","$","M","B",null,"E","$","R","B","B",null],"character_chosen":"THE_SPIRIT","items_purchased":["hexamod:AdvancingGuard","sneckomod:MuddlingPotion","hexamod:FastForward","hexamod:EmpoweredFlame","Happy Flower","OrangePellets","SkillPotion"],"campfire_rested":3,"item_purchase_floors":[15,15,25,25,30,45,55],"current_hp_per_floor":[70,70,70,70,43,43,43,29,29,28,7,28,32,53,55,29,26,19,70,70,78,78,78,78,78,78,75,40,40,39,39,39,39,39,39,40,50,50,50,50,51,51,51,43,43,18,34,34,34,34,34,34,55,55,55,55,55,30],"gold":348,"neow_bonus":"THREE_RARE_CARDS","is_daily":false,"chose_seed":false,"campfire_upgraded":4,"win_rate":0.0,"timestamp":1612088552,"path_taken":["R","?","?","?","M","PTL","PTL","M","T","M","?","R","M","R","?","?","M","BOSS","R","M","M","?","?","$","T","?","?","R","$","?","?","?","M","BOSS","R","M","M","?","M","?","T","M","?","E","R","M","M","$","M","BOSS","E","$","R","BOSS","BOSS"],"items_purchased_type":["Card","Potion","Card","Card","Relic","Relic","Potion"],"build_version":"2020-12-22","purchased_purges":2,"victory":true,"max_hp_per_floor":[70,70,70,70,70,70,70,70,70,70,70,70,70,70,70,70,70,70,70,70,80,80,80,80,80,80,80,40,40,40,40,40,40,40,40,40,50,50,50,50,55,55,55,55,55,55,55,55,55,55,55,55,55,55,55,55,55,55],"card_choices":[{"not_picked":["hexamod:SearingWound","hexamod:GhostOfSpirePresent"],"picked":"hexamod:FifthSeal","floor":0},{"not_picked":["hexamod:EtherealExpedition","hexamod:SuperheatedStrike"],"picked":"hexamod:HauntingEcho","floor":5},{"not_picked":["hexamod:ThirdSeal","hexamod:FourthSeal"],"picked":"hexamod:SixthSeal","floor":5},{"not_picked":["hexamod:FirstSeal","hexamod:SixthSeal"],"picked":"hexamod:FourthSeal","floor":8},{"not_picked":["hexamod:Firestarter","hexamod:GhostflameBarrier","hexamod:HauntingEcho"],"picked":"SKIP","floor":8},{"not_picked":["hexamod:SixthSeal","hexamod:SecondSeal"],"picked":"hexamod:ThirdSeal","floor":10},{"not_picked":["hexamod:SpectersWail","hexamod:ThirdSeal"],"picked":"hexamod:FirstSeal","floor":10},{"not_picked":["hexamod:SwordOfDarkness","hexamod:HeatCrush"],"picked":"hexamod:Hexaguard","floor":13},{"not_picked":["hexamod:SpectralAdrenaline","hexamod:Haunt","hexamod:HeatMetal"],"picked":"SKIP","floor":13},{"not_picked":["hexamod:InspiringFlames","hexamod:UnleashSpirits"],"picked":"hexamod:FastForward","floor":15},{"not_picked":["hexamod:EtherealExpedition","hexamod:PowerFromBeyond","hexamod:DynamicBlow"],"picked":"SKIP","floor":15},{"not_picked":["hexamod:BacktrackSmack","hexamod:PowerFromBeyond"],"picked":"hexamod:RainOfEmbers","floor":16},{"not_picked":["hexamod:FirstSeal","hexamod:FourthSeal"],"picked":"hexamod:SecondSeal","floor":16},{"not_picked":["hexamod:PhantomFireball","hexamod:SoulSteal","hexamod:Firestarter"],"picked":"SKIP","floor":16},{"not_picked":["hexamod:GhostLash","hexamod:GhostflameBarrier","hexamod:Firestarter"],"picked":"SKIP","floor":17},{"not_picked":["hexamod:GiftsFromTheDead","hexamod:HauntingEcho","hexamod:SoulSteal"],"picked":"SKIP","floor":17},{"not_picked":["hexamod:VolcanoVisage","hexamod:UnlimitedPower"],"picked":"hexamod:TimeWarp","floor":18},{"not_picked":["hexamod:TurnItUp","hexamod:UnlimitedPower"],"picked":"hexamod:VolcanoVisage","floor":18},{"not_picked":["hexamod:GhostShield+1","hexamod:GhostflameBarrier","hexamod:ThermalTransfer"],"picked":"SKIP","floor":21},{"not_picked":["hexamod:BurningTouch","hexamod:Firestarter","hexamod:SpectralSpark"],"picked":"SKIP","floor":22},{"not_picked":["hexamod:NecessarySacrifice","hexamod:CatchUp"],"picked":"hexamod:SixthSeal","floor":25},{"not_picked":["hexamod:RetreatToShadows","hexamod:InspiringFlames"],"picked":"hexamod:ThirdSeal","floor":27},{"not_picked":["hexamod:GhostShield","hexamod:ShieldOfDarkness"],"picked":"hexamod:RainOfEmbers+1","floor":30},{"not_picked":["hexamod:ShieldOfDarkness+1","hexamod:Haunt"],"picked":"hexamod:FourthSeal","floor":30},{"not_picked":["hexamod:HeatCrush","hexamod:EtherealExpedition"],"picked":"hexamod:GhostShield","floor":32},{"not_picked":["hexamod:NightmareStrike","hexamod:BurningTouch","hexamod:DynamicBlow+1"],"picked":"SKIP","floor":34},{"not_picked":["hexamod:FlameSwitch","hexamod:UnlimitedPower"],"picked":"hexamod:VolcanoVisage+1","floor":35},{"not_picked":["hexamod:GhostOfSpirePresent+1","hexamod:SixthSeal"],"picked":"hexamod:TurnItUp","floor":35},{"not_picked":["hexamod:SkipABeat+1","hexamod:Again","hexamod:CatchUp"],"picked":"SKIP","floor":38},{"not_picked":["hexamod:Incineration","hexamod:HeatMetal+1","hexamod:SoulSteal"],"picked":"SKIP","floor":39},{"not_picked":["hexamod:ChargedBarrage","hexamod:HeatCrush","hexamod:SuperheatedStrike"],"picked":"SKIP","floor":41},{"not_picked":["hexamod:HauntingEcho+1","hexamod:PhantomFireball+1"],"picked":"hexamod:FastForward","floor":44},{"not_picked":["hexamod:CatchUp","hexamod:NightmareGuise","hexamod:BurningTouch"],"picked":"SKIP","floor":44},{"not_picked":["hexamod:GhostLash","hexamod:HeatMetal+1"],"picked":"hexamod:FastForward","floor":46},{"not_picked":["hexamod:HeatMetal+1","hexamod:BurningTouch+1","hexamod:GhostLash+1"],"picked":"SKIP","floor":48},{"not_picked":["hexamod:SecondSeal","hexamod:DynamicBlow","hexamod:FourthSeal"],"picked":"SKIP","floor":48},{"not_picked":["hexamod:NightmareGuise+1","hexamod:GhostLash+1"],"picked":"hexamod:RadiantFlame+1","floor":49},{"not_picked":["hexamod:InspiringFlames+1","hexamod:FastForward","hexamod:SwordOfDarkness+1"],"picked":"SKIP","floor":51},{"not_picked":["hexamod:TurnItUp","hexamod:Firestarter","hexamod:NightmareGuise+1"],"picked":"SKIP","floor":51},{"not_picked":["hexamod:RetreatToShadows","hexamod:FirstSeal"],"picked":"hexamod:StepThrough","floor":54},{"not_picked":["hexamod:SoulSteal","hexamod:ChargedBarrage+1"],"picked":"hexamod:Incineration+1","floor":54}],"player_experience":795159,"relics_obtained":[{"floor":9,"key":"Pet Ghost"},{"floor":31,"key":"Frozen Egg 2"},{"floor":33,"key":"White Beast Statue"},{"floor":36,"key":"MawBank"},{"floor":36,"key":"Iron Hammer"},{"floor":36,"key":"Counterbalance"},{"floor":42,"key":"Dream Catcher"},{"floor":43,"key":"Ancient Tea Set"},{"floor":46,"key":"Replay:Rubber Ducky"},{"floor":54,"key":"Replay:Mystery Machine"}],"event_choices":[{"damage_healed":0,"gold_gain":0,"player_choice":"Stole Relic","damage_taken":0,"relics_obtained":["Tiny Chest"],"max_hp_gain":0,"max_hp_loss":0,"event_name":"Addict","floor":23,"gold_loss":0,"cards_obtained":["Pride"]},{"damage_healed":0,"gold_gain":0,"player_choice":"Forge","damage_taken":0,"max_hp_gain":0,"max_hp_loss":0,"event_name":"Accursed Blacksmith","floor":24,"gold_loss":0,"cards_upgraded":["hexamod:TimeWarp"]}],"is_beta":false,"boss_relics":[{"not_picked":["Runic Dome","SacredBark"],"picked":"Replay:Wanted Poster"},{"not_picked":["Snecko Eye","Honey Jar"],"picked":"Calling Bell"}],"items_purged_floors":[15,25],"is_endless":false,"potions_floor_spawned":[5,10,13,17,18,32,34,35,38,39,41,44,46,48,49,51,54],"ascension_level":3}}