{"host":"g7mkzn6qfoxkk5sz","time":1612089087,"event":{"mods":["BaseMod","Colored Map","Colored Powertips","Downfall","Hermit","Marisa????????","Minty Spire (QoL Compilation)","StSLib","The Animator","The Bug Knight","The Servant 0.9.4"],"gold_per_floor":[99,112,127,38,58,88,88,36,36,36,46,64,64,84,101,198,198,198,198,214,232,6,6,6,6],"floor_reached":23,"language":"ENG","playtime":1794,"items_purged":[],"score":193,"play_id":"314ecd8a-43a1-45f1-baa0-83b06b6d5729","local_time":"20210131123127","is_ascension_mode":false,"campfire_choices":[{"data":"hexamod:Sear","floor":1,"key":"SMITH"},{"data":"hexamod:RadiantFlame","floor":9,"key":"SMITH"},{"data":"hexamod:SpectersWail","floor":13,"key":"SMITH"},{"data":"hexamod:GhostOfSpirePast","floor":18,"key":"SMITH"}],"circlet_count":0,"master_deck":["hexamod:Strike","hexamod:Strike","hexamod:Strike","hexamod:Strike","hexamod:Defend","hexamod:Defend","hexamod:Defend","hexamod:Defend","hexamod:Sear+1","hexamod:Float","hexamod:HauntingEcho","hexamod:StepThrough","hexamod:BacktrackSmack","hexamod:SoulSteal","hexamod:SpectersWail+1","hexamod:RadiantFlame","hexamod:RadiantFlame+1","hexamod:RainOfEmbers","hexamod:SpectralAdrenaline","hexamod:Rewind","hexamod:GhostOfSpirePast+1","hexamod:ThermalTransfer","hexamod:TimeWarp","RitualDagger+1","hexamod:Firestarter","hexamod:InspiringFlames","hexamod:ThermalTransfer+1","hexamod:HeatCrush"],"relics":["hexamod:SpiritBrand","Sundial","Question Card","Black Star","hexamod:MatchstickCase"],"acts_visited":["Exordium","TheCity"],"potions_floor_usage":[6,22,22],"damage_taken":[{"damage":0,"enemies":"Small Slimes","floor":2,"turns":3},{"damage":6,"enemies":"Jaw Worm","floor":3,"turns":2},{"damage":5,"enemies":"downfall:FleeingMerchant","floor":4,"turns":4},{"damage":1,"enemies":"2 Louse","floor":5,"turns":3},{"damage":13,"enemies":"Gremlin Nob","floor":6,"turns":3},{"damage":0,"enemies":"downfall:FleeingMerchant","floor":8,"turns":4},{"damage":11,"enemies":"Lots of Slimes","floor":11,"turns":3},{"damage":9,"enemies":"Blue Slaver","floor":12,"turns":3},{"damage":1,"enemies":"3 Louse","floor":14,"turns":3},{"damage":3,"enemies":"Red Slaver","floor":15,"turns":4},{"damage":23,"enemies":"WA_ARCHETYPE_RETAIN","floor":16,"turns":6},{"damage":5,"enemies":"Chosen","floor":20,"turns":3},{"damage":30,"enemies":"Shelled Parasite and Fungi","floor":21,"turns":7},{"damage":10,"enemies":"downfall:FleeingMerchant","floor":22,"turns":4},{"damage":40,"enemies":"DF_ARCHETYPE_STREAMLINE","floor":23,"turns":6}],"seed_played":"-4820504282949392340","potions_obtained":[{"floor":5,"key":"bronze:BurnAndBuffPotion"},{"floor":11,"key":"ColorlessPotion"},{"floor":12,"key":"SkillPotion"},{"floor":15,"key":"BlessingOfTheForge"},{"floor":19,"key":"CultistPotion"}],"is_trial":false,"path_per_floor":["R","M","M","$","M","E","T","$","R","?","M","M","R","M","M","B",null,"R","?","M","M","$","?"],"character_chosen":"THE_SPIRIT","items_purchased":["hexamod:SoulSteal","hexamod:RainOfEmbers","hexamod:MatchstickCase","hexamod:HeatCrush"],"campfire_rested":0,"item_purchase_floors":[4,8,22,22],"current_hp_per_floor":[77,77,71,66,65,52,52,52,52,52,41,32,32,31,28,5,77,77,77,72,42,32,0,0,0],"gold":6,"neow_bonus":"TEN_PERCENT_HP_BONUS","is_daily":false,"chose_seed":false,"campfire_upgraded":4,"win_rate":0.0,"timestamp":1612089087,"path_taken":["R","M","M","$","M","E","T","$","R","?","M","M","R","M","M","BOSS","R","?","M","M","$","?"],"items_purchased_type":["Card","Card","Relic","Card"],"build_version":"2020-12-22","purchased_purges":0,"victory":false,"max_hp_per_floor":[77,77,77,77,77,77,77,77,77,77,77,77,77,77,77,77,77,77,77,77,77,77,77,77,77],"card_choices":[{"not_picked":["hexamod:ThirdSeal","hexamod:InspiringFlames"],"picked":"hexamod:HauntingEcho","floor":2},{"not_picked":["hexamod:SkipABeat","hexamod:HauntingEcho"],"picked":"hexamod:StepThrough","floor":3},{"not_picked":["hexamod:ShieldOfDarkness","hexamod:Again"],"picked":"hexamod:BacktrackSmack","floor":4},{"not_picked":["hexamod:ThermalTransfer","hexamod:FastForward"],"picked":"hexamod:SpectersWail","floor":5},{"not_picked":["hexamod:RetreatToShadows","hexamod:BacktrackSmack"],"picked":"hexamod:RadiantFlame","floor":6},{"not_picked":["hexamod:NecessarySacrifice","hexamod:ShieldOfDarkness","hexamod:Hexaguard"],"picked":"hexamod:RadiantFlame","floor":8},{"not_picked":["hexamod:HauntingEcho","hexamod:SoulSteal","hexamod:GhostShield"],"picked":"hexamod:SpectralAdrenaline","floor":11},{"not_picked":["hexamod:HeatShield","hexamod:SoulSteal","hexamod:FastForward"],"picked":"hexamod:Rewind","floor":12},{"not_picked":["hexamod:AdvancingGuard","hexamod:Again","hexamod:NecessarySacrifice"],"picked":"hexamod:GhostOfSpirePast","floor":14},{"not_picked":["hexamod:GhostOfSpireFuture","hexamod:Hexaguard","hexamod:FourthSeal"],"picked":"hexamod:ThermalTransfer","floor":15},{"not_picked":["hexamod:WildfireWeapon","hexamod:ForkedFlame","hexamod:TurnItUp"],"picked":"hexamod:TimeWarp","floor":16},{"not_picked":["hexamod:Haunt","hexamod:PhantomFireball","hexamod:FourthSeal"],"picked":"hexamod:Firestarter","floor":20},{"not_picked":["hexamod:ShieldOfDarkness","hexamod:EtherealExpedition","hexamod:NightmareStrike+1"],"picked":"hexamod:InspiringFlames","floor":21},{"not_picked":["hexamod:FastForward+1","hexamod:TimeWarp","hexamod:CatchUp"],"picked":"hexamod:ThermalTransfer+1","floor":22}],"player_experience":453627,"relics_obtained":[{"floor":6,"key":"Sundial"},{"floor":7,"key":"Question Card"}],"event_choices":[],"is_beta":false,"boss_relics":[{"not_picked":["Coffee Dripper","Runic Pyramid"],"picked":"Black Star"}],"items_purged_floors":[],"is_endless":false,"potions_floor_spawned":[5,11,12,15],"killed_by":"DF_ARCHETYPE_STREAMLINE","ascension_level":0}}