{"host":"uv231blk40vjdojr","time":1612092030,"event":{"mods":["BaseMod","Bestiary","Minty Spire (QoL Compilation)","Relic Stats"],"gold_per_floor":[118,38,49,49,49,95,95,130,130,183,183,1,1,35,35,108,108,125,125,141,158,73,73,73],"floor_reached":23,"language":"ENG","playtime":1219,"items_purged":[],"score":610,"play_id":"fdc08900-1f74-4fd6-9a8a-f7dd7cbf3fbf","local_time":"20210131122030","is_ascension_mode":true,"campfire_choices":[{"data":"Adaptation","floor":7,"key":"SMITH"},{"data":"WheelKick","floor":11,"key":"SMITH"},{"data":"Adaptation","floor":13,"key":"SMITH"},{"data":"Crescendo","floor":15,"key":"SMITH"}],"circlet_count":0,"master_deck":["AscendersBane","Strike_P","Strike_P","Strike_P","Strike_P","Defend_P","Defend_P","Defend_P","Defend_P","Eruption+1","Vigilance","Crescendo+1","Adaptation+1","WheelKick+1","ThirdEye","DeceiveReality","Adaptation+1","WaveOfTheHand","Devotion","Consecrate","FlyingSleeves+1","ClearTheMind"],"relics":["PureWater","Centennial Puzzle","Meat on the Bone","Eternal Feather","Pantograph","Membership Card","MealTicket","Runic Dome","TungstenRod"],"acts_visited":["Exordium","TheCity"],"potions_floor_usage":[6,18,20],"damage_taken":[{"damage":3,"enemies":"Small Slimes","floor":1,"turns":4},{"damage":4,"enemies":"Jaw Worm","floor":3,"turns":3},{"damage":7,"enemies":"Lagavulin","floor":6,"turns":4},{"damage":16,"enemies":"Gremlin Nob","floor":8,"turns":3},{"damage":40,"enemies":"3 Sentries","floor":14,"turns":8},{"damage":41,"enemies":"Slime Boss","floor":16,"turns":9},{"damage":28,"enemies":"3 Byrds","floor":18,"turns":5},{"damage":8,"enemies":"Shell Parasite","floor":20,"turns":3},{"damage":16,"enemies":"Centurion and Healer","floor":21,"turns":4},{"damage":33,"enemies":"Gremlin Leader","floor":23,"turns":8}],"seed_played":"523782468437324852","potions_obtained":[{"floor":3,"key":"ColorlessPotion"},{"floor":6,"key":"SpeedPotion"},{"floor":8,"key":"Block Potion"},{"floor":18,"key":"DistilledChaos"}],"is_trial":false,"path_per_floor":["M","$","M","?","?","E","R","E","T","T","R","$","R","E","R","B",null,"M","?","M","M","?","E"],"character_chosen":"WATCHER","items_purchased":["Adaptation","Membership Card","Adaptation"],"campfire_rested":0,"item_purchase_floors":[2,12,12],"current_hp_per_floor":[58,58,54,54,54,47,47,43,43,43,52,52,61,33,42,38,61,45,26,30,26,26,0,0],"gold":73,"neow_bonus":"RANDOM_COMMON_RELIC","is_daily":false,"chose_seed":false,"campfire_upgraded":4,"win_rate":0.0,"timestamp":1612092030,"path_taken":["M","$","M","?","?","E","R","E","T","?","R","$","R","E","R","BOSS","M","?","M","M","?","E"],"items_purchased_type":["Card","Relic","Card"],"build_version":"2020-12-22","purchased_purges":0,"victory":false,"max_hp_per_floor":[68,68,68,68,68,68,68,68,68,68,68,68,68,68,68,68,68,68,73,73,73,73,73,73],"relic_stats":{"Centennial Puzzle":[30],"counters":[10,51],"Pantograph":25,"Eternal Feather":27,"MealTicket":0,"obtain_stats":[{"Runic Dome":17,"Centennial Puzzle":0,"Pantograph":9,"Eternal Feather":8,"MealTicket":14,"Membership Card":12,"PureWater":0,"TungstenRod":22,"Meat on the Bone":6},{"Runic Dome":6,"Centennial Puzzle":0,"Pantograph":4,"Eternal Feather":4,"MealTicket":5,"Membership Card":4,"PureWater":0,"TungstenRod":9,"Meat on the Bone":3},{"Runic Dome":31,"Centennial Puzzle":0,"Pantograph":14,"Eternal Feather":14,"MealTicket":22,"Membership Card":14,"PureWater":0,"TungstenRod":43,"Meat on the Bone":11}],"TungstenRod":4,"Meat on the Bone":72},"card_choices":[{"not_picked":["EmptyMind","Worship"],"picked":"Crescendo","floor":1},{"not_picked":["Consecrate","CrushJoints"],"picked":"WheelKick","floor":3},{"not_picked":["Weave","Evaluate"],"picked":"ThirdEye","floor":6},{"not_picked":["EmptyBody","ThirdEye"],"picked":"DeceiveReality","floor":8},{"not_picked":["PathToVictory","JustLucky"],"picked":"WaveOfTheHand","floor":14},{"not_picked":["Brilliance","DeusExMachina"],"picked":"Devotion","floor":16},{"not_picked":["EmptyMind","Wireheading"],"picked":"Consecrate","floor":18},{"not_picked":["Worship","Conclude"],"picked":"FlyingSleeves+1","floor":20},{"not_picked":["Wireheading","WaveOfTheHand"],"picked":"ClearTheMind","floor":21}],"player_experience":728921,"relics_obtained":[{"floor":6,"key":"Meat on the Bone"},{"floor":8,"key":"Eternal Feather"},{"floor":9,"key":"Pantograph"},{"floor":14,"key":"MealTicket"}],"event_choices":[{"damage_healed":0,"gold_gain":0,"player_choice":"Leave","damage_taken":0,"max_hp_gain":0,"max_hp_loss":0,"event_name":"The Cleric","floor":4,"gold_loss":0},{"damage_healed":0,"gold_gain":0,"player_choice":"Grow","damage_taken":0,"max_hp_gain":0,"max_hp_loss":0,"event_name":"Living Wall","floor":5,"gold_loss":0,"cards_upgraded":["Eruption"]},{"damage_healed":0,"gold_gain":0,"player_choice":"Shed Blood","damage_taken":24,"max_hp_gain":5,"max_hp_loss":0,"event_name":"Forgotten Altar","floor":19,"gold_loss":0},{"damage_healed":0,"gold_gain":0,"player_choice":"Obtained Relic","damage_taken":0,"relics_obtained":["TungstenRod"],"max_hp_gain":0,"max_hp_loss":0,"event_name":"Addict","floor":22,"gold_loss":85}],"is_beta":false,"boss_relics":[{"not_picked":["Snecko Eye","VioletLotus"],"picked":"Runic Dome"}],"items_purged_floors":[],"is_endless":false,"potions_floor_spawned":[3,6,8,18],"killed_by":"Gremlin Leader","ascension_level":20}}