{"host":"p0aue7rxhhd16ni6","time":1612094195,"event":{"mods":["BaseMod","Minty Spire (QoL Compilation)","StSLib","The Bug Knight"],"gold_per_floor":[213,213,213,213,237,281,37,37,37,85,160,335,335,409,409,612,675,770,818,906,1055,79,79,147,147,218,268,318,368,368,498,498,628,628,642,692,733,733,733],"floor_reached":38,"language":"ZHS","playtime":1819,"items_purged":["Doubt"],"score":492,"play_id":"eba9b72a-4a8c-4fd2-aae3-326f81fc7364","local_time":"20210131195635","is_ascension_mode":false,"campfire_choices":[{"data":"HandOfGreed","floor":8.0,"key":"SMITH"},{"data":"HollowMod:SiblingsSouls","floor":15.0,"key":"SMITH"},{"data":"Apotheosis","floor":23.0,"key":"SMITH"},{"floor":25.0,"key":"RECALL"},{"data":"HollowMod:CloakDash","floor":30,"key":"SMITH"},{"data":"J.A.X.","floor":32,"key":"SMITH"}],"circlet_count":0,"master_deck":["HollowMod:FocusHealStart","HollowMod:PogoStrike","HollowMod:SiblingsSouls+1","HollowMod:PerfectDash","HandOfGreed+1","HollowMod:ShapeofUnn","HollowMod:MantisMark","HollowMod:ElderbugsWisdom","HollowMod:CloakDash+1","HollowMod:Grubsong","HollowMod:theNailsmith","Apotheosis+1","Finesse","J.A.X.+1","HollowMod:MawleksShell","HollowMod:MantisMark","HollowMod:VoidDash","HollowMod:DreamGate","HollowMod:NewJinnsSoul","HollowMod:InfectedAttack","HollowMod:SoulEater","HollowMod:CloakDash","HollowMod:InfectedAttack","Discovery","Chrysalis","HandOfGreed"],"relics":["HollowMod:VesselMask","Singing Bowl","Golden Idol","Pen Nib","Gremlin Horn","SsserpentHead","Tiny House","HandDrill","Mango","Oddly Smooth Stone","Potion Belt","Letter Opener","Pantograph","Pandora\u0027s Box"],"acts_visited":["Exordium","TheCity","TheBeyond"],"potions_floor_usage":[29,33,33],"damage_taken":[{"damage":0.0,"enemies":"Small Slimes","floor":1.0,"turns":4.0},{"damage":3.0,"enemies":"Jaw Worm","floor":5.0,"turns":4.0},{"damage":43.0,"enemies":"3 Sentries","floor":6.0,"turns":14.0},{"damage":0.0,"enemies":"2 Louse","floor":10.0,"turns":2.0},{"damage":1.0,"enemies":"Lots of Slimes","floor":11.0,"turns":3.0},{"damage":1.0,"enemies":"3 Louse","floor":14.0,"turns":3.0},{"damage":19.0,"enemies":"Slime Boss","floor":16.0,"turns":10.0},{"damage":20.0,"enemies":"3 Byrds","floor":18.0,"turns":7.0},{"damage":26.0,"enemies":"Spheric Guardian","floor":19.0,"turns":6.0},{"damage":49.0,"enemies":"Snake Plant","floor":20.0,"turns":7.0},{"damage":0.0,"enemies":"Gremlin Leader","floor":24.0,"turns":7.0},{"damage":3,"enemies":"3 Cultists","floor":29,"turns":5},{"damage":43,"enemies":"Automaton","floor":33,"turns":12},{"damage":51,"enemies":"3 Darklings","floor":35,"turns":6},{"damage":10,"enemies":"Orb Walker","floor":37,"turns":4},{"damage":62,"enemies":"HollowMod:SlobberingHusk","floor":38,"turns":4}],"seed_played":"1289545274849264570","potions_obtained":[{"floor":5.0,"key":"Weak Potion"},{"floor":11.0,"key":"DuplicationPotion"},{"floor":16.0,"key":"Regen Potion"},{"floor":17.0,"key":"EntropicBrew"},{"floor":20.0,"key":"Block Potion"},{"floor":24.0,"key":"Fire Potion"},{"floor":29,"key":"Block Potion"}],"is_trial":false,"path_per_floor":["M","?","?","?","M","E","$","R","T","M","M","?","?","M","R","B",null,"M","M","M","?","$","R","E","R","T","?","?","M","R","T","R","B",null,"M","?","M","M"],"character_chosen":"THE_BUGKNIGHT","items_purchased":["HandOfGreed","HollowMod:ShapeofUnn","HandDrill","Mango","Apotheosis","Oddly Smooth Stone","Finesse"],"campfire_rested":0,"item_purchase_floors":[7,7,22,22,22,22,22],"current_hp_per_floor":[75,75,63,45,48,19,19,19,19,21,26,26,26,27,27,18,88,74,54,29,29,43,43,55,55,55,55,55,62,62,62,62,58,106,67,57,49,0,0],"gold":733,"neow_bonus":"HUNDRED_GOLD","is_daily":false,"chose_seed":false,"campfire_upgraded":5,"win_rate":0.0,"timestamp":1612094195,"path_taken":["M","?","?","?","?","E","$","R","T","M","M","?","?","M","R","BOSS","M","M","?","?","$","R","E","R","T","?","?","M","R","?","R","BOSS","M","?","M","M"],"items_purchased_type":["Card","Card","Relic","Relic","Card","Relic","Card"],"build_version":"2020-12-22","purchased_purges":1,"victory":false,"max_hp_per_floor":[75,75,75,75,75,77,77,77,77,79,79,79,79,81,81,81,88,88,88,88,88,102,102,104,104,104,104,104,104,104,104,104,106,106,108,108,110,110,110],"card_choices":[{"not_picked":["HollowMod:ShadowDash","HollowMod:LifebloodCocoon"],"picked":"HollowMod:SiblingsSouls","floor":1.0},{"not_picked":["HollowMod:ChannelNail","HollowMod:SoulSplash"],"picked":"HollowMod:PerfectDash","floor":5.0},{"not_picked":["HollowMod:InfectedCysts","HollowMod:HeavyBlow","HollowMod:DungDefenderAura"],"picked":"Singing Bowl","floor":6.0},{"not_picked":["HollowMod:NewJinnsSoul","HollowMod:DescendingDark","HollowMod:InfectionAssault"],"picked":"Singing Bowl","floor":10.0},{"not_picked":["HollowMod:ShadowDash","HollowMod:SoulShaman"],"picked":"HollowMod:MantisMark","floor":11.0},{"not_picked":["HollowMod:VengefulVoid","HollowMod:FallenFury","HollowMod:ChannelNail"],"picked":"Singing Bowl","floor":14.0},{"not_picked":["HollowMod:ZotesMagnificence","HollowMod:LordofShades"],"picked":"HollowMod:ElderbugsWisdom","floor":16.0},{"not_picked":["HollowMod:NewLittleFool","HollowMod:GoodIntentions","HollowMod:VengefulSpirit"],"picked":"Singing Bowl","floor":17.0},{"not_picked":["HollowMod:NewJinnsSoul","HollowMod:PureNailStrike+1"],"picked":"HollowMod:CloakDash","floor":18.0},{"not_picked":["HollowMod:ShapeofUnn+1","HollowMod:SharpenedNail"],"picked":"HollowMod:Grubsong","floor":19.0},{"not_picked":["HollowMod:MonarchWings","HollowMod:FastStrike"],"picked":"HollowMod:theNailsmith","floor":20.0},{"not_picked":["HollowMod:AbyssShriek+1","HollowMod:InfectedAttack+1","HollowMod:DashSlash+1"],"picked":"Singing Bowl","floor":24.0},{"not_picked":["HollowMod:HowlingWraiths","HollowMod:SharpenedNail+1"],"picked":"HollowMod:MawleksShell","floor":29},{"not_picked":["HollowMod:ZotesMagnificence","HollowMod:PureVessel","HollowMod:SoulMaster"],"picked":"Singing Bowl","floor":33},{"not_picked":["HollowMod:ShadowDash","HollowMod:DescendingDark+1","HollowMod:ShapeofUnn+1"],"picked":"Singing Bowl","floor":35},{"not_picked":["Purity","Jack Of All Trades"],"picked":"Discovery","floor":36},{"not_picked":["Trip","Impatience"],"picked":"Chrysalis","floor":36},{"not_picked":["Trip","Good Instincts"],"picked":"HandOfGreed","floor":36},{"not_picked":["HollowMod:ShadowDash","HollowMod:AbyssShriek+1","HollowMod:InfectionAssault+1"],"picked":"Singing Bowl","floor":37}],"player_experience":472429,"relics_obtained":[{"floor":6.0,"key":"Pen Nib"},{"floor":9.0,"key":"Gremlin Horn"},{"floor":24.0,"key":"Potion Belt"},{"floor":26.0,"key":"Letter Opener"},{"floor":31,"key":"Pantograph"}],"event_choices":[{"damage_healed":0.0,"max_hp_gain":0.0,"max_hp_loss":0.0,"gold_gain":0.0,"event_name":"Scrap Ooze","player_choice":"Success","floor":3.0,"gold_loss":0.0,"damage_taken":12.0,"relics_obtained":["Singing Bowl"]},{"damage_healed":0.0,"max_hp_gain":0.0,"max_hp_loss":0.0,"gold_gain":0.0,"event_name":"Golden Idol","player_choice":"Take Damage","floor":4.0,"gold_loss":0.0,"damage_taken":18.0,"relics_obtained":["Golden Idol"]},{"damage_healed":0.0,"max_hp_gain":0.0,"max_hp_loss":0.0,"gold_gain":175.0,"event_name":"Liars Game","player_choice":"AGREE","floor":12.0,"gold_loss":0.0,"damage_taken":0.0,"cards_obtained":["Doubt"]},{"damage_healed":0.0,"max_hp_gain":0.0,"max_hp_loss":0.0,"gold_gain":0.0,"event_name":"FaceTrader","player_choice":"Trade","floor":13.0,"gold_loss":0.0,"damage_taken":0.0,"relics_obtained":["SsserpentHead"]},{"damage_healed":0.0,"max_hp_gain":0.0,"max_hp_loss":0.0,"gold_gain":99.0,"event_name":"Nest","player_choice":"Stole From Cult","floor":21.0,"gold_loss":0.0,"damage_taken":0.0},{"damage_healed":0,"gold_gain":0,"player_choice":"Ignored","damage_taken":0,"max_hp_gain":0,"max_hp_loss":0,"event_name":"Cursed Tome","floor":27,"gold_loss":0},{"damage_healed":0,"gold_gain":0,"player_choice":"Obtain J.A.X.","damage_taken":0,"max_hp_gain":0,"max_hp_loss":0,"event_name":"Drug Dealer","floor":28,"gold_loss":0,"cards_obtained":["J.A.X."]},{"damage_healed":0,"gold_gain":0,"player_choice":"Memory 3","damage_taken":10,"max_hp_gain":0,"max_hp_loss":0,"event_name":"SensoryStone","floor":36,"gold_loss":0}],"is_beta":false,"boss_relics":[{"not_picked":["SacredBark","Fusion Hammer"],"picked":"Tiny House"},{"not_picked":["Snecko Eye","Sozu"],"picked":"Pandora\u0027s Box"}],"items_purged_floors":[22],"is_endless":false,"potions_floor_spawned":[5,11,16,20,24,29],"killed_by":"HollowMod:SlobberingHusk","ascension_level":0}}