{"host":"c9m2z2wmcavfgdp8","time":1612058477,"event":{"mods":["2.2 Compatiblity","Act Like it!","Aspiration","BaseMod","Better Third Choice","Conspire","Downfall","Ekko","Elementarium","Energized Spire","Friendly Minions","GifTheSpireLib","Hallownest","Hermit","Hubris","Infinite Spire","Jorbs\u0027s Wanderer Trilogy","Koishi","Luminous","Marisa????????","Menagerie","Minty Spire (QoL Compilation)","Pale of the Ancients","Permanent Neow","Potionbrewer","Prisma Mod","READ ME - Guardian Mod","Remilia??????","Replay The Spire","SCP261 Mod","Shop Mod","StSLib","The Animator","The Blackbeard","The Bug Knight","The Cursed","The Death Knight","The Disciple","The Exalted","The Hierophant","The Necromancer","The Servant 0.9.4","TheBandit","TheFirefly"],"gold_per_floor":[119,131,131,147,147,179,179,196,196,209,209,238,238,238,238,24,24,24,24],"floor_reached":18,"language":"ENG","playtime":1249,"items_purged":[],"score":112,"play_id":"da20ef17-876d-47d2-8e07-6758b62b47c4","local_time":"20210131030117","is_ascension_mode":false,"campfire_choices":[{"data":"Luminous:Balance_Baptism","floor":7,"key":"SMITH"},{"floor":13,"key":"RECALL"},{"data":"conspire:DoublingDagger","floor":17,"key":"SMITH"}],"circlet_count":0,"master_deck":["Luminous:Light_Flash_Shower","Luminous:Light_Flash_Shower","Luminous:Dark_Abyssal_Drop","Luminous:Dark_Abyssal_Drop","Luminous:Defend_Luminous","Luminous:Defend_Luminous","Luminous:Defend_Luminous","Luminous:Switch_Luminous","stsjorbsmod:Procrastination","Poisoned Strike","Luminous:Balance_Ender","Luminous:Darks_Surge_Luminous","Menagerie:SagesJudgement","Luminous:Light_Glare","conspire:DoublingDagger+1","Masterful Stab","Heel Hook","Luminous:Balance_Baptism+1","Luminous:Dark_Arcane_Pitch","Luminous:Fast_Spell_Luminous","Luminous:Light_Reflection","Luminous:Balance_Death_Scythe"],"relics":["Luminous:MirrorRelic","Replay:Bottled Steam","Bottled Lightning","Menagerie:HuntersKnife","SCP261:SadistsTumblerRelic"],"acts_visited":["Exordium"],"potions_floor_usage":[6,12,18,18],"damage_taken":[{"damage":0,"enemies":"Menagerie:MonstrousExperiment","floor":1,"turns":5},{"damage":4,"enemies":"Menagerie:WhisperingWraith","floor":2,"turns":4},{"damage":0,"enemies":"Menagerie:StygianBoar","floor":4,"turns":3},{"damage":24,"enemies":"Menagerie:MaskedSummoner","floor":6,"turns":7},{"damage":0,"enemies":"Menagerie:Hexasnake","floor":8,"turns":3},{"damage":12,"enemies":"Menagerie:KEEPER_AND_YOUNG_SUNEATER","floor":10,"turns":5},{"damage":1,"enemies":"Menagerie:STYGIAN_BOAR_AND_RABBIT","floor":12,"turns":4},{"damage":31,"enemies":"Menagerie:Chimera","floor":18,"turns":7}],"seed_played":"4666797073110370718","potions_obtained":[{"floor":2,"key":"LiquidMemories"},{"floor":6,"key":"SCP261:DewritoBlazePotion"},{"floor":8,"key":"Energy Potion"},{"floor":10,"key":"Block Potion"}],"is_trial":false,"path_per_floor":["M","M","?","M","?","E","R","M","T","M","?","M","R","PTL","PTL","$","R","B"],"character_chosen":"LuminousClass","items_purchased":["SCP261:SadistsTumblerRelic","Luminous:Balance_Death_Scythe"],"campfire_rested":0,"item_purchase_floors":[16,16],"current_hp_per_floor":[75,71,66,66,66,42,42,42,42,30,30,29,29,29,29,29,29,0,0],"gold":24,"neow_bonus":"RANDOM_COLORLESS_2","is_daily":false,"chose_seed":false,"campfire_upgraded":2,"win_rate":0.0,"timestamp":1612058477,"path_taken":["M","M","?","?","?","E","R","?","T","M","?","?","R","PTL","PTL","$","$","R","BOSS"],"items_purchased_type":["Relic","Card"],"build_version":"2020-12-22","purchased_purges":0,"victory":false,"max_hp_per_floor":[75,75,75,75,75,75,75,75,75,75,69,69,69,69,69,69,69,69,69],"card_choices":[{"not_picked":["Violence","Midas Touch"],"picked":"Poisoned Strike","floor":0},{"not_picked":["Luminous:Light_Track","Luminous:Blinding_Pillar_Luminous"],"picked":"Luminous:Balance_Ender","floor":1},{"not_picked":["Luminous:Concentrate_Luminous","Luminous:Light_Wash_Luminous"],"picked":"Luminous:Darks_Surge_Luminous","floor":2},{"not_picked":["Luminous:Dark_Dim_Erosion","Luminous:Dark_Pressure_Void"],"picked":"Luminous:Light_Glare","floor":4},{"not_picked":["Luminous:Darkness_Mastery_Luminous","Luminous:Dark_Dim_Erosion"],"picked":"Luminous:Balance_Baptism","floor":6},{"not_picked":["Luminous:Dark_Raid","Luminous:Dark_Dim_Erosion"],"picked":"Luminous:Dark_Arcane_Pitch","floor":8},{"not_picked":["Luminous:Dark_Raid","Luminous:Light_Disperse"],"picked":"Luminous:Fast_Spell_Luminous","floor":10},{"not_picked":["Luminous:Light_Spectral_Light","Luminous:Light_Wash_Luminous"],"picked":"Luminous:Light_Reflection","floor":12}],"player_experience":1646347,"relics_obtained":[{"floor":6,"key":"Replay:Bottled Steam"},{"floor":9,"key":"Bottled Lightning"}],"event_choices":[{"damage_healed":0,"gold_gain":0,"player_choice":"Help the mage","damage_taken":5,"max_hp_gain":0,"max_hp_loss":0,"event_name":"Menagerie:MageAndMonster","floor":3,"gold_loss":0,"cards_obtained":["Menagerie:SagesJudgement"]},{"damage_healed":0,"gold_gain":0,"player_choice":"Take","damage_taken":0,"relics_obtained":["Menagerie:HuntersKnife"],"max_hp_gain":0,"max_hp_loss":6,"event_name":"Menagerie:BigGameHunter","floor":11,"gold_loss":0}],"is_beta":false,"boss_relics":[],"items_purged_floors":[],"is_endless":false,"potions_floor_spawned":[2,6,8,10],"killed_by":"Menagerie:Chimera","ascension_level":0}}