{"host":"l2dnabsh5e0fsksb","time":1612137327,"event":{"mods":["2.2 Compatiblity","BaseMod","Downfall","Minty Spire (QoL Compilation)","Quick Restart","StSLib"],"gold_per_floor":[99,115,115,135,159,159,159,59,90,90,120,138,38,50,70,174,174,174,191,191,191,206,206,206,224,238,238,238,238],"floor_reached":27,"language":"ENG","playtime":563,"items_purged":[],"score":397,"play_id":"bb72273f-5659-4c14-8f5c-75575bd8e988","local_time":"20210201102527","is_ascension_mode":true,"campfire_choices":[{"floor":1.0,"key":"RECALL"},{"data":"bronze:DelayedSlice","floor":8.0,"key":"SMITH"},{"floor":10.0,"key":"REST"},{"floor":13.0,"key":"REST"},{"data":"bronze:Library","floor":18.0,"key":"SMITH"},{"floor":23,"key":"REST"}],"circlet_count":0,"master_deck":["AscendersBane","bronze:Strike","bronze:Strike","bronze:Strike","bronze:Strike","bronze:Defend","bronze:Defend","bronze:Defend","bronze:Defend","bronze:Replicate","bronze:InfiniteLoop","bronze:DelayedSlice+1","Regret","bronze:Return","bronze:WhirlingStrike","bronze:OilSpill","bronze:Philosophize","bronze:Deprecate","bronze:Flail","bronze:Library+1","bronze:OilSpill","bronze:Iterate","bronze:BuggyMess","bronze:Constructor+1"],"relics":["bronze:BronzeCore","Shuriken","hexamod:CandleOfCauterizing","downfall:HeartBlessingRed","Letter Opener","downfall:HeartBlessingBlue","Black Star","downfall:RedIOU","Bronze Scales"],"acts_visited":["Exordium","TheCity"],"potions_floor_usage":[],"damage_taken":[{"damage":5.0,"enemies":"Cultist","floor":2.0,"turns":4.0},{"damage":2.0,"enemies":"Jaw Worm","floor":4.0,"turns":2.0},{"damage":31.0,"enemies":"Lagavulin","floor":9.0,"turns":4.0},{"damage":0.0,"enemies":"Gremlin Nob","floor":11.0,"turns":2.0},{"damage":0.0,"enemies":"Small Slimes","floor":12.0,"turns":2.0},{"damage":27.0,"enemies":"3 Louse","floor":14.0,"turns":3.0},{"damage":14.0,"enemies":"Blue Slaver","floor":15.0,"turns":3.0},{"damage":28.0,"enemies":"IC_STATUS_ARCHETYPE","floor":16.0,"turns":6.0},{"damage":11,"enemies":"Spheric Guardian","floor":19,"turns":3},{"damage":32,"enemies":"Shell Parasite","floor":22,"turns":4},{"damage":0,"enemies":"3 Cultists","floor":25,"turns":3},{"damage":31,"enemies":"Snecko","floor":26,"turns":4},{"damage":13,"enemies":"Slavers","floor":27,"turns":1}],"seed_played":"5101924077217675400","potions_obtained":[{"floor":9.0,"key":"FearPotion"},{"floor":12.0,"key":"sneckomod:MuddlingPotion"},{"floor":15.0,"key":"Swift Potion"},{"floor":16.0,"key":"DuplicationPotion"},{"floor":26,"key":"champ:CounterPotion"}],"is_trial":false,"path_per_floor":["R","M","?","M","T","?","T","R","E","R","E","M","R","M","M","B",null,"R","M","?","?","M","R","T","M","M","E"],"character_chosen":"THE_AUTOMATON","items_purchased":[],"campfire_rested":3,"item_purchase_floors":[],"current_hp_per_floor":[63,58,58,56,56,56,56,56,25,46,46,46,80,53,39,11,63,63,52,52,52,20,44,44,44,13,0,0,0],"gold":238,"neow_bonus":"TRANSFORM_CARD","is_daily":false,"chose_seed":false,"campfire_upgraded":2,"win_rate":0.0,"timestamp":1612137327,"path_taken":["R","M","?","M","?","?","T","R","E","R","E","M","R","M","M","BOSS","R","M","?","?","M","R","T","M","M","E"],"items_purchased_type":[],"build_version":"2020-12-22","purchased_purges":0,"victory":false,"max_hp_per_floor":[70,70,70,70,70,70,70,70,70,70,70,70,80,80,80,80,80,80,80,80,80,80,80,80,80,80,80,80,80],"card_choices":[{"not_picked":["bronze:Branch","bronze:NullPointer"],"picked":"bronze:DelayedSlice","floor":2.0},{"not_picked":["bronze:BuggyMess","bronze:DigitalCarnage"],"picked":"bronze:Return","floor":4.0},{"not_picked":["bronze:DigitalCarnage","bronze:TinkerersToolbox"],"picked":"bronze:WhirlingStrike","floor":9.0},{"not_picked":["bronze:Hardcode","bronze:Return"],"picked":"bronze:OilSpill","floor":11.0},{"not_picked":["bronze:NullPointer","bronze:DigitalCarnage","bronze:WhirlingStrike"],"picked":"SKIP","floor":12.0},{"not_picked":["bronze:Branch","bronze:BitShift"],"picked":"bronze:Philosophize","floor":13.0},{"not_picked":["bronze:BronzeArmor","bronze:Turbo"],"picked":"bronze:Deprecate","floor":14.0},{"not_picked":["bronze:BugBarrage","bronze:Separator"],"picked":"bronze:Flail","floor":15.0},{"not_picked":["bronze:Virus","bronze:Format"],"picked":"bronze:Library","floor":16.0},{"not_picked":["bronze:BronzeArmor","bronze:DigitalCarnage"],"picked":"bronze:OilSpill","floor":19},{"not_picked":["bronze:FineTuning","bronze:ClassDefault"],"picked":"bronze:Iterate","floor":22},{"not_picked":["bronze:BitShift","bronze:Frontload"],"picked":"bronze:BuggyMess","floor":25},{"not_picked":["bronze:Return","bronze:Iterate"],"picked":"bronze:Constructor+1","floor":26}],"player_experience":1883924,"relics_obtained":[{"floor":7.0,"key":"hexamod:CandleOfCauterizing"},{"floor":9.0,"key":"Letter Opener"},{"floor":11.0,"key":"Dream Catcher"},{"floor":24,"key":"Bronze Scales"}],"event_choices":[{"damage_healed":0.0,"max_hp_gain":0.0,"max_hp_loss":0.0,"gold_gain":0.0,"event_name":"Big Fish","player_choice":"Box","floor":3.0,"gold_loss":0.0,"damage_taken":0.0,"relics_obtained":["Shuriken"],"cards_obtained":["Regret"]},{"damage_healed":0,"gold_gain":0,"player_choice":"Ignored","damage_taken":0,"max_hp_gain":0,"max_hp_loss":0,"event_name":"Ghosts","floor":20,"gold_loss":0}],"is_beta":false,"boss_relics":[{"not_picked":["Calling Bell","Cursed Key"],"picked":"Black Star"}],"items_purged_floors":[],"is_endless":false,"potions_floor_spawned":[9,12,15,16,22,26],"killed_by":"Slavers","ascension_level":12}}