{"host":"rzjc4nrqz5d54r3r","time":1612080775,"event":{"mods":["BaseMod","Colored Map","Keyboard Shortcuts","Minty Spire (QoL Compilation)","Quick Restart","StSLib","SuperFastMode","everything is the same but u backflip on backflip"],"gold_per_floor":[114,127,142,142,142,142,142,156,156,175,100,126,126,139,139,259,259,259],"floor_reached":17,"language":"KOR","playtime":299,"items_purged":["Strike_P"],"score":228,"play_id":"54163b83-9d0e-48be-b686-5faa93ed4cd9","local_time":"20210131171255","is_ascension_mode":true,"campfire_choices":[{"data":"SignatureMove","floor":6,"key":"SMITH"},{"data":"SashWhip","floor":15,"key":"SMITH"}],"circlet_count":0,"master_deck":["Strike_P","Strike_P","Defend_P","Defend_P","Defend_P","Defend_P","Eruption+1","Vigilance","Blasphemy+1","SashWhip+1","SignatureMove+1","FlurryOfBlows","InnerPeace","Vault"],"relics":["PureWater","Art of War","Dead Branch","Happy Flower","Golden Idol","Runic Dome"],"acts_visited":["Exordium","TheCity"],"potions_floor_usage":[],"damage_taken":[{"damage":11.0,"enemies":"Small Slimes","floor":1.0,"turns":5.0},{"damage":0.0,"enemies":"Jaw Worm","floor":2.0,"turns":3.0},{"damage":0.0,"enemies":"2 Louse","floor":3.0,"turns":1.0},{"damage":18,"enemies":"Lots of Slimes","floor":8,"turns":3},{"damage":1,"enemies":"Red Slaver","floor":10,"turns":2},{"damage":0,"enemies":"Gremlin Nob","floor":12,"turns":1},{"damage":17,"enemies":"Looter","floor":14,"turns":2},{"damage":14,"enemies":"Hexaghost","floor":16,"turns":6}],"seed_played":"-9156075158611021051","potions_obtained":[{"floor":1.0,"key":"StancePotion"},{"floor":3.0,"key":"Ancient Potion"},{"floor":8,"key":"Swift Potion"}],"is_trial":false,"path_per_floor":["M","M","M","?","T","R","?","M","T","M","$","E","?","M","R","B",null],"character_chosen":"WATCHER","items_purchased":[],"campfire_rested":0,"item_purchase_floors":[],"current_hp_per_floor":[61,61,61,61,61,61,61,43,43,42,42,42,42,25,25,11,67,67],"gold":259,"neow_bonus":"TRANSFORM_CARD","is_daily":false,"chose_seed":false,"campfire_upgraded":2,"win_rate":0.0,"timestamp":1612080775,"path_taken":["M","M","M","?","?","R","?","M","T","?","?","E","?","M","R","BOSS"],"items_purchased_type":[],"build_version":"2020-12-22","purchased_purges":1,"victory":false,"max_hp_per_floor":[72,72,72,72,72,72,72,72,72,72,72,72,67,67,67,67,67,67],"card_choices":[{"not_picked":["DeceiveReality","Protect"],"picked":"SashWhip","floor":1.0},{"not_picked":["FlurryOfBlows","EmptyBody"],"picked":"SignatureMove","floor":2.0},{"not_picked":["WreathOfFlame","EmptyFist"],"picked":"FlurryOfBlows","floor":3.0},{"not_picked":["Swivel","ThirdEye","ReachHeaven"],"picked":"SKIP","floor":8},{"not_picked":["Collect","FlurryOfBlows","Swivel"],"picked":"SKIP","floor":10},{"not_picked":["Pray","Swivel","ForeignInfluence"],"picked":"SKIP","floor":12},{"not_picked":["Wireheading","Meditate"],"picked":"InnerPeace","floor":14},{"not_picked":["SpiritShield","Brilliance"],"picked":"Vault","floor":16}],"player_experience":56654,"relics_obtained":[{"floor":5,"key":"Art of War"},{"floor":9,"key":"Dead Branch"},{"floor":12,"key":"Happy Flower"}],"event_choices":[{"damage_healed":0.0,"max_hp_gain":0.0,"max_hp_loss":0.0,"gold_gain":0.0,"event_name":"Living Wall","player_choice":"Grow","floor":4.0,"gold_loss":0.0,"damage_taken":0.0,"cards_upgraded":["Eruption"]},{"damage_healed":0,"gold_gain":0,"player_choice":"Upgraded","damage_taken":0,"max_hp_gain":0,"max_hp_loss":0,"event_name":"Upgrade Shrine","floor":7,"gold_loss":0,"cards_upgraded":["Blasphemy"]},{"damage_healed":0,"gold_gain":0,"player_choice":"Lose Max HP","damage_taken":0,"relics_obtained":["Golden Idol"],"max_hp_gain":0,"max_hp_loss":5,"event_name":"Golden Idol","floor":13,"gold_loss":0}],"is_beta":false,"boss_relics":[{"not_picked":["Black Star","Busted Crown"],"picked":"Runic Dome"}],"items_purged_floors":[11],"is_endless":false,"potions_floor_spawned":[1,3,8,14],"ascension_level":2}}