{"host":"f0gpob8hq9vgebej","time":1612106143,"event":{"mods":["AchievementEnabler","BaseMod","Minty Spire (QoL Compilation)","Quick Restart","SuperFastMode"],"gold_per_floor":[110,110,110,123,44,71,71,71,96,113,124,142,173,186,186,282,282,301,301,313,327,31,31,31,31],"floor_reached":24,"language":"KOR","playtime":507,"items_purged":["Strike_B"],"score":373,"play_id":"5c39b016-7cda-4de2-aecb-e5bd61768d54","local_time":"20210201001543","is_ascension_mode":true,"campfire_choices":[{"data":"Zap","floor":7.0,"key":"SMITH"},{"data":"Defragment","floor":15.0,"key":"SMITH"},{"data":"Creative AI","floor":23.0,"key":"SMITH"}],"circlet_count":0,"master_deck":["AscendersBane","Strike_B","Strike_B","Defend_B","Defend_B","Defend_B","Defend_B","Zap+1","Dualcast","Consume","Turbo","Capacitor","Skim","Ball Lightning","Cold Snap","Barrage","Defragment+1","Creative AI+1","Hologram","White Noise","Double Energy+1","Auto Shields+1","Defragment"],"relics":["Cracked Core","NeowsBlessing","Orichalcum","Blood Vial","Strawberry","SlaversCollar","Orrery"],"acts_visited":["Exordium","TheCity"],"potions_floor_usage":[],"damage_taken":[{"damage":0.0,"enemies":"2 Louse","floor":1.0,"turns":1.0},{"damage":0.0,"enemies":"Jaw Worm","floor":4.0,"turns":1.0},{"damage":0.0,"enemies":"3 Sentries","floor":6.0,"turns":2.0},{"damage":4.0,"enemies":"Cultist","floor":10.0,"turns":4.0},{"damage":17.0,"enemies":"3 Louse","floor":11.0,"turns":3.0},{"damage":7.0,"enemies":"Looter","floor":12.0,"turns":3.0},{"damage":16.0,"enemies":"Lagavulin","floor":13.0,"turns":6.0},{"damage":8.0,"enemies":"Exordium Wildlife","floor":14.0,"turns":3.0},{"damage":6.0,"enemies":"Hexaghost","floor":16.0,"turns":9.0},{"damage":0.0,"enemies":"3 Byrds","floor":18.0,"turns":4.0},{"damage":23.0,"enemies":"Spheric Guardian","floor":20.0,"turns":6.0},{"damage":21.0,"enemies":"Cultist and Chosen","floor":21.0,"turns":6.0},{"damage":42,"enemies":"Slavers","floor":24,"turns":3}],"seed_played":"-2731823604921567053","potions_obtained":[{"floor":10.0,"key":"LiquidBronze"},{"floor":11.0,"key":"SneckoOil"},{"floor":16.0,"key":"Weak Potion"},{"floor":20.0,"key":"ColorlessPotion"}],"is_trial":false,"path_per_floor":["M","?","?","M","$","E","R","$","T","M","M","M","E","M","R","B",null,"M","?","M","M","$","R","E"],"character_chosen":"DEFECT","items_purchased":["Capacitor","Orrery","Defragment"],"campfire_rested":0,"item_purchase_floors":[5,22,22],"current_hp_per_floor":[68,73,66,66,66,66,66,66,66,64,49,44,37,31,31,27,72,74,74,53,34,34,34,0,0],"gold":31,"neow_bonus":"THREE_ENEMY_KILL","is_daily":false,"chose_seed":false,"campfire_upgraded":3,"win_rate":0.0,"timestamp":1612106143,"path_taken":["M","?","?","M","$","E","R","?","T","?","M","M","E","M","R","BOSS","M","?","M","M","$","R","E"],"items_purchased_type":["Card","Relic","Card"],"build_version":"2020-12-22","purchased_purges":1,"victory":false,"max_hp_per_floor":[75,80,80,80,80,80,80,80,80,80,80,80,87,87,87,87,87,87,87,87,87,87,87,87,87],"card_choices":[{"not_picked":["Hologram","Steam Power"],"picked":"Consume","floor":1.0},{"not_picked":["Steam","Chaos"],"picked":"Turbo","floor":4.0},{"not_picked":["Fusion","Leap"],"picked":"Skim","floor":6.0},{"not_picked":["Recycle","Turbo","Undo"],"picked":"SKIP","floor":10.0},{"not_picked":["Compile Driver","Beam Cell"],"picked":"Ball Lightning","floor":11.0},{"not_picked":["Melter","Go for the Eyes"],"picked":"Cold Snap","floor":12.0},{"not_picked":["Force Field","Turbo"],"picked":"Barrage","floor":13.0},{"not_picked":["Genetic Algorithm","Gash"],"picked":"Defragment","floor":14.0},{"not_picked":["Biased Cognition","Fission"],"picked":"Creative AI","floor":16.0},{"not_picked":["Blizzard","Reprogram"],"picked":"Hologram","floor":18.0},{"not_picked":["Leap","Consume","Barrage"],"picked":"SKIP","floor":20.0},{"not_picked":["Hologram","Steam","Fusion"],"picked":"SKIP","floor":21.0},{"not_picked":["Barrage","Genetic Algorithm"],"picked":"White Noise","floor":22.0},{"not_picked":["Streamline","Coolheaded"],"picked":"Double Energy+1","floor":22.0},{"not_picked":["Hyperbeam","Steam Power"],"picked":"Auto Shields+1","floor":22.0}],"player_experience":332974,"relics_obtained":[{"floor":6.0,"key":"Orichalcum"},{"floor":9.0,"key":"Blood Vial"},{"floor":13.0,"key":"Strawberry"}],"event_choices":[{"damage_healed":0.0,"max_hp_gain":5.0,"max_hp_loss":0.0,"gold_gain":0.0,"event_name":"Big Fish","player_choice":"Donut","floor":2.0,"gold_loss":0.0,"damage_taken":0.0},{"cards_removed":["Strike_B"],"damage_healed":0.0,"max_hp_gain":0.0,"max_hp_loss":0.0,"gold_gain":0.0,"event_name":"Golden Wing","player_choice":"Card Removal","floor":3.0,"gold_loss":0.0,"damage_taken":7.0},{"damage_healed":0.0,"max_hp_gain":0.0,"max_hp_loss":0.0,"gold_gain":0.0,"event_name":"Cursed Tome","player_choice":"Ignored","floor":19.0,"gold_loss":0.0,"damage_taken":0.0}],"is_beta":false,"boss_relics":[{"not_picked":["FrozenCore","Velvet Choker"],"picked":"SlaversCollar"}],"items_purged_floors":[22],"is_endless":false,"potions_floor_spawned":[10,11,13,16,20],"killed_by":"Slavers","ascension_level":12}}