{"host":"2l3i55whvwk76mom","time":1612056532,"event":{"mods":["BaseMod","Googly Eyes","Hermit","Hubris","Minty Spire (QoL Compilation)","Replay The Spire","StSLib","The Cursed","The Disciple","The Hierophant","The Jungle","The Necromancer"],"gold_per_floor":[117,128,128,13,28,28,60,60,114,144,144,179,189,201,201,306,306,316,327,71,71,71,71,97,97,146,146,146],"floor_reached":27,"language":"ENG","playtime":1300,"items_purged":["Pain"],"score":384,"play_id":"729f5289-7aac-43b0-8755-37d8348db430","local_time":"20210130172852","is_ascension_mode":true,"campfire_choices":[{"data":"Combust","floor":6,"key":"SMITH"},{"floor":11,"key":"REST"},{"data":"Shrug It Off","floor":15,"key":"SMITH"},{"floor":23,"key":"REST"}],"circlet_count":0,"master_deck":["Strike_R","Strike_R","Strike_R","Strike_R","Strike_R","Defend_R","Defend_R","Defend_R","Defend_R","Bash","Twin Strike","Combust+1","Sword Boomerang","Hemokinesis+1","Shrug It Off+1","Blood for Blood","Power Through","Sword Boomerang","Immolate","CurseOfTheBell","Replay:Hysterical Blindness","Sickly","Decay","Pommel Strike+1","Pot Of Greed","Pot Of Greed","Pot Of Greed"],"relics":["Burning Blood","NeowsBlessing","WarpedTongs","Blood Vial","Ancient Tea Set","Replay:Mystery Machine","Kunai","Replay:Ancient Bell","Bag of Marbles","Paper Frog","Replay:Arrowhead","Self Forming Clay","Another Sword","Grinning Jar"],"acts_visited":["Exordium","TheCity"],"potions_floor_usage":[7,16,16,16],"damage_taken":[{"damage":0,"enemies":"2 Louse","floor":1,"turns":1},{"damage":0,"enemies":"Cultist","floor":2,"turns":1},{"damage":1,"enemies":"Small Slimes","floor":5,"turns":1},{"damage":22,"enemies":"Lagavulin","floor":7,"turns":6},{"damage":30,"enemies":"3 Sentries","floor":10,"turns":6},{"damage":4,"enemies":"Gremlin Nob","floor":12,"turns":2},{"damage":4,"enemies":"3 Louse","floor":13,"turns":2},{"damage":5,"enemies":"2 Fungi Beasts","floor":14,"turns":3},{"damage":66,"enemies":"Fading Forest","floor":16,"turns":11},{"damage":29,"enemies":"Shell Parasite","floor":18,"turns":7},{"damage":31,"enemies":"3 Byrds","floor":19,"turns":5},{"damage":49,"enemies":"Replay:Snechameleon","floor":24,"turns":8},{"damage":12,"enemies":"Sentry and Sphere","floor":27,"turns":3}],"seed_played":"-8316986026702109049","potions_obtained":[{"floor":1,"key":"ColorlessPotion"},{"floor":2,"key":"Elixir"},{"floor":10,"key":"Reflective Coating"},{"floor":12,"key":"SneckoOil"},{"floor":24,"key":"SpeedPotion"}],"is_trial":false,"path_per_floor":["M","M","?","$","M","R","E","?","T","E","R","E","M","M","R","B",null,"M","M","$","?","$","R","E","$","T","M"],"character_chosen":"IRONCLAD","items_purchased":["Combust","Self Forming Clay"],"campfire_rested":2,"item_purchase_floors":[4,20],"current_hp_per_floor":[78,80,80,80,80,80,64,64,64,42,66,70,74,77,77,35,69,48,25,25,25,25,49,8,8,8,0,0],"gold":146,"neow_bonus":"THREE_ENEMY_KILL","is_daily":false,"chose_seed":false,"campfire_upgraded":2,"win_rate":0.0,"timestamp":1612056532,"path_taken":["M","M","?","$","?","R","E","?","T","E","R","E","M","M","R","BOSS","M","M","$","?","$","R","E","$","T","M"],"items_purchased_type":["Card","Relic"],"build_version":"2020-12-22","purchased_purges":1,"victory":false,"max_hp_per_floor":[80,80,80,80,80,80,80,80,80,80,80,80,80,80,80,80,80,80,80,80,80,80,80,80,80,80,80,80],"card_choices":[{"not_picked":["Bloodletting","Flex"],"picked":"Twin Strike","floor":1},{"not_picked":["Iron Wave","Pommel Strike"],"picked":"Spot Weakness","floor":2},{"not_picked":["Heavy Blade","Rampage"],"picked":"Sword Boomerang","floor":5},{"not_picked":["Infernal Blade","Searing Blow","Power Through"],"picked":"SKIP","floor":7},{"not_picked":["Second Wind","Combust"],"picked":"Shrug It Off","floor":10},{"not_picked":["Reckless Charge","hubris:CleavingFinish"],"picked":"Blood for Blood","floor":12},{"not_picked":["Second Wind","Wild Strike"],"picked":"Power Through","floor":13},{"not_picked":["Reckless Charge","Clash"],"picked":"Sword Boomerang","floor":14},{"not_picked":["Corruption","Impervious"],"picked":"Immolate","floor":16},{"not_picked":["Voices","Decay"],"picked":"CurseOfTheBell","floor":17},{"not_picked":["Pain","Voices"],"picked":"Replay:Hysterical Blindness","floor":17},{"not_picked":["Voices","Pain"],"picked":"Sickly","floor":17},{"not_picked":["hubris:CleavingFinish","Reckless Charge","Heavy Blade"],"picked":"SKIP","floor":18},{"not_picked":["Havoc","Rampage","Replay:Undeath\u0027s Touch"],"picked":"SKIP","floor":19},{"not_picked":["Run Through","Flame Barrier"],"picked":"Pommel Strike+1","floor":24}],"player_experience":341118,"relics_obtained":[{"floor":7,"key":"Blood Vial"},{"floor":9,"key":"Ancient Tea Set"},{"floor":10,"key":"Replay:Mystery Machine"},{"floor":12,"key":"Kunai"},{"floor":24,"key":"Another Sword"},{"floor":26,"key":"Grinning Jar"}],"event_choices":[{"damage_healed":0,"gold_gain":0,"player_choice":"Rummage","damage_taken":0,"relics_obtained":["WarpedTongs"],"max_hp_gain":0,"max_hp_loss":0,"event_name":"Accursed Blacksmith","floor":3,"gold_loss":0,"cards_obtained":["Pain"]},{"damage_healed":0,"gold_gain":0,"player_choice":"Smashed Altar","damage_taken":0,"max_hp_gain":0,"max_hp_loss":0,"event_name":"Forgotten Altar","floor":21,"gold_loss":0,"cards_obtained":["Decay"]}],"is_beta":false,"boss_relics":[{"not_picked":["Replay:Drink Me","ReplayTheSpireMod:DimensionalGlitch"],"picked":"Replay:Ancient Bell"},{"not_picked":["War Paint","Potion Belt"],"picked":"Bag of Marbles"},{"not_picked":["Onion Ring","hubris:PeanutButter"],"picked":"Paper Frog"},{"not_picked":["hubris:FunFungus","Thread and Needle"],"picked":"Replay:Arrowhead"}],"items_purged_floors":[4],"is_endless":false,"potions_floor_spawned":[1,2,10,12,24],"killed_by":"Sentry and Sphere","ascension_level":8}}