{"host":"w7tt687j332gugiq","time":1612096529,"event":{"mods":["BaseMod","Minty Spire (QoL Compilation)","StSLib"],"gold_per_floor":[119,119,119,135,58,58,83,95,107,153,165,194,206,218,230,341,353,347,371,383,395,460,472,517,529,566,593,605,208,208,233,233,330,330,347,365,365,265,265,265,265,265],"floor_reached":41,"language":"ZHS","playtime":1256,"items_purged":["Strike_G","Strike_G"],"score":585,"play_id":"5aa13916-24cd-4275-9f33-7e20cd827899","local_time":"20210131203529","is_ascension_mode":true,"campfire_choices":[{"data":"Cloak And Dagger","floor":6.0,"key":"SMITH"},{"floor":8.0,"key":"REST"},{"floor":11.0,"key":"REST"},{"data":"Slice","floor":13.0,"key":"SMITH"},{"floor":15.0,"key":"RECALL"},{"data":"Venomology","floor":23.0,"key":"SMITH"},{"floor":25.0,"key":"REST"},{"floor":28.0,"key":"REST"},{"data":"Blur","floor":30.0,"key":"SMITH"},{"data":"Concentrate","floor":32.0,"key":"SMITH"},{"data":"Storm of Steel","floor":40,"key":"SMITH"}],"circlet_count":0,"master_deck":["Strike_G","Strike_G+1","Defend_G","Defend_G","Defend_G","Survivor","Neutralize+1","Flying Knee","Cloak And Dagger+1","Infinite Blades+1","Slice+1","Blur+1","Escape Plan","Venomology+1","Dagger Throw+1","Prepared+1","Flash of Steel+1","Concentrate+1","Storm of Steel+1","Blade Dance+1"],"relics":["Runic Pyramid","Ninja Scroll","MawBank","Toy Ornithopter","Molten Egg 2","Empty Cage","White Beast Statue","Regal Pillow","Ornamental Fan","Anchor","Black Star"],"acts_visited":["Exordium","TheCity","TheBeyond"],"potions_floor_usage":[33,33,33,33,36,36,36,41,41],"damage_taken":[{"damage":1.0,"enemies":"Small Slimes","floor":1.0,"turns":6.0},{"damage":0.0,"enemies":"Jaw Worm","floor":4.0,"turns":3.0},{"damage":25.0,"enemies":"Gremlin Nob","floor":7.0,"turns":4.0},{"damage":17.0,"enemies":"Lagavulin","floor":10.0,"turns":7.0},{"damage":0.0,"enemies":"2 Louse","floor":12.0,"turns":2.0},{"damage":38.0,"enemies":"Hexaghost","floor":16.0,"turns":12.0},{"damage":22.0,"enemies":"2 Thieves","floor":18.0,"turns":4.0},{"damage":9.0,"enemies":"Shell Parasite","floor":19.0,"turns":6.0},{"damage":0.0,"enemies":"Snake Plant","floor":21.0,"turns":1.0},{"damage":38.0,"enemies":"Slavers","floor":24.0,"turns":7.0},{"damage":23.0,"enemies":"Snecko","floor":27.0,"turns":5.0},{"damage":8.0,"enemies":"Book of Stabbing","floor":31.0,"turns":8.0},{"damage":64,"enemies":"Collector","floor":33,"turns":15},{"damage":13,"enemies":"Orb Walker","floor":35,"turns":5},{"damage":10,"enemies":"3 Darklings","floor":36,"turns":7},{"damage":70,"enemies":"Giant Head","floor":41,"turns":8}],"seed_played":"5575689192509279181","potions_obtained":[{"floor":4.0,"key":"SmokeBomb"},{"floor":16.0,"key":"Regen Potion"},{"floor":24.0,"key":"Fire Potion"},{"floor":27.0,"key":"Block Potion"},{"floor":31.0,"key":"Explosive Potion"},{"floor":33,"key":"CunningPotion"},{"floor":35,"key":"SkillPotion"},{"floor":36,"key":"Fruit Juice"}],"is_trial":false,"path_per_floor":["M","?","T","M","$","R","E","R","T","E","R","M","R","?","R","B",null,"M","M","?","M","T","R","E","R","T","M","R","$","R","E","R","B",null,"M","M","?","$","?","R","E"],"character_chosen":"THE_SILENT","items_purchased":["Infinite Blades","Ornamental Fan","Flash of Steel+1"],"campfire_rested":4,"item_purchase_floors":[5,29,29],"current_hp_per_floor":[62,48,48,48,48,48,23,44,44,27,48,48,48,48,48,10,55,33,49,49,54,54,54,16,37,37,29,65,65,65,62,62,31,60,47,57,57,57,57,57,0,0],"gold":265,"neow_bonus":"BOSS_RELIC","is_daily":false,"chose_seed":false,"campfire_upgraded":6,"win_rate":0.0,"timestamp":1612096529,"path_taken":["M","?","?","M","$","R","E","R","T","E","R","M","R","?","R","BOSS","M","?","?","M","?","R","E","R","T","M","R","$","R","E","R","BOSS","M","M","?","$","?","R","E"],"items_purchased_type":["Card","Relic","Card"],"build_version":"2020-12-22","purchased_purges":2,"victory":false,"max_hp_per_floor":[70,70,70,70,70,70,70,70,70,70,70,70,70,70,70,70,70,70,70,70,70,70,70,70,70,70,70,70,70,70,70,70,70,70,70,75,75,75,75,75,75,75],"card_choices":[{"not_picked":["Sucker Punch","Dodge and Roll"],"picked":"Flying Knee","floor":1.0},{"not_picked":["Quick Slash","Backstab"],"picked":"Cloak And Dagger","floor":4.0},{"not_picked":["Endless Agony","Underhanded Strike"],"picked":"Slice","floor":7.0},{"not_picked":["Bouncing Flask","Quick Slash+1"],"picked":"Blur","floor":10.0},{"not_picked":["Caltrops","Masterful Stab+1"],"picked":"Escape Plan","floor":12.0},{"not_picked":["Corpse Explosion","Night Terror"],"picked":"Venomology","floor":16.0},{"not_picked":["Outmaneuver","Setup","Dagger Spray+1"],"picked":"SKIP","floor":18.0},{"not_picked":["PiercingWail","Sucker Punch+1"],"picked":"Dagger Throw+1","floor":19.0},{"not_picked":["Blade Dance","Bullet Time","Reflex"],"picked":"SKIP","floor":24.0},{"not_picked":["Choke+1","Acrobatics"],"picked":"Prepared+1","floor":27.0},{"not_picked":["Endless Agony+1","Noxious Fumes+1"],"picked":"Concentrate","floor":31.0},{"not_picked":["Phantasmal Killer","Malaise"],"picked":"Storm of Steel","floor":33},{"not_picked":["Slice+1","Underhanded Strike+1"],"picked":"Blade Dance+1","floor":35},{"not_picked":["Outmaneuver","Poisoned Stab+1","Dagger Throw+1"],"picked":"SKIP","floor":36}],"player_experience":149893,"relics_obtained":[{"floor":3.0,"key":"Ninja Scroll"},{"floor":7.0,"key":"MawBank"},{"floor":9.0,"key":"Toy Ornithopter"},{"floor":10.0,"key":"Molten Egg 2"},{"floor":24.0,"key":"White Beast Statue"},{"floor":26.0,"key":"Regal Pillow"},{"floor":31.0,"key":"Anchor"}],"event_choices":[{"damage_healed":0.0,"max_hp_gain":0.0,"max_hp_loss":0.0,"gold_gain":0.0,"event_name":"Shining Light","player_choice":"Entered Light","floor":2.0,"gold_loss":0.0,"damage_taken":14.0,"cards_upgraded":["Strike_G","Neutralize"]},{"damage_healed":0.0,"max_hp_gain":0.0,"max_hp_loss":0.0,"gold_gain":0.0,"event_name":"Upgrade Shrine","player_choice":"Upgraded","floor":14.0,"gold_loss":0.0,"damage_taken":0.0,"cards_upgraded":["Infinite Blades"]},{"damage_healed":0.0,"max_hp_gain":0.0,"max_hp_loss":0.0,"gold_gain":0.0,"event_name":"Ghosts","player_choice":"Ignored","floor":20.0,"gold_loss":0.0,"damage_taken":0.0},{"cards_removed":["Defend_G"],"damage_healed":0,"gold_gain":0,"player_choice":"Removed Skill","damage_taken":0,"max_hp_gain":0,"max_hp_loss":0,"event_name":"Falling","floor":37,"gold_loss":0},{"damage_healed":0,"gold_gain":0,"player_choice":"Ignored","damage_taken":0,"max_hp_gain":0,"max_hp_loss":0,"event_name":"Tomb of Lord Red Mask","floor":39,"gold_loss":0}],"is_beta":false,"boss_relics":[{"not_picked":["Ectoplasm","Tiny House"],"picked":"Empty Cage"},{"not_picked":["SlaversCollar","SacredBark"],"picked":"Black Star"}],"items_purged_floors":[29,38],"is_endless":false,"potions_floor_spawned":[4,16,24,27,31,33,35,36],"killed_by":"Giant Head","ascension_level":7}}