{"host":"4k1o517shm2ba6vh","time":1612053707,"event":{"mods":["AchievementEnabler","BaseMod","Minty Spire (QoL Compilation)","StSLib","The Poker Player","everything is the same but u backflip on backflip"],"gold_per_floor":[116,116,116,1,1,34,45,72,72,82,113,1,11,44,44,148,148,167,178,178,195,270,270,284,284,284,284,319,319,334,50,50,151,151,169,169,169,219,219,252,252,298,350,379,389,402,38,67,79,91],"floor_reached":51,"language":"ENG","playtime":2492,"items_purged":[],"score":1386,"play_id":"f75f4915-5d42-44ca-a41d-dcc83873bbc0","local_time":"20210130184147","is_ascension_mode":true,"campfire_choices":[{"floor":15,"key":"REST"},{"floor":23,"key":"REST"},{"floor":25,"key":"REST"},{"data":"Noxious Fumes","floor":27,"key":"SMITH"},{"floor":32,"key":"REST"},{"floor":41,"key":"REST"},{"floor":49,"key":"REST"}],"circlet_count":0,"master_deck":["AscendersBane","Survivor","Neutralize","Caltrops","Well Laid Plans","Dash","Poisoned Stab","Cloak And Dagger","Noxious Fumes+1","Catalyst","Poisoned Stab","Bouncing Flask","Apotheosis","Adrenaline","Adrenaline"],"relics":["Ring of the Snake","NeowsBlessing","Blood Vial","Tingsha","Omamori","Bottled Flame","White Beast Statue","Singing Bowl","Gremlin Horn","Pandora\u0027s Box","Sundial","Lantern","Enchiridion","Black Star","Peace Pipe","Bag of Preparation","MealTicket","Ginger","Regal Pillow","Orichalcum","Meat on the Bone","Ninja Scroll","MawBank","Du-Vu Doll"],"acts_visited":["TheCity","TheBeyond"],"potions_floor_usage":[8,11,12,13,14,16,18,24,28,30,32,38,42,42,45,46,50,50],"damage_taken":[{"damage":0,"enemies":"2 Louse","floor":1,"turns":1},{"damage":0,"enemies":"3 Sentries","floor":6,"turns":1},{"damage":1,"enemies":"Small Slimes","floor":7,"turns":1},{"damage":26,"enemies":"Gremlin Nob","floor":8,"turns":5},{"damage":4,"enemies":"Cultist","floor":10,"turns":4},{"damage":14,"enemies":"3 Sentries","floor":11,"turns":9},{"damage":31,"enemies":"Gremlin Gang","floor":13,"turns":9},{"damage":17,"enemies":"Gremlin Nob","floor":14,"turns":6},{"damage":43,"enemies":"The Guardian","floor":16,"turns":11},{"damage":12,"enemies":"3 Byrds","floor":18,"turns":4},{"damage":4,"enemies":"Shell Parasite","floor":19,"turns":7},{"damage":25,"enemies":"Snake Plant","floor":21,"turns":4},{"damage":25,"enemies":"Centurion and Healer","floor":24,"turns":6},{"damage":60,"enemies":"Slavers","floor":28,"turns":6},{"damage":10,"enemies":"Cultist and Chosen","floor":30,"turns":5},{"damage":23,"enemies":"Champ","floor":33,"turns":7},{"damage":11,"enemies":"Orb Walker","floor":35,"turns":3},{"damage":0,"enemies":"Mind Bloom Boss Battle","floor":38,"turns":4},{"damage":30,"enemies":"Giant Head","floor":40,"turns":6},{"damage":30,"enemies":"2 Orb Walkers","floor":42,"turns":5},{"damage":33,"enemies":"Nemesis","floor":44,"turns":5},{"damage":14,"enemies":"3 Shapes","floor":45,"turns":4},{"damage":6,"enemies":"Transient","floor":46,"turns":5},{"damage":0,"enemies":"Giant Head","floor":48,"turns":6},{"damage":48,"enemies":"Time Eater","floor":50,"turns":5}],"seed_played":"-8291776352075437044","potions_obtained":[{"floor":1,"key":"Weak Potion"},{"floor":7,"key":"Weak Potion"},{"floor":10,"key":"Poison Potion"},{"floor":11,"key":"Fruit Juice"},{"floor":13,"key":"SpeedPotion"},{"floor":14,"key":"Regen Potion"},{"floor":16,"key":"Energy Potion"},{"floor":18,"key":"CunningPotion"},{"floor":19,"key":"Swift Potion"},{"floor":21,"key":"FairyPotion"},{"floor":24,"key":"AttackPotion"},{"floor":28,"key":"SneckoOil"},{"floor":30,"key":"Explosive Potion"},{"floor":33,"key":"Regen Potion"},{"floor":35,"key":"SkillPotion"},{"floor":38,"key":"DistilledChaos"},{"floor":40,"key":"Regen Potion"},{"floor":42,"key":"DuplicationPotion"},{"floor":44,"key":"GamblersBrew"},{"floor":45,"key":"CultistPotion"},{"floor":46,"key":"Fruit Juice"}],"is_trial":false,"path_per_floor":["M","?","?","$","?","E","M","E","T","M","E","$","M","E","R","B",null,"M","M","?","M","?","R","M","R","T","R","E","?","M","$","R","B",null,"M","?","$","?","$","E","R","?","T","E","M","M","$","E","R","B",null],"character_chosen":"THE_SILENT","items_purchased":["Well Laid Plans","Dash","Catalyst","Regen Potion","Fruit Juice","Apotheosis","Adrenaline","Ninja Scroll","Poison Potion"],"campfire_rested":6,"item_purchase_floors":[4,4,12,12,31,31,47,47,47],"current_hp_per_floor":[63,60,60,60,60,62,63,39,39,37,27,32,20,5,28,4,62,54,52,52,31,23,48,27,53,53,53,25,9,3,3,35,14,76,69,69,69,85,85,59,89,78,78,49,51,66,81,85,117,69],"gold":103,"neow_bonus":"THREE_ENEMY_KILL","is_daily":false,"chose_seed":false,"campfire_upgraded":1,"win_rate":0.0,"timestamp":1612053707,"path_taken":["M","?","?","$","?","E","M","E","T","M","E","$","?","E","R","BOSS","M","?","?","M","?","R","?","R","T","R","E","?","M","$","R","BOSS","M","?","$","?","$","E","R","?","T","E","M","M","$","E","R","BOSS"],"items_purchased_type":["Card","Card","Card","Potion","Potion","Card","Card","Relic","Potion"],"build_version":"2020-12-22","purchased_purges":0,"victory":true,"max_hp_per_floor":[70,70,70,70,70,70,70,70,70,70,72,77,79,79,79,81,81,83,83,83,85,85,85,87,87,87,87,89,89,91,91,96,96,96,98,98,98,100,100,102,102,104,104,106,108,115,115,117,117,117],"card_choices":[{"not_picked":["Finisher","Dagger Throw"],"picked":"Caltrops","floor":1},{"not_picked":["All Out Attack","Slice"],"picked":"Poisoned Stab","floor":6},{"not_picked":["Outmaneuver","Bane"],"picked":"Cloak And Dagger","floor":7},{"not_picked":["Phantasmal Killer","Outmaneuver","Bane"],"picked":"SKIP","floor":8},{"not_picked":["Deflect","Reflex"],"picked":"Noxious Fumes","floor":10},{"not_picked":["Underhanded Strike","Blade Dance","Dagger Spray"],"picked":"Singing Bowl","floor":11},{"not_picked":["Outmaneuver","Infinite Blades","Underhanded Strike"],"picked":"Singing Bowl","floor":13},{"not_picked":["Deadly Poison","Storm of Steel"],"picked":"Poisoned Stab","floor":14},{"not_picked":["Envenom","Grand Finale","Die Die Die"],"picked":"Singing Bowl","floor":16},{"not_picked":["Poisoned Stab","Outmaneuver","Acrobatics"],"picked":"Singing Bowl","floor":18},{"not_picked":["Expertise","Deadly Poison"],"picked":"Bouncing Flask","floor":19},{"not_picked":["Dagger Throw+1","Flying Knee","Skewer"],"picked":"Singing Bowl","floor":21},{"not_picked":["Finisher","Calculated Gamble","Predator"],"picked":"Singing Bowl","floor":24},{"not_picked":["Flying Knee","Prepared","Tactician"],"picked":"Singing Bowl","floor":28},{"not_picked":["Deadly Poison","Envenom","Flying Knee"],"picked":"Singing Bowl","floor":30},{"not_picked":["Envenom","Doppelganger"],"picked":"Adrenaline","floor":33},{"not_picked":["Flying Knee","Quick Slash","Calculated Gamble"],"picked":"Singing Bowl","floor":35},{"not_picked":["Accuracy","Dagger Throw","PiercingWail"],"picked":"Singing Bowl","floor":38},{"not_picked":["Deflect","Underhanded Strike","Predator"],"picked":"Singing Bowl","floor":40},{"not_picked":["Flying Knee","Leg Sweep","Calculated Gamble"],"picked":"Singing Bowl","floor":42},{"not_picked":["Underhanded Strike","Choke","Endless Agony"],"picked":"Singing Bowl","floor":44},{"not_picked":["Dash+1","Heel Hook","Leg Sweep+1"],"picked":"Singing Bowl","floor":45},{"not_picked":["Bane","All Out Attack","Outmaneuver"],"picked":"Singing Bowl","floor":46},{"not_picked":["Finisher","Flechettes","Leg Sweep+1"],"picked":"Singing Bowl","floor":48}],"player_experience":441158,"relics_obtained":[{"floor":6,"key":"Omamori"},{"floor":8,"key":"Bottled Flame"},{"floor":9,"key":"White Beast Statue"},{"floor":11,"key":"Singing Bowl"},{"floor":14,"key":"Gremlin Horn"},{"floor":26,"key":"Sundial"},{"floor":28,"key":"Lantern"},{"floor":29,"key":"Enchiridion"},{"floor":38,"key":"Peace Pipe"},{"floor":40,"key":"Bag of Preparation"},{"floor":40,"key":"MealTicket"},{"floor":42,"key":"Ginger"},{"floor":43,"key":"Regal Pillow"},{"floor":44,"key":"Orichalcum"},{"floor":44,"key":"Meat on the Bone"},{"floor":48,"key":"MawBank"},{"floor":48,"key":"Du-Vu Doll"}],"event_choices":[{"damage_healed":0,"gold_gain":0,"player_choice":"Success","damage_taken":3,"relics_obtained":["Blood Vial"],"max_hp_gain":0,"max_hp_loss":0,"event_name":"Scrap Ooze","floor":2,"gold_loss":0},{"cards_removed":["Strike_G"],"damage_healed":0,"gold_gain":0,"player_choice":"Forget","damage_taken":0,"max_hp_gain":0,"max_hp_loss":0,"event_name":"Living Wall","floor":3,"gold_loss":0},{"damage_healed":0,"gold_gain":0,"player_choice":"Gave Potion","damage_taken":0,"relics_obtained":["Tingsha"],"max_hp_gain":0,"max_hp_loss":0,"event_name":"WeMeetAgain","floor":5,"gold_loss":0},{"damage_healed":0,"gold_gain":0,"player_choice":"Ignored","damage_taken":0,"max_hp_gain":0,"max_hp_loss":0,"event_name":"Ghosts","floor":20,"gold_loss":0},{"damage_healed":0,"gold_gain":75,"player_choice":"Touch","damage_taken":8,"max_hp_gain":0,"max_hp_loss":0,"event_name":"FaceTrader","floor":22,"gold_loss":0},{"damage_healed":0,"gold_gain":0,"player_choice":"Obtained Book","damage_taken":16,"max_hp_gain":0,"max_hp_loss":0,"event_name":"Cursed Tome","floor":29,"gold_loss":0},{"damage_healed":0,"gold_gain":0,"player_choice":"Ignored","damage_taken":0,"max_hp_gain":0,"max_hp_loss":0,"event_name":"Tomb of Lord Red Mask","floor":36,"gold_loss":0},{"damage_healed":0,"gold_gain":0,"player_choice":"Fight","damage_taken":0,"max_hp_gain":0,"max_hp_loss":0,"event_name":"MindBloom","floor":38,"gold_loss":0},{"damage_healed":0,"gold_gain":0,"player_choice":"Fight","damage_taken":0,"max_hp_gain":0,"max_hp_loss":0,"event_name":"Mysterious Sphere","floor":42,"gold_loss":0}],"is_beta":false,"boss_relics":[{"not_picked":["WristBlade","SlaversCollar"],"picked":"Pandora\u0027s Box"},{"not_picked":["Calling Bell","Snecko Eye"],"picked":"Black Star"}],"items_purged_floors":[],"is_endless":false,"potions_floor_spawned":[1,7,10,11,13,14,16,18,19,21,24,28,30,33,35,38,40,42,44,45,46,48],"ascension_level":12}}