{"host":"jz4ul6vrcxqkcr33","time":1612053070,"event":{"mods":["BaseMod","Minty Spire (QoL Compilation)","StSLib"],"gold_per_floor":[164,180,180,196,196,226,226,259,284,299,326,338,42,56,56,56,56],"floor_reached":16,"language":"ENG","playtime":606,"items_purged":[],"score":140,"play_id":"3add0f16-4459-4ecc-ae54-805ff9df39a2","local_time":"20210130193110","is_ascension_mode":true,"campfire_choices":[{"data":"Weave","floor":7.0,"key":"SMITH"},{"data":"ForeignInfluence","floor":15,"key":"SMITH"}],"circlet_count":0,"master_deck":["Strike_P","Strike_P","Strike_P+1","Defend_P","Defend_P","Defend_P","Defend_P","Eruption","Vigilance","JustLucky","FlurryOfBlows","Weave+1","JustLucky","EmptyBody","CutThroughFate","ClearTheMind","Blasphemy","ForeignInfluence+1","ThirdEye"],"relics":["Tiny House","Potion Belt","Regal Pillow","Blood Vial","CaptainsWheel","Tiny Chest","Anchor"],"acts_visited":["Exordium"],"potions_floor_usage":[12],"damage_taken":[{"damage":0.0,"enemies":"Small Slimes","floor":1.0,"turns":2.0},{"damage":0.0,"enemies":"Cultist","floor":2.0,"turns":3.0},{"damage":2.0,"enemies":"Jaw Worm","floor":4.0,"turns":3.0},{"damage":8.0,"enemies":"3 Sentries","floor":6.0,"turns":5.0},{"damage":13.0,"enemies":"Lagavulin","floor":8.0,"turns":7.0},{"damage":0.0,"enemies":"2 Fungi Beasts","floor":10.0,"turns":2.0},{"damage":19.0,"enemies":"Gremlin Nob","floor":11.0,"turns":4.0},{"damage":1,"enemies":"Blue Slaver","floor":12,"turns":3},{"damage":0,"enemies":"Gremlin Gang","floor":14,"turns":3},{"damage":100042,"enemies":"The Guardian","floor":16,"turns":9}],"seed_played":"-2460849220736419811","potions_obtained":[{"floor":0.0,"key":"Explosive Potion"},{"floor":1.0,"key":"Explosive Potion"},{"floor":6.0,"key":"Swift Potion"},{"floor":8.0,"key":"SkillPotion"},{"floor":14,"key":"GamblersBrew"}],"is_trial":false,"path_per_floor":["M","M","?","M","?","E","R","E","T","M","E","M","$","M","R","B"],"character_chosen":"WATCHER","items_purchased":["Tiny Chest","Anchor"],"campfire_rested":0,"item_purchase_floors":[13,13],"current_hp_per_floor":[77,77,77,75,80,72,72,59,59,61,44,45,45,47,47,0,0],"gold":56,"neow_bonus":"BOSS_RELIC","is_daily":false,"chose_seed":false,"campfire_upgraded":2,"win_rate":0.0,"timestamp":1612053070,"path_taken":["M","M","?","?","?","E","R","E","T","M","E","M","$","M","R","BOSS"],"items_purchased_type":["Relic","Relic"],"build_version":"2020-12-13","purchased_purges":0,"victory":false,"max_hp_per_floor":[77,77,77,77,82,82,82,82,82,82,82,82,82,82,82,82,82],"card_choices":[{"not_picked":["WindmillStrike","Halt"],"picked":"JustLucky","floor":0.0},{"not_picked":["Protect","EmptyFist"],"picked":"FlurryOfBlows","floor":1.0},{"not_picked":["Protect","Evaluate"],"picked":"Weave","floor":2.0},{"not_picked":["ThirdEye","ClearTheMind"],"picked":"JustLucky","floor":4.0},{"not_picked":["CrushJoints","Halt"],"picked":"EmptyBody","floor":6.0},{"not_picked":["Swivel","Halt"],"picked":"CutThroughFate","floor":8.0},{"not_picked":["FlyingSleeves","EmptyFist"],"picked":"ClearTheMind","floor":10.0},{"not_picked":["PathToVictory","Protect"],"picked":"Blasphemy","floor":11.0},{"not_picked":["EmptyFist","Crescendo"],"picked":"ForeignInfluence","floor":12},{"not_picked":["InnerPeace","EmptyBody"],"picked":"ThirdEye","floor":14}],"player_experience":197525,"relics_obtained":[{"floor":6.0,"key":"Potion Belt"},{"floor":8.0,"key":"Regal Pillow"},{"floor":9.0,"key":"Blood Vial"},{"floor":11.0,"key":"CaptainsWheel"}],"event_choices":[{"cards_removed":["Strike_P"],"damage_healed":0.0,"max_hp_gain":0.0,"max_hp_loss":0.0,"gold_gain":0.0,"event_name":"Purifier","player_choice":"Purged","floor":3.0,"gold_loss":0.0,"damage_taken":0.0},{"damage_healed":0.0,"max_hp_gain":5.0,"max_hp_loss":0.0,"gold_gain":0.0,"event_name":"Big Fish","player_choice":"Donut","floor":5.0,"gold_loss":0.0,"damage_taken":0.0}],"is_beta":false,"boss_relics":[],"items_purged_floors":[],"is_endless":false,"potions_floor_spawned":[1,6,8,14],"killed_by":"The Guardian","ascension_level":3}}