{"host":"baiuyraednrljtmn","time":1612077032,"event":{"mods":["BaseMod","Colored Map","Colored Powertips","DeckTracker","Keyboard Shortcuts","Minty Spire (QoL Compilation)","Relic Stats","StSLib","SuperFastMode","everything is the same but u backflip on backflip"],"gold_per_floor":[113,188,25,25,175,175,28,28,28,55,72,4,24,24,24,102,102,119,154,18,36,86,86,86],"floor_reached":23,"language":"KOR","playtime":549,"items_purged":["Doubt","Strike_P"],"score":370,"play_id":"b674fb02-54be-4be1-93eb-510ab7604481","local_time":"20210131161032","is_ascension_mode":true,"campfire_choices":[{"data":"Eruption","floor":6.0,"key":"SMITH"},{"data":"EmptyFist","floor":8.0,"key":"SMITH"},{"floor":15.0,"key":"REST"}],"circlet_count":0,"master_deck":["AscendersBane","Strike_P","Strike_P","Strike_P","Defend_P","Defend_P","Defend_P","Defend_P","Eruption+1","Vigilance","Panache","FlurryOfBlows+1","EmptyFist+1","EmptyBody","Adaptation","Prostrate","Prostrate","LessonLearned","Adaptation","CrushJoints","MentalFortress+1","FollowUp","FlurryOfBlows"],"relics":["PureWater","Membership Card","ClockworkSouvenir","White Beast Statue","GoldenEye","Orichalcum","SacredBark","Red Mask","Orrery"],"acts_visited":["Exordium","TheCity"],"potions_floor_usage":[19,19,23,23],"damage_taken":[{"damage":11.0,"enemies":"Jaw Worm","floor":1.0,"turns":4.0},{"damage":22.0,"enemies":"Gremlin Nob","floor":10.0,"turns":4.0},{"damage":4.0,"enemies":"Small Slimes","floor":11.0,"turns":2.0},{"damage":2.0,"enemies":"2 Louse","floor":13.0,"turns":2.0},{"damage":23.0,"enemies":"Hexaghost","floor":16.0,"turns":9.0},{"damage":6.0,"enemies":"Spheric Guardian","floor":18.0,"turns":5.0},{"damage":22,"enemies":"Masked Bandits","floor":19,"turns":4},{"damage":6,"enemies":"Chosen","floor":21,"turns":5},{"damage":23,"enemies":"Slavers","floor":23,"turns":3}],"seed_played":"2761876183565505644","potions_obtained":[{"floor":10.0,"key":"SpeedPotion"},{"floor":11.0,"key":"SteroidPotion"},{"floor":13.0,"key":"AttackPotion"},{"floor":16.0,"key":"SkillPotion"},{"floor":18.0,"key":"BlessingOfTheForge"},{"floor":19,"key":"GamblersBrew"},{"floor":21,"key":"SpeedPotion"}],"is_trial":false,"path_per_floor":["M","?","$","?","?","R","$","R","T","E","M","$","M","T","R","B",null,"M","?","$","M","?","E"],"character_chosen":"WATCHER","items_purchased":["Membership Card","EmptyFist","ClockworkSouvenir","Adaptation","Prostrate","Orrery"],"campfire_rested":1,"item_purchase_floors":[3,7,7,12,12,20],"current_hp_per_floor":[50,39,39,32,32,32,32,32,32,10,6,6,4,4,24,1,51,45,23,23,17,17,0,0],"gold":86,"neow_bonus":"RANDOM_COLORLESS_2","is_daily":false,"chose_seed":false,"campfire_upgraded":2,"win_rate":0.0,"timestamp":1612077032,"path_taken":["M","?","$","?","?","R","$","R","T","E","M","$","M","?","R","BOSS","M","?","$","M","?","E"],"items_purchased_type":["Relic","Card","Relic","Card","Card","Relic"],"build_version":"2020-12-22","purchased_purges":2,"victory":false,"max_hp_per_floor":[68,68,68,68,68,68,68,68,68,68,68,68,68,68,68,68,68,68,68,68,68,68,68,68],"relic_stats":{"counters":[9,38],"Orichalcum":[12],"GoldenEye":[0],"obtain_stats":[{"SacredBark":17,"Orrery":20,"Red Mask":19,"Membership Card":3,"PureWater":0,"Orichalcum":14,"GoldenEye":10,"White Beast Statue":9,"ClockworkSouvenir":7},{"SacredBark":5,"Orrery":7,"Red Mask":7,"Membership Card":1,"PureWater":0,"Orichalcum":4,"GoldenEye":2,"White Beast Statue":1,"ClockworkSouvenir":1},{"SacredBark":21,"Orrery":30,"Red Mask":30,"Membership Card":4,"PureWater":0,"Orichalcum":12,"GoldenEye":8,"White Beast Statue":4,"ClockworkSouvenir":4}]},"card_choices":[{"not_picked":["Sadistic Nature","Secret Technique"],"picked":"Panache","floor":0.0},{"not_picked":["PathToVictory","FlyingSleeves"],"picked":"FlurryOfBlows","floor":1.0},{"not_picked":["ReachHeaven","Worship","WindmillStrike"],"picked":"SKIP","floor":10.0},{"not_picked":["CutThroughFate","WindmillStrike"],"picked":"EmptyBody","floor":11.0},{"not_picked":["InnerPeace","Perseverance"],"picked":"Prostrate","floor":13.0},{"not_picked":["Devotion","Wish"],"picked":"LessonLearned","floor":16.0},{"not_picked":["PathToVictory","CarveReality"],"picked":"Adaptation","floor":18.0},{"not_picked":["PathToVictory","Conclude"],"picked":"CrushJoints","floor":19},{"not_picked":["EmptyFist","LessonLearned"],"picked":"MentalFortress+1","floor":20},{"not_picked":["Evaluate","Swivel"],"picked":"FollowUp","floor":20},{"not_picked":["Conclude","Halt"],"picked":"FlurryOfBlows","floor":20},{"not_picked":["Halt","CrushJoints","WheelKick"],"picked":"SKIP","floor":21}],"player_experience":1431410,"relics_obtained":[{"floor":9.0,"key":"White Beast Statue"},{"floor":10.0,"key":"GoldenEye"},{"floor":14.0,"key":"Orichalcum"},{"floor":19,"key":"Red Mask"}],"event_choices":[{"damage_healed":0.0,"max_hp_gain":0.0,"max_hp_loss":0.0,"gold_gain":75.0,"event_name":"World of Goop","player_choice":"Gather Gold","floor":2.0,"gold_loss":0.0,"damage_taken":11.0},{"cards_removed":["Shame"],"damage_healed":0.0,"max_hp_gain":0.0,"max_hp_loss":0.0,"gold_gain":0.0,"event_name":"Golden Wing","player_choice":"Card Removal","floor":4.0,"gold_loss":0.0,"damage_taken":7.0},{"damage_healed":0.0,"max_hp_gain":0.0,"max_hp_loss":0.0,"gold_gain":150.0,"event_name":"Liars Game","player_choice":"AGREE","floor":5.0,"gold_loss":0.0,"damage_taken":0.0,"cards_obtained":["Doubt"]},{"damage_healed":0,"gold_gain":0,"player_choice":"Fought Bandits","damage_taken":0,"max_hp_gain":0,"max_hp_loss":0,"event_name":"Masked Bandits","floor":19,"gold_loss":0},{"damage_healed":0,"gold_gain":50,"player_choice":"Pray","damage_taken":0,"max_hp_gain":0,"max_hp_loss":0,"event_name":"Golden Shrine","floor":22,"gold_loss":0}],"is_beta":false,"boss_relics":[{"not_picked":["HolyWater","Runic Pyramid"],"picked":"SacredBark"}],"items_purged_floors":[7,20],"is_endless":false,"potions_floor_spawned":[10,11,13,16,18,19,21],"killed_by":"Slavers","ascension_level":20}}