{"host":"Nico","time":1612129612,"event":{"mods":["2.2 Compatiblity","AchievementEnabler","Aspiration","BaseMod","Beaked The Cultist","Better Altar","Better Note","Better Skull","Conspire","Custom Start","Displayed Cursed Tome","Energized Spire","Halation","Highlight Path","Hubris","Infinite Spire","Minty Spire (QoL Compilation)","Permanent Neow","Poor People Problems","Relic Filter Mod","Relic Sorter","Replay The Spire","Shop Mod","StSLib","Synergy Search","The Cursed","TheVacant","Trackpad","Transform Curses","Unknown Chances"],"gold_per_floor":[116,116,134,134,134,134,104,104,104,139,152,183,183,193,193,296,296,314,314,160,177,177,177,190,210,210,210,132,132,32,62,62,190,190,210,210,229,229,239,239,266,321,321,380,443,143,200,0,0,11,11,11,11,60,78,78],"floor_reached":55,"language":"ENG","playtime":3064,"items_purged":["hubris:Compulsion"],"score":783,"play_id":"d7077988-2452-432c-85d7-396a0881b257","local_time":"20210131214652","is_ascension_mode":false,"campfire_choices":[{"floor":6,"key":"REST"},{"data":"TheCursedMod:CursedWand","floor":8,"key":"SMITH"},{"data":"TheCursedMod:CursedBlade","floor":13,"key":"SMITH"},{"floor":15,"key":"DIG"},{"data":"TheCursedMod:VoidForm","floor":23,"key":"SMITH"},{"data":"TheCursedMod:Hemoplague","floor":29,"key":"SMITH"},{"data":"TheCursedMod:CursedBlade","floor":32,"key":"SMITH"},{"data":"conspire:Banana","floor":40,"key":"SMITH"},{"floor":49,"key":"RECALL"},{"data":"beaked:Insight","floor":52,"key":"SMITH"}],"circlet_count":0,"master_deck":["TheCursedMod:Defend_TheCursed","TheCursedMod:Defend_TheCursed","TheCursedMod:Defend_TheCursed","TheCursedMod:Defend_TheCursed","TheCursedMod:CursedWand+1","TheCursedMod:CleanUpWorkshop","TheCursedMod:Dregs","TheCursedMod:CircleOfCorruption","TheCursedMod:CursedBlade+1","hubris:InfiniteBlow+15","TheCursedMod:CircleOfCorruption","TheCursedMod:TacticalStrike","TheCursedMod:CursedBlade+1","TheCursedMod:VoidForm+1","TheCursedMod:SurpriseAttack","Bite","Bite","Bite","Bite","Bite","TheCursedMod:Torture+1","hubris:Wrath","TheCursedMod:Hemoplague+1","conspire:SpireCoStock","conspire:SpireCoStock","Machine Learning","theVacant:Anguish+1","conspire:Banana+1","infinitespire:Collect","beaked:Insight+1","TheCursedMod:SpitefulPlan","TheCursedMod:OutForBlood"],"relics":["TheCursedMod:BlackMagic101","hubris:EvacipatedBox","infinitespire:Lychee Nut","halation:LostSnail","aspiration:HummingbirdHeart","trackpad:Mousetrap","infinitespire:CursedDice","Replay:Bottled Steam","Cursed Key","MerchantsRug","TheCursedMod:OminousMark","PrismaticShard","infinitespire:Satchel","MutagenicStrength","ReplayTheSpireMod:Onyx Gauntlets","Oddly Smooth Stone","hubris:Reverence","aspiration:FrozenJewel","conspire:DecoderRing","Eternal Feather","Anchor","Red Mask","conspire:GiftBox"],"acts_visited":["Exordium","TheCity","TheBeyond","TheEnding"],"potions_floor_usage":[55,55,55],"damage_taken":[{"damage":0,"enemies":"Jaw Worm","floor":1,"turns":3},{"damage":0,"enemies":"Cultist","floor":3,"turns":2},{"damage":4,"enemies":"3 Sentries","floor":10,"turns":4},{"damage":0,"enemies":"Small Slimes","floor":11,"turns":1},{"damage":0,"enemies":"Lagavulin","floor":12,"turns":2},{"damage":0,"enemies":"Exordium Thugs","floor":14,"turns":2},{"damage":12,"enemies":"Hexaghost","floor":16,"turns":3},{"damage":0,"enemies":"2 Thieves","floor":18,"turns":2},{"damage":0,"enemies":"Chosen","floor":21,"turns":2},{"damage":0,"enemies":"Snecko","floor":24,"turns":1},{"damage":1,"enemies":"3 Cultists","floor":25,"turns":3},{"damage":0,"enemies":"Shelled Parasite and Fungi","floor":31,"turns":1},{"damage":9,"enemies":"Automaton","floor":33,"turns":4},{"damage":0,"enemies":"Orb Walker","floor":35,"turns":2},{"damage":17,"enemies":"3 Darklings","floor":37,"turns":3},{"damage":5,"enemies":"4 Shapes","floor":39,"turns":2},{"damage":34,"enemies":"Writhing Mass","floor":41,"turns":4},{"damage":6,"enemies":"Giant Head","floor":42,"turns":3},{"damage":0,"enemies":"Reptomancer","floor":44,"turns":1},{"damage":0,"enemies":"conspire:MimicChest","floor":45,"turns":3},{"damage":17,"enemies":"3 Darklings","floor":47,"turns":4},{"damage":16,"enemies":"Donu and Deca","floor":50,"turns":5},{"damage":18,"enemies":"Shield and Spear","floor":54,"turns":4},{"damage":82,"enemies":"The Heart","floor":55,"turns":6}],"seed_played":"7404120903675476506","potions_obtained":[{"floor":3,"key":"SpeedPotion"},{"floor":7,"key":"Weak Potion"},{"floor":7,"key":"Strength Potion"},{"floor":16,"key":"Flashbang"}],"is_trial":false,"path_per_floor":["M","?","M","T","$","R","?","R","T","E","M","E","R","M","R","B",null,"M","?","$","M","AVR","R","M","M","T","?","$","R","?","M","R","B",null,"M","AVR","M","?","M","R","M","E","T","E","?","$","M","?","R","B",null,"R","$","E","B"],"character_chosen":"THE_CURSED","items_purchased":["hubris:EvacipatedBox","infinitespire:Lychee Nut","halation:LostSnail","MerchantsRug","TheCursedMod:Hemoplague","Anchor","TheCursedMod:SpitefulPlan"],"campfire_rested":1,"item_purchase_floors":[5,5,5,20,28,46,46],"current_hp_per_floor":[75,75,75,75,32,48,48,48,48,50,53,56,56,56,56,44,56,56,39,39,39,39,39,39,39,39,39,39,39,39,39,39,35,39,39,39,23,14,14,14,15,27,27,27,40,40,34,34,47,37,49,49,49,37,0,0],"gold":78,"neow_bonus":"THREE_CARDS","is_daily":false,"chose_seed":false,"campfire_upgraded":7,"win_rate":0.0,"timestamp":1612129612,"path_taken":["M","?","?","?","?","R","?","R","T","E","M","E","R","M","R","BOSS","M","?","$","M","AVR","R","M","M","T","?","$","R","?","M","R","BOSS","M","AVR","M","?","M","R","M","E","T","E","?","?","?","?","R","BOSS","R","$","E","BOSS"],"items_purchased_type":["Relic","Relic","Relic","Relic","Card","Relic","Card"],"build_version":"2020-12-18","purchased_purges":1,"victory":false,"max_hp_per_floor":[75,75,75,75,56,56,56,56,56,56,56,56,56,56,56,56,56,56,39,39,39,39,39,39,39,39,39,39,39,39,39,39,39,39,39,39,39,39,39,39,41,43,43,43,45,45,47,47,47,49,49,49,49,51,53,53],"card_choices":[{"not_picked":["TheCursedMod:Obscuration","TheCursedMod:CursedAmulet"],"picked":"TheCursedMod:CircleOfCorruption","floor":0},{"not_picked":["TheCursedMod:CircleOfFlame","TheCursedMod:HellsGateOpen"],"picked":"TheCursedMod:CursedBlade","floor":1},{"not_picked":["TheCursedMod:CursedAmulet","TheCursedMod:CircleOfBlood"],"picked":"TheCursedMod:CircleOfCorruption","floor":3},{"not_picked":["TheCursedMod:Wield","TheCursedMod:Obscuration","TheCursedMod:FuryStrike"],"picked":"SKIP","floor":10},{"not_picked":["TheCursedMod:BlessingInDisguise","TheCursedMod:CircleOfCorruption"],"picked":"TheCursedMod:TacticalStrike","floor":11},{"not_picked":["TheCursedMod:CircleOfFlame","TheCursedMod:PrepareRite"],"picked":"TheCursedMod:CursedBlade","floor":12},{"not_picked":["TheCursedMod:SpitefulStrike","TheCursedMod:Mangle","TheCursedMod:CircleOfCorruption"],"picked":"SKIP","floor":14},{"not_picked":["TheCursedMod:NeowsMight","TheCursedMod:Neurasthenia"],"picked":"TheCursedMod:VoidForm","floor":16},{"not_picked":["TheCursedMod:CursedMace","TheCursedMod:Stigma"],"picked":"TheCursedMod:SurpriseAttack","floor":18},{"not_picked":["TheCursedMod:SurpriseAttack","TheCursedMod:CursedAmulet+1"],"picked":"TheCursedMod:Torture+1","floor":21},{"not_picked":["Scrape","FollowUp","Twin Strike"],"picked":"SKIP","floor":24},{"not_picked":["ReplayTheSpireMod:Stacked","TheCursedMod:RapidMovement","beaked:Brace"],"picked":"SKIP","floor":25},{"not_picked":["Swift Strike","Exhume","Purity"],"picked":"SKIP","floor":31},{"not_picked":["Magnetism","theVacant:VoidForm"],"picked":"Machine Learning","floor":33},{"not_picked":["TheCursedMod:RapidMovement","TheCursedMod:ReleasedKnowledge"],"picked":"theVacant:Anguish+1","floor":35},{"not_picked":["Spot Weakness+1","TheCursedMod:CircleOfCorruption+1"],"picked":"conspire:Banana","floor":37},{"not_picked":["Replay:Fractal Strike","infinitespire:Execution"],"picked":"infinitespire:Collect","floor":38},{"not_picked":["Prepared+1","beaked:Mantra+1","TheCursedMod:RapidMovement+1"],"picked":"SKIP","floor":39},{"not_picked":["Rage+1","Judgement","aspiration:Polymerization"],"picked":"SKIP","floor":41},{"not_picked":["Ball Lightning","beaked:Foresight+1","TheCursedMod:Wield+1"],"picked":"SKIP","floor":42},{"not_picked":["theVacant:FranticBlow+1","ReplayTheSpireMod:Strike From Hell","Chaos"],"picked":"SKIP","floor":44},{"not_picked":["Thunderclap","theVacant:WhenDarknessComes"],"picked":"beaked:Insight","floor":45},{"not_picked":["ReplayTheSpireMod:RavenHex+1","Catalyst+1","TheCursedMod:CursedMace+1"],"picked":"SKIP","floor":47},{"not_picked":["TheCursedMod:CircleOfAbyss","TheCursedMod:NeowsMight"],"picked":"TheCursedMod:OutForBlood","floor":54},{"not_picked":["beaked:SurvivalInstinct+1","Beam Cell","Cloak And Dagger+1"],"picked":"SKIP","floor":54}],"player_experience":697145,"relics_obtained":[{"floor":9,"key":"aspiration:HummingbirdHeart"},{"floor":10,"key":"trackpad:Mousetrap"},{"floor":12,"key":"infinitespire:CursedDice"},{"floor":15,"key":"Replay:Bottled Steam"},{"floor":26,"key":"infinitespire:Satchel"},{"floor":42,"key":"hubris:Reverence"},{"floor":43,"key":"aspiration:FrozenJewel"},{"floor":44,"key":"conspire:DecoderRing"},{"floor":45,"key":"Eternal Feather"},{"floor":54,"key":"conspire:GiftBox"}],"event_choices":[{"cards_removed":["TheCursedMod:CircleOfCorruption"],"damage_healed":0,"gold_gain":0,"player_choice":"Take \u0026 Give","damage_taken":0,"max_hp_gain":0,"max_hp_loss":0,"event_name":"betterNote:BetterNote","floor":2,"gold_loss":0,"cards_obtained":["hubris:InfiniteBlow"]},{"damage_healed":0,"gold_gain":0,"player_choice":"Bought 2 Potions","damage_taken":0,"max_hp_gain":0,"max_hp_loss":0,"event_name":"The Woman in Blue","floor":7,"gold_loss":0},{"damage_healed":0,"gold_gain":0,"player_choice":"Became a vampire","damage_taken":0,"max_hp_gain":0,"max_hp_loss":17,"event_name":"Vampires","floor":19,"gold_loss":0,"cards_obtained":["Bite","Bite","Bite","Bite","Bite"]},{"damage_healed":0,"gold_gain":0,"player_choice":"Inject Mutagens","damage_taken":0,"relics_obtained":["MutagenicStrength"],"max_hp_gain":0,"max_hp_loss":0,"event_name":"Drug Dealer","floor":27,"gold_loss":0},{"damage_healed":0,"gold_gain":0,"player_choice":"Invest 2","damage_taken":0,"max_hp_gain":0,"max_hp_loss":0,"event_name":"conspire:Investor","floor":30,"gold_loss":0},{"damage_healed":0,"gold_gain":0,"player_choice":"Paid","damage_taken":0,"relics_obtained":["Red Mask"],"max_hp_gain":0,"max_hp_loss":0,"event_name":"Tomb of Lord Red Mask","floor":48,"gold_loss":200}],"is_beta":true,"boss_relics":[{"not_picked":["SlaversCollar","Astrolabe","Replay:Grab Bag"],"picked":"Cursed Key"},{"not_picked":["halation:PlatinumPhoenix","Empty Cage","Snecko Eye"],"picked":"ReplayTheSpireMod:Onyx Gauntlets"}],"items_purged_floors":[46],"is_endless":false,"potions_floor_spawned":[3,12,16,31,33,39,44,45],"killed_by":"The Heart","ascension_level":0}}