{"host":"xkyjkr020mio9edy","time":1612134743,"event":{"mods":["AchievementEnabler","BaseMod","Block Reminder","Clockwork Mod","Colored Map","Colored Powertips","DeckTracker","Downfall","Glutton Mod","Gold Saver","Hubris","Minty Spire (QoL Compilation)","Permanent Neow","Quick Restart","Rare Cards Sparkle","Relic Filter Mod","Replay The Spire","StSLib","The Blue Laboratory","The Bug Knight","The Jungle","The Necromancer","TheHeartMod","Wandering Minibosses"],"gold_per_floor":[686,697,506,518,518,518,549,603,603,603,649,649,564,478,478,677,677,590,590,500,420,336,336,255,213,264,264,178,178,178,178,178,353,353,273,335,235,235],"floor_reached":37,"language":"ENG","playtime":1283,"items_purged":[],"score":652,"play_id":"b2bdfc31-c929-4d0e-bc02-ae5077ba7075","local_time":"20210131181223","is_ascension_mode":true,"campfire_choices":[{"floor":6,"key":"RECALL"},{"floor":10,"key":"REST"},{"floor":15,"key":"REST"},{"data":"Envenom","floor":23,"key":"SMITH"},{"floor":27,"key":"REST"},{"data":"Envenom","floor":32,"key":"SMITH"}],"circlet_count":0,"master_deck":["Strike_G+1","Strike_G+1","Strike_G+1","Strike_G+1","Defend_G+1","Defend_G+1","Defend_G+1","Survivor","Neutralize","Bane","Blade Dance","Caltrops","Swift Strike","Crippling Poison","Slice","Envenom+1","Sucker Punch","Outmaneuver","Caltrops","Corpse Explosion","Fluid Movement","ReplayTheSpireMod:From All Sides","Dodge and Roll","Envenom+1","Backstab","Bouncing Flask","Deadly Poison","Dash","Terror","Envenom","Distraction+1","ReplayTheSpireMod:Shiv Toss+1","Calculated Gamble+1","Terror+1","Predator+1"],"relics":["Ring of the Snake","Replay:Bandana","hexamod:CandleOfCauterizing","TwistedFunnel","hubris:Macrotransations","Nloth\u0027s Gift","Dream Catcher","Astrolabe"],"acts_visited":["Exordium","TheCity","TheBeyond"],"potions_floor_usage":[16,33,33,33],"damage_taken":[{"damage":4,"enemies":"2 Louse","floor":1,"turns":4},{"damage":3,"enemies":"Cultist","floor":2,"turns":4},{"damage":5,"enemies":"Jaw Worm","floor":4,"turns":4},{"damage":18,"enemies":"3 Sentries","floor":7,"turns":8},{"damage":4,"enemies":"Red Slaver","floor":8,"turns":3},{"damage":4,"enemies":"Blue Slaver","floor":11,"turns":3},{"damage":0,"enemies":"3 Louse","floor":13,"turns":1},{"damage":0,"enemies":"Exordium Wildlife","floor":14,"turns":1},{"damage":24,"enemies":"The Guardian","floor":16,"turns":10},{"damage":0,"enemies":"Shell Parasite","floor":18,"turns":1},{"damage":0,"enemies":"2 Thieves","floor":20,"turns":1},{"damage":0,"enemies":"Shelled Parasite and Fungi","floor":21,"turns":1},{"damage":0,"enemies":"Cultist and Chosen","floor":22,"turns":1},{"damage":0,"enemies":"Chosen and Byrds","floor":24,"turns":1},{"damage":5,"enemies":"Slavers","floor":25,"turns":3},{"damage":0,"enemies":"Centurion and Healer","floor":28,"turns":1},{"damage":59,"enemies":"Pondfish","floor":33,"turns":9},{"damage":0,"enemies":"3 Shapes","floor":35,"turns":1},{"damage":17,"enemies":"Orb Walker","floor":36,"turns":6}],"seed_played":"8763082701744592896","potions_obtained":[{"floor":1,"key":"blueLaboratory:EnvenomedCoating"},{"floor":4,"key":"blueLaboratory:ArtistsPotion"},{"floor":8,"key":"sneckomod:MuddlingPotion"},{"floor":13,"key":"EssenceOfSteel"},{"floor":16,"key":"blueLaboratory:FruitPunch"},{"floor":25,"key":"Dexterity Potion"},{"floor":36,"key":"blueLaboratory:FruitPunch"}],"is_trial":false,"path_per_floor":["M","M","$","M","?","R","E","M","T","R","M","$","M","M","R","B",null,"M","?","M","M","M","R","M","E","T","R","M","?","?","?","R","B",null,"M","M","M"],"character_chosen":"THE_SILENT","items_purchased":["Caltrops","Swift Strike","Crippling Poison","TwistedFunnel","hubris:Macrotransations"],"campfire_rested":3,"item_purchase_floors":[3,3,3,12,12],"current_hp_per_floor":[71,68,68,63,63,63,45,41,41,63,59,30,30,30,52,28,75,75,75,75,75,75,75,75,70,70,75,75,78,78,78,78,21,80,80,63,63,63],"gold":235,"neow_bonus":"RANDOM_EVENT","is_daily":false,"chose_seed":false,"campfire_upgraded":2,"win_rate":0.0,"timestamp":1612134743,"path_taken":["M","M","$","M","?","R","E","M","T","R","M","?","M","M","R","BOSS","M","?","M","M","M","R","M","E","T","R","?","?","?","?","R","BOSS","M","?","M"],"items_purchased_type":["Card","Card","Card","Relic","Relic"],"build_version":"2020-12-22","purchased_purges":0,"victory":false,"max_hp_per_floor":[75,75,75,75,75,75,75,75,75,75,75,75,75,75,75,75,75,75,75,75,75,75,75,75,75,75,75,75,78,78,78,78,80,80,80,80,80,80],"card_choices":[{"not_picked":["Reflex","Dagger Throw"],"picked":"Bane","floor":1},{"not_picked":["Cloak And Dagger","Hidden Blade"],"picked":"Blade Dance","floor":2},{"not_picked":["Prepared","Expertise"],"picked":"Slice","floor":4},{"not_picked":["Dodge and Roll","Catalyst"],"picked":"Envenom","floor":7},{"not_picked":["Blur","Bane"],"picked":"Sucker Punch","floor":8},{"not_picked":["All Out Attack","Acrobatics"],"picked":"Outmaneuver","floor":11},{"not_picked":["Footwork","Acrobatics"],"picked":"Caltrops","floor":13},{"not_picked":["PiercingWail","Phantasmal Killer"],"picked":"Skewer","floor":14},{"not_picked":["Die Die Die","Burst"],"picked":"Corpse Explosion","floor":16},{"not_picked":["Bane","hubris:Counter"],"picked":"Fluid Movement","floor":18},{"not_picked":["Hidden Blade+1","Backflip"],"picked":"ReplayTheSpireMod:From All Sides","floor":20},{"not_picked":["Burst","Choke"],"picked":"Dodge and Roll","floor":21},{"not_picked":["Prepared+1","Slice"],"picked":"Envenom","floor":22},{"not_picked":["Cloak And Dagger","Flying Knee"],"picked":"Backstab","floor":24},{"not_picked":["Corpse Explosion","Eviscerate"],"picked":"Bouncing Flask","floor":25},{"not_picked":["Endless Agony+1","Catalyst+1"],"picked":"Deadly Poison","floor":27},{"not_picked":["Endless Agony","Dodge and Roll+1"],"picked":"Dash","floor":28},{"not_picked":["Replay:Bag of Tricks","Burst"],"picked":"Envenom","floor":33},{"not_picked":["Backflip","Blade Dance+1"],"picked":"Terror+1","floor":35},{"not_picked":["hubris:SlightOfHand+1","Dagger Spray+1"],"picked":"Predator+1","floor":36}],"player_experience":158458,"relics_obtained":[{"floor":7,"key":"Replay:Bandana"},{"floor":9,"key":"hexamod:CandleOfCauterizing"},{"floor":25,"key":"Dream Catcher"}],"event_choices":[{"damage_healed":0,"gold_gain":0,"player_choice":"Donut","damage_taken":0,"max_hp_gain":5,"max_hp_loss":0,"event_name":"Big Fish","floor":0,"gold_loss":0},{"cards_removed":["Defend_G"],"damage_healed":0,"gold_gain":0,"player_choice":"Purged","damage_taken":0,"max_hp_gain":0,"max_hp_loss":0,"event_name":"Purifier","floor":5,"gold_loss":0},{"damage_healed":0,"gold_gain":0,"player_choice":"Traded Relic","damage_taken":0,"relics_obtained":["Nloth\u0027s Gift"],"max_hp_gain":0,"max_hp_loss":0,"event_name":"N\u0027loth","floor":19,"relics_lost":["ChewingGum"],"gold_loss":0},{"damage_healed":0,"gold_gain":0,"player_choice":"Simplicity","damage_taken":0,"max_hp_gain":0,"max_hp_loss":0,"event_name":"Back to Basics","floor":30,"gold_loss":0,"cards_upgraded":["Strike_G","Strike_G","Strike_G","Strike_G","Strike_G","Defend_G","Defend_G","Defend_G","Defend_G"]},{"damage_healed":0,"gold_gain":0,"player_choice":"Read","damage_taken":0,"max_hp_gain":0,"max_hp_loss":0,"event_name":"The Library","floor":31,"gold_loss":0,"cards_obtained":["Terror"]}],"is_beta":false,"boss_relics":[{"not_picked":["Painkiller Herb","hubris:Stopwatch"],"picked":"ChewingGum"},{"not_picked":["Ring of Chaos","Cursed Key"],"picked":"Astrolabe"}],"items_purged_floors":[],"is_endless":false,"potions_floor_spawned":[1,4,8,13,16,24,25,36],"killed_by":"3 Darklings","ascension_level":2}}