{"host":"yy1cu9q9bsxhflzi","time":1612079170,"event":{"mods":["BaseMod","DeckTracker","Minty Spire (QoL Compilation)","Quick Restart","StSLib","everything is the same but u backflip on backflip"],"gold_per_floor":[112,132,132,149,149,149,149,149,149,180,180,214,224,258,258,333,333,352,352,25,75,92,92,118,43,43,57,82,82,107,120,120,194,194,206,222,242,242,77,109,109,142,166,192,32,32,44,44,44,44,44,44,44,44,77,77,77],"floor_reached":56,"language":"KOR","playtime":2118,"items_purged":["Defend_G"],"score":2293,"play_id":"00e271cd-dce2-4229-b393-4b57e85f744a","local_time":"20210131164610","is_ascension_mode":true,"campfire_choices":[{"data":"A Thousand Cuts","floor":6.0,"key":"SMITH"},{"data":"A Thousand Cuts","floor":15.0,"key":"SMITH"},{"data":"A Thousand Cuts","floor":23.0,"key":"SMITH"},{"data":"Adrenaline","floor":29.0,"key":"SMITH"},{"data":"Outmaneuver","floor":32.0,"key":"SMITH"},{"floor":49,"key":"RECALL"},{"data":"Burst","floor":53,"key":"SMITH"}],"circlet_count":0,"master_deck":["AscendersBane","Defend_G","Defend_G","Defend_G","Defend_G","Survivor","A Thousand Cuts+1","A Thousand Cuts+1","A Thousand Cuts+1","A Thousand Cuts","A Thousand Cuts+1","Leg Sweep","Noxious Fumes","Outmaneuver+1","Backflip","Reflex","Adrenaline+1","Backflip","Expertise","Bullet Time","Burst+1","Acrobatics","Madness","Madness","Caltrops+1","Setup+1"],"relics":["Ring of the Snake","Mummified Hand","Bird Faced Urn","Happy Flower","Bottled Tornado","Paper Crane","Kunai","Pen Nib","Whetstone","Sozu","Ice Cream","The Specimen","Blue Candle","Bottled Lightning","Thread and Needle","Coffee Dripper","TheAbacus","Nunchaku","Frozen Egg 2","Strawberry","HornCleat","Medical Kit","Shuriken"],"acts_visited":["Exordium","TheCity","TheBeyond","TheEnding"],"potions_floor_usage":[56],"damage_taken":[{"damage":25.0,"enemies":"Cultist","floor":1.0,"turns":7.0},{"damage":7.0,"enemies":"2 Louse","floor":2.0,"turns":3.0},{"damage":5.0,"enemies":"Jaw Worm","floor":4.0,"turns":8.0},{"damage":12.0,"enemies":"Lagavulin","floor":10.0,"turns":8.0},{"damage":31.0,"enemies":"Gremlin Nob","floor":12.0,"turns":6.0},{"damage":2.0,"enemies":"3 Louse","floor":13.0,"turns":2.0},{"damage":12.0,"enemies":"3 Sentries","floor":14.0,"turns":4.0},{"damage":24.0,"enemies":"Hexaghost","floor":16.0,"turns":10.0},{"damage":17.0,"enemies":"2 Thieves","floor":18.0,"turns":3.0},{"damage":13.0,"enemies":"Chosen","floor":22.0,"turns":6.0},{"damage":14.0,"enemies":"Slavers","floor":24.0,"turns":2.0},{"damage":0.0,"enemies":"Sentry and Sphere","floor":27.0,"turns":3.0},{"damage":1.0,"enemies":"Book of Stabbing","floor":28.0,"turns":5.0},{"damage":0.0,"enemies":"Gremlin Leader","floor":30.0,"turns":5.0},{"damage":0.0,"enemies":"Snecko","floor":31.0,"turns":3.0},{"damage":0.0,"enemies":"Collector","floor":33.0,"turns":6.0},{"damage":0.0,"enemies":"3 Darklings","floor":35.0,"turns":1.0},{"damage":0.0,"enemies":"3 Shapes","floor":36.0,"turns":2.0},{"damage":6.0,"enemies":"Transient","floor":37.0,"turns":6.0},{"damage":15.0,"enemies":"Nemesis","floor":40.0,"turns":9.0},{"damage":0.0,"enemies":"Reptomancer","floor":42.0,"turns":4.0},{"damage":3.0,"enemies":"Nemesis","floor":44.0,"turns":7.0},{"damage":0,"enemies":"Jaw Worm Horde","floor":47,"turns":1},{"damage":0,"enemies":"Donu and Deca","floor":50,"turns":4},{"damage":89,"enemies":"Time Eater","floor":51,"turns":11},{"damage":43,"enemies":"Shield and Spear","floor":55,"turns":3},{"damage":17,"enemies":"The Heart","floor":56,"turns":5}],"seed_played":"6381804441190027418","potions_obtained":[{"floor":4.0,"key":"FairyPotion"},{"floor":10.0,"key":"Ancient Potion"},{"floor":12.0,"key":"SmokeBomb"},{"floor":16.0,"key":"PowerPotion"}],"is_trial":true,"path_per_floor":["M","M","?","M","?","R","T","?","T","E","?","E","M","E","R","B",null,"M","?","$","?","M","R","E","$","T","M","E","R","E","M","R","B",null,"M","M","M","?","$","E","?","E","T","E","$","?","M","$","R","B","B",null,"R","$","E","B"],"character_chosen":"THE_SILENT","items_purchased":["Ice Cream","TheAbacus","Medical Kit"],"campfire_rested":0,"item_purchase_floors":[20,39,45],"current_hp_per_floor":[43,44,39,44,44,44,44,44,44,44,44,25,31,29,29,17,54,47,47,47,47,46,46,44,44,44,56,66,66,66,66,66,66,66,66,66,61,61,61,53,41,53,60,69,69,59,69,69,69,73,11,58,58,58,29,28,28],"gold":77,"neow_bonus":"","is_daily":false,"chose_seed":false,"campfire_upgraded":6,"win_rate":0.0,"timestamp":1612079170,"path_taken":["M","M","?","M","?","R","?","?","T","E","?","E","?","E","R","BOSS","M","?","$","?","M","R","E","?","T","M","E","R","E","M","R","BOSS","M","M","M","?","?","E","?","E","T","E","$","?","M","$","R","BOSS","BOSS","R","$","E","BOSS"],"items_purchased_type":["Relic","Relic","Relic"],"build_version":"2020-12-22","purchased_purges":1,"victory":false,"max_hp_per_floor":[66,66,66,66,66,66,66,66,66,66,66,66,66,66,66,66,66,66,66,66,66,66,66,66,66,66,66,66,66,66,66,66,66,66,66,66,66,66,66,66,66,66,73,73,73,73,73,73,73,73,73,73,73,73,73,73,73],"card_choices":[{"not_picked":["Dagger Spray","Backstab","Quick Slash"],"picked":"SKIP","floor":1.0},{"not_picked":["Deadly Poison","PiercingWail"],"picked":"Leg Sweep","floor":2.0},{"not_picked":["Finisher","Dagger Throw"],"picked":"Noxious Fumes","floor":4.0},{"not_picked":["Sucker Punch","Infinite Blades","Storm of Steel"],"picked":"SKIP","floor":10.0},{"not_picked":["Quick Slash","Predator"],"picked":"Outmaneuver","floor":12.0},{"not_picked":["Deflect","Deadly Poison"],"picked":"Backflip","floor":13.0},{"not_picked":["Slice","Quick Slash"],"picked":"Reflex","floor":14.0},{"not_picked":["Phantasmal Killer","Envenom"],"picked":"Adrenaline","floor":16.0},{"not_picked":["Poisoned Stab","All Out Attack"],"picked":"Backflip","floor":18.0},{"not_picked":["Flying Knee","Deflect","Die Die Die"],"picked":"SKIP","floor":22.0},{"not_picked":["Blade Dance","Deadly Poison","Sucker Punch"],"picked":"SKIP","floor":24.0},{"not_picked":["Infinite Blades","Masterful Stab+1"],"picked":"Expertise","floor":27.0},{"not_picked":["Dodge and Roll","Quick Slash"],"picked":"Bullet Time","floor":28.0},{"not_picked":["Tools of the Trade","Backflip","All Out Attack"],"picked":"SKIP","floor":30.0},{"not_picked":["PiercingWail","Reflex","Cloak And Dagger"],"picked":"SKIP","floor":31.0},{"not_picked":["Wraith Form v2","Envenom"],"picked":"Burst","floor":33.0},{"not_picked":["Dodge and Roll+1","PiercingWail","Infinite Blades+1"],"picked":"SKIP","floor":35.0},{"not_picked":["Dodge and Roll","Cloak And Dagger+1"],"picked":"Acrobatics","floor":36.0},{"not_picked":["Sucker Punch","Acrobatics","Riddle With Holes"],"picked":"SKIP","floor":37.0},{"not_picked":["Dagger Spray","Reflex","Unload"],"picked":"SKIP","floor":40.0},{"not_picked":["Underhanded Strike","Dagger Spray","Predator"],"picked":"SKIP","floor":42.0},{"not_picked":["Malaise","Blade Dance+1"],"picked":"Caltrops+1","floor":44.0},{"not_picked":["PiercingWail","Masterful Stab+1"],"picked":"Setup+1","floor":47},{"not_picked":["Deadly Poison","Deflect","Unload"],"picked":"SKIP","floor":55}],"player_experience":3890637,"relics_obtained":[{"floor":7.0,"key":"Bottled Tornado"},{"floor":10.0,"key":"Paper Crane"},{"floor":11.0,"key":"Kunai"},{"floor":12.0,"key":"Pen Nib"},{"floor":14.0,"key":"Whetstone"},{"floor":24.0,"key":"The Specimen"},{"floor":26.0,"key":"Blue Candle"},{"floor":28.0,"key":"Bottled Lightning"},{"floor":30.0,"key":"Thread and Needle"},{"floor":40.0,"key":"Nunchaku"},{"floor":42.0,"key":"Frozen Egg 2"},{"floor":43.0,"key":"Strawberry"},{"floor":44.0,"key":"HornCleat"},{"floor":55,"key":"Shuriken"}],"event_choices":[{"damage_healed":0.0,"max_hp_gain":0.0,"max_hp_loss":0.0,"gold_gain":0.0,"event_name":"Scrap Ooze","player_choice":"Success","floor":3.0,"gold_loss":0.0,"damage_taken":5.0,"relics_obtained":["Happy Flower"]},{"damage_healed":0.0,"max_hp_gain":0.0,"max_hp_loss":0.0,"gold_gain":0.0,"event_name":"Living Wall","player_choice":"Grow","floor":5.0,"gold_loss":0.0,"damage_taken":0.0,"cards_upgraded":["A Thousand Cuts"]},{"damage_healed":0.0,"max_hp_gain":0.0,"max_hp_loss":0.0,"gold_gain":0.0,"event_name":"Liars Game","player_choice":"Ignored","floor":8.0,"gold_loss":0.0,"damage_taken":0.0},{"damage_healed":0.0,"max_hp_gain":0.0,"max_hp_loss":0.0,"gold_gain":0.0,"event_name":"Wheel of Change","player_choice":"Relic","floor":11.0,"gold_loss":0.0,"damage_taken":0.0},{"damage_healed":0.0,"max_hp_gain":0.0,"max_hp_loss":0.0,"gold_gain":0.0,"event_name":"Vampires","player_choice":"Ignored","floor":19.0,"gold_loss":0.0,"damage_taken":0.0},{"damage_healed":0.0,"max_hp_gain":0.0,"max_hp_loss":0.0,"gold_gain":50.0,"event_name":"Nest","player_choice":"Stole From Cult","floor":21.0,"gold_loss":0.0,"damage_taken":0.0},{"damage_healed":0.0,"max_hp_gain":0.0,"max_hp_loss":0.0,"gold_gain":0.0,"event_name":"SecretPortal","player_choice":"Ignored","floor":38.0,"gold_loss":0.0,"damage_taken":0.0},{"damage_healed":0.0,"max_hp_gain":0.0,"max_hp_loss":0.0,"gold_gain":0.0,"event_name":"Winding Halls","player_choice":"Embrace Madness","floor":41.0,"gold_loss":0.0,"damage_taken":12.0,"cards_obtained":["Madness","Madness"]},{"damage_healed":0,"gold_gain":0,"player_choice":"Damaged","damage_taken":10,"max_hp_gain":0,"max_hp_loss":0,"event_name":"Wheel of Change","floor":46,"gold_loss":0}],"is_beta":false,"boss_relics":[{"not_picked":["Busted Crown","Runic Dome"],"picked":"Sozu"},{"not_picked":["Pandora\u0027s Box","Cursed Key"],"picked":"Coffee Dripper"}],"items_purged_floors":[25],"is_endless":false,"potions_floor_spawned":[4,10,12,14,16,22,28,33,36,37,44],"killed_by":"The Heart","ascension_level":20}}