{"host":"dcj2yvrgcvh5dl2s","time":1612129055,"event":{"mods":["BaseMod","Bestiary","Better Note","Block Reminder","Colored Powertips","Curses Come First","DeckTracker","Minty Spire (QoL Compilation)","Quick Restart","Rare Cards Sparkle","Relic Stats","StSLib"],"gold_per_floor":[113,38,38,57,76,76,120,120,120,120,120,120],"floor_reached":11,"language":"ENG","playtime":534,"items_purged":["Injury"],"score":142,"play_id":"02886c51-6e14-49ca-83c2-71867ec2e7eb","local_time":"20210201073735","is_ascension_mode":true,"campfire_choices":[{"data":"Flex","floor":6,"key":"SMITH"},{"floor":8,"key":"REST"},{"data":"True Grit","floor":10,"key":"SMITH"}],"circlet_count":0,"master_deck":["AscendersBane","Strike_R","Strike_R","Strike_R","Strike_R","Strike_R","Defend_R","Defend_R","Defend_R","Defend_R","Bash","Immolate","Flex+1","True Grit+1","Heavy Blade","Sword Boomerang"],"relics":["Burning Blood","Golden Idol","White Beast Statue","Art of War"],"acts_visited":["Exordium"],"potions_floor_usage":[],"damage_taken":[{"damage":5,"enemies":"Small Slimes","floor":1,"turns":2},{"damage":0,"enemies":"2 Louse","floor":4,"turns":1},{"damage":17,"enemies":"Jaw Worm","floor":5,"turns":4},{"damage":30,"enemies":"3 Sentries","floor":7,"turns":5},{"damage":35,"enemies":"Gremlin Nob","floor":11,"turns":4}],"seed_played":"-6340278829259684073","potions_obtained":[],"is_trial":false,"path_per_floor":["M","$","?","M","M","R","E","R","T","R","E"],"character_chosen":"IRONCLAD","items_purchased":[],"campfire_rested":1,"item_purchase_floors":[],"current_hp_per_floor":[69,69,68,68,57,57,33,53,53,53,18,18],"gold":120,"neow_bonus":"THREE_RARE_CARDS","is_daily":false,"chose_seed":false,"campfire_upgraded":2,"win_rate":0.0,"timestamp":1612129055,"path_taken":["M","$","?","M","M","R","E","R","T","R","E"],"items_purchased_type":[],"build_version":"2020-12-22","purchased_purges":1,"victory":false,"max_hp_per_floor":[75,75,68,68,68,68,68,68,68,68,68,68],"relic_stats":{"counters":[5,16],"Golden Idol":17,"Art of War":[0],"obtain_stats":[{"Golden Idol":3,"Art of War":9,"Burning Blood":0,"White Beast Statue":7},{"Golden Idol":1,"Art of War":4,"Burning Blood":0,"White Beast Statue":4},{"Golden Idol":2,"Art of War":12,"Burning Blood":0,"White Beast Statue":12}],"Burning Blood":18},"card_choices":[{"not_picked":["Limit Break","Impervious"],"picked":"Immolate","floor":0},{"not_picked":["Power Through","Twin Strike"],"picked":"Flex","floor":1},{"not_picked":["Thunderclap","Havoc"],"picked":"True Grit","floor":4},{"not_picked":["Thunderclap","Twin Strike"],"picked":"Heavy Blade","floor":5},{"not_picked":["Bloodletting","Flame Barrier"],"picked":"Sword Boomerang","floor":7}],"player_experience":2317737,"relics_obtained":[{"floor":7,"key":"White Beast Statue"},{"floor":9,"key":"Art of War"}],"event_choices":[{"damage_healed":0,"gold_gain":0,"player_choice":"Lose Max HP","damage_taken":0,"relics_obtained":["Golden Idol"],"max_hp_gain":0,"max_hp_loss":7,"event_name":"Golden Idol","floor":3,"gold_loss":0}],"is_beta":false,"boss_relics":[],"items_purged_floors":[2],"is_endless":false,"potions_floor_spawned":[],"killed_by":"Gremlin Nob","ascension_level":20}}