{"host":"ysj15tgd1sneq0s0","time":1612061061,"event":{"mods":["AchievementEnabler","BaseMod","DeckTracker","Highlight Path","Minty Spire (QoL Compilation)","Permanent Neow","Quick Restart","StSLib","SuperFastMode","everything is the same but u backflip on backflip"],"gold_per_floor":[115,115,130,146,161,161,161,161],"floor_reached":7,"language":"KOR","playtime":455,"items_purged":[],"score":52,"play_id":"fcfe856c-4bb3-4cb9-a4d2-45f0c75a0e48","local_time":"20210131114421","is_ascension_mode":true,"campfire_choices":[{"data":"Caltrops","floor":6,"key":"SMITH"}],"circlet_count":0,"master_deck":["Strike_G","Strike_G","Strike_G","Defend_G","Defend_G","Defend_G","Defend_G","Defend_G","Survivor","Neutralize","Blur","Caltrops+1","Prepared"],"relics":["Ring of the Snake"],"acts_visited":["Exordium"],"potions_floor_usage":[],"damage_taken":[{"damage":13,"enemies":"Small Slimes","floor":1,"turns":5},{"damage":2,"enemies":"Cultist","floor":3,"turns":7},{"damage":0,"enemies":"Jaw Worm","floor":4,"turns":8},{"damage":4,"enemies":"Exordium Wildlife","floor":5,"turns":9},{"damage":55,"enemies":"Gremlin Nob","floor":7,"turns":5}],"seed_played":"7756126996855122639","potions_obtained":[{"floor":1,"key":"Energy Potion"}],"is_trial":false,"path_per_floor":["M","?","M","M","M","R","E"],"character_chosen":"THE_SILENT","items_purchased":[],"campfire_rested":0,"item_purchase_floors":[],"current_hp_per_floor":[57,57,55,55,51,51,0,0],"gold":161,"neow_bonus":"TRANSFORM_CARD","is_daily":false,"chose_seed":false,"campfire_upgraded":1,"win_rate":0.0,"timestamp":1612061061,"path_taken":["M","?","M","M","M","R","E"],"items_purchased_type":[],"build_version":"2020-12-22","purchased_purges":0,"victory":false,"max_hp_per_floor":[70,70,70,70,70,70,70,70],"card_choices":[{"not_picked":["Terror","Masterful Stab","Blade Dance"],"picked":"SKIP","floor":1},{"not_picked":["Underhanded Strike","Outmaneuver"],"picked":"Caltrops","floor":3},{"not_picked":["Flying Knee","Leg Sweep","Concentrate"],"picked":"SKIP","floor":4},{"not_picked":["Choke","Dagger Spray"],"picked":"Prepared","floor":5}],"player_experience":69326,"relics_obtained":[],"event_choices":[{"cards_removed":["Strike_G"],"damage_healed":0,"gold_gain":0,"player_choice":"Offered Basic","damage_taken":0,"max_hp_gain":0,"max_hp_loss":0,"event_name":"Bonfire Elementals","floor":2,"gold_loss":0}],"is_beta":false,"boss_relics":[],"items_purged_floors":[],"is_endless":false,"potions_floor_spawned":[1],"killed_by":"Gremlin Nob","ascension_level":4}}