{"host":"0b7urydaxuefbgpn","time":1612099927,"event":{"mods":["Astrologer","Bard","BaseMod","Colored Powertips","Dio Mod","Downfall","Hermit","Jorbs\u0027s Wanderer Trilogy","Marisa????????","Minty Spire (QoL Compilation)","StSLib","The Bladedancer","The Cursed","The Disciple","The Necromancer","The Poker Player","The Runesmith","The Servant 0.9.4"],"gold_per_floor":[111,124,137,45,45,45,63,63,117,130,130,159,108,108,108,108,108],"floor_reached":16,"language":"RUS","playtime":630,"items_purged":[],"score":100,"play_id":"37458ae8-ae4c-4aec-a781-1f353dc4aa27","local_time":"20210131163207","is_ascension_mode":false,"campfire_choices":[{"floor":6,"key":"REST"},{"data":"Runesmith:CraftFirestone","floor":11,"key":"SMITH"},{"floor":15,"key":"REST"}],"circlet_count":0,"master_deck":["Runesmith:Strike_RS","Runesmith:Strike_RS","Runesmith:Strike_RS","Runesmith:Strike_RS","Runesmith:Defend_RS","Runesmith:Defend_RS","Runesmith:Defend_RS","Runesmith:Defend_RS","Runesmith:CraftFirestone+1","Runesmith:Fortify","Runesmith:GoWithTheFlow","Runesmith:HeatedChisel","Runesmith:ChaoticBlast","Runesmith:CraftSpiculum","Runesmith:MakeshiftArmor","Runesmith:CraftProtectio","Runesmith:CraftMagma","Runesmith:UnlimitedPower","Runesmith:CraftProtectio"],"relics":["Runesmith:BrokenRuby","Happy Flower","Blood Vial","CaptainsWheel","Golden Idol"],"acts_visited":["Exordium"],"potions_floor_usage":[],"damage_taken":[{"damage":0,"enemies":"Cultist","floor":1,"turns":4},{"damage":0,"enemies":"Small Slimes","floor":2,"turns":4},{"damage":14,"enemies":"2 Louse","floor":3,"turns":3},{"damage":0,"enemies":"2 Fungi Beasts","floor":7,"turns":3},{"damage":1,"enemies":"Blue Slaver","floor":10,"turns":3},{"damage":34,"enemies":"Lagavulin","floor":12,"turns":7},{"damage":28,"enemies":"The Guardian","floor":16,"turns":9}],"seed_played":"-6293619167477038078","potions_obtained":[{"floor":1,"key":"Weak Potion"},{"floor":3,"key":"EssenceOfSteel"},{"floor":7,"key":"DistilledChaos"}],"is_trial":false,"path_per_floor":["M","M","M","$","?","R","M","$","T","M","R","E","$","?","R","B"],"character_chosen":"RUNESMITH_CLASS","items_purchased":["Runesmith:CraftSpiculum","Runesmith:MakeshiftArmor","Runesmith:CraftProtectio"],"campfire_rested":2,"item_purchase_floors":[4,4,13],"current_hp_per_floor":[77,77,63,63,56,77,77,77,77,76,76,43,43,43,64,38,38],"gold":108,"neow_bonus":"TEN_PERCENT_HP_BONUS","is_daily":false,"chose_seed":false,"campfire_upgraded":1,"win_rate":0.0,"timestamp":1612099927,"path_taken":["M","M","M","?","?","R","M","$","T","M","R","E","$","?","R","BOSS"],"items_purchased_type":["Card","Card","Card"],"build_version":"2020-12-13","purchased_purges":0,"victory":false,"max_hp_per_floor":[77,77,77,77,77,77,77,77,77,77,77,77,77,71,71,71,71],"card_choices":[{"not_picked":["Runesmith:CraftIncendium","Runesmith:ShiftingStrike"],"picked":"Runesmith:GoWithTheFlow","floor":1},{"not_picked":["Runesmith:HeatExchange","Runesmith:Repurpose"],"picked":"Runesmith:HeatedChisel","floor":2},{"not_picked":["Runesmith:Attraction","Runesmith:ShiftingStrike"],"picked":"Runesmith:ChaoticBlast","floor":3},{"not_picked":["Runesmith:FieryHammer","Runesmith:HammerThrow"],"picked":"Runesmith:CraftProtectio","floor":7},{"not_picked":["Runesmith:ShiftingStrike","Runesmith:WhiteBalance"],"picked":"Runesmith:CraftMagma","floor":10},{"not_picked":["Runesmith:NanitesCloud","Runesmith:Grindstone"],"picked":"Runesmith:UnlimitedPower","floor":12}],"player_experience":25460,"relics_obtained":[{"floor":9,"key":"Blood Vial"},{"floor":12,"key":"CaptainsWheel"}],"event_choices":[{"damage_healed":0,"gold_gain":0,"player_choice":"Success","damage_taken":7,"relics_obtained":["Happy Flower"],"max_hp_gain":0,"max_hp_loss":0,"event_name":"Scrap Ooze","floor":5,"gold_loss":0},{"damage_healed":0,"gold_gain":0,"player_choice":"Lose Max HP","damage_taken":0,"relics_obtained":["Golden Idol"],"max_hp_gain":0,"max_hp_loss":6,"event_name":"Golden Idol","floor":14,"gold_loss":0}],"is_beta":false,"boss_relics":[],"items_purged_floors":[],"is_endless":false,"potions_floor_spawned":[1,3,7,10],"killed_by":"The Guardian","ascension_level":0}}