{"host":"qgvpd00zvzorrg7j","time":1612131466,"event":{"mods":["BaseMod","Colored Map","Minty Spire (QoL Compilation)","Quick Restart","StSLib"],"gold_per_floor":[112,37,112,112,132,161,111,111,111,111,131,141,141,171,171,271,271,284,303,303,303,228,128,128,3,27,27,27,47,60,386,386,488,488,506,506,362,377,390,417,417,427,427,427,477,490,490,503,503,503,503,503,118,148,148,148],"floor_reached":55,"language":"ENG","playtime":2899,"items_purged":["Strike_B","Strike_B+1","Defend_B+1"],"score":1118,"play_id":"f5a49218-c00c-4720-a755-da5d3d243512","local_time":"20210131171746","is_ascension_mode":true,"campfire_choices":[{"floor":8.0,"key":"REST"},{"data":"Zap","floor":10.0,"key":"SMITH"},{"data":"Dualcast","floor":13.0,"key":"SMITH"},{"data":"Coolheaded","floor":15.0,"key":"SMITH"},{"data":"Thunder Strike","floor":24,"key":"SMITH"},{"data":"Ball Lightning","floor":28,"key":"SMITH"},{"data":"Leap","floor":32,"key":"SMITH"},{"data":"Panache","floor":41,"key":"SMITH"},{"floor":47,"key":"RECALL"},{"data":"Ghostly","floor":49,"key":"SMITH"},{"data":"Ghostly","floor":52,"key":"SMITH"}],"circlet_count":0,"master_deck":["AscendersBane","Zap+1","Dualcast+1","Ball Lightning+1","Coolheaded+1","Thunder Strike+1","Chaos+1","Ghostly","Ghostly","Ghostly+1","Ghostly+1","Go for the Eyes+1","Leap+1","Electrodynamics","Panache+1","Redo+1","Tempest+1"],"relics":["Cracked Core","Regal Pillow","Blood Vial","Centennial Puzzle","Nuclear Battery","MealTicket","Old Coin","Inserter","PreservedInsect","Art of War","Ice Cream","Oddly Smooth Stone","Medical Kit","Lantern"],"acts_visited":["TheCity","TheBeyond","TheEnding"],"potions_floor_usage":[33,50,55],"damage_taken":[{"damage":2.0,"enemies":"2 Louse","floor":1.0,"turns":2.0},{"damage":7.0,"enemies":"Jaw Worm","floor":5.0,"turns":2.0},{"damage":18.0,"enemies":"Gremlin Nob","floor":6.0,"turns":3.0},{"damage":0.0,"enemies":"Small Slimes","floor":11.0,"turns":2.0},{"damage":5.0,"enemies":"Looter","floor":12.0,"turns":3.0},{"damage":13.0,"enemies":"3 Sentries","floor":14.0,"turns":5.0},{"damage":9.0,"enemies":"The Guardian","floor":16.0,"turns":8.0},{"damage":9,"enemies":"3 Byrds","floor":18,"turns":3},{"damage":2,"enemies":"Chosen","floor":19,"turns":4},{"damage":3,"enemies":"Snake Plant","floor":29,"turns":3},{"damage":3,"enemies":"Shelled Parasite and Fungi","floor":30,"turns":4},{"damage":5,"enemies":"Book of Stabbing","floor":31,"turns":6},{"damage":8,"enemies":"Collector","floor":33,"turns":9},{"damage":1,"enemies":"3 Darklings","floor":35,"turns":3},{"damage":0,"enemies":"Orb Walker","floor":38,"turns":3},{"damage":0,"enemies":"Maw","floor":39,"turns":6},{"damage":1,"enemies":"Reptomancer","floor":40,"turns":4},{"damage":2,"enemies":"4 Shapes","floor":42,"turns":3},{"damage":3,"enemies":"Mind Bloom Boss Battle","floor":45,"turns":7},{"damage":0,"enemies":"3 Darklings","floor":46,"turns":4},{"damage":3,"enemies":"Jaw Worm Horde","floor":48,"turns":3},{"damage":21,"enemies":"Donu and Deca","floor":50,"turns":6},{"damage":3,"enemies":"Shield and Spear","floor":54,"turns":5},{"damage":33,"enemies":"The Heart","floor":55,"turns":5}],"seed_played":"-4089474225050528536","potions_obtained":[{"floor":1.0,"key":"Dexterity Potion"},{"floor":5.0,"key":"SteroidPotion"},{"floor":12.0,"key":"AttackPotion"},{"floor":29,"key":"Ancient Potion"},{"floor":30,"key":"LiquidMemories"},{"floor":38,"key":"DistilledChaos"},{"floor":40,"key":"LiquidMemories"},{"floor":48,"key":"DuplicationPotion"}],"is_trial":false,"path_per_floor":["M","$","?","?","M","E","?","R","T","R","M","M","R","E","R","B",null,"M","M","?","?","?","$","R","$","T","?","R","M","M","E","R","B",null,"M","?","$","M","M","E","R","M","T","?","?","M","R","M","R","B",null,"R","$","E","B"],"character_chosen":"DEFECT","items_purchased":["PreservedInsect","Oddly Smooth Stone","Medical Kit","DistilledChaos"],"campfire_rested":1,"item_purchase_floors":[37,53,53,53],"current_hp_per_floor":[66,66,55,41,34,16,16,51,51,51,53,50,50,39,39,32,59,52,52,52,34,34,34,34,34,34,34,34,31,30,27,27,21,31,32,32,34,34,34,33,33,32,32,32,31,33,33,31,31,12,29,29,34,31,0,0],"gold":148,"neow_bonus":"REMOVE_TWO","is_daily":false,"chose_seed":false,"campfire_upgraded":9,"win_rate":0.0,"timestamp":1612131466,"path_taken":["M","$","?","?","M","E","?","R","T","R","?","M","R","E","R","BOSS","M","M","?","?","?","$","R","?","T","?","R","?","M","E","R","BOSS","M","?","$","M","?","E","R","M","T","?","?","?","R","M","R","BOSS","R","$","E","BOSS"],"items_purchased_type":["Relic","Relic","Relic","Potion"],"build_version":"2020-12-22","purchased_purges":3,"victory":false,"max_hp_per_floor":[68,68,68,68,68,68,68,68,68,68,68,68,68,68,68,68,68,68,68,68,34,34,34,34,34,34,34,34,34,34,34,34,34,34,34,34,34,34,34,34,34,34,34,34,34,34,34,34,34,34,34,34,34,34,34,34],"card_choices":[{"not_picked":["Lockon","Leap"],"picked":"Ball Lightning","floor":1.0},{"not_picked":["Hello World","Turbo","Steam"],"picked":"SKIP","floor":5.0},{"not_picked":["Genetic Algorithm","Chaos","Turbo"],"picked":"SKIP","floor":6.0},{"not_picked":["Streamline","Blizzard"],"picked":"Coolheaded","floor":11.0},{"not_picked":["Static Discharge","Lockon","Barrage"],"picked":"SKIP","floor":12.0},{"not_picked":["Beam Cell","Chill","Sweeping Beam"],"picked":"SKIP","floor":14.0},{"not_picked":["Biased Cognition","Buffer"],"picked":"Thunder Strike","floor":16.0},{"not_picked":["Go for the Eyes","Ball Lightning","Coolheaded"],"picked":"SKIP","floor":18},{"not_picked":["Streamline+1","Steam"],"picked":"Chaos+1","floor":19},{"not_picked":["Stack","Aggregate"],"picked":"Go for the Eyes+1","floor":29},{"not_picked":["Beam Cell","Lockon"],"picked":"Leap","floor":30},{"not_picked":["Stack","BootSequence","Machine Learning"],"picked":"SKIP","floor":31},{"not_picked":["Machine Learning","Amplify"],"picked":"Electrodynamics","floor":33},{"not_picked":["Turbo+1","Aggregate","Cold Snap+1"],"picked":"SKIP","floor":35},{"not_picked":["Hologram+1","Ball Lightning","Redo"],"picked":"SKIP","floor":38},{"not_picked":["Stack","Creative AI"],"picked":"Redo+1","floor":39},{"not_picked":["Hologram","Conserve Battery+1","Beam Cell"],"picked":"SKIP","floor":40},{"not_picked":["Hologram","Conserve Battery+1","Beam Cell"],"picked":"SKIP","floor":40},{"not_picked":["Blizzard","White Noise","Darkness"],"picked":"SKIP","floor":42},{"not_picked":["Rebound","Biased Cognition"],"picked":"Tempest+1","floor":46},{"not_picked":["Sweeping Beam+1","Rebound","Ball Lightning+1"],"picked":"SKIP","floor":48},{"not_picked":["Beam Cell","Barrage+1","Rebound+1"],"picked":"SKIP","floor":54}],"player_experience":583861,"relics_obtained":[{"floor":6.0,"key":"Regal Pillow"},{"floor":9.0,"key":"Blood Vial"},{"floor":14.0,"key":"Centennial Puzzle"},{"floor":26,"key":"MealTicket"},{"floor":31,"key":"Old Coin"},{"floor":40,"key":"Art of War"},{"floor":45,"key":"Ice Cream"},{"floor":54,"key":"Lantern"}],"event_choices":[{"damage_healed":0.0,"max_hp_gain":0.0,"max_hp_loss":0.0,"gold_gain":75.0,"event_name":"World of Goop","player_choice":"Gather Gold","floor":3.0,"gold_loss":0.0,"damage_taken":11.0},{"damage_healed":0.0,"max_hp_gain":0.0,"max_hp_loss":0.0,"gold_gain":0.0,"event_name":"Shining Light","player_choice":"Entered Light","floor":4.0,"gold_loss":0.0,"damage_taken":14.0,"cards_upgraded":["Defend_B","Strike_B"]},{"cards_removed":["Strike_B"],"damage_healed":0.0,"max_hp_gain":0.0,"max_hp_loss":0.0,"gold_gain":0.0,"event_name":"The Cleric","player_choice":"Card Removal","floor":7.0,"gold_loss":50.0,"damage_taken":0.0},{"cards_removed":["Strike_B"],"damage_healed":0,"gold_gain":0,"player_choice":"Elegance","damage_taken":0,"max_hp_gain":0,"max_hp_loss":0,"event_name":"Back to Basics","floor":20,"gold_loss":0},{"damage_healed":0,"gold_gain":0,"player_choice":"Became a Ghost","damage_taken":0,"max_hp_gain":0,"max_hp_loss":34,"event_name":"Ghosts","floor":21,"gold_loss":0,"cards_obtained":["Ghostly","Ghostly","Ghostly","Ghostly","Ghostly"]},{"cards_removed":["Defend_B"],"damage_healed":0,"gold_gain":0,"player_choice":"Gave Gold","damage_taken":0,"max_hp_gain":0,"max_hp_loss":0,"event_name":"Beggar","floor":22,"gold_loss":75},{"damage_healed":0,"gold_gain":0,"player_choice":"Ignored","damage_taken":0,"max_hp_gain":0,"max_hp_loss":0,"event_name":"Vampires","floor":27,"gold_loss":0},{"damage_healed":0,"gold_gain":0,"cards_transformed":["Ghostly"],"player_choice":"Transformed","damage_taken":0,"max_hp_gain":0,"max_hp_loss":0,"event_name":"Transmorgrifier","floor":36,"gold_loss":0,"cards_obtained":["Panache"]},{"damage_healed":0,"gold_gain":0,"player_choice":"Ignored","damage_taken":0,"max_hp_gain":0,"max_hp_loss":0,"event_name":"Tomb of Lord Red Mask","floor":44,"gold_loss":0},{"damage_healed":0,"gold_gain":0,"player_choice":"Fight","damage_taken":0,"max_hp_gain":0,"max_hp_loss":0,"event_name":"MindBloom","floor":45,"gold_loss":0}],"is_beta":false,"boss_relics":[{"not_picked":["Runic Dome","Black Star"],"picked":"Nuclear Battery"},{"not_picked":["SlaversCollar","Coffee Dripper"],"picked":"Inserter"}],"items_purged_floors":[2,23,25],"is_endless":false,"potions_floor_spawned":[1,5,12,29,30,31,38,39,40,48],"killed_by":"The Heart","ascension_level":11}}