{"host":"soyfmymeou4emntr","time":1612063904,"event":{"mods":["BaseMod","BetterRewards","Minty Spire (QoL Compilation)","Relic Sorter","Relic Stats","StSLib"],"gold_per_floor":[111,36,48,48,63,90,90,116,195,209,236,236,25,45,45,121,121,135,135,88,88,88],"floor_reached":21,"language":"ENG","playtime":1361,"items_purged":[],"score":378,"play_id":"c2ab2649-773c-4a5a-940e-8719dfc672ef","local_time":"20210130203144","is_ascension_mode":true,"campfire_choices":[{"data":"Footwork","floor":12,"key":"SMITH"},{"data":"Well Laid Plans","floor":15,"key":"SMITH"}],"circlet_count":0,"master_deck":["AscendersBane","Strike_G","Strike_G","Strike_G","Defend_G","Defend_G","Defend_G","Defend_G","Defend_G","Survivor","Neutralize","Bouncing Flask+1","Riddle With Holes","Footwork+1","Flying Knee","Poisoned Stab","Cloak And Dagger","Well Laid Plans+1","Deflect","Malaise","CurseOfTheBell","Blur+1","Infinite Blades","Quick Slash+1"],"relics":["Ring of the Snake","Strawberry","TungstenRod","Bag of Marbles","Question Card","Boot","Happy Flower","Calling Bell","Nunchaku","Matryoshka","Ginger"],"acts_visited":["Exordium","TheCity"],"potions_floor_usage":[6,8,14],"damage_taken":[{"damage":4,"enemies":"Small Slimes","floor":1,"turns":4},{"damage":0,"enemies":"2 Louse","floor":3,"turns":3},{"damage":6,"enemies":"Jaw Worm","floor":5,"turns":4},{"damage":3,"enemies":"Gremlin Nob","floor":6,"turns":3},{"damage":34,"enemies":"Lagavulin","floor":8,"turns":9},{"damage":3,"enemies":"Lots of Slimes","floor":10,"turns":4},{"damage":0,"enemies":"Gremlin Gang","floor":14,"turns":6},{"damage":2,"enemies":"The Guardian","floor":16,"turns":9},{"damage":30,"enemies":"Chosen","floor":18,"turns":6},{"damage":7,"enemies":"2 Thieves","floor":20,"turns":5},{"damage":32,"enemies":"3 Cultists","floor":21,"turns":5}],"seed_played":"4408968761055866505","potions_obtained":[{"floor":1,"key":"DuplicationPotion"},{"floor":6,"key":"Dexterity Potion"},{"floor":8,"key":"FearPotion"}],"is_trial":false,"path_per_floor":["M","?","M","?","M","E","?","E","T","M","T","R","$","M","R","B",null,"M","?","M","M"],"character_chosen":"THE_SILENT","items_purchased":["Happy Flower","Well Laid Plans"],"campfire_rested":0,"item_purchase_floors":[13,13],"current_hp_per_floor":[62,62,62,62,56,53,58,24,24,21,21,21,21,21,21,19,63,33,33,26,0,0],"gold":88,"neow_bonus":"RANDOM_COMMON_RELIC","is_daily":false,"chose_seed":false,"campfire_upgraded":2,"win_rate":0.0,"timestamp":1612063904,"path_taken":["M","?","M","?","M","E","?","E","T","M","?","R","$","M","R","BOSS","M","?","M","M"],"items_purchased_type":["Relic","Card"],"build_version":"2020-12-22","purchased_purges":0,"victory":false,"max_hp_per_floor":[73,73,73,73,73,73,78,78,78,78,78,78,78,78,78,78,78,78,78,78,78,78],"relic_stats":{"Nunchaku":[2],"Happy Flower":[10],"counters":[11,58],"Ginger":[0],"Question Card":6,"Boot":[72],"obtain_stats":[{"Calling Bell":17,"Nunchaku":17,"Matryoshka":17,"Happy Flower":13,"Strawberry":0,"Bag of Marbles":8,"Ginger":17,"Question Card":9,"Boot":11,"TungstenRod":6,"Ring of the Snake":0},{"Calling Bell":8,"Nunchaku":8,"Matryoshka":8,"Happy Flower":6,"Strawberry":0,"Bag of Marbles":5,"Ginger":8,"Question Card":5,"Boot":6,"TungstenRod":4,"Ring of the Snake":0},{"Calling Bell":42,"Nunchaku":42,"Matryoshka":42,"Happy Flower":27,"Strawberry":0,"Bag of Marbles":23,"Ginger":42,"Question Card":23,"Boot":27,"TungstenRod":14,"Ring of the Snake":0}],"TungstenRod":19,"Ring of the Snake":[22]},"card_choices":[{"not_picked":["Catalyst","Bane"],"picked":"Bouncing Flask","floor":1},{"not_picked":["Tactician","Acrobatics"],"picked":"Riddle With Holes","floor":3},{"not_picked":["Bane","Backflip"],"picked":"Footwork","floor":5},{"not_picked":["Concentrate","Bane"],"picked":"Flying Knee","floor":6},{"not_picked":["Acrobatics","Backflip"],"picked":"Poisoned Stab","floor":8},{"not_picked":["Choke","Dash","Poisoned Stab"],"picked":"Cloak And Dagger","floor":10},{"not_picked":["Flechettes","Choke","Bouncing Flask"],"picked":"Deflect","floor":14},{"not_picked":["Tools of the Trade","Venomology","Night Terror"],"picked":"Malaise","floor":16},{"not_picked":["Flechettes","Poisoned Stab","Cloak And Dagger"],"picked":"Blur+1","floor":18},{"not_picked":["A Thousand Cuts","Dagger Spray","Poisoned Stab"],"picked":"Quick Slash+1","floor":20}],"player_experience":2942770,"relics_obtained":[{"floor":6,"key":"TungstenRod"},{"floor":8,"key":"Bag of Marbles"},{"floor":9,"key":"Question Card"},{"floor":11,"key":"Boot"},{"floor":17,"key":"Nunchaku"},{"floor":17,"key":"Matryoshka"},{"floor":17,"key":"Ginger"}],"event_choices":[{"cards_removed":["Strike_G"],"damage_healed":0,"gold_gain":0,"player_choice":"Card Removal","damage_taken":0,"max_hp_gain":0,"max_hp_loss":0,"event_name":"The Cleric","floor":2,"gold_loss":75},{"damage_healed":0,"gold_gain":0,"player_choice":"Grow","damage_taken":0,"max_hp_gain":0,"max_hp_loss":0,"event_name":"Living Wall","floor":4,"gold_loss":0,"cards_upgraded":["Bouncing Flask"]},{"damage_healed":0,"gold_gain":0,"player_choice":"Donut","damage_taken":0,"max_hp_gain":5,"max_hp_loss":0,"event_name":"Big Fish","floor":7,"gold_loss":0},{"damage_healed":0,"gold_gain":0,"cards_transformed":["Strike_G"],"player_choice":"Transformed","damage_taken":0,"max_hp_gain":0,"max_hp_loss":0,"event_name":"Transmorgrifier","floor":19,"gold_loss":0,"cards_obtained":["Infinite Blades"]}],"is_beta":false,"boss_relics":[{"not_picked":["Snecko Eye","Cursed Key"],"picked":"Calling Bell"}],"items_purged_floors":[],"is_endless":false,"potions_floor_spawned":[1,6,8],"killed_by":"3 Cultists","ascension_level":20}}