{"host":"uc8wz0q199a7d901","time":1612084603,"event":{"mods":["2.2 Compatiblity","BaseMod","Colored Map","DeckTracker","Highlight Path","Minty Spire (QoL Compilation)","Permanent Neow","Quick Restart","SuperFastMode"],"gold_per_floor":[109,109,125,48,48,48,75,92,116,116,127,127,147,166,166,237,237,248,248,49,59,73,108,120,162,174,205,230,242,15,33,33,110,110,124,134,57,73,73,107,107,118,118,58,58,58,358,375,375,375,375],"floor_reached":50,"language":"KOR","playtime":1354,"items_purged":["Rupture"],"score":1128,"play_id":"82c041d6-c4af-4cd4-b68b-0d23f6c957c4","local_time":"20210131181643","is_ascension_mode":true,"campfire_choices":[{"data":"Searing Blow","floor":6.0,"key":"SMITH"},{"data":"Searing Blow+1","floor":10.0,"key":"SMITH"},{"data":"Searing Blow+2","floor":12.0,"key":"SMITH"},{"data":"Searing Blow+3","floor":15.0,"key":"SMITH"},{"data":"Searing Blow+4","floor":24.0,"key":"SMITH"},{"data":"Searing Blow+5","floor":29.0,"key":"SMITH"},{"data":"Armaments","floor":32.0,"key":"SMITH"},{"floor":41,"key":"REST"},{"floor":46,"key":"REST"},{"floor":49,"key":"RECALL"}],"circlet_count":0,"master_deck":["AscendersBane","Bash","Searing Blow+6","Thunderclap","Immolate","Uppercut","Shrug It Off","Armaments+1","True Grit","Impervious","Corruption","Sentinel","Battle Trance","Ghostly Armor","True Grit+1","Second Wind+1","Impervious+1","Searing Blow","Inflame","Headbutt","Fiend Fire","Spot Weakness+1","Warcry+1","Trip+1","Spot Weakness+1","Madness+1","Madness+1"],"relics":["Burning Blood","Pen Nib","Bronze Scales","Busted Crown","The Courier","Medical Kit","MawBank","StoneCalendar","Red Skull","Toxic Egg 2","Pandora\u0027s Box","Bottled Flame"],"acts_visited":["Exordium","TheCity","TheBeyond"],"potions_floor_usage":[36,40,50],"damage_taken":[{"damage":7.0,"enemies":"Small Slimes","floor":1.0,"turns":5.0},{"damage":7.0,"enemies":"Cultist","floor":3.0,"turns":4.0},{"damage":0.0,"enemies":"Gremlin Nob","floor":7.0,"turns":2.0},{"damage":4.0,"enemies":"Jaw Worm","floor":8.0,"turns":3.0},{"damage":0.0,"enemies":"Lots of Slimes","floor":11.0,"turns":1.0},{"damage":17.0,"enemies":"3 Louse","floor":13.0,"turns":3.0},{"damage":3.0,"enemies":"Red Slaver","floor":14.0,"turns":3.0},{"damage":22.0,"enemies":"The Guardian","floor":16.0,"turns":8.0},{"damage":11.0,"enemies":"2 Thieves","floor":18.0,"turns":2.0},{"damage":0.0,"enemies":"Spheric Guardian","floor":21.0,"turns":2.0},{"damage":2.0,"enemies":"Snecko","floor":22.0,"turns":3.0},{"damage":13.0,"enemies":"Gremlin Leader","floor":23.0,"turns":4.0},{"damage":9.0,"enemies":"Book of Stabbing","floor":25.0,"turns":2.0},{"damage":8.0,"enemies":"Centurion and Healer","floor":27.0,"turns":4.0},{"damage":0.0,"enemies":"Snake Plant","floor":28.0,"turns":1.0},{"damage":0.0,"enemies":"Shelled Parasite and Fungi","floor":31.0,"turns":2.0},{"damage":71.0,"enemies":"Automaton","floor":33.0,"turns":9.0},{"damage":4.0,"enemies":"3 Shapes","floor":35.0,"turns":5.0},{"damage":11,"enemies":"3 Darklings","floor":36,"turns":5},{"damage":16,"enemies":"Jaw Worm Horde","floor":38,"turns":4},{"damage":35,"enemies":"Reptomancer","floor":40,"turns":5},{"damage":0,"enemies":"Spire Growth","floor":42,"turns":3},{"damage":0,"enemies":"3 Darklings","floor":48,"turns":3},{"damage":65,"enemies":"Time Eater","floor":50,"turns":4}],"seed_played":"2525932248784767406","potions_obtained":[{"floor":2.0,"key":"SpeedPotion"},{"floor":2.0,"key":"DuplicationPotion"},{"floor":3.0,"key":"AttackPotion"},{"floor":13.0,"key":"LiquidBronze"},{"floor":14.0,"key":"AttackPotion"},{"floor":23.0,"key":"SkillPotion"},{"floor":28.0,"key":"BlessingOfTheForge"},{"floor":31.0,"key":"PowerPotion"},{"floor":33.0,"key":"DuplicationPotion"},{"floor":38,"key":"Strength Potion"},{"floor":40,"key":"AttackPotion"}],"is_trial":false,"path_per_floor":["M","?","M","$","?","R","E","M","T","R","M","R","M","M","R","B",null,"M","?","$","M","M","E","R","E","T","M","M","R","$","M","R","B",null,"M","M","$","M","?","E","R","M","T","$","?","R","?","M","R","B"],"character_chosen":"IRONCLAD","items_purchased":["Immolate","Battle Trance","Medical Kit","Toxic Egg 2","True Grit+1","Trip+1"],"campfire_rested":2,"item_purchase_floors":[4,20,20,30,30,37],"current_hp_per_floor":[67,67,66,66,66,66,72,74,74,74,75,75,64,67,67,51,69,64,64,64,70,74,67,67,64,64,62,68,68,68,74,74,9,59,61,56,56,46,46,17,39,45,45,45,31,53,53,59,59,0,0],"gold":375,"neow_bonus":"TRANSFORM_CARD","is_daily":false,"chose_seed":false,"campfire_upgraded":7,"win_rate":0.0,"timestamp":1612084603,"path_taken":["M","?","M","?","?","R","E","?","T","R","M","R","M","M","R","BOSS","M","?","$","M","M","E","R","E","T","M","M","R","$","?","R","BOSS","M","M","$","M","?","E","R","M","T","$","?","R","?","?","R","BOSS"],"items_purchased_type":["Card","Card","Relic","Relic","Card","Card"],"build_version":"2020-12-22","purchased_purges":1,"victory":false,"max_hp_per_floor":[75,75,75,75,75,75,75,75,75,75,75,75,75,75,75,75,75,75,75,75,75,75,75,75,75,75,75,75,75,75,75,75,75,75,75,75,75,75,75,75,75,75,75,75,75,75,75,75,75,75,75],"card_choices":[{"not_picked":["Perfected Strike","Anger"],"picked":"Cleave","floor":1.0},{"not_picked":["Entrench","Perfected Strike"],"picked":"Thunderclap","floor":3.0},{"not_picked":["Sever Soul","Carnage"],"picked":"Shrug It Off","floor":7.0},{"not_picked":["Bloodletting","Pommel Strike"],"picked":"Armaments","floor":8.0},{"not_picked":["Rage","Clash","Heavy Blade"],"picked":"SKIP","floor":11.0},{"not_picked":["Blood for Blood","Body Slam"],"picked":"True Grit","floor":13.0},{"not_picked":["Anger","Clash"],"picked":"Impervious","floor":14.0},{"not_picked":["Immolate","Reaper"],"picked":"Corruption","floor":16.0},{"not_picked":[],"picked":"Sentinel","floor":18.0},{"not_picked":["Clothesline+1"],"picked":"SKIP","floor":21.0},{"not_picked":["Perfected Strike"],"picked":"SKIP","floor":22.0},{"not_picked":["True Grit"],"picked":"SKIP","floor":23.0},{"not_picked":[],"picked":"Ghostly Armor","floor":25.0},{"not_picked":["Havoc"],"picked":"SKIP","floor":27.0},{"not_picked":["Thunderclap"],"picked":"SKIP","floor":28.0},{"not_picked":[],"picked":"Second Wind+1","floor":31.0},{"not_picked":[],"picked":"Impervious+1","floor":33.0},{"not_picked":["Clothesline"],"picked":"SKIP","floor":35.0},{"not_picked":[],"picked":"Warcry+1","floor":36},{"not_picked":["Metallicize"],"picked":"SKIP","floor":38},{"not_picked":[],"picked":"Spot Weakness+1","floor":40},{"not_picked":["Heavy Blade"],"picked":"SKIP","floor":42},{"not_picked":["Anger+1"],"picked":"SKIP","floor":48}],"player_experience":703135,"relics_obtained":[{"floor":7.0,"key":"Pen Nib"},{"floor":9.0,"key":"Bronze Scales"},{"floor":23.0,"key":"MawBank"},{"floor":25.0,"key":"StoneCalendar"},{"floor":26.0,"key":"Red Skull"},{"floor":40,"key":"Bottled Flame"}],"event_choices":[{"damage_healed":0.0,"max_hp_gain":0.0,"max_hp_loss":0.0,"gold_gain":0.0,"event_name":"Lab","player_choice":"Got Potions","floor":2.0,"gold_loss":0.0,"damage_taken":0.0},{"damage_healed":0.0,"max_hp_gain":0.0,"max_hp_loss":0.0,"gold_gain":0.0,"cards_transformed":["Strike_R"],"event_name":"Transmorgrifier","player_choice":"Transformed","floor":5.0,"gold_loss":0.0,"damage_taken":0.0,"cards_obtained":["Uppercut"]},{"cards_removed":["Cleave"],"damage_healed":0.0,"max_hp_gain":0.0,"max_hp_loss":0.0,"gold_gain":0.0,"event_name":"WeMeetAgain","player_choice":"Gave Card","floor":19.0,"gold_loss":0.0,"damage_taken":0.0,"relics_obtained":["The Courier"]},{"cards_removed":["Wild Strike"],"damage_healed":0,"gold_gain":0,"player_choice":"Removed Attack","damage_taken":0,"max_hp_gain":0,"max_hp_loss":0,"event_name":"Falling","floor":39,"gold_loss":0},{"damage_healed":0,"gold_gain":0,"player_choice":"Embrace Madness","damage_taken":14,"max_hp_gain":0,"max_hp_loss":0,"event_name":"Winding Halls","floor":45,"gold_loss":0,"cards_obtained":["Madness","Madness"]},{"damage_healed":0,"gold_gain":300,"player_choice":"Gold","damage_taken":0,"max_hp_gain":0,"max_hp_loss":0,"event_name":"Wheel of Change","floor":47,"gold_loss":0}],"is_beta":false,"boss_relics":[{"not_picked":["Runic Dome","SacredBark"],"picked":"Busted Crown"},{"not_picked":["Coffee Dripper","Black Star"],"picked":"Pandora\u0027s Box"}],"items_purged_floors":[44],"is_endless":false,"potions_floor_spawned":[3,13,14,23,28,31,33,38,40],"killed_by":"Time Eater","ascension_level":20}}