{"host":"q6r63elxu27obe7v","time":1612076456,"event":{"mods":["2.2 Compatiblity","AchievementEnabler","BaseMod","CapriCore","DeckTracker","Keyboard Shortcuts","Minty Spire (QoL Compilation)","Permanent Neow","Quick Restart","StSLib","SuperFastMode","¡¼?Úª?ø«¡½REMEMod"],"gold_per_floor":[114,132,57,72,85,85,104,131,202,231,131,162,180,180,180,282,282,300,225,245,257,57,57,73,89,89,117,117,32,94,138,138,276,276,295,295,327,66,66,66,94,94,119,119,143,149,149],"floor_reached":46,"language":"KOR","playtime":1380,"items_purged":["Defend_P","Eruption","Strike_P"],"score":564,"play_id":"1ded5573-e7e3-4c10-a622-da09bc62de9d","local_time":"20210131160056","is_ascension_mode":false,"campfire_choices":[{"floor":6,"key":"RECALL"},{"floor":15,"key":"REST"},{"data":"Fiend Fire","floor":23,"key":"SMITH"},{"floor":32,"key":"REST"},{"data":"Crescendo","floor":40,"key":"SMITH"},{"floor":42,"key":"REST"},{"floor":44,"key":"DIG"}],"circlet_count":0,"master_deck":["Conclude","Fiend Fire+1","Crescendo+1","Consecrate","Vengeance","WreathOfFlame","Judgement","Tantrum+1","SashWhip+1","Halt+1","Consecrate","WreathOfFlame","FollowUp","Vengeance+1","Parasite"],"relics":["PureWater","REME_ComplimentaryCards","Shovel","Dead Branch","Potion Belt","Astrolabe","White Beast Statue","PreservedInsect","REME_ArchaeologicalTools","Sozu","Pear","Nunchaku","Frozen Egg 2"],"acts_visited":["Exordium","TheCity","TheBeyond"],"potions_floor_usage":[5,10,12,16,16,20,33,33,33,33,41],"damage_taken":[{"damage":0,"enemies":"Cultist","floor":1,"turns":3},{"damage":0,"enemies":"2 Louse","floor":2,"turns":1},{"damage":5,"enemies":"Small Slimes","floor":4,"turns":2},{"damage":6,"enemies":"2 Fungi Beasts","floor":5,"turns":2},{"damage":0,"enemies":"Looter","floor":7,"turns":1},{"damage":0,"enemies":"Gremlin Nob","floor":8,"turns":2},{"damage":18,"enemies":"3 Sentries","floor":10,"turns":3},{"damage":0,"enemies":"Gremlin Nob","floor":12,"turns":2},{"damage":0,"enemies":"Large Slime","floor":13,"turns":3},{"damage":0,"enemies":"Slime Boss","floor":16,"turns":2},{"damage":0,"enemies":"Spheric Guardian","floor":18,"turns":2},{"damage":0,"enemies":"Shell Parasite","floor":20,"turns":2},{"damage":10,"enemies":"Centurion and Healer","floor":21,"turns":3},{"damage":0,"enemies":"3 Cultists","floor":24,"turns":3},{"damage":0,"enemies":"Sentry and Sphere","floor":25,"turns":2},{"damage":54,"enemies":"Slavers","floor":27,"turns":2},{"damage":0,"enemies":"Snecko","floor":30,"turns":1},{"damage":6,"enemies":"Chosen and Byrds","floor":31,"turns":2},{"damage":6,"enemies":"Champ","floor":33,"turns":5},{"damage":0,"enemies":"Orb Walker","floor":35,"turns":1},{"damage":8,"enemies":"3 Darklings","floor":37,"turns":3},{"damage":48,"enemies":"Writhing Mass","floor":41,"turns":3},{"damage":24,"enemies":"Spire Growth","floor":45,"turns":3},{"damage":48,"enemies":"Jaw Worm Horde","floor":46,"turns":1}],"seed_played":"2520434495119165693","potions_obtained":[{"floor":1,"key":"Block Potion"},{"floor":4,"key":"Weak Potion"},{"floor":5,"key":"DistilledChaos"},{"floor":8,"key":"Swift Potion"},{"floor":10,"key":"SkillPotion"},{"floor":18,"key":"SkillPotion"},{"floor":25,"key":"CultistPotion"},{"floor":27,"key":"BlessingOfTheForge"},{"floor":30,"key":"AttackPotion"},{"floor":31,"key":"Dexterity Potion"},{"floor":33,"key":"SteroidPotion"}],"is_trial":false,"path_per_floor":["M","M","$","M","M","R","M","E","T","E","$","E","M","?","R","B",null,"M","?","M","M","$","R","M","M","T","E","?","?","M","M","R","B",null,"M","?","M","$","?","R","M","R","T","R","M","M"],"character_chosen":"WATCHER","items_purchased":["WreathOfFlame","Pear"],"campfire_rested":3,"item_purchase_floors":[22,38],"current_hp_per_floor":[51,51,51,46,40,40,40,40,40,22,22,22,22,22,43,43,72,72,72,72,62,62,62,62,62,62,8,32,32,32,26,47,41,72,72,72,64,74,74,74,26,50,50,50,26,0,0],"gold":149,"neow_bonus":"REMOVE_TWO","is_daily":false,"chose_seed":false,"campfire_upgraded":2,"win_rate":0.0,"timestamp":1612076456,"path_taken":["M","?","?","M","M","R","M","E","T","E","$","E","M","?","R","BOSS","M","?","M","M","$","R","M","M","T","E","?","?","M","M","R","BOSS","M","?","M","$","?","R","?","R","T","R","M","M"],"items_purchased_type":["Card","Relic"],"build_version":"2020-12-22","purchased_purges":3,"victory":false,"max_hp_per_floor":[72,72,72,72,72,72,72,72,72,72,72,72,72,72,72,72,72,72,72,72,72,72,72,72,72,72,72,72,72,72,72,72,72,72,72,72,72,82,82,82,82,82,82,82,82,82,82],"card_choices":[{"not_picked":["Evaluate","PathToVictory"],"picked":"Conclude","floor":1},{"not_picked":["FlurryOfBlows","SashWhip","TalkToTheHand"],"picked":"SKIP","floor":2},{"not_picked":["Weave","Prostrate"],"picked":"Crescendo","floor":4},{"not_picked":["TalkToTheHand","WindmillStrike","Halt"],"picked":"SKIP","floor":5},{"not_picked":["CutThroughFate","EmptyBody"],"picked":"Consecrate","floor":7},{"not_picked":["WaveOfTheHand","InnerPeace","Devotion"],"picked":"SKIP","floor":8},{"not_picked":["Sanctity","Pray"],"picked":"Vengeance","floor":10},{"not_picked":["SashWhip","Halt"],"picked":"WreathOfFlame","floor":12},{"not_picked":["JustLucky","Weave","FlurryOfBlows"],"picked":"SKIP","floor":13},{"not_picked":["Devotion","Vault"],"picked":"Judgement","floor":16},{"not_picked":["WheelKick","InnerPeace","JustLucky"],"picked":"SKIP","floor":18},{"not_picked":["Prostrate","Protect","ThirdEye"],"picked":"SKIP","floor":20},{"not_picked":["EmptyBody+1","SashWhip"],"picked":"Consecrate","floor":21},{"not_picked":["CrushJoints","PathToVictory+1","ThirdEye"],"picked":"SKIP","floor":24},{"not_picked":["PathToVictory","InnerPeace"],"picked":"FollowUp","floor":25},{"not_picked":["Conclude","SashWhip","Nirvana"],"picked":"SKIP","floor":27},{"not_picked":["FollowUp+1","Evaluate+1","Omniscience"],"picked":"SKIP","floor":30},{"not_picked":["WheelKick","Nirvana","InnerPeace"],"picked":"SKIP","floor":31},{"not_picked":["Weave","Indignation"],"picked":"Vengeance+1","floor":35},{"not_picked":["JustLucky","Fasting2","CutThroughFate"],"picked":"SKIP","floor":37},{"not_picked":["SandsOfTime","Evaluate+1","BowlingBash"],"picked":"SKIP","floor":41},{"not_picked":["Indignation","Evaluate","SashWhip"],"picked":"SKIP","floor":45}],"player_experience":67726,"relics_obtained":[{"floor":8,"key":"Shovel"},{"floor":10,"key":"Dead Branch"},{"floor":12,"key":"Potion Belt"},{"floor":26,"key":"White Beast Statue"},{"floor":27,"key":"PreservedInsect"},{"floor":43,"key":"Nunchaku"},{"floor":44,"key":"Frozen Egg 2"}],"event_choices":[{"damage_healed":0,"gold_gain":0,"player_choice":"Fled","damage_taken":0,"max_hp_gain":0,"max_hp_loss":0,"event_name":"Scrap Ooze","floor":14,"gold_loss":0},{"cards_removed":["Defend_P"],"damage_healed":0,"gold_gain":0,"player_choice":"Gave Gold","damage_taken":0,"max_hp_gain":0,"max_hp_loss":0,"event_name":"Beggar","floor":19,"gold_loss":75},{"damage_healed":24,"gold_gain":0,"player_choice":"Heal","damage_taken":0,"max_hp_gain":0,"max_hp_loss":0,"event_name":"The Library","floor":28,"gold_loss":0},{"damage_healed":0,"gold_gain":0,"player_choice":"Obtained Relic","damage_taken":0,"relics_obtained":["REME_ArchaeologicalTools"],"max_hp_gain":0,"max_hp_loss":0,"event_name":"Addict","floor":29,"gold_loss":85},{"damage_healed":0,"gold_gain":0,"player_choice":"Ignored","damage_taken":0,"max_hp_gain":0,"max_hp_loss":0,"event_name":"Mysterious Sphere","floor":36,"gold_loss":0},{"cards_removed":["Vigilance"],"damage_healed":0,"gold_gain":0,"player_choice":"Purged","damage_taken":0,"max_hp_gain":0,"max_hp_loss":0,"event_name":"Purifier","floor":39,"gold_loss":0}],"is_beta":false,"boss_relics":[{"not_picked":["Busted Crown","Cursed Key"],"picked":"Astrolabe"},{"not_picked":["Runic Dome","REME_DemonsWealth"],"picked":"Sozu"}],"items_purged_floors":[3,11,22],"is_endless":false,"potions_floor_spawned":[1,4,5,8,10,18,25,27,30,31,33,35,37,41,45],"killed_by":"Jaw Worm Horde","ascension_level":0}}