{"host":"qxeepl7ydvsgmfdb","time":1612097896,"event":{"mods":["AchievementEnabler","BaseMod","Colored Powertips","Minty Spire (QoL Compilation)","Quick Restart","slay the spire mod where everything is the same but ironclad has a cowboy hat"],"gold_per_floor":[109,109,159,109,122,148,24,24,92,92,92,92,92,112,112,214,264,282,282,307,318,328,344,363,363,431,443,495,495,495],"floor_reached":29,"language":"ENG","playtime":814,"items_purged":[],"score":248,"play_id":"a0cdf311-8d44-4c48-83b2-17c4721225cc","local_time":"20210131075816","is_ascension_mode":false,"campfire_choices":[{"data":"Die Die Die","floor":8,"key":"SMITH"},{"data":"Noxious Fumes","floor":13,"key":"SMITH"},{"floor":15,"key":"RECALL"}],"circlet_count":0,"master_deck":["Strike_G","Strike_G","Defend_G","Defend_G","Defend_G","Defend_G","Defend_G","Survivor","Neutralize+1","Deflect+1","Infinite Blades","Die Die Die+1","Deadly Poison","Noxious Fumes+1","Acrobatics","Poisoned Stab","Backflip","Deadly Poison","Masterful Stab","Deflect","Caltrops+1","Corpse Explosion","Blade Dance","Slice"],"relics":["Ring of the Snake","NeowsBlessing","Omamori","Potion Belt","Frozen Egg 2","Tiny Chest","Tiny House","Bag of Marbles","Toxic Egg 2","PreservedInsect"],"acts_visited":["Exordium","TheCity"],"potions_floor_usage":[16,21,22,23,24,24],"damage_taken":[{"damage":0,"enemies":"Small Slimes","floor":1,"turns":1},{"damage":0,"enemies":"Jaw Worm","floor":5,"turns":1},{"damage":0,"enemies":"Lagavulin","floor":6,"turns":1},{"damage":0,"enemies":"2 Louse","floor":14,"turns":1},{"damage":34,"enemies":"Hexaghost","floor":16,"turns":8},{"damage":4,"enemies":"Shell Parasite","floor":18,"turns":6},{"damage":15,"enemies":"3 Byrds","floor":21,"turns":4},{"damage":4,"enemies":"Snake Plant","floor":22,"turns":3},{"damage":28,"enemies":"Shelled Parasite and Fungi","floor":23,"turns":4},{"damage":26,"enemies":"Snecko","floor":24,"turns":6},{"damage":3,"enemies":"Centurion and Healer","floor":27,"turns":4},{"damage":25,"enemies":"Chosen and Byrds","floor":29,"turns":4}],"seed_played":"-3349779530205978200","potions_obtained":[{"floor":1,"key":"Regen Potion"},{"floor":6,"key":"FearPotion"},{"floor":16,"key":"Block Potion"},{"floor":17,"key":"EssenceOfSteel"},{"floor":18,"key":"DistilledChaos"},{"floor":21,"key":"GamblersBrew"},{"floor":27,"key":"Energy Potion"}],"is_trial":false,"path_per_floor":["M","?","T","?","M","E","$","R","T","$","T","?","R","M","R","B",null,"M","?","T","M","M","M","M","?","T","M","T","M"],"character_chosen":"THE_SILENT","items_purchased":["Deadly Poison","Noxious Fumes"],"campfire_rested":0,"item_purchase_floors":[7,7],"current_hp_per_floor":[70,70,70,70,70,70,70,70,70,70,70,70,70,70,70,36,75,71,71,71,56,52,24,7,7,7,4,4,0,0],"gold":495,"neow_bonus":"THREE_ENEMY_KILL","is_daily":false,"chose_seed":false,"campfire_upgraded":2,"win_rate":0.0,"timestamp":1612097896,"path_taken":["M","?","?","?","M","E","$","R","T","?","?","?","R","?","R","BOSS","M","?","?","?","?","M","M","?","T","M","?","M"],"items_purchased_type":["Card","Card"],"build_version":"2020-12-22","purchased_purges":0,"victory":false,"max_hp_per_floor":[70,70,70,70,70,70,70,70,70,70,70,70,70,70,70,70,75,75,75,75,75,75,75,75,75,75,75,75,75,75],"card_choices":[{"not_picked":["Endless Agony","Catalyst"],"picked":"Deflect","floor":1},{"not_picked":["Dodge and Roll","Leg Sweep"],"picked":"Infinite Blades","floor":5},{"not_picked":["Bane","Catalyst"],"picked":"Die Die Die","floor":6},{"not_picked":["Quick Slash","Skewer"],"picked":"Poisoned Stab","floor":14},{"not_picked":["Dodge and Roll","Escape Plan"],"picked":"Backflip","floor":17},{"not_picked":["Distraction","Outmaneuver+1"],"picked":"Deadly Poison","floor":18},{"not_picked":["Acrobatics","Dodge and Roll+1"],"picked":"Deflect","floor":21},{"not_picked":["Underhanded Strike","Prepared"],"picked":"Caltrops+1","floor":22},{"not_picked":["Blur","Dodge and Roll"],"picked":"Corpse Explosion","floor":23},{"not_picked":["Leg Sweep+1","Flechettes+1"],"picked":"Blade Dance","floor":24},{"not_picked":["Predator+1","Masterful Stab"],"picked":"Slice","floor":27}],"player_experience":161269,"relics_obtained":[{"floor":3,"key":"Omamori"},{"floor":6,"key":"Potion Belt"},{"floor":9,"key":"Frozen Egg 2"},{"floor":11,"key":"Tiny Chest"},{"floor":20,"key":"Bag of Marbles"},{"floor":26,"key":"Toxic Egg 2"},{"floor":28,"key":"PreservedInsect"}],"event_choices":[{"damage_healed":0,"gold_gain":0,"player_choice":"Grow","damage_taken":0,"max_hp_gain":0,"max_hp_loss":0,"event_name":"Living Wall","floor":2,"gold_loss":0,"cards_upgraded":["Deflect"]},{"cards_removed":["Strike_G"],"damage_healed":0,"gold_gain":0,"player_choice":"Card Removal","damage_taken":0,"max_hp_gain":0,"max_hp_loss":0,"event_name":"The Cleric","floor":4,"gold_loss":50},{"damage_healed":0,"gold_gain":0,"cards_transformed":["Strike_G"],"player_choice":"Transformed","damage_taken":0,"max_hp_gain":0,"max_hp_loss":0,"event_name":"Transmorgrifier","floor":12,"gold_loss":0,"cards_obtained":["Acrobatics"]},{"damage_healed":0,"gold_gain":0,"cards_transformed":["Strike_G"],"player_choice":"Transformed","damage_taken":0,"max_hp_gain":0,"max_hp_loss":0,"event_name":"Transmorgrifier","floor":19,"gold_loss":0,"cards_obtained":["Masterful Stab"]},{"damage_healed":0,"gold_gain":0,"player_choice":"Ignored","damage_taken":0,"max_hp_gain":0,"max_hp_loss":0,"event_name":"Vampires","floor":25,"gold_loss":0}],"is_beta":false,"boss_relics":[{"not_picked":["Coffee Dripper","Runic Pyramid"],"picked":"Tiny House"}],"items_purged_floors":[],"is_endless":false,"potions_floor_spawned":[1,6,16,18,21,27],"killed_by":"Chosen and Byrds","ascension_level":0}}