{"host":"l15sdf2mmi0nobpi","time":1612073401,"event":{"mods":["ATMod(°¢èªMod)","BaseMod","Highlight Path","Minty Spire (QoL Compilation)","Quick Restart","StSLib","¡¾¹¦ÄÜMod¡¿Neow½±Àø"],"gold_per_floor":[118,118,132,147,157,190,190,215,269,299,331,343,369,142,142,221,221,231,281,281,298,317,317,217,217,217,217,236,236,236,363,363,535,535,552,552,552,564,564,690,701,835,835,966,837,837,853,582,582,782,982,982,982,122,353,453],"floor_reached":57,"language":"ZHS","playtime":2415,"items_purged":["Strike_R","Strike_R","Strike_R","Strike_R","Bash"],"score":2940,"play_id":"120eaf06-2cda-4f5b-b3a8-b78b488cdf81","local_time":"20210131141001","is_ascension_mode":true,"campfire_choices":[{"data":"AT_FamilyPortrait","floor":7.0,"key":"SMITH"},{"data":"Inflame","floor":12.0,"key":"SMITH"},{"data":"Body Slam","floor":15.0,"key":"SMITH"},{"data":"Feel No Pain","floor":23.0,"key":"SMITH"},{"data":"Sword Boomerang","floor":25.0,"key":"SMITH"},{"data":"Pommel Strike","floor":27.0,"key":"SMITH"},{"floor":29.0,"key":"RECALL"},{"data":"Offering","floor":32.0,"key":"SMITH"},{"data":"Dark Embrace","floor":46,"key":"SMITH"},{"data":"AT_BodySlamDance","floor":49,"key":"SMITH"},{"data":"Offering","floor":53,"key":"SMITH"}],"circlet_count":0,"master_deck":["AscendersBane","Defend_R","Defend_R","Defend_R","Defend_R+1","AT_FamilyPortrait+1","Sword Boomerang+1","Second Wind+1","Reaper","Offering+1","Body Slam+1","Inflame+1","Pommel Strike+1","AT_ShrugMaster","Exhume","CurseOfTheBell","Feel No Pain+1","True Grit+1","Offering+1","Madness","Madness","Armaments+1","Bloodletting+1","AT_BodySlamDance+1","Dark Embrace+1","Feel No Pain"],"relics":["Burning Blood","AT_ATBox","NeowsBlessing","Torii","AT_ImmortalShieldbow","MawBank","AT_BladeRuinedKing","Calling Bell","Mercury Hourglass","AT_TheCollector","War Paint","Bag of Preparation","Enchiridion","Centennial Puzzle","Runic Pyramid","Singing Bowl","Smiling Mask","Art of War","AT_RedTearstoneRing","Medical Kit","Mummified Hand","Letter Opener","HandDrill","Pen Nib"],"acts_visited":["Exordium","TheCity","TheBeyond","TheEnding"],"potions_floor_usage":[56],"damage_taken":[{"damage":0.0,"enemies":"Small Slimes","floor":1.0,"turns":2.0},{"damage":0.0,"enemies":"Cultist","floor":3.0,"turns":1.0},{"damage":0.0,"enemies":"Jaw Worm","floor":4.0,"turns":1.0},{"damage":12.0,"enemies":"Looter","floor":5.0,"turns":3.0},{"damage":53.0,"enemies":"Lagavulin","floor":6.0,"turns":8.0},{"damage":27.0,"enemies":"3 Sentries","floor":8.0,"turns":8.0},{"damage":6.0,"enemies":"Lots of Slimes","floor":10.0,"turns":3.0},{"damage":11.0,"enemies":"2 Fungi Beasts","floor":11.0,"turns":3.0},{"damage":19.0,"enemies":"Large Slime","floor":13.0,"turns":3.0},{"damage":12.0,"enemies":"Hexaghost","floor":16.0,"turns":6.0},{"damage":35.0,"enemies":"2 Thieves","floor":18.0,"turns":3.0},{"damage":8.0,"enemies":"Chosen","floor":21.0,"turns":4.0},{"damage":14.0,"enemies":"Snecko","floor":22.0,"turns":4.0},{"damage":6.0,"enemies":"Centurion and Healer","floor":28.0,"turns":5.0},{"damage":7.0,"enemies":"Book of Stabbing","floor":31.0,"turns":3.0},{"damage":7.0,"enemies":"Automaton","floor":33.0,"turns":7.0},{"damage":18.0,"enemies":"3 Shapes","floor":35.0,"turns":4.0},{"damage":0,"enemies":"Orb Walker","floor":38,"turns":4},{"damage":48,"enemies":"Reptomancer","floor":40,"turns":5},{"damage":12,"enemies":"Maw","floor":41,"turns":4},{"damage":12,"enemies":"Giant Head","floor":42,"turns":4},{"damage":18,"enemies":"Reptomancer","floor":44,"turns":2},{"damage":9,"enemies":"Transient","floor":47,"turns":4},{"damage":29,"enemies":"Donu and Deca","floor":50,"turns":4},{"damage":76,"enemies":"Awakened One","floor":51,"turns":5},{"damage":6,"enemies":"Shield and Spear","floor":55,"turns":2},{"damage":24,"enemies":"The Heart","floor":56,"turns":4}],"seed_played":"-421135989915988709","potions_obtained":[{"floor":1.0,"key":"GamblersBrew"},{"floor":6.0,"key":"FearPotion"},{"floor":13.0,"key":"Dexterity Potion"}],"is_trial":false,"path_per_floor":["M","?","M","M","M","E","R","E","T","M","M","R","M","$","R","B",null,"M","?","?","M","M","R","$","R","T","R","M","R","?","E","R","B",null,"M","?","?","M","T","E","M","E","T","E","$","R","M","$","R","B","B",null,"R","$","E","B",null],"character_chosen":"IRONCLAD","items_purchased":["AT_BladeRuinedKing","Dark Embrace","Medical Kit","Swift Potion","Feel No Pain","Mummified Hand","Letter Opener","HandDrill"],"campfire_rested":0,"item_purchase_floors":[14,45,48,48,54,54,54,54],"current_hp_per_floor":[74,74,75,75,69,22,22,13,13,41,36,36,40,40,40,45,68,46,46,46,49,45,45,45,45,45,45,59,59,38,44,44,50,69,57,57,43,49,49,38,37,31,31,72,72,72,79,79,79,78,79,79,79,79,81,63],"gold":453,"neow_bonus":"THREE_ENEMY_KILL","is_daily":false,"chose_seed":false,"campfire_upgraded":10,"win_rate":0.0,"timestamp":1612073401,"path_taken":["M","?","?","M","?","E","R","E","T","M","M","R","M","$","R","BOSS","BOSS","M","?","?","?","M","R","$","R","T","R","M","R","?","E","R","BOSS","M","?","?","M","?","E","M","E","T","E","?","R","M","$","R","BOSS","BOSS","R","$","E","BOSS"],"items_purchased_type":["Relic","Card","Relic","Potion","Card","Relic","Relic","Relic"],"build_version":"2020-12-22","purchased_purges":5,"victory":true,"max_hp_per_floor":[75,75,75,75,75,75,75,75,75,75,75,75,75,75,75,75,75,75,75,75,75,75,75,75,75,75,75,75,75,75,75,75,75,75,75,75,75,75,75,75,75,75,75,77,77,77,79,79,79,79,79,79,79,79,81,81],"card_choices":[{"not_picked":["Dropkick","Anger"],"picked":"Sword Boomerang","floor":1.0},{"not_picked":["Wild Strike","Heavy Blade","Havoc"],"picked":"SKIP","floor":3.0},{"not_picked":["Rupture","Armaments"],"picked":"Offering","floor":4.0},{"not_picked":["Clothesline","Anger"],"picked":"Body Slam","floor":5.0},{"not_picked":["AT_IchimonjiDouble","Iron Wave","Headbutt"],"picked":"SKIP","floor":6.0},{"not_picked":["Metallicize","Limit Break"],"picked":"Inflame","floor":8.0},{"not_picked":["Anger","Battle Trance"],"picked":"Pommel Strike","floor":10.0},{"not_picked":["Havoc","Sword Boomerang","Sentinel"],"picked":"SKIP","floor":11.0},{"not_picked":["AT_IchimonjiDouble","Iron Wave"],"picked":"AT_ShrugMaster","floor":13.0},{"not_picked":["Juggernaut","Brutality"],"picked":"Exhume","floor":16.0},{"not_picked":["Headbutt","Perfected Strike+1","Body Slam"],"picked":"SKIP","floor":18.0},{"not_picked":["Rupture","Anger","Havoc"],"picked":"SKIP","floor":21.0},{"not_picked":["Sentinel","Warcry","Thunderclap"],"picked":"SKIP","floor":22.0},{"not_picked":["Infernal Blade","Seeing Red","Clothesline+1"],"picked":"SKIP","floor":28.0},{"not_picked":["Wild Strike","AT_BodySlamDance"],"picked":"True Grit+1","floor":31.0},{"not_picked":["Exhume","Brutality"],"picked":"Offering","floor":33.0},{"not_picked":["Perfected Strike","Evolve","AT_DrawKnifeCut"],"picked":"SKIP","floor":35.0},{"not_picked":["Flex","Pommel Strike+1","Cleave"],"picked":"SKIP","floor":38},{"not_picked":["Juggernaut","Wild Strike+1"],"picked":"Armaments+1","floor":40},{"not_picked":["Ghostly Armor","Body Slam"],"picked":"Bloodletting+1","floor":41},{"not_picked":["Flex","Body Slam+1"],"picked":"AT_BodySlamDance","floor":42},{"not_picked":["Offering","AT_DiedThrough+1","AT_BodySlamDance+1"],"picked":"Singing Bowl","floor":44},{"not_picked":["Sword Boomerang","Flex+1","Cleave+1"],"picked":"Singing Bowl","floor":47},{"not_picked":["Fire Breathing+1","Warcry","AT_BodySlamDance"],"picked":"Singing Bowl","floor":55}],"player_experience":510641,"relics_obtained":[{"floor":6.0,"key":"Torii"},{"floor":8.0,"key":"AT_ImmortalShieldbow"},{"floor":9.0,"key":"MawBank"},{"floor":17.0,"key":"Mercury Hourglass"},{"floor":17.0,"key":"AT_TheCollector"},{"floor":17.0,"key":"War Paint"},{"floor":26.0,"key":"Bag of Preparation"},{"floor":30.0,"key":"Enchiridion"},{"floor":31.0,"key":"Centennial Puzzle"},{"floor":39,"key":"Singing Bowl"},{"floor":40,"key":"Smiling Mask"},{"floor":42,"key":"Art of War"},{"floor":44,"key":"AT_RedTearstoneRing"},{"floor":55,"key":"Pen Nib"}],"event_choices":[{"damage_healed":0.0,"max_hp_gain":0.0,"max_hp_loss":0.0,"gold_gain":0.0,"event_name":"Match and Keep!","player_choice":"2 cards matched","floor":2.0,"gold_loss":0.0,"damage_taken":0.0,"cards_obtained":["Second Wind","Reaper"]},{"damage_healed":0.0,"max_hp_gain":0.0,"max_hp_loss":0.0,"gold_gain":50.0,"event_name":"Nest","player_choice":"Stole From Cult","floor":19.0,"gold_loss":0.0,"damage_taken":0.0},{"damage_healed":0.0,"max_hp_gain":0.0,"max_hp_loss":0.0,"gold_gain":0.0,"cards_transformed":["Strike_R"],"event_name":"Transmorgrifier","player_choice":"Transformed","floor":20.0,"gold_loss":0.0,"damage_taken":0.0,"cards_obtained":["Feel No Pain"]},{"damage_healed":0.0,"max_hp_gain":0.0,"max_hp_loss":0.0,"gold_gain":0.0,"event_name":"Cursed Tome","player_choice":"Obtained Book","floor":30.0,"gold_loss":0.0,"damage_taken":21.0},{"damage_healed":0,"gold_gain":0,"player_choice":"Memory 1","damage_taken":0,"max_hp_gain":0,"max_hp_loss":0,"event_name":"SensoryStone","floor":36,"gold_loss":0},{"damage_healed":0,"gold_gain":0,"player_choice":"Embrace Madness","damage_taken":14,"max_hp_gain":0,"max_hp_loss":0,"event_name":"Winding Halls","floor":37,"gold_loss":0,"cards_obtained":["Madness","Madness"]}],"is_beta":false,"boss_relics":[{"not_picked":["Pandora\u0027s Box","Runic Dome"],"picked":"Calling Bell"},{"not_picked":["Busted Crown","Tiny House"],"picked":"Runic Pyramid"}],"items_purged_floors":[14,24,45,48,54],"is_endless":false,"potions_floor_spawned":[1,6,8,13,18,33,40,41,44],"ascension_level":20}}