{"host":"4mwxwqvoirj3cq7x","time":1612057696,"event":{"mods":["BaseMod","KinomotoSakuraMod(Ä¾Ö®±¾Ó£)","Minty Spire (QoL Compilation)","StSLib"],"gold_per_floor":[110,125,50,50,68,68,92,242,242,242,34,34,53,92,92,92,92],"floor_reached":16,"language":"ZHS","playtime":365,"items_purged":[],"score":200,"play_id":"7eef01c4-ea4e-4429-914f-a50bb3214238","local_time":"20210131094816","is_ascension_mode":true,"campfire_choices":[{"floor":12.0,"key":"REST"},{"data":"Cloak And Dagger","floor":15.0,"key":"SMITH"}],"circlet_count":0,"master_deck":["AscendersBane","Strike_G","Strike_G","Strike_G","Strike_G","Strike_G","Defend_G","Defend_G","Defend_G","Defend_G","Survivor","Neutralize","Backflip","Prepared","Accuracy","Footwork","Infinite Blades","Acrobatics","Cloak And Dagger+1"],"relics":["Ring of the Snake","NeowsBlessing","Golden Idol","Tingsha","Bag of Preparation","Girya"],"acts_visited":["Exordium"],"potions_floor_usage":[16],"damage_taken":[{"damage":0.0,"enemies":"Cultist","floor":1.0,"turns":1.0},{"damage":0.0,"enemies":"Small Slimes","floor":2.0,"turns":1.0},{"damage":0.0,"enemies":"2 Louse","floor":5.0,"turns":1.0},{"damage":15.0,"enemies":"2 Fungi Beasts","floor":7.0,"turns":7.0},{"damage":5.0,"enemies":"3 Louse","floor":13.0,"turns":3.0},{"damage":4.0,"enemies":"Lagavulin","floor":14.0,"turns":5.0},{"damage":23,"enemies":"Slime Boss","floor":16,"turns":8}],"seed_played":"-3449565234118411665","potions_obtained":[{"floor":5.0,"key":"SteroidPotion"},{"floor":7.0,"key":"Poison Potion"},{"floor":13.0,"key":"FearPotion"},{"floor":14.0,"key":"FearPotion"}],"is_trial":false,"path_per_floor":["M","M","?","?","M","$","M","?","T","?","$","R","M","E","R","B"],"character_chosen":"THE_SILENT","items_purchased":["Infinite Blades","Bag of Preparation"],"campfire_rested":1,"item_purchase_floors":[11,11],"current_hp_per_floor":[59,59,59,36,36,36,21,21,21,14,14,33,28,24,24,1,1],"gold":92,"neow_bonus":"THREE_ENEMY_KILL","is_daily":false,"chose_seed":false,"campfire_upgraded":1,"win_rate":0.0,"timestamp":1612057696,"path_taken":["M","M","?","?","M","$","M","?","T","?","$","R","M","E","R","BOSS"],"items_purchased_type":["Card","Relic"],"build_version":"2020-12-22","purchased_purges":0,"victory":false,"max_hp_per_floor":[66,66,66,66,66,66,66,66,66,66,66,66,66,66,66,66,66],"card_choices":[{"not_picked":["Dagger Spray","Setup"],"picked":"Backflip","floor":1.0},{"not_picked":["Dagger Throw","Flechettes"],"picked":"Prepared","floor":2.0},{"not_picked":["Concentrate","Flying Knee"],"picked":"Accuracy","floor":5.0},{"not_picked":["Backflip","Sucker Punch"],"picked":"Footwork","floor":7.0},{"not_picked":["Finisher","PiercingWail"],"picked":"Acrobatics","floor":13.0},{"not_picked":["Storm of Steel","Bouncing Flask"],"picked":"Cloak And Dagger","floor":14.0}],"player_experience":624997,"relics_obtained":[{"floor":9.0,"key":"Tingsha"},{"floor":14.0,"key":"Girya"}],"event_choices":[{"cards_removed":["Defend_G"],"damage_healed":0.0,"max_hp_gain":0.0,"max_hp_loss":0.0,"gold_gain":0.0,"event_name":"The Cleric","player_choice":"Card Removal","floor":3.0,"gold_loss":75.0,"damage_taken":0.0},{"damage_healed":0.0,"max_hp_gain":0.0,"max_hp_loss":0.0,"gold_gain":0.0,"event_name":"Golden Idol","player_choice":"Take Damage","floor":4.0,"gold_loss":0.0,"damage_taken":23.0,"relics_obtained":["Golden Idol"]},{"damage_healed":0.0,"max_hp_gain":0.0,"max_hp_loss":0.0,"gold_gain":150.0,"event_name":"Liars Game","player_choice":"AGREE","floor":8.0,"gold_loss":0.0,"damage_taken":0.0,"cards_obtained":["Doubt"]},{"cards_removed":["Doubt"],"damage_healed":0.0,"max_hp_gain":0.0,"max_hp_loss":0.0,"gold_gain":0.0,"event_name":"Golden Wing","player_choice":"Card Removal","floor":10.0,"gold_loss":0.0,"damage_taken":7.0}],"is_beta":false,"boss_relics":[],"items_purged_floors":[],"is_endless":false,"potions_floor_spawned":[5,7,13,14],"killed_by":"Slime Boss","ascension_level":20}}