{"host":"x5w9zppki4gdwvc7","time":1612135380,"event":{"mods":["AchievementEnabler","BaseMod","Colored Powertips","DeckTracker","Minty Spire (QoL Compilation)","Relic Sorter","SuperFastMode"],"gold_per_floor":[112,35,55,10,10,10,45,45,69,82,82,82,82,122,122,248,248,262,361,361,27,27,70,70,83,83,208,246,246,266,280,280,408,408,421,434,189,205,225,256,256,256,256,281,325,345,32,47,47,47],"floor_reached":51,"language":"ENG","playtime":3487,"items_purged":["Strike_R","Strike_R","Defend_R"],"score":1056,"play_id":"b25bfb6d-362a-4880-be79-271a3d59c248","local_time":"20210201002300","is_ascension_mode":true,"campfire_choices":[{"data":"True Grit","floor":6.0,"key":"SMITH"},{"data":"Inflame","floor":8.0,"key":"SMITH"},{"data":"Bash","floor":11.0,"key":"SMITH"},{"data":"Clothesline","floor":15.0,"key":"SMITH"},{"data":"Demon Form","floor":24,"key":"SMITH"},{"data":"Ghostly Armor","floor":29,"key":"SMITH"},{"floor":32,"key":"REST"},{"data":"Barricade","floor":42,"key":"SMITH"},{"data":"Chrysalis","floor":49,"key":"SMITH"}],"circlet_count":0,"master_deck":["Strike_R","Strike_R","Strike_R","Defend_R","Defend_R","Defend_R","Bash+1","Clothesline+1","Inflame+1","Headbutt+1","True Grit+1","Thunderclap","Power Through","Demon Form+1","Ghostly","Ghostly","Ghostly","Ghostly","Ghostly","Armaments+1","Ghostly Armor+1","Juggernaut","Pommel Strike+1","Sentinel+1","Inflame","Chrysalis+1","Inflame","Rage+1","Barricade+1","Dark Shackles","Good Instincts","Swift Strike+1","Anger+1","Heavy Blade+1","Fiend Fire","Metallicize","True Grit","Purity","Heavy Blade+1"],"relics":["Burning Blood","NeowsBlessing","Thread and Needle","Omamori","Golden Idol","Ancient Tea Set","Mark of Pain","Nilry\u0027s Codex","Membership Card","Mummified Hand","Question Card","Kunai","FossilizedHelix","Blue Candle","Potion Belt","Black Star","Vajra","MealTicket","Centennial Puzzle","Bottled Flame","Charon\u0027s Ashes","Meat on the Bone","Whetstone"],"acts_visited":["Exordium","TheCity","TheBeyond"],"potions_floor_usage":[23,25,39,45,45,45,46,50,50,50,50],"damage_taken":[{"damage":0.0,"enemies":"2 Louse","floor":1.0,"turns":1.0},{"damage":0.0,"enemies":"Small Slimes","floor":3.0,"turns":1.0},{"damage":0.0,"enemies":"Lagavulin","floor":7.0,"turns":2.0},{"damage":0.0,"enemies":"Jaw Worm","floor":10.0,"turns":4.0},{"damage":26.0,"enemies":"3 Sentries","floor":14.0,"turns":7.0},{"damage":41.0,"enemies":"The Guardian","floor":16.0,"turns":11.0},{"damage":36.0,"enemies":"Spheric Guardian","floor":18.0,"turns":6.0},{"damage":2,"enemies":"Gremlin Leader","floor":23,"turns":6},{"damage":0,"enemies":"Chosen","floor":25,"turns":6},{"damage":3,"enemies":"Colosseum Slavers","floor":27,"turns":5},{"damage":7,"enemies":"Colosseum Nobs","floor":27,"turns":7},{"damage":0,"enemies":"Book of Stabbing","floor":28,"turns":7},{"damage":0,"enemies":"Snake Plant","floor":30,"turns":5},{"damage":8,"enemies":"Shelled Parasite and Fungi","floor":31,"turns":5},{"damage":0,"enemies":"Champ","floor":33,"turns":9},{"damage":0,"enemies":"3 Darklings","floor":35,"turns":8},{"damage":0,"enemies":"3 Shapes","floor":36,"turns":5},{"damage":0,"enemies":"Jaw Worm Horde","floor":38,"turns":7},{"damage":0,"enemies":"Spire Growth","floor":39,"turns":6},{"damage":6,"enemies":"Reptomancer","floor":40,"turns":8},{"damage":10,"enemies":"Sphere and 2 Shapes","floor":44,"turns":5},{"damage":12,"enemies":"Giant Head","floor":45,"turns":9},{"damage":5,"enemies":"Maw","floor":46,"turns":9},{"damage":0,"enemies":"Jaw Worm Horde","floor":48,"turns":7},{"damage":1,"enemies":"Awakened One","floor":50,"turns":12}],"seed_played":"4355187410512073750","potions_obtained":[{"floor":1.0,"key":"Weak Potion"},{"floor":7.0,"key":"LiquidMemories"},{"floor":14.0,"key":"AttackPotion"},{"floor":18.0,"key":"Energy Potion"},{"floor":23,"key":"ElixirPotion"},{"floor":27,"key":"ColorlessPotion"},{"floor":28,"key":"FearPotion"},{"floor":33,"key":"Weak Potion"},{"floor":35,"key":"Weak Potion"},{"floor":39,"key":"BlessingOfTheForge"},{"floor":40,"key":"DistilledChaos"},{"floor":44,"key":"DuplicationPotion"}],"is_trial":false,"path_per_floor":["M","$","M","$","?","R","E","R","T","M","R","?","?","E","R","B",null,"M","?","?","$","?","E","R","M","T","?","E","R","M","M","R","B",null,"M","M","$","M","M","E","?","R","T","M","E","M","$","M","R","B",null],"character_chosen":"IRONCLAD","items_purchased":["Inflame","True Grit","Membership Card","Mummified Hand","PowerPotion","Vajra","Inflame","Chrysalis","Metallicize","Whetstone","True Grit","Purity","GamblersBrew","Block Potion","Block Potion"],"campfire_rested":1,"item_purchase_floors":[2,4,21,21,21,37,37,37,47,47,47,47,47,47,47],"current_hp_per_floor":[80,80,80,80,85,85,85,85,85,85,85,85,85,65,65,30,85,55,55,39,39,39,42,42,42,42,41,42,42,42,40,42,42,42,42,42,42,42,42,42,32,32,32,28,22,35,42,42,42,42],"gold":47,"neow_bonus":"THREE_ENEMY_KILL","is_daily":false,"chose_seed":false,"campfire_upgraded":8,"win_rate":0.0,"timestamp":1612135380,"path_taken":["M","$","M","$","?","R","E","R","T","M","R","?","?","E","R","BOSS","M","?","?","$","?","E","R","M","T","?","E","R","?","M","R","BOSS","M","M","$","M","M","E","?","R","T","M","E","M","$","M","R","BOSS"],"items_purchased_type":["Card","Card","Relic","Relic","Potion","Relic","Card","Card","Card","Relic","Card","Card","Potion","Potion","Potion"],"build_version":"2020-12-22","purchased_purges":3,"victory":true,"max_hp_per_floor":[80,80,80,80,85,85,85,85,85,85,85,85,85,85,85,85,85,85,85,85,85,42,42,42,42,42,42,42,42,42,42,42,42,42,42,42,42,42,42,42,42,42,42,42,42,42,42,42,42,42],"card_choices":[{"not_picked":["Armaments","Blood for Blood"],"picked":"Clothesline","floor":1.0},{"not_picked":["Heavy Blade","Body Slam"],"picked":"Headbutt","floor":3.0},{"not_picked":["Body Slam","Exhume","Searing Blow"],"picked":"SKIP","floor":7.0},{"not_picked":["Dark Embrace","Clash"],"picked":"Thunderclap","floor":10.0},{"not_picked":["Rage","Evolve"],"picked":"Power Through","floor":14.0},{"not_picked":["Corruption","Double Tap"],"picked":"Demon Form","floor":16.0},{"not_picked":["Wild Strike","Rupture","Cleave"],"picked":"SKIP","floor":18.0},{"not_picked":["Spot Weakness","Sword Boomerang","Infernal Blade"],"picked":"SKIP","floor":23},{"not_picked":["Headbutt","Pommel Strike","Uppercut","Body Slam"],"picked":"SKIP","floor":25},{"not_picked":["Headbutt","Shrug It Off","True Grit"],"picked":"Armaments+1","floor":27},{"not_picked":["Entrench","Sword Boomerang+1","Flex"],"picked":"Ghostly Armor","floor":28},{"not_picked":["Cleave","Warcry","Blood for Blood","Seeing Red"],"picked":"SKIP","floor":30},{"not_picked":["Sword Boomerang+1","Warcry","Body Slam","Carnage"],"picked":"SKIP","floor":31},{"not_picked":["Double Tap","Demon Form","Impervious"],"picked":"Juggernaut","floor":33},{"not_picked":["Flex","Carnage+1","Hemokinesis"],"picked":"Pommel Strike+1","floor":35},{"not_picked":["Wild Strike+1","Second Wind+1","Clothesline"],"picked":"Sentinel+1","floor":36},{"not_picked":["Armaments","Cleave+1","Clash"],"picked":"Inflame","floor":38},{"not_picked":["Pommel Strike+1","Whirlwind+1","Twin Strike"],"picked":"Rage+1","floor":39},{"not_picked":["Clash+1","Sword Boomerang+1","Disarm+1"],"picked":"Barricade","floor":40},{"not_picked":["Mind Blast","Trip","PanicButton"],"picked":"Dark Shackles","floor":41},{"not_picked":["Dramatic Entrance","Violence","Forethought"],"picked":"Good Instincts","floor":41},{"not_picked":["Thinking Ahead","Trip","Dark Shackles"],"picked":"Swift Strike","floor":41},{"not_picked":["Rampage","Cleave+1","Clothesline"],"picked":"Anger","floor":44},{"not_picked":["Ghostly Armor","Combust+1","Juggernaut"],"picked":"Heavy Blade+1","floor":45},{"not_picked":["Cleave","Warcry","Iron Wave+1"],"picked":"Fiend Fire","floor":46},{"not_picked":["Pommel Strike+1","Thunderclap","Burning Pact"],"picked":"Heavy Blade+1","floor":48}],"player_experience":347056,"relics_obtained":[{"floor":7.0,"key":"Thread and Needle"},{"floor":9.0,"key":"Omamori"},{"floor":14.0,"key":"Ancient Tea Set"},{"floor":20.0,"key":"Nilry\u0027s Codex"},{"floor":23,"key":"Question Card"},{"floor":26,"key":"Kunai"},{"floor":27,"key":"FossilizedHelix"},{"floor":27,"key":"Blue Candle"},{"floor":28,"key":"Potion Belt"},{"floor":40,"key":"MealTicket"},{"floor":40,"key":"Centennial Puzzle"},{"floor":43,"key":"Bottled Flame"},{"floor":45,"key":"Charon\u0027s Ashes"},{"floor":45,"key":"Meat on the Bone"}],"event_choices":[{"damage_healed":0.0,"max_hp_gain":5.0,"max_hp_loss":0.0,"gold_gain":0.0,"event_name":"Big Fish","player_choice":"Donut","floor":5.0,"gold_loss":0.0,"damage_taken":0.0},{"damage_healed":0.0,"max_hp_gain":0.0,"max_hp_loss":0.0,"gold_gain":0.0,"event_name":"Golden Idol","player_choice":"Take Wound","floor":12.0,"gold_loss":0.0,"damage_taken":0.0,"relics_obtained":["Golden Idol"],"cards_obtained":["Injury"]},{"damage_healed":0.0,"max_hp_gain":0.0,"max_hp_loss":0.0,"gold_gain":0.0,"event_name":"Living Wall","player_choice":"Grow","floor":13.0,"gold_loss":0.0,"damage_taken":0.0,"cards_upgraded":["Headbutt"]},{"damage_healed":0.0,"max_hp_gain":0.0,"max_hp_loss":0.0,"gold_gain":99.0,"event_name":"Nest","player_choice":"Stole From Cult","floor":19.0,"gold_loss":0.0,"damage_taken":0.0},{"damage_healed":0.0,"max_hp_gain":0.0,"max_hp_loss":0.0,"gold_gain":0.0,"event_name":"Cursed Tome","player_choice":"Obtained Book","floor":20.0,"gold_loss":0.0,"damage_taken":16.0},{"damage_healed":0,"gold_gain":0,"player_choice":"Became a Ghost","damage_taken":0,"max_hp_gain":0,"max_hp_loss":43,"event_name":"Ghosts","floor":22,"gold_loss":0,"cards_obtained":["Ghostly","Ghostly","Ghostly","Ghostly","Ghostly"]},{"damage_healed":0,"gold_gain":0,"player_choice":"Fight","damage_taken":0,"max_hp_gain":0,"max_hp_loss":0,"event_name":"Colosseum","floor":27,"gold_loss":0},{"damage_healed":0,"gold_gain":0,"player_choice":"Fought Nobs","damage_taken":0,"max_hp_gain":0,"max_hp_loss":0,"event_name":"Colosseum","floor":27,"gold_loss":0},{"damage_healed":0,"gold_gain":0,"player_choice":"Memory 3","damage_taken":10,"max_hp_gain":0,"max_hp_loss":0,"event_name":"SensoryStone","floor":41,"gold_loss":0}],"is_beta":false,"boss_relics":[{"not_picked":["Tiny House","Cursed Key"],"picked":"Mark of Pain"},{"not_picked":["Black Blood","Runic Dome"],"picked":"Black Star"}],"items_purged_floors":[21,37,47],"is_endless":false,"potions_floor_spawned":[1,7,14,18,23,27,27,28,33,35,39,40,44],"ascension_level":3}}