{"host":"lr515x7bpk6b6t09","time":1612101828,"event":{"mods":["Act Like it!","BaseMod","CapriCore","Downfall","Gensokyo","Marisa£®ÏF”Í°°ƒß¿Ì…≥£©","Minty Spire (QoL Compilation)","Prisma Mod","Quick Restart","Relic Stats","Shop Mod","StSLib","The Cursed","The Jungle","Waifu the Spire","Youmu£®ªÍ∆«—˝√Œ£©","[IsaacMod]“‘»ˆº‚À˛","°æ“≈ŒÔø®≈∆°øREMEMod"],"gold_per_floor":[114,39,89,101,15,41,54,54,126,126,48,82,82,102,102,202,202,212,212,229,5,5,5,22,49,49,63,78,78,108,120,120,224,224,240,265,265,2,15,15,34,34,34,34,46,46,66,101,101,101],"floor_reached":51,"language":"ZHS","playtime":3365,"items_purged":["Strike_YM","Defend_YM","Strike_YM"],"score":1000,"play_id":"5d823a96-7e40-42e0-8801-a3bc1e0e280a","local_time":"20210131220348","is_ascension_mode":false,"campfire_choices":[{"data":"FourBirthsSword","floor":8,"key":"SMITH"},{"data":"Feed","floor":10,"key":"SMITH"},{"data":"TurningAngelCut","floor":15,"key":"SMITH"},{"data":"StrangeHalfBody","floor":23,"key":"SMITH"},{"data":"WheelOfPainOfLivingAndDead","floor":29,"key":"SMITH"},{"data":"SwordExtraction","floor":32,"key":"SMITH"},{"data":"IrresoluteSoul","floor":46,"key":"SMITH"},{"data":"SlashOfPresentWorld","floor":49,"key":"SMITH"}],"circlet_count":0,"master_deck":["Strike_YM","Strike_YM+1","Defend_YM","Defend_YM","Defend_YM","SlashOfPresentWorld+1","WheelOfPainOfLivingAndDead+1","LowerRealmReflectionSlash+1","SlashOfMeditation","FourBirthsSword+1","SanzenSekai","TurningAngelCut+1","StrangeHalfBody+1","ASingleThoughtAndInfiniteKalpas+1","RapidSlash+1","SwordExtraction+1","BloodOfAsura+1","IrresoluteSoul+1"],"relics":["HalfPhantom","HushsDoor","REME_ComplimentaryCards","BelialBook","NeowsBlessing","Ornamental Fan","Roukanken","Anchor","Tiny Chest","HornCleat","Thread and Needle","Happy Flower","Coffee Dripper","MerchantsRug","BookOfRevelations","Shuriken","Singing Bowl","White Beast Statue","MagicMushroom","SteamSale","FencingExperience","Prayer Wheel","HowToJump","D4"],"acts_visited":["Gensokyo:Gensokyo","Gensokyo:Gensokyoer","Gensokyo:Gensokyoest"],"potions_floor_usage":[13,16,16,50,50],"damage_taken":[{"damage":0,"enemies":"Gensokyo:Gryphon","floor":1,"turns":2},{"damage":0,"enemies":"Hiden Room Battle","floor":3,"turns":1},{"damage":0,"enemies":"Gensokyo:Python","floor":4,"turns":1},{"damage":27,"enemies":"Gensokyo:Aya","floor":6,"turns":6},{"damage":0,"enemies":"Gensokyo:2_Kodama","floor":7,"turns":3},{"damage":0,"enemies":"Gensokyo:Cirno","floor":12,"turns":6},{"damage":0,"enemies":"Gensokyo:Gryphon_and_Rabbit","floor":14,"turns":3},{"damage":19,"enemies":"Gensokyo:Kokoro","floor":16,"turns":13},{"damage":0,"enemies":"Gensokyo:3_Dogs","floor":18,"turns":4},{"damage":0,"enemies":"Gensokyo:Chomper","floor":20,"turns":3},{"damage":0,"enemies":"Gensokyo:Wraith","floor":24,"turns":3},{"damage":0,"enemies":"Gensokyo:Koishi","floor":25,"turns":5},{"damage":9,"enemies":"Gensokyo:Slime_Group","floor":27,"turns":3},{"damage":3,"enemies":"Gensokyo:Monolith_and_Dog","floor":28,"turns":2},{"damage":22,"enemies":"Gensokyo:Tenshi","floor":30,"turns":4},{"damage":0,"enemies":"Gensokyo:Wraith","floor":31,"turns":4},{"damage":37,"enemies":"Gensokyo:Eternal_Rivals","floor":33,"turns":9},{"damage":0,"enemies":"Gensokyo:3_Boulders","floor":35,"turns":4},{"damage":0,"enemies":"Gensokyo:3_Bats","floor":39,"turns":2},{"damage":3,"enemies":"Gensokyo:AtlasGolem","floor":41,"turns":4},{"damage":3,"enemies":"Gensokyo:Dusk_and_Dawn","floor":45,"turns":2},{"damage":3,"enemies":"Gensokyo:Sharpion","floor":47,"turns":2},{"damage":0,"enemies":"Gensokyo:Marisa","floor":48,"turns":2},{"damage":6,"enemies":"Gensokyo:Yuyuko","floor":50,"turns":2}],"seed_played":"3318255723570938502","potions_obtained":[{"floor":3,"key":"Slimebound:ThreeZeroPotion"},{"floor":7,"key":"SkillPotion"},{"floor":12,"key":"Fruit Juice"},{"floor":16,"key":"Fire Potion"},{"floor":24,"key":"Block Potion"},{"floor":28,"key":"Explosive Potion"},{"floor":33,"key":"Swift Potion"},{"floor":39,"key":"Dexterity Potion"},{"floor":41,"key":"DistilledChaos"},{"floor":45,"key":"Energy Potion"},{"floor":48,"key":"Swift Potion"}],"is_trial":false,"path_per_floor":["M","$","?","M","COS","E","M","R","T","R","$","E","?","M","R","B",null,"M","T","M","$","?","R","M","E","T","M","M","R","E","M","R","B",null,"M","T","?","$","M","T","M","?","T","?","M","R","M","E","R","B",null],"character_chosen":"YOUMU","items_purchased":["TurningAngelCut","ASingleThoughtAndInfiniteKalpas","MerchantsRug","BookOfRevelations","SteamSale","FencingExperience"],"campfire_rested":0,"item_purchase_floors":[11,17,21,21,38,38],"current_hp_per_floor":[78,78,66,66,66,39,39,39,39,39,39,39,44,44,44,25,78,78,88,88,88,88,88,88,88,88,81,80,80,72,74,74,37,103,105,105,105,105,107,107,108,108,108,108,110,110,112,115,115,115],"gold":101,"neow_bonus":"THREE_ENEMY_KILL","is_daily":false,"chose_seed":false,"campfire_upgraded":8,"win_rate":0.0,"timestamp":1612101828,"path_taken":["M","$","?","M","COS","E","M","R","T","R","?","E","?","?","R","BOSS","M","?","M","$","?","R","M","E","T","M","M","R","E","M","R","BOSS","M","?","?","$","M","?","M","?","T","?","M","R","M","E","R","BOSS"],"items_purchased_type":["Card","Card","Relic","Relic","Relic","Relic"],"build_version":"2020-12-22","purchased_purges":3,"victory":true,"max_hp_per_floor":[78,78,81,81,81,81,81,81,81,81,81,81,86,86,86,86,78,78,88,88,88,88,88,88,88,88,90,92,92,94,96,96,96,103,105,105,105,105,107,107,111,111,111,111,115,115,119,121,121,121],"relic_stats":{"Happy Flower":[23],"Singing Bowl":26,"counters":[24,90],"Ornamental Fan":[128],"Shuriken":[24],"Tiny Chest":2,"Prayer Wheel":3,"obtain_stats":[{"UnicornStump":12,"FencingExperience":38,"Singing Bowl":26,"HalfPhantom":0,"Whetstone":36,"Frozen Eye":25,"HornCleat":9,"Tiny Chest":7,"Prayer Wheel":40,"Roukanken":3,"KeepersGift":0,"MerchantsRug":21,"Pear":19,"NeowsBlessing":0,"Happy Flower":13,"HowToJump":43,"BelialBook":0,"BookOfRevelations":21,"Thread and Needle":12,"SteamSale":38,"White Beast Statue":30,"D4":48,"Anchor":6,"Ornamental Fan":3,"Shuriken":25,"MagicMushroom":34,"Coffee Dripper":17,"HushsDoor":0,"REME_ComplimentaryCards":0},{"UnicornStump":6,"FencingExperience":18,"Singing Bowl":12,"HalfPhantom":0,"Whetstone":18,"Frozen Eye":11,"HornCleat":5,"Tiny Chest":5,"Prayer Wheel":19,"Roukanken":2,"KeepersGift":0,"MerchantsRug":10,"Pear":9,"NeowsBlessing":0,"Happy Flower":6,"HowToJump":20,"BelialBook":0,"BookOfRevelations":10,"Thread and Needle":6,"SteamSale":18,"White Beast Statue":15,"D4":23,"Anchor":4,"Ornamental Fan":2,"Shuriken":12,"MagicMushroom":17,"Coffee Dripper":8,"HushsDoor":0,"REME_ComplimentaryCards":0},{"UnicornStump":14,"FencingExperience":76,"Singing Bowl":50,"HalfPhantom":0,"Whetstone":76,"Frozen Eye":45,"HornCleat":13,"Tiny Chest":11,"Prayer Wheel":78,"Roukanken":3,"KeepersGift":0,"MerchantsRug":42,"Pear":39,"NeowsBlessing":0,"Happy Flower":19,"HowToJump":82,"BelialBook":0,"BookOfRevelations":42,"Thread and Needle":19,"SteamSale":76,"White Beast Statue":59,"D4":88,"Anchor":10,"Ornamental Fan":3,"Shuriken":50,"MagicMushroom":72,"Coffee Dripper":35,"HushsDoor":0,"REME_ComplimentaryCards":0}]},"card_choices":[{"not_picked":[],"picked":"ChaosCard","floor":0},{"not_picked":["ConstancyOfTheConventionalTruth","SlashOfMeditation"],"picked":"LowerRealmReflectionSlash","floor":1},{"not_picked":["ThreeKonsSevenHakus","HumanGodSword"],"picked":"SlashOfMeditation","floor":3},{"not_picked":["DispleasureOfTheSevenHakus","HumanKnowledgeSword"],"picked":"FourBirthsSword","floor":4},{"not_picked":["SlashOfSaigyouSpringWind","GreatEnlightenmentAppearingAndDisappearing","LifeCuttingSword"],"picked":"SKIP","floor":6},{"not_picked":["SpiritCuttingSword","ObsessionSword"],"picked":"SanzenSekai","floor":7},{"not_picked":["FiveSignsOfTheDyingDeva","HeavenlyHaloSlash","SpiritMediumsBind"],"picked":"SKIP","floor":12},{"not_picked":["ConstancyOfTheConventionalTruth","SanzenSekai","GhostSword"],"picked":"SKIP","floor":14},{"not_picked":["WickedSoul","GreatEnlightenmentAppearingAndDisappearing"],"picked":"StrangeHalfBody","floor":16},{"not_picked":["HumanGodSword+1","DispleasureOfTheSevenHakus"],"picked":"RapidSlash+1","floor":18},{"not_picked":["LowerRealmReflectionSlash","TwoHundredYojanaInOneSlash"],"picked":"SwordExtraction","floor":20},{"not_picked":["SpiritCuttingSword","ThreeKonsSevenHakus","WickedSoul"],"picked":"SKIP","floor":24},{"not_picked":["LowerRealmReflectionSlash","SpiritMediumsBind+1"],"picked":"BloodOfAsura+1","floor":25},{"not_picked":["FourBirthsSword","PretaSword","ConstancyOfTheConventionalTruth"],"picked":"Singing Bowl","floor":27},{"not_picked":["CrescentMoonSlash","HesitationCuttingSword","HumanKnowledgeSword"],"picked":"Singing Bowl","floor":28},{"not_picked":["ObsessionWithThePresentWorld","ConstancyOfTheConventionalTruth","PretaSword"],"picked":"Singing Bowl","floor":30},{"not_picked":["CherryBlossomFlashing","RapidSlash+1","FlashingScatteredFlowers"],"picked":"Singing Bowl","floor":31},{"not_picked":["ReincarnationSword","VoidnessSword"],"picked":"IrresoluteSoul","floor":33},{"not_picked":["SlashOfAscensionToBuddhahood","HellGodSword","SanzenSekai"],"picked":"Singing Bowl","floor":35},{"not_picked":["DispleasureOfTheSevenHakus","FlashingScatteredFlowers","ThreeKonsSevenHakus+1"],"picked":"Singing Bowl","floor":39},{"not_picked":["DeadlyForm","PhosphoricSlash+1","ConstancyOfTheConventionalTruth"],"picked":"Singing Bowl","floor":41},{"not_picked":["PhosphoricSlash","SpiderLilyBurial","EchoesOfTheInclemencyOfAllBeings"],"picked":"Singing Bowl","floor":41},{"not_picked":["SanzenSekai+1","HellGodSword","ObsessionSword+1"],"picked":"Singing Bowl","floor":45},{"not_picked":["SlashOfMeditation+1","ConstancyOfTheConventionalTruth+1","FlashingScatteredFlowers"],"picked":"Singing Bowl","floor":45},{"not_picked":["SwordOfBindingDesires","SlashOfMeditation+1","LightFlashOfTheNetherworld"],"picked":"Singing Bowl","floor":47},{"not_picked":["LowerRealmReflectionSlash","FlashingScatteredFlowers+1","PhosphoricSlash+1"],"picked":"Singing Bowl","floor":47},{"not_picked":["SlashOfDelusionalInnerEye+1","HumanKnowledgeSword+1","SwordExtraction+1"],"picked":"Singing Bowl","floor":48}],"player_experience":192028,"relics_obtained":[{"floor":3,"key":"Ornamental Fan"},{"floor":3,"key":"Roukanken"},{"floor":6,"key":"Anchor"},{"floor":9,"key":"HornCleat"},{"floor":12,"key":"Thread and Needle"},{"floor":19,"key":"Pear"},{"floor":25,"key":"Shuriken"},{"floor":26,"key":"Singing Bowl"},{"floor":30,"key":"White Beast Statue"},{"floor":36,"key":"Whetstone"},{"floor":40,"key":"Prayer Wheel"},{"floor":43,"key":"HowToJump"},{"floor":48,"key":"D4"}],"event_choices":[{"damage_healed":0,"gold_gain":0,"player_choice":"Fight","damage_taken":0,"max_hp_gain":0,"max_hp_loss":0,"event_name":"HidenRoomEvent","floor":3,"gold_loss":0}],"is_beta":false,"boss_relics":[{"not_picked":["Calling Bell","REME_ChargedStone"],"picked":"Coffee Dripper"},{"not_picked":[]},{"not_picked":["SlaversCollar","Velvet Choker"],"picked":"MagicMushroom"},{"not_picked":[]}],"items_purged_floors":[2,17,38],"is_endless":false,"potions_floor_spawned":[3,7,12,16,24,28,30,31,33,35,39,41,45,47,48],"ascension_level":0}}