{"host":"1i9jpj392h4nt9ho","time":1612083392,"event":{"mods":["AchievementEnabler","BaseMod","Colored Map","Minty Spire (QoL Compilation)"],"gold_per_floor":[115,190,465,484,111,126,126,153,153,181,199,249,263,65,65,170,220,234,24,36,55,70,70,108,108,133,133,142,151,165,187,187,295,295,323,374,149,170,214,214,214],"floor_reached":40,"language":"ENG","playtime":2599,"items_purged":["Defend_P","Regret","Strike_P"],"score":433,"play_id":"28033b96-8c11-4992-9961-5e37e48d3be7","local_time":"20210131195632","is_ascension_mode":false,"campfire_choices":[{"floor":7.0,"key":"REST"},{"floor":15.0,"key":"REST"},{"data":"MasterReality","floor":23.0,"key":"SMITH"},{"floor":25.0,"key":"REST"},{"data":"Eruption","floor":27.0,"key":"SMITH"},{"floor":32.0,"key":"REST"}],"circlet_count":0,"master_deck":["Strike_P","Defend_P","Defend_P","Defend_P","Eruption+1","Vigilance","Wireheading+1","Prostrate","ClearTheMind","FollowUp","WindmillStrike","WindmillStrike","BattleHymn","MasterReality+1","InnerPeace","CrushJoints+1","Nirvana","JustLucky+1","ThirdEye+1","Nirvana","ThirdEye","WaveOfTheHand","EmptyMind","Wish","Nirvana+1","Halt+1","Meditate+1"],"relics":["PureWater","Blood Vial","Sling","Matryoshka","The Courier","Lantern","Odd Mushroom","Anchor","Oddly Smooth Stone","Akabeko","Tiny House","Bottled Tornado","CeramicFish","Orichalcum","Snecko Eye","Damaru","Lee\u0027s Waffle"],"acts_visited":["Exordium","TheCity","TheBeyond"],"potions_floor_usage":[40],"damage_taken":[{"damage":7.0,"enemies":"Jaw Worm","floor":1.0,"turns":8.0},{"damage":9.0,"enemies":"Small Slimes","floor":4.0,"turns":6.0},{"damage":13.0,"enemies":"Cultist","floor":6.0,"turns":7.0},{"damage":20.0,"enemies":"Lagavulin","floor":8.0,"turns":6.0},{"damage":14.0,"enemies":"The Mushroom Lair","floor":10.0,"turns":4.0},{"damage":8.0,"enemies":"2 Fungi Beasts","floor":11.0,"turns":3.0},{"damage":4.0,"enemies":"Exordium Wildlife","floor":13.0,"turns":2.0},{"damage":20.0,"enemies":"Slime Boss","floor":16.0,"turns":5.0},{"damage":17.0,"enemies":"2 Thieves","floor":18.0,"turns":5.0},{"damage":10.0,"enemies":"Chosen","floor":20.0,"turns":4.0},{"damage":5.0,"enemies":"Snecko","floor":21.0,"turns":5.0},{"damage":0.0,"enemies":"Shelled Parasite and Fungi","floor":22.0,"turns":6.0},{"damage":24.0,"enemies":"Slavers","floor":24.0,"turns":5.0},{"damage":17.0,"enemies":"Sentry and Sphere","floor":30.0,"turns":6.0},{"damage":6.0,"enemies":"Centurion and Healer","floor":31.0,"turns":6.0},{"damage":13.0,"enemies":"Automaton","floor":33.0,"turns":8.0},{"damage":34,"enemies":"3 Shapes","floor":35,"turns":6},{"damage":23,"enemies":"3 Darklings","floor":38,"turns":7},{"damage":24,"enemies":"4 Shapes","floor":39,"turns":7},{"damage":45,"enemies":"Reptomancer","floor":40,"turns":2}],"seed_played":"-8013343202361061300","potions_obtained":[{"floor":6.0,"key":"ColorlessPotion"},{"floor":8.0,"key":"Explosive Potion"},{"floor":10.0,"key":"SpeedPotion"},{"floor":11.0,"key":"BottledMiracle"},{"floor":17.0,"key":"Swift Potion"},{"floor":18.0,"key":"Dexterity Potion"},{"floor":31.0,"key":"ColorlessPotion"},{"floor":35,"key":"BlessingOfTheForge"},{"floor":39,"key":"SpeedPotion"}],"is_trial":false,"path_per_floor":["M","?","?","M","$","M","R","E","T","?","M","T","M","$","R","B",null,"M","$","M","M","M","R","E","R","T","R","?","?","M","M","R","B",null,"M","T","$","M","M","E"],"character_chosen":"WATCHER","items_purchased":["Blood Vial","Sling","Akabeko","Bottled Tornado","Lee\u0027s Waffle"],"campfire_rested":4,"item_purchase_floors":[5,5,14,19,37],"current_hp_per_floor":[65,54,54,45,45,34,55,37,37,25,19,19,17,17,38,20,77,60,60,52,49,51,51,29,52,52,52,52,52,37,33,56,45,77,43,43,84,61,39,0,0],"gold":214,"neow_bonus":"REMOVE_CARD","is_daily":false,"chose_seed":false,"campfire_upgraded":2,"win_rate":0.0,"timestamp":1612083392,"path_taken":["M","?","?","?","$","M","R","E","T","?","M","?","M","$","R","BOSS","M","$","M","M","M","R","E","R","T","R","?","?","M","M","R","BOSS","M","?","$","M","?","E"],"items_purchased_type":["Relic","Relic","Relic","Relic","Relic"],"build_version":"2020-12-22","purchased_purges":3,"victory":false,"max_hp_per_floor":[72,72,72,72,72,72,72,72,72,72,72,72,72,72,72,72,77,77,77,77,77,77,77,77,77,77,77,77,77,77,77,77,77,77,77,77,84,84,84,84,84],"card_choices":[{"not_picked":["EmptyFist","ReachHeaven"],"picked":"Wireheading","floor":1.0},{"not_picked":["FlyingSleeves","Evaluate"],"picked":"Prostrate","floor":4.0},{"not_picked":["Prostrate","Halt"],"picked":"ClearTheMind","floor":6.0},{"not_picked":["Scrawl","Vengeance"],"picked":"FollowUp","floor":8.0},{"not_picked":["Prostrate","LikeWater"],"picked":"WindmillStrike","floor":10.0},{"not_picked":["FollowUp","Vengeance"],"picked":"WindmillStrike","floor":11.0},{"not_picked":["Evaluate","ForeignInfluence"],"picked":"BattleHymn","floor":13.0},{"not_picked":["ConjureBlade","Establishment"],"picked":"MasterReality","floor":16.0},{"not_picked":["ThirdEye","Evaluate"],"picked":"InnerPeace","floor":17.0},{"not_picked":["Crescendo","Prostrate"],"picked":"CrushJoints+1","floor":18.0},{"not_picked":["PathToVictory","JustLucky"],"picked":"Nirvana","floor":20.0},{"not_picked":["FlyingSleeves","DevaForm"],"picked":"JustLucky+1","floor":21.0},{"not_picked":["FlyingSleeves","FlurryOfBlows"],"picked":"ThirdEye+1","floor":22.0},{"not_picked":["Conclude","Protect"],"picked":"Nirvana","floor":24.0},{"not_picked":["TalkToTheHand","WreathOfFlame","Consecrate"],"picked":"SKIP","floor":30.0},{"not_picked":["WheelKick","Protect"],"picked":"EmptyMind","floor":31.0},{"not_picked":["LessonLearned","Devotion"],"picked":"Wish","floor":33.0},{"not_picked":["SashWhip+1","Wireheading+1"],"picked":"Nirvana+1","floor":35},{"not_picked":["Consecrate","WaveOfTheHand+1"],"picked":"Halt+1","floor":38},{"not_picked":["Crescendo","Protect+1"],"picked":"Meditate+1","floor":39}],"player_experience":579353,"relics_obtained":[{"floor":8.0,"key":"Matryoshka"},{"floor":9.0,"key":"The Courier"},{"floor":9.0,"key":"Lantern"},{"floor":10.0,"key":"Odd Mushroom"},{"floor":12.0,"key":"Anchor"},{"floor":12.0,"key":"Oddly Smooth Stone"},{"floor":24.0,"key":"CeramicFish"},{"floor":26.0,"key":"Orichalcum"},{"floor":36,"key":"Damaru"}],"event_choices":[{"damage_healed":0.0,"max_hp_gain":0.0,"max_hp_loss":0.0,"gold_gain":75.0,"event_name":"World of Goop","player_choice":"Gather Gold","floor":2.0,"gold_loss":0.0,"damage_taken":11.0},{"damage_healed":0.0,"max_hp_gain":0.0,"max_hp_loss":0.0,"gold_gain":275.0,"event_name":"Golden Shrine","player_choice":"Desecrate","floor":3.0,"gold_loss":0.0,"damage_taken":0.0,"cards_obtained":["Regret"]},{"damage_healed":0.0,"max_hp_gain":0.0,"max_hp_loss":0.0,"gold_gain":0.0,"event_name":"Mushrooms","player_choice":"Fought Mushrooms","floor":10.0,"gold_loss":0.0,"damage_taken":0.0},{"damage_healed":0.0,"max_hp_gain":0.0,"max_hp_loss":0.0,"gold_gain":0.0,"event_name":"The Library","player_choice":"Read","floor":28.0,"gold_loss":0.0,"damage_taken":0.0,"cards_obtained":["ThirdEye"]},{"damage_healed":0.0,"max_hp_gain":0.0,"max_hp_loss":0.0,"gold_gain":0.0,"cards_transformed":["Strike_P"],"event_name":"Transmorgrifier","player_choice":"Transformed","floor":29.0,"gold_loss":0.0,"damage_taken":0.0,"cards_obtained":["WaveOfTheHand"]}],"is_beta":false,"boss_relics":[{"not_picked":["Runic Pyramid","Ectoplasm"],"picked":"Tiny House"},{"not_picked":["SlaversCollar","VioletLotus"],"picked":"Snecko Eye"}],"items_purged_floors":[5,14,37],"is_endless":false,"potions_floor_spawned":[6,8,10,11,18,20,31,35,39],"killed_by":"Reptomancer","ascension_level":0}}