{"host":"1tl36azeqm6yhdgj","time":1612133452,"event":{"mods":["AchievementEnabler","BaseMod","Minty Spire (QoL Compilation)","StSLib","The IronCluck","everything is the same but u backflip on backflip"],"gold_per_floor":[11,30,46,46,59,90,90,115,160,4,36,36,36,48,48,145,195,215,202,212,227,427,459,472,497,497,497,515,515,526,538,538,638,638,653,653,354,373,41,76,94,127,205,205,7,7,22,55,55,55,55,55,7,42,42,42],"floor_reached":55,"language":"ENG","playtime":2765,"items_purged":["Strike_R","Pain"],"score":882,"play_id":"2d12909e-d26d-44d8-8572-628bbf925e35","local_time":"20210131175052","is_ascension_mode":true,"campfire_choices":[{"floor":13.0,"key":"REST"},{"floor":15.0,"key":"REST"},{"floor":27.0,"key":"REST"},{"floor":29.0,"key":"RECALL"},{"floor":32.0,"key":"REST"},{"floor":44.0,"key":"REST"},{"data":"Enlightenment","floor":46.0,"key":"SMITH"},{"data":"Sadistic Nature","floor":49.0,"key":"SMITH"},{"data":"Bash","floor":52,"key":"SMITH"}],"circlet_count":0,"master_deck":["Strike_R","Strike_R","Strike_R","Defend_R+1","Defend_R","Defend_R","Defend_R","Bash+1","Sadistic Nature+1","Metallicize","Cleave+1","Clothesline","Reckless Charge","Burning Pact+1","Immolate","Enlightenment+1","Juggernaut","Dropkick","Disarm","Evolve","Demon Form","Dark Embrace","Intimidate+1","Feel No Pain","Shrug It Off+1","Offering","Warcry","Thunderclap","Rage","Rage+1","Headbutt+1","Reckless Charge+1","Berserk","Shockwave","Feed","Inflame","True Grit+1","Corruption","Body Slam+1","Pummel+1","Warcry+1","Ghostly Armor+1","Sentinel+1"],"relics":["Burning Blood","Bottled Tornado","StrikeDummy","Orichalcum","Oddly Smooth Stone","Dream Catcher","Tiny House","War Paint","MealTicket","HornCleat","Black Star","WarpedTongs","Strawberry","Eternal Feather","Happy Flower","Calipers","Pen Nib","Frozen Egg 2","Nunchaku","Ancient Tea Set","Juzu Bracelet","Bottled Lightning","Shuriken"],"acts_visited":["Exordium","TheCity","TheBeyond","TheEnding"],"potions_floor_usage":[50,50,54,55],"damage_taken":[{"damage":12.0,"enemies":"Small Slimes","floor":1.0,"turns":4.0},{"damage":11.0,"enemies":"Jaw Worm","floor":2.0,"turns":5.0},{"damage":6.0,"enemies":"Cultist","floor":3.0,"turns":3.0},{"damage":7.0,"enemies":"2 Fungi Beasts","floor":5.0,"turns":3.0},{"damage":25.0,"enemies":"Gremlin Nob","floor":6.0,"turns":5.0},{"damage":28.0,"enemies":"3 Sentries","floor":8.0,"turns":8.0},{"damage":8.0,"enemies":"Lagavulin","floor":11.0,"turns":4.0},{"damage":6.0,"enemies":"Gremlin Gang","floor":14.0,"turns":3.0},{"damage":16.0,"enemies":"Hexaghost","floor":16.0,"turns":8.0},{"damage":13.0,"enemies":"Spheric Guardian","floor":18.0,"turns":5.0},{"damage":9.0,"enemies":"2 Thieves","floor":19.0,"turns":4.0},{"damage":10.0,"enemies":"Snecko","floor":20.0,"turns":5.0},{"damage":18.0,"enemies":"Snake Plant","floor":21.0,"turns":4.0},{"damage":12.0,"enemies":"Book of Stabbing","floor":23.0,"turns":6.0},{"damage":18.0,"enemies":"3 Cultists","floor":24.0,"turns":5.0},{"damage":20.0,"enemies":"Gremlin Leader","floor":25.0,"turns":7.0},{"damage":9.0,"enemies":"Snecko","floor":28.0,"turns":5.0},{"damage":8.0,"enemies":"Snake Plant","floor":30.0,"turns":4.0},{"damage":19.0,"enemies":"Centurion and Healer","floor":31.0,"turns":6.0},{"damage":58.0,"enemies":"Collector","floor":33.0,"turns":9.0},{"damage":0.0,"enemies":"3 Shapes","floor":35.0,"turns":7.0},{"damage":32.0,"enemies":"3 Darklings","floor":38.0,"turns":4.0},{"damage":43.0,"enemies":"Giant Head","floor":40.0,"turns":9.0},{"damage":25.0,"enemies":"4 Shapes","floor":41.0,"turns":3.0},{"damage":39.0,"enemies":"Nemesis","floor":42.0,"turns":9.0},{"damage":6.0,"enemies":"Maw","floor":47.0,"turns":7.0},{"damage":12.0,"enemies":"Giant Head","floor":48.0,"turns":8.0},{"damage":86,"enemies":"Donu and Deca","floor":50,"turns":10},{"damage":43,"enemies":"Shield and Spear","floor":54,"turns":8},{"damage":78,"enemies":"The Heart","floor":55,"turns":5}],"seed_played":"8189516831067638366","potions_obtained":[{"floor":1.0,"key":"GamblersBrew"},{"floor":2.0,"key":"BlessingOfTheForge"},{"floor":3.0,"key":"Energy Potion"},{"floor":14.0,"key":"Strength Potion"},{"floor":16.0,"key":"EssenceOfSteel"},{"floor":17.0,"key":"BloodPotion"},{"floor":19.0,"key":"Strength Potion"},{"floor":25.0,"key":"Ancient Potion"},{"floor":28.0,"key":"Strength Potion"},{"floor":30.0,"key":"LiquidBronze"},{"floor":33.0,"key":"PowerPotion"},{"floor":40.0,"key":"Regen Potion"},{"floor":42.0,"key":"BlessingOfTheForge"},{"floor":47.0,"key":"LiquidMemories"},{"floor":48.0,"key":"FearPotion"}],"is_trial":false,"path_per_floor":["M","M","M","?","M","E","?","E","T","$","E","?","R","M","R","B",null,"M","M","M","M","?","E","M","E","T","R","M","R","M","M","R","B",null,"M","?","$","M","$","E","M","E","T","R","$","R","M","E","R","B",null,"R","$","E","B"],"character_chosen":"IRONCLAD","items_purchased":["Enlightenment","Strawberry","BloodPotion","Eternal Feather","Corruption","Nunchaku","Swift Potion","ColorlessPotion"],"campfire_rested":5,"item_purchase_floors":[10,37,37,39,39,45,45,53],"current_hp_per_floor":[74,69,69,69,68,49,46,24,24,24,22,22,46,46,70,60,85,78,75,71,59,59,53,41,27,27,52,49,49,64,51,76,24,85,88,88,95,69,84,50,44,31,31,82,97,102,102,96,102,26,106,106,106,69,0,0],"gold":42,"neow_bonus":"RANDOM_COLORLESS_2","is_daily":false,"chose_seed":false,"campfire_upgraded":3,"win_rate":0.0,"timestamp":1612133452,"path_taken":["M","M","M","?","M","E","?","E","T","$","E","?","R","M","R","BOSS","M","M","?","M","?","E","M","E","T","R","M","R","?","M","R","BOSS","M","?","$","?","$","E","M","E","T","R","$","R","M","E","R","BOSS","R","$","E","BOSS"],"items_purchased_type":["Card","Relic","Potion","Relic","Card","Relic","Potion","Potion"],"build_version":"2020-12-22","purchased_purges":2,"victory":false,"max_hp_per_floor":[80,80,80,80,80,80,80,80,80,80,80,80,80,80,80,80,85,85,85,85,85,85,85,85,85,85,85,85,85,85,85,85,85,85,88,88,95,95,95,98,102,102,102,102,102,102,102,102,102,106,106,106,106,106,106,106],"card_choices":[{"not_picked":["Secret Weapon","Panache"],"picked":"Sadistic Nature","floor":0.0},{"not_picked":["Headbutt","Body Slam"],"picked":"Metallicize","floor":1.0},{"not_picked":["Shrug It Off","Havoc"],"picked":"Cleave","floor":2.0},{"not_picked":["Battle Trance","Twin Strike"],"picked":"Clothesline","floor":3.0},{"not_picked":["True Grit","Havoc"],"picked":"Reckless Charge","floor":5.0},{"not_picked":["Entrench","Heavy Blade"],"picked":"Burning Pact","floor":6.0},{"not_picked":["True Grit","Fiend Fire"],"picked":"Immolate","floor":8.0},{"not_picked":["Flex","Iron Wave"],"picked":"Juggernaut","floor":11.0},{"not_picked":["Clash","Havoc"],"picked":"Dropkick","floor":13.0},{"not_picked":["Cleave","Ghostly Armor"],"picked":"Disarm","floor":14.0},{"not_picked":["Clothesline","Rupture"],"picked":"Evolve","floor":15.0},{"not_picked":["Brutality","Immolate"],"picked":"Demon Form","floor":16.0},{"not_picked":["Iron Wave","Headbutt"],"picked":"Dark Embrace","floor":17.0},{"not_picked":["Perfected Strike","Reckless Charge+1"],"picked":"Intimidate+1","floor":18.0},{"not_picked":["Sword Boomerang","Heavy Blade"],"picked":"Feel No Pain","floor":19.0},{"not_picked":["Reckless Charge","Headbutt"],"picked":"Shrug It Off+1","floor":20.0},{"not_picked":["Sever Soul","Disarm"],"picked":"Offering","floor":21.0},{"not_picked":["Whirlwind","Iron Wave"],"picked":"Warcry","floor":23.0},{"not_picked":["Power Through","Warcry"],"picked":"Thunderclap","floor":24.0},{"not_picked":["Wild Strike","Armaments"],"picked":"Rage","floor":25.0},{"not_picked":["Iron Wave","Havoc+1"],"picked":"Rage+1","floor":27.0},{"not_picked":["Perfected Strike","Twin Strike+1"],"picked":"Headbutt+1","floor":28.0},{"not_picked":["Combust","Thunderclap"],"picked":"Reckless Charge+1","floor":30.0},{"not_picked":["Iron Wave","Body Slam"],"picked":"Berserk","floor":31.0},{"not_picked":["Clothesline","Reckless Charge"],"picked":"Shockwave","floor":32.0},{"not_picked":["Double Tap","Corruption"],"picked":"Feed","floor":33.0},{"not_picked":["Sword Boomerang+1","Wild Strike+1"],"picked":"Inflame","floor":35.0},{"not_picked":["Clothesline+1","Twin Strike+1"],"picked":"True Grit+1","floor":38.0},{"not_picked":["Wild Strike","Dropkick+1"],"picked":"Body Slam+1","floor":40.0},{"not_picked":["Headbutt","Shrug It Off","Rage+1"],"picked":"SKIP","floor":41.0},{"not_picked":["Bloodletting+1","Intimidate","Clash+1"],"picked":"SKIP","floor":42.0},{"not_picked":["Shrug It Off","Heavy Blade+1"],"picked":"Pummel+1","floor":44.0},{"not_picked":["Demon Form+1","Heavy Blade"],"picked":"Warcry+1","floor":47.0},{"not_picked":["Rupture+1","Warcry"],"picked":"Ghostly Armor+1","floor":48.0},{"not_picked":["Thunderclap+1","Perfected Strike+1"],"picked":"Sentinel+1","floor":54}],"player_experience":2116921,"relics_obtained":[{"floor":6.0,"key":"Bottled Tornado"},{"floor":8.0,"key":"Orichalcum"},{"floor":9.0,"key":"Oddly Smooth Stone"},{"floor":11.0,"key":"Dream Catcher"},{"floor":23.0,"key":"War Paint"},{"floor":25.0,"key":"MealTicket"},{"floor":26.0,"key":"HornCleat"},{"floor":40.0,"key":"Happy Flower"},{"floor":40.0,"key":"Calipers"},{"floor":42.0,"key":"Pen Nib"},{"floor":42.0,"key":"Frozen Egg 2"},{"floor":48.0,"key":"Ancient Tea Set"},{"floor":48.0,"key":"Juzu Bracelet"},{"floor":54,"key":"Bottled Lightning"},{"floor":54,"key":"Shuriken"}],"event_choices":[{"damage_healed":0.0,"max_hp_gain":0.0,"max_hp_loss":0.0,"gold_gain":0.0,"event_name":"The Cleric","player_choice":"Leave","floor":4.0,"gold_loss":0.0,"damage_taken":0.0},{"damage_healed":0.0,"max_hp_gain":0.0,"max_hp_loss":0.0,"gold_gain":0.0,"event_name":"Scrap Ooze","player_choice":"Success","floor":7.0,"gold_loss":0.0,"damage_taken":3.0,"relics_obtained":["StrikeDummy"]},{"cards_removed":["Strike_R"],"damage_healed":0.0,"max_hp_gain":0.0,"max_hp_loss":0.0,"gold_gain":0.0,"event_name":"Bonfire Elementals","player_choice":"Offered Basic","floor":12.0,"gold_loss":0.0,"damage_taken":0.0},{"damage_healed":0.0,"max_hp_gain":0.0,"max_hp_loss":0.0,"gold_gain":250.0,"event_name":"The Joust","player_choice":"Bet on Owner","floor":22.0,"gold_loss":50.0,"damage_taken":0.0},{"damage_healed":0.0,"max_hp_gain":0.0,"max_hp_loss":0.0,"gold_gain":0.0,"event_name":"Accursed Blacksmith","player_choice":"Rummage","floor":36.0,"gold_loss":0.0,"damage_taken":0.0,"relics_obtained":["WarpedTongs"],"cards_obtained":["Pain"]}],"is_beta":false,"boss_relics":[{"not_picked":["Pandora\u0027s Box","Ectoplasm"],"picked":"Tiny House"},{"not_picked":["Philosopher\u0027s Stone","Snecko Eye"],"picked":"Black Star"}],"items_purged_floors":[10,37],"is_endless":false,"potions_floor_spawned":[1,2,3,14,16,19,25,28,30,33,40,42,47,48],"killed_by":"The Heart","ascension_level":1}}