{"host":"h3ybbam5olp21xet","time":1612114499,"event":{"mods":["BaseMod","BetterRewards","Downfall","Hermit","Hubris","Infinite Spire","Minty Spire (QoL Compilation)","Replay The Spire","StSLib","The Bug Knight","The Cursed"],"gold_per_floor":[360,285,303,81,97,97,272,272,272,272,305,305,305,330,330,449,449,473,491,491,515,533,533,558,558,558],"floor_reached":25,"language":"ENG","playtime":1154,"items_purged":["Survivor","hermit:Defend_Hermit"],"score":203,"play_id":"c3b6fd3a-20b5-43ba-8175-228a56813705","local_time":"20210131113459","is_ascension_mode":false,"campfire_choices":[{"data":"Crow Ritual","floor":6,"key":"SMITH"},{"data":"hermit:CalledShot","floor":8,"key":"SMITH"},{"data":"hermit:Snapshot","floor":10,"key":"SMITH"},{"floor":15,"key":"REST"},{"floor":23,"key":"REST"}],"circlet_count":0,"master_deck":["hermit:Strike_Hermit","hermit:Strike_Hermit","hermit:Strike_Hermit","hermit:Strike_Hermit","hermit:Defend_Hermit","hermit:Defend_Hermit","hermit:Snapshot+1","hermit:Covet","champ:Strike","hermit:ItchyTrigger","hermit:Headshot","Metamorphosis","Violence","Crow Ritual+1","hermit:CalledShot+1","Doubt","Injury","hermit:Vantage","hermit:BlackWind+1","CurseOfTheBell","hermit:ItchyTrigger","hermit:BigShot","hermit:Roulette+1","hermit:Magnum","hermit:Vantage"],"relics":["hermit:Momento","ReplayTheSpireMod:ShopPack","infinitespire:Lucky Rock","Bag of Preparation","Golden Idol","Calling Bell","Orichalcum","InkBottle","Girya"],"acts_visited":["Exordium","TheCity"],"potions_floor_usage":[16,21,22],"damage_taken":[{"damage":0,"enemies":"2 Louse","floor":1,"turns":2},{"damage":10,"enemies":"Small Slimes","floor":3,"turns":3},{"damage":6,"enemies":"Cultist","floor":5,"turns":3},{"damage":26,"enemies":"Lagavulin","floor":11,"turns":5},{"damage":7,"enemies":"Large Slime","floor":14,"turns":3},{"damage":9,"enemies":"Slime Boss","floor":16,"turns":8},{"damage":13,"enemies":"3 Byrds","floor":18,"turns":7},{"damage":4,"enemies":"Chosen","floor":19,"turns":3},{"damage":45,"enemies":"Sentry and Sphere","floor":21,"turns":7},{"damage":9,"enemies":"Snecko","floor":22,"turns":3},{"damage":13,"enemies":"Centurion and Healer","floor":24,"turns":4},{"damage":18,"enemies":"3 Cultists","floor":25,"turns":3}],"seed_played":"2954168701563406576","potions_obtained":[{"floor":3,"key":"AttackPotion"},{"floor":14,"key":"SkillPotion"},{"floor":21,"key":"Strength Potion"}],"is_trial":false,"path_per_floor":["M","$","M","$","M","R","?","R","T","R","E","?","?","M","R","B",null,"M","M","?","M","M","R","M","M"],"character_chosen":"HERMIT","items_purchased":["ReplayTheSpireMod:ShopPack"],"campfire_rested":2,"item_purchase_floors":[4],"current_hp_per_floor":[75,75,65,65,59,59,59,59,59,59,33,33,33,26,48,39,75,62,58,58,13,4,26,13,0,0],"gold":558,"neow_bonus":"TWO_FIFTY_GOLD","is_daily":false,"chose_seed":false,"campfire_upgraded":3,"win_rate":0.0,"timestamp":1612114499,"path_taken":["M","$","M","$","M","R","?","R","T","R","E","?","?","?","R","BOSS","M","M","?","M","?","R","M","M"],"items_purchased_type":["Relic"],"build_version":"2020-12-22","purchased_purges":2,"victory":false,"max_hp_per_floor":[75,75,75,75,75,75,75,75,75,75,75,75,75,75,75,75,75,75,75,75,75,75,75,75,75,75],"card_choices":[{"not_picked":["hermit:Desperado","hermit:WideOpen"],"picked":"hermit:ItchyTrigger","floor":1},{"not_picked":["hermit:Snipe","hermit:CalledShot"],"picked":"hermit:Headshot","floor":3},{"not_picked":["Chrysalis","Secret Weapon"],"picked":"Metamorphosis","floor":4},{"not_picked":["Bandage Up","Dark Shackles"],"picked":"Violence","floor":4},{"not_picked":["Metamorphosis","hubris:EnhanceAbility"],"picked":"Crow Ritual","floor":4},{"not_picked":["hermit:Feint","hermit:HighCaliber"],"picked":"hermit:CalledShot","floor":5},{"not_picked":["hermit:Horror","hermit:Brawl","hermit:HoleUp"],"picked":"SKIP","floor":11},{"not_picked":["hermit:LowProfile","hermit:Coalescence","hermit:BodyArmor"],"picked":"SKIP","floor":14},{"not_picked":["hermit:Adapt","hermit:FromBeyond"],"picked":"hermit:BlackWind","floor":16},{"not_picked":["hermit:BodyArmor","hermit:Headshot+1"],"picked":"hermit:ItchyTrigger","floor":18},{"not_picked":["hermit:Brawl+1","hermit:Deadeye"],"picked":"hermit:BigShot","floor":19},{"not_picked":["hermit:Glare","hermit:Misfire"],"picked":"hermit:Roulette+1","floor":21},{"not_picked":["hermit:HoleUp","hermit:HighCaliber"],"picked":"hermit:Magnum","floor":22},{"not_picked":["hermit:Brawl+1","hermit:DeadMansHand"],"picked":"hermit:Vantage","floor":24}],"player_experience":631378,"relics_obtained":[{"floor":9,"key":"infinitespire:Lucky Rock"},{"floor":11,"key":"Bag of Preparation"},{"floor":17,"key":"Orichalcum"},{"floor":17,"key":"InkBottle"},{"floor":17,"key":"Girya"}],"event_choices":[{"damage_healed":0,"gold_gain":175,"player_choice":"AGREE","damage_taken":0,"max_hp_gain":0,"max_hp_loss":0,"event_name":"Liars Game","floor":7,"gold_loss":0,"cards_obtained":["Doubt"]},{"damage_healed":0,"gold_gain":0,"player_choice":"Take Wound","damage_taken":0,"relics_obtained":["Golden Idol"],"max_hp_gain":0,"max_hp_loss":0,"event_name":"Golden Idol","floor":12,"gold_loss":0,"cards_obtained":["Injury"]},{"damage_healed":0,"gold_gain":0,"cards_transformed":["hermit:Defend_Hermit"],"player_choice":"Transformed","damage_taken":0,"max_hp_gain":0,"max_hp_loss":0,"event_name":"Transmorgrifier","floor":13,"gold_loss":0,"cards_obtained":["hermit:Vantage"]},{"damage_healed":0,"gold_gain":0,"player_choice":"Upgraded","damage_taken":0,"max_hp_gain":0,"max_hp_loss":0,"event_name":"Upgrade Shrine","floor":20,"gold_loss":0,"cards_upgraded":["hermit:BlackWind"]}],"is_beta":false,"boss_relics":[{"not_picked":["Ectoplasm","Replay:Drink Me"],"picked":"Calling Bell"}],"items_purged_floors":[2,4],"is_endless":false,"potions_floor_spawned":[3,14,21],"killed_by":"3 Cultists","ascension_level":0}}