{"host":"6xsbn6ynqlzwllfm","time":1612126276,"event":{"mods":["2.2 Compatiblity","BaseMod","Bestiary","Colored Map","Colored Powertips","Curses Come First","Highlight Path","Keyboard Shortcuts","Minty Spire (QoL Compilation)","Relic Stats","Slay the Relics Exporter","StSLib","SuperFastMode"],"gold_per_floor":[113,132,132,71,84,84,118,138,138,138,138],"floor_reached":10,"language":"ENG","playtime":160,"items_purged":[],"score":136,"play_id":"394207e0-070e-4fdf-91fa-e1b83883f824","local_time":"20210131155116","is_ascension_mode":true,"campfire_choices":[{"data":"EmptyFist","floor":6,"key":"SMITH"}],"circlet_count":0,"master_deck":["AscendersBane","Strike_P","Strike_P","Strike_P","Strike_P","Defend_P","Defend_P","Defend_P","Defend_P","Eruption","Vigilance","CutThroughFate","Swivel","EmptyFist+1","FollowUp"],"relics":["Cursed Key","Bag of Marbles","TungstenRod","Omamori"],"acts_visited":["Exordium"],"potions_floor_usage":[10],"damage_taken":[{"damage":0,"enemies":"Small Slimes","floor":1,"turns":3},{"damage":0,"enemies":"Cultist","floor":2,"turns":2},{"damage":0,"enemies":"2 Louse","floor":5,"turns":1},{"damage":34,"enemies":"Gremlin Nob","floor":7,"turns":4},{"damage":19,"enemies":"Exordium Thugs","floor":8,"turns":5},{"damage":6,"enemies":"3 Sentries","floor":10,"turns":1}],"seed_played":"457388988814970040","potions_obtained":[{"floor":1,"key":"SmokeBomb"},{"floor":8,"key":"Explosive Potion"}],"is_trial":false,"path_per_floor":["M","M","?","?","M","R","E","M","T","E"],"character_chosen":"WATCHER","items_purchased":[],"campfire_rested":0,"item_purchase_floors":[],"current_hp_per_floor":[61,61,56,56,56,56,22,3,3,0,0],"gold":138,"neow_bonus":"BOSS_RELIC","is_daily":false,"chose_seed":false,"campfire_upgraded":1,"win_rate":0.0,"timestamp":1612126276,"path_taken":["M","M","?","?","M","R","E","?","T","E"],"items_purchased_type":[],"build_version":"2020-12-22","purchased_purges":0,"victory":false,"max_hp_per_floor":[68,68,68,68,68,68,68,68,68,68,68],"relic_stats":{"counters":[6,16],"Cursed Key":0,"obtain_stats":[{"Bag of Marbles":3,"Omamori":7,"PureWater":0,"Cursed Key":0,"TungstenRod":4},{"Bag of Marbles":2,"Omamori":4,"PureWater":0,"Cursed Key":0,"TungstenRod":2},{"Bag of Marbles":5,"Omamori":10,"PureWater":0,"Cursed Key":0,"TungstenRod":5}],"TungstenRod":6},"card_choices":[{"not_picked":["ForeignInfluence","BowlingBash"],"picked":"CutThroughFate","floor":1},{"not_picked":["Adaptation","Wireheading"],"picked":"Swivel","floor":2},{"not_picked":["FlurryOfBlows","EmptyMind"],"picked":"EmptyFist","floor":5},{"not_picked":["Vengeance","Perseverance"],"picked":"FollowUp","floor":8}],"player_experience":1369600,"relics_obtained":[{"floor":7,"key":"Omamori"}],"event_choices":[{"damage_healed":0,"gold_gain":0,"player_choice":"Success","damage_taken":5,"relics_obtained":["Bag of Marbles"],"max_hp_gain":0,"max_hp_loss":0,"event_name":"Scrap Ooze","floor":3,"gold_loss":0},{"damage_healed":0,"gold_gain":0,"player_choice":"Paid Gold","damage_taken":0,"relics_obtained":["TungstenRod"],"max_hp_gain":0,"max_hp_loss":0,"event_name":"WeMeetAgain","floor":4,"gold_loss":61}],"is_beta":false,"boss_relics":[],"items_purged_floors":[],"is_endless":false,"potions_floor_spawned":[1,8],"killed_by":"3 Sentries","ascension_level":20}}