{"host":"r85ffvdaw4ifnkte","time":1612076215,"event":{"mods":["BaseMod","Colored Map","Hermit","Keyboard Shortcuts","Minty Spire (QoL Compilation)","StSLib"],"gold_per_floor":[112,132,149,178,204,235,235,232,232,232,232,266,266,294,294,294,294],"floor_reached":16,"language":"KOR","playtime":921,"items_purged":[],"score":106,"play_id":"531f43a1-5c2e-40b5-82dd-e5ea9ccf7fac","local_time":"20210131155655","is_ascension_mode":false,"campfire_choices":[{"data":"hermit:DeadOrAlive","floor":7,"key":"SMITH"},{"floor":11,"key":"REST"},{"data":"hermit:Headshot","floor":13,"key":"SMITH"},{"data":"hermit:Snapshot","floor":15,"key":"SMITH"}],"circlet_count":0,"master_deck":["hermit:Strike_Hermit","hermit:Strike_Hermit","hermit:Strike_Hermit","hermit:Defend_Hermit","hermit:Defend_Hermit","hermit:Defend_Hermit","hermit:Defend_Hermit","hermit:Snapshot+1","hermit:Covet","hermit:TrackingShot","hermit:Headshot+1","hermit:DeadOrAlive+1","hermit:Dive","hermit:Showdown","hermit:GhostlyPresence","hermit:LowProfile","hermit:Vantage"],"relics":["hermit:Momento","NeowsBlessing","Bag of Preparation","Ginger"],"acts_visited":["Exordium"],"potions_floor_usage":[6],"damage_taken":[{"damage":0,"enemies":"Cultist","floor":1,"turns":1},{"damage":0,"enemies":"Small Slimes","floor":2,"turns":1},{"damage":0,"enemies":"2 Louse","floor":3,"turns":1},{"damage":16,"enemies":"Large Slime","floor":4,"turns":4},{"damage":8,"enemies":"Looter","floor":5,"turns":3},{"damage":26,"enemies":"Lagavulin","floor":6,"turns":7},{"damage":0,"enemies":"Exordium Thugs","floor":8,"turns":4},{"damage":0,"enemies":"3 Louse","floor":12,"turns":5},{"damage":16,"enemies":"Large Slime","floor":14,"turns":8},{"damage":25,"enemies":"Slime Boss","floor":16,"turns":9}],"seed_played":"8875884407067422674","potions_obtained":[{"floor":4,"key":"DistilledChaos"},{"floor":8,"key":"Swift Potion"},{"floor":14,"key":"SpeedPotion"}],"is_trial":false,"path_per_floor":["M","M","M","M","M","E","R","M","T","?","R","M","R","M","R","B"],"character_chosen":"HERMIT","items_purchased":[],"campfire_rested":1,"item_purchase_floors":[],"current_hp_per_floor":[75,75,75,59,51,25,25,25,25,18,40,40,40,24,24,0,0],"gold":294,"neow_bonus":"THREE_ENEMY_KILL","is_daily":false,"chose_seed":false,"campfire_upgraded":3,"win_rate":0.0,"timestamp":1612076215,"path_taken":["M","M","M","M","?","E","R","M","T","?","R","M","R","M","R","BOSS"],"items_purchased_type":[],"build_version":"2020-12-22","purchased_purges":0,"victory":false,"max_hp_per_floor":[75,75,75,75,75,75,75,75,75,75,75,75,75,75,75,75,75],"card_choices":[{"not_picked":["hermit:Misfire","hermit:HoleUp"],"picked":"hermit:TrackingShot","floor":1},{"not_picked":["hermit:Dive","hermit:Manifest"],"picked":"hermit:Headshot","floor":2},{"not_picked":["hermit:Feint","hermit:Glare"],"picked":"hermit:DeadOrAlive","floor":3},{"not_picked":["hermit:LoneWolf","hermit:Feint"],"picked":"hermit:Dive","floor":4},{"not_picked":["hermit:SprayPray","hermit:Coalescence"],"picked":"hermit:Showdown","floor":5},{"not_picked":["hermit:LuckOfTheDraw","hermit:NoHoldsBarred"],"picked":"hermit:GhostlyPresence","floor":6},{"not_picked":["hermit:Quickdraw","hermit:Virtue"],"picked":"hermit:LowProfile","floor":8},{"not_picked":["hermit:Dive","hermit:PistolWhip","hermit:Quickdraw"],"picked":"SKIP","floor":12},{"not_picked":["hermit:SprayPray","hermit:Headshot"],"picked":"hermit:Vantage","floor":14}],"player_experience":417346,"relics_obtained":[{"floor":6,"key":"Bag of Preparation"},{"floor":9,"key":"Ginger"}],"event_choices":[{"cards_removed":["hermit:Strike_Hermit"],"damage_healed":0,"gold_gain":0,"player_choice":"Card Removal","damage_taken":7,"max_hp_gain":0,"max_hp_loss":0,"event_name":"Golden Wing","floor":10,"gold_loss":0}],"is_beta":false,"boss_relics":[],"items_purged_floors":[],"is_endless":false,"potions_floor_spawned":[4,8,14],"killed_by":"Slime Boss","ascension_level":0}}