{"host":"bq4pt811tk9yrmjl","time":1612057965,"event":{"mods":["AchievementEnabler","BaseMod","Colored Map","Colored Powertips","Defuse TimeMaze Blight","Hermit","Minty Spire (QoL Compilation)","Smile Girya","StSLib","SuperFastMode"],"gold_per_floor":[112,37,37,37,51,51,80,80,80,92,92,109,109,124,124,220,220,237,137,137,455,455,483,483,483,483,499,499,352,147,166,166,265,265,278,12,12,28,28,28],"floor_reached":39,"language":"ENG","playtime":667,"items_purged":["hermit:WideOpen","Corpse Explosion+1","Entrench+1","FollowUp+1"],"score":772,"play_id":"65480958-a7ee-457a-8ba1-7c4f221e3a5a","local_time":"20210130235245","daily_mods":["SealedDeck","Vintage","Diverse","Heirloom"],"is_ascension_mode":false,"campfire_choices":[{"data":"TalkToTheHand","floor":6.0,"key":"SMITH"},{"data":"Metallicize","floor":8.0,"key":"SMITH"},{"data":"FollowUp","floor":13.0,"key":"SMITH"},{"data":"Double Energy","floor":15.0,"key":"SMITH"},{"floor":24.0,"key":"REST"},{"floor":28.0,"key":"REST"},{"floor":32.0,"key":"REST"}],"circlet_count":0,"master_deck":["Double Energy+1","Metallicize+1","TalkToTheHand+1","Beam Cell+1","Deflect+1","Setup+1","Madness","Madness"],"relics":["Unceasing Top","Ginger","Bottled Lightning","Ancient Tea Set","Matryoshka","Gambling Chip","Omamori","Bottled Tornado","Blue Candle","Frozen Egg 2","Bag of Preparation","Astrolabe","Bag of Marbles","MutagenicStrength","Old Coin","Boot","Eternal Feather","Centennial Puzzle","Shuriken","Smiling Mask","OrangePellets","Membership Card","Orichalcum","HoveringKite","The Courier","Bronze Scales","Vajra","Pantograph","Ornamental Fan"],"acts_visited":["Exordium","TheCity","TheBeyond"],"potions_floor_usage":[],"damage_taken":[{"damage":0.0,"enemies":"Jaw Worm","floor":1.0,"turns":1.0},{"damage":0.0,"enemies":"Small Slimes","floor":5.0,"turns":1.0},{"damage":0.0,"enemies":"Gremlin Nob","floor":7.0,"turns":1.0},{"damage":0.0,"enemies":"Cultist","floor":10.0,"turns":1.0},{"damage":0.0,"enemies":"Lots of Slimes","floor":12.0,"turns":2.0},{"damage":0.0,"enemies":"Large Slime","floor":14.0,"turns":1.0},{"damage":0.0,"enemies":"Hexaghost","floor":16.0,"turns":2.0},{"damage":0.0,"enemies":"Shell Parasite","floor":18.0,"turns":3.0},{"damage":0.0,"enemies":"2 Thieves","floor":21.0,"turns":1.0},{"damage":0.0,"enemies":"Book of Stabbing","floor":23.0,"turns":3.0},{"damage":0.0,"enemies":"Snake Plant","floor":27.0,"turns":1.0},{"damage":0.0,"enemies":"Chosen and Byrds","floor":31.0,"turns":1.0},{"damage":0.0,"enemies":"Champ","floor":33.0,"turns":1.0},{"damage":0.0,"enemies":"3 Darklings","floor":35.0,"turns":1.0},{"damage":0,"enemies":"3 Shapes","floor":38,"turns":1},{"damage":0,"enemies":"Writhing Mass","floor":39,"turns":1}],"seed_played":"4350315786438570207","potions_obtained":[{"floor":5.0,"key":"DistilledChaos"},{"floor":16.0,"key":"SpeedPotion"},{"floor":31.0,"key":"ColorlessPotion"}],"is_trial":true,"path_per_floor":["M","$","?","?","M","R","E","R","T","M","?","M","R","M","R","B",null,"M","$","?","M","T","E","R","?","T","M","R","$","$","M","R","B",null,"M","$","?","M","M"],"character_chosen":"THE_SILENT","items_purchased":["OrangePellets","Membership Card","Bronze Scales","Vajra","Pantograph"],"campfire_rested":3,"item_purchase_floors":[29,30,36,36,36],"current_hp_per_floor":[70,70,67,67,67,67,67,67,67,67,53,53,53,53,53,53,70,70,70,70,70,70,70,70,70,70,70,70,70,70,70,70,70,70,70,70,61,61,61,61],"gold":28,"neow_bonus":"","is_daily":false,"chose_seed":false,"campfire_upgraded":4,"win_rate":0.0,"timestamp":1612057965,"path_taken":["M","$","?","?","M","R","E","R","T","M","?","M","R","M","R","BOSS","M","$","?","M","?","E","R","?","T","?","R","?","$","M","R","BOSS","M","$","?","M","M"],"items_purchased_type":["Relic","Relic","Relic","Relic","Relic"],"build_version":"2020-12-22","purchased_purges":4,"victory":false,"max_hp_per_floor":[70,70,70,70,70,70,70,70,70,70,70,70,70,70,70,70,70,70,70,70,70,70,70,70,70,70,70,70,70,70,70,70,70,70,70,70,70,70,70,70],"card_choices":[{"not_picked":["Carnage","hermit:FlashPowder","Hello World"],"picked":"SKIP","floor":7.0},{"not_picked":["Shrug It Off","hermit:Desperado","hermit:NoHoldsBarred"],"picked":"SKIP","floor":23.0}],"player_experience":289055,"relics_obtained":[{"floor":1.0,"key":"Bottled Lightning"},{"floor":5.0,"key":"Matryoshka"},{"floor":7.0,"key":"Gambling Chip"},{"floor":9.0,"key":"Omamori"},{"floor":9.0,"key":"Bottled Tornado"},{"floor":10.0,"key":"Blue Candle"},{"floor":12.0,"key":"Frozen Egg 2"},{"floor":14.0,"key":"Bag of Preparation"},{"floor":18.0,"key":"Bag of Marbles"},{"floor":21.0,"key":"Old Coin"},{"floor":22.0,"key":"Boot"},{"floor":22.0,"key":"Eternal Feather"},{"floor":23.0,"key":"Centennial Puzzle"},{"floor":26.0,"key":"Shuriken"},{"floor":27.0,"key":"Smiling Mask"},{"floor":31.0,"key":"Orichalcum"},{"floor":35.0,"key":"The Courier"},{"floor":38,"key":"Ornamental Fan"}],"event_choices":[{"damage_healed":0.0,"max_hp_gain":0.0,"max_hp_loss":0.0,"gold_gain":0.0,"event_name":"Scrap Ooze","player_choice":"Success","floor":3.0,"gold_loss":0.0,"damage_taken":3.0,"relics_obtained":["Ancient Tea Set"]},{"damage_healed":0.0,"max_hp_gain":0.0,"max_hp_loss":0.0,"gold_gain":0.0,"event_name":"Liars Game","player_choice":"Ignored","floor":4.0,"gold_loss":0.0,"damage_taken":0.0},{"damage_healed":0.0,"max_hp_gain":0.0,"max_hp_loss":0.0,"gold_gain":0.0,"event_name":"Shining Light","player_choice":"Entered Light","floor":11.0,"gold_loss":0.0,"damage_taken":14.0,"cards_upgraded":["Deflect","Beam Cell"]},{"damage_healed":0.0,"max_hp_gain":0.0,"max_hp_loss":0.0,"gold_gain":0.0,"event_name":"Drug Dealer","player_choice":"Inject Mutagens","floor":20.0,"gold_loss":0.0,"damage_taken":0.0,"relics_obtained":["MutagenicStrength"]},{"damage_healed":0.0,"max_hp_gain":0.0,"max_hp_loss":0.0,"gold_gain":0.0,"event_name":"Upgrade Shrine","player_choice":"Ignored","floor":25.0,"gold_loss":0.0,"damage_taken":0.0},{"damage_healed":0,"gold_gain":0,"player_choice":"Embrace Madness","damage_taken":9,"max_hp_gain":0,"max_hp_loss":0,"event_name":"Winding Halls","floor":37,"gold_loss":0,"cards_obtained":["Madness","Madness"]}],"is_beta":false,"boss_relics":[{"not_picked":["Fusion Hammer","Philosopher\u0027s Stone"],"picked":"Astrolabe"},{"not_picked":["Coffee Dripper","Snecko Eye"],"picked":"HoveringKite"}],"items_purged_floors":[2,19,30,36],"is_endless":true,"potions_floor_spawned":[5,16,31,33,38],"killed_by":"Writhing Mass","ascension_level":0}}