{"host":"28bpuzdckreop5i0","time":1612076415,"event":{"mods":["BaseMod","Challenge The Spire","Defuse TimeMaze Blight","Downfall","Energized Spire","Googly Eyes","Minty Spire (QoL Compilation)","Relic Stats","Shop Mod","Spicy Shops","StSLib","The Awakened One except there are too many feathers","The IronCluck","Transform Curses","slay the spire mod where everything is the same but ironclad has a cowboy hat"],"gold_per_floor":[99,112,123,223,59,77,77,227,227,240,115,115,126,144,157,157,157,157],"floor_reached":16,"language":"ENG","playtime":615,"items_purged":["downfall:Icky"],"score":99,"play_id":"452d8fe1-7aeb-4f9f-8cd1-16c1c989ec44","local_time":"20210131010015","is_ascension_mode":true,"campfire_choices":[{"data":"hexamod:Sear","floor":1,"key":"SMITH"},{"data":"hexamod:WildfireWeapon","floor":9,"key":"SMITH"},{"floor":12,"key":"REST"}],"circlet_count":0,"master_deck":["hexamod:Strike","hexamod:Strike","hexamod:Strike","hexamod:Defend","hexamod:Defend","hexamod:Defend","hexamod:Defend","hexamod:Sear+1","hexamod:Float","hexamod:Rewind","hexamod:ThirdSeal","hexamod:SoulSteal","hexamod:WildfireWeapon","hexamod:DynamicBlow","hexamod:RainOfEmbers","hexamod:WildfireWeapon+1","hexamod:Firestarter","hexamod:HeatMetal","hexamod:ThirdSeal","hexamod:Hexaguard","hexamod:ExtraCrispy","hexamod:RainOfEmbers"],"relics":["hexamod:SpiritBrand","DollysMirror","Pen Nib"],"acts_visited":["Exordium"],"potions_floor_usage":[11],"damage_taken":[{"damage":0,"enemies":"Small Slimes","floor":2,"turns":3},{"damage":0,"enemies":"Cultist","floor":3,"turns":3},{"damage":10,"enemies":"downfall:FleeingMerchant","floor":5,"turns":4},{"damage":7,"enemies":"2 Louse","floor":6,"turns":4},{"damage":19,"enemies":"Large Slime","floor":10,"turns":3},{"damage":3,"enemies":"downfall:FleeingMerchant","floor":11,"turns":4},{"damage":13,"enemies":"Red Slaver","floor":13,"turns":3},{"damage":5,"enemies":"Blue Slaver","floor":14,"turns":3},{"damage":9,"enemies":"3 Louse","floor":15,"turns":3},{"damage":31,"enemies":"DF_ARCHETYPE_STREAMLINE","floor":16,"turns":4}],"seed_played":"-9161814028601644777","potions_obtained":[{"floor":3,"key":"Strength Potion"},{"floor":6,"key":"SkillPotion"},{"floor":13,"key":"EntropicBrew"},{"floor":15,"key":"Explosive Potion"}],"is_trial":false,"path_per_floor":["R","M","M","?","$","M","T","?","R","M","$","R","M","M","M","B"],"character_chosen":"THE_SPIRIT","items_purchased":["DollysMirror","hexamod:ThirdSeal"],"campfire_rested":1,"item_purchase_floors":[5,11],"current_hp_per_floor":[70,70,70,70,60,53,53,53,53,34,31,52,39,34,25,0,0,0],"gold":157,"neow_bonus":"TRANSFORM_CARD","is_daily":false,"chose_seed":false,"campfire_upgraded":2,"win_rate":0.0,"timestamp":1612076415,"path_taken":["R","M","M","?","?","M","T","?","R","M","$","R","M","M","M","BOSS"],"items_purchased_type":["Relic","Card"],"build_version":"2020-12-22","purchased_purges":1,"victory":false,"max_hp_per_floor":[70,70,70,70,70,70,70,70,70,70,70,70,70,70,70,70,70,70],"relic_stats":{"counters":[10,34],"Pen Nib":[2],"obtain_stats":[{"DollysMirror":5,"Pen Nib":7,"hexamod:SpiritBrand":0},{"DollysMirror":3,"Pen Nib":4,"hexamod:SpiritBrand":0},{"DollysMirror":10,"Pen Nib":14,"hexamod:SpiritBrand":0}]},"card_choices":[{"not_picked":["hexamod:SuperheatedStrike","hexamod:FastForward"],"picked":"hexamod:ThirdSeal","floor":2},{"not_picked":["hexamod:RadiantFlame","hexamod:GhostLash"],"picked":"hexamod:SoulSteal","floor":3},{"not_picked":["hexamod:Rewind","hexamod:SuperheatedStrike"],"picked":"hexamod:WildfireWeapon","floor":3},{"not_picked":["hexamod:RadiantFlame","hexamod:Hexaguard"],"picked":"hexamod:DynamicBlow","floor":5},{"not_picked":["hexamod:HeatMetal","hexamod:EtherealExpedition"],"picked":"hexamod:RainOfEmbers","floor":5},{"not_picked":["hexamod:BurningTouch","hexamod:NightmareStrike"],"picked":"hexamod:Firestarter","floor":6},{"not_picked":["hexamod:ShieldOfDarkness","hexamod:InspiringFlames"],"picked":"hexamod:HeatMetal","floor":10},{"not_picked":["hexamod:AdvancingGuard","hexamod:NightmareStrike","hexamod:ShieldOfDarkness"],"picked":"SKIP","floor":11},{"not_picked":["hexamod:FourthSeal","hexamod:GhostflameInferno","hexamod:HauntingEcho"],"picked":"SKIP","floor":11},{"not_picked":["hexamod:ThermalTransfer","hexamod:SecondSeal"],"picked":"hexamod:Hexaguard","floor":13},{"not_picked":["hexamod:SuperheatedStrike","hexamod:HauntingEcho","hexamod:SpectersWail"],"picked":"SKIP","floor":13},{"not_picked":["hexamod:ShieldOfDarkness","hexamod:ThermalTransfer","hexamod:AdvancingGuard"],"picked":"SKIP","floor":13},{"not_picked":["hexamod:SoulSteal","hexamod:EmpoweredFlame"],"picked":"hexamod:ExtraCrispy","floor":14},{"not_picked":["hexamod:HeatMetal","hexamod:BurningTouch","hexamod:GhostLash"],"picked":"SKIP","floor":14},{"not_picked":["hexamod:PhantomCloak","hexamod:FastForward","hexamod:BurningTouch"],"picked":"SKIP","floor":14},{"not_picked":["hexamod:NightmareGuise","hexamod:EmpoweredFlame"],"picked":"hexamod:RainOfEmbers","floor":15},{"not_picked":["hexamod:FastForward","hexamod:AdvancingGuard","hexamod:EtherealExpedition"],"picked":"SKIP","floor":15}],"player_experience":932329,"relics_obtained":[{"floor":7,"key":"Pen Nib"}],"event_choices":[],"is_beta":false,"boss_relics":[],"items_purged_floors":[11],"is_endless":false,"potions_floor_spawned":[3,6,13,15],"killed_by":"DF_ARCHETYPE_STREAMLINE","ascension_level":1}}