{"host":"28bpuzdckreop5i0","time":1612074732,"event":{"mods":["BaseMod","Challenge The Spire","Defuse TimeMaze Blight","Downfall","Energized Spire","Googly Eyes","Minty Spire (QoL Compilation)","Relic Stats","Shop Mod","Spicy Shops","StSLib","The Awakened One except there are too many feathers","The IronCluck","Transform Curses","slay the spire mod where everything is the same but ironclad has a cowboy hat"],"gold_per_floor":[99,99,111,211,221,221,221,248,265,280,290,302,302,318,337,337,337,337],"floor_reached":16,"language":"ENG","playtime":843,"items_purged":[],"score":111,"play_id":"813349b2-41c0-42ab-a853-07d5caa1e703","local_time":"20210131003212","is_ascension_mode":true,"campfire_choices":[{"data":"hexamod:Float","floor":1,"key":"SMITH"},{"data":"hexamod:DynamicBlow","floor":6,"key":"SMITH"},{"floor":13,"key":"REST"}],"circlet_count":0,"master_deck":["hexamod:Strike","hexamod:Strike","hexamod:Strike","hexamod:Strike","hexamod:Defend","hexamod:Defend","hexamod:Defend","hexamod:Defend","hexamod:Sear","hexamod:Float+1","hexamod:DynamicBlow+1","hexamod:BacktrackSmack","hexamod:GhostOfSpirePast","hexamod:RadiantFlame"],"relics":["hexamod:SpiritBrand","hexamod:SoulOfChaos","Eternal Feather","Tiny Chest"],"acts_visited":["Exordium"],"potions_floor_usage":[8,12,16,16],"damage_taken":[{"damage":1,"enemies":"Jaw Worm","floor":3,"turns":3},{"damage":0,"enemies":"Small Slimes","floor":5,"turns":3},{"damage":21,"enemies":"Lagavulin","floor":8,"turns":7},{"damage":5,"enemies":"2 Louse","floor":9,"turns":3},{"damage":11,"enemies":"Exordium Thugs","floor":10,"turns":4},{"damage":6,"enemies":"Large Slime","floor":11,"turns":6},{"damage":0,"enemies":"2 Fungi Beasts","floor":12,"turns":4},{"damage":2,"enemies":"Blue Slaver","floor":14,"turns":3},{"damage":0,"enemies":"2 Fungi Beasts","floor":15,"turns":3},{"damage":56,"enemies":"IC_STATUS_ARCHETYPE","floor":16,"turns":8}],"seed_played":"-5901644338396083390","potions_obtained":[{"floor":3,"key":"LiquidMemories"},{"floor":8,"key":"Fruit Juice"},{"floor":9,"key":"AttackPotion"},{"floor":14,"key":"FearPotion"}],"is_trial":false,"path_per_floor":["R","?","M","?","M","R","T","E","M","M","M","M","R","M","M","B"],"character_chosen":"THE_SPIRIT","items_purchased":[],"campfire_rested":1,"item_purchase_floors":[],"current_hp_per_floor":[63,68,67,67,67,67,67,51,46,35,29,29,56,54,54,0,0,0],"gold":337,"neow_bonus":"ONE_RARE_RELIC","is_daily":false,"chose_seed":false,"campfire_upgraded":2,"win_rate":0.0,"timestamp":1612074732,"path_taken":["R","?","M","?","M","R","T","E","M","M","M","M","R","M","M","BOSS"],"items_purchased_type":[],"build_version":"2020-12-22","purchased_purges":0,"victory":false,"max_hp_per_floor":[63,68,68,68,68,68,68,73,73,73,73,73,73,73,73,73,73,73],"relic_stats":{"counters":[10,44],"Eternal Feather":6,"Tiny Chest":0,"obtain_stats":[{"hexamod:SoulOfChaos":0,"Eternal Feather":7,"Tiny Chest":8,"hexamod:SpiritBrand":0},{"hexamod:SoulOfChaos":0,"Eternal Feather":2,"Tiny Chest":3,"hexamod:SpiritBrand":0},{"hexamod:SoulOfChaos":0,"Eternal Feather":6,"Tiny Chest":13,"hexamod:SpiritBrand":0}]},"card_choices":[{"not_picked":["hexamod:ExtraCrispy","hexamod:RetreatToShadows"],"picked":"hexamod:DynamicBlow","floor":3},{"not_picked":["hexamod:ChargedBarrage","hexamod:AdvancingGuard","hexamod:SpectralSpark"],"picked":"SKIP","floor":5},{"not_picked":["hexamod:Incineration","hexamod:Firestarter","hexamod:SearingWound"],"picked":"SKIP","floor":8},{"not_picked":["hexamod:SecondSeal","hexamod:SwordOfDarkness","hexamod:InspiringFlames"],"picked":"SKIP","floor":9},{"not_picked":["hexamod:ThermalTransfer","hexamod:ChargedBarrage","hexamod:SuperheatedStrike"],"picked":"SKIP","floor":10},{"not_picked":["hexamod:NightmareStrike","hexamod:AdvancingGuard"],"picked":"hexamod:BacktrackSmack","floor":11},{"not_picked":["hexamod:GhostLash","hexamod:SoulSteal","hexamod:AdvancingGuard"],"picked":"SKIP","floor":12},{"not_picked":["hexamod:GhostflameBarrier","hexamod:RadiantFlame"],"picked":"hexamod:GhostOfSpirePast","floor":14},{"not_picked":["hexamod:ThirdSeal","hexamod:GhostShield"],"picked":"hexamod:RadiantFlame","floor":15}],"player_experience":930488,"relics_obtained":[{"floor":7,"key":"Eternal Feather"},{"floor":8,"key":"Tiny Chest"}],"event_choices":[{"damage_healed":0,"gold_gain":0,"player_choice":"Donut","damage_taken":0,"max_hp_gain":5,"max_hp_loss":0,"event_name":"Big Fish","floor":2,"gold_loss":0}],"is_beta":false,"boss_relics":[],"items_purged_floors":[],"is_endless":false,"potions_floor_spawned":[3,8,9,14],"killed_by":"IC_STATUS_ARCHETYPE","ascension_level":1}}