{"host":"splhgeaql3beeqc1","time":1612137049,"event":{"mods":["BaseMod","Minty Spire (QoL Compilation)","Quick Restart","StSLib"],"gold_per_floor":[118,137,152,152,152,152,184,209,235,310,310,310,338,338,338,467,467,480,237,252,291,216,216,241,241,241,241,279,279,279,302,302,432,432,445,469,244,244,244,269,269,290,317,50,91,91,154,487,487,487,487,487,29,64,64],"floor_reached":56,"language":"ENG","playtime":4162,"items_purged":["Strike_R","Defend_R","Bite"],"score":1354,"play_id":"21b58cd7-8107-47de-bc5a-0d83b2f9d474","local_time":"20210131235049","is_ascension_mode":true,"campfire_choices":[{"data":"Shockwave","floor":6,"key":"SMITH"},{"floor":12,"key":"REST"},{"floor":15,"key":"REST"},{"data":"Armaments","floor":23,"key":"SMITH"},{"floor":27,"key":"REST"},{"floor":29,"key":"REST"},{"floor":32,"key":"REST"},{"data":"Demon Form","floor":41,"key":"SMITH"},{"data":"Feed","floor":46,"key":"SMITH"},{"floor":49,"key":"RECALL"},{"data":"Offering","floor":52,"key":"SMITH"}],"circlet_count":0,"master_deck":["Defend_R","Defend_R","Defend_R","Bash+1","Rampage+1","Offering+1","Demon Form+1","Uppercut+1","Armaments+1","Feed+1","Shrug It Off+1","Bite+1","Bite+1","Bite","Bite","Feed","Madness","Madness","Evolve+1"],"relics":["Burning Blood","Juzu Bracelet","Odd Mushroom","Pen Nib","Tiny Chest","Velvet Choker","Red Mask","Happy Flower","Pocketwatch","Runic Cube","Ancient Tea Set","MawBank","Sling","Mango","TungstenRod","Red Skull","HornCleat","Whetstone"],"acts_visited":["Exordium","TheCity","TheBeyond","TheEnding"],"potions_floor_usage":[16,16,24,24,28,28,45,54,54,54,55],"damage_taken":[{"damage":10,"enemies":"Jaw Worm","floor":1,"turns":5},{"damage":3,"enemies":"Small Slimes","floor":2,"turns":3},{"damage":2,"enemies":"Cultist","floor":3,"turns":4},{"damage":23,"enemies":"Gremlin Nob","floor":7,"turns":4},{"damage":24,"enemies":"The Mushroom Lair","floor":8,"turns":5},{"damage":34,"enemies":"3 Sentries","floor":13,"turns":7},{"damage":61,"enemies":"Hexaghost","floor":16,"turns":11},{"damage":35,"enemies":"Spheric Guardian","floor":18,"turns":5},{"damage":20,"enemies":"3 Byrds","floor":20,"turns":6},{"damage":16,"enemies":"Masked Bandits","floor":21,"turns":4},{"damage":27,"enemies":"Snake Plant","floor":24,"turns":4},{"damage":30,"enemies":"Slavers","floor":28,"turns":5},{"damage":29,"enemies":"Cultist and Chosen","floor":31,"turns":7},{"damage":10,"enemies":"Champ","floor":33,"turns":8},{"damage":14,"enemies":"Orb Walker","floor":35,"turns":4},{"damage":9,"enemies":"3 Shapes","floor":36,"turns":5},{"damage":31,"enemies":"Transient","floor":42,"turns":5},{"damage":25,"enemies":"Nemesis","floor":45,"turns":5},{"damage":6,"enemies":"Mind Bloom Boss Battle","floor":47,"turns":5},{"damage":15,"enemies":"Time Eater","floor":50,"turns":9},{"damage":46,"enemies":"Shield and Spear","floor":54,"turns":6},{"damage":54,"enemies":"The Heart","floor":55,"turns":8}],"seed_played":"-1862279581751924777","potions_obtained":[{"floor":3,"key":"SteroidPotion"},{"floor":13,"key":"Weak Potion"},{"floor":16,"key":"Swift Potion"},{"floor":20,"key":"DistilledChaos"},{"floor":21,"key":"DuplicationPotion"},{"floor":24,"key":"Explosive Potion"},{"floor":36,"key":"DistilledChaos"},{"floor":45,"key":"SpeedPotion"},{"floor":54,"key":"GamblersBrew"}],"is_trial":false,"path_per_floor":["M","M","M","?","?","R","E","?","T","?","?","R","E","?","R","B",null,"M","$","M","?","?","R","M","T","T","R","E","R","?","M","R","B",null,"M","M","$","?","?","T","R","M","T","$","E","R","?","?","R","B",null,"R","$","E","B",null],"character_chosen":"IRONCLAD","items_purchased":["Armaments","Feed","LiquidMemories","AttackPotion","Sling","Red Skull","HornCleat","Block Potion"],"campfire_rested":5,"item_purchase_floors":[19,19,37,37,44,53,53,53],"current_hp_per_floor":[84,87,88,88,88,88,71,53,53,42,42,68,40,40,64,9,81,52,52,41,34,34,34,13,13,13,39,19,46,46,43,61,63,63,57,70,70,61,61,61,61,60,60,60,69,69,80,80,80,87,87,87,87,59,29],"gold":64,"neow_bonus":"TEN_PERCENT_HP_BONUS","is_daily":false,"chose_seed":false,"campfire_upgraded":5,"win_rate":0.0,"timestamp":1612137049,"path_taken":["M","M","M","?","?","R","E","?","T","?","?","R","E","?","R","BOSS","M","$","M","?","?","R","M","?","T","R","E","R","?","M","R","BOSS","M","M","$","?","?","?","R","M","T","$","E","R","?","?","R","BOSS","R","$","E","BOSS"],"items_purchased_type":["Card","Card","Potion","Potion","Relic","Relic","Relic","Potion"],"build_version":"2020-12-22","purchased_purges":3,"victory":true,"max_hp_per_floor":[88,88,88,88,88,88,88,88,88,88,88,88,88,81,81,81,81,81,81,84,87,87,87,87,87,87,87,91,91,63,63,63,63,63,63,70,70,70,70,70,70,70,70,70,84,84,87,87,87,87,87,87,87,91,91],"card_choices":[{"not_picked":["Havoc","Hemokinesis"],"picked":"Rampage","floor":1},{"not_picked":["Intimidate","Pummel"],"picked":"Shockwave","floor":2},{"not_picked":["Thunderclap","Combust","Feel No Pain"],"picked":"SKIP","floor":3},{"not_picked":["Warcry","Anger","Pummel"],"picked":"SKIP","floor":7},{"not_picked":["Flame Barrier","Sword Boomerang"],"picked":"Offering","floor":13},{"not_picked":["Double Tap","Barricade"],"picked":"Demon Form","floor":16},{"not_picked":["Iron Wave","Warcry+1"],"picked":"Uppercut+1","floor":18},{"not_picked":["Havoc+1","Flex","Clothesline+1"],"picked":"SKIP","floor":20},{"not_picked":["Double Tap","Dropkick+1","Wild Strike"],"picked":"SKIP","floor":24},{"not_picked":["Pummel","Searing Blow"],"picked":"Shrug It Off+1","floor":28},{"not_picked":["Anger+1","Blood for Blood+1","Pommel Strike"],"picked":"SKIP","floor":31},{"not_picked":["Juggernaut","Exhume"],"picked":"Feed","floor":33},{"not_picked":["Dark Embrace+1","Armaments","Feel No Pain"],"picked":"SKIP","floor":35},{"not_picked":["Pommel Strike","Carnage","Sword Boomerang"],"picked":"SKIP","floor":36},{"not_picked":["Seeing Red+1","Rupture","Sever Soul+1"],"picked":"SKIP","floor":42},{"not_picked":["Inflame","Body Slam+1","Perfected Strike+1"],"picked":"SKIP","floor":45},{"not_picked":["Sword Boomerang","Wild Strike"],"picked":"Evolve+1","floor":54}],"player_experience":98016,"relics_obtained":[{"floor":7,"key":"Juzu Bracelet"},{"floor":8,"key":"Odd Mushroom"},{"floor":9,"key":"Pen Nib"},{"floor":13,"key":"Tiny Chest"},{"floor":21,"key":"Red Mask"},{"floor":26,"key":"Happy Flower"},{"floor":28,"key":"Pocketwatch"},{"floor":40,"key":"Ancient Tea Set"},{"floor":43,"key":"MawBank"},{"floor":45,"key":"Mango"},{"floor":47,"key":"TungstenRod"},{"floor":54,"key":"Whetstone"}],"event_choices":[{"damage_healed":0,"gold_gain":0,"player_choice":"Grow","damage_taken":0,"max_hp_gain":0,"max_hp_loss":0,"event_name":"Living Wall","floor":4,"gold_loss":0,"cards_upgraded":["Rampage"]},{"damage_healed":0,"gold_gain":0,"player_choice":"Forge","damage_taken":0,"max_hp_gain":0,"max_hp_loss":0,"event_name":"Accursed Blacksmith","floor":5,"gold_loss":0,"cards_upgraded":["Bash"]},{"damage_healed":0,"gold_gain":0,"player_choice":"Fought Mushrooms","damage_taken":0,"max_hp_gain":0,"max_hp_loss":0,"event_name":"Mushrooms","floor":8,"gold_loss":0},{"damage_healed":0,"gold_gain":75,"player_choice":"Gather Gold","damage_taken":11,"max_hp_gain":0,"max_hp_loss":0,"event_name":"World of Goop","floor":10,"gold_loss":0},{"damage_healed":0,"gold_gain":0,"player_choice":"Cursed","damage_taken":0,"max_hp_gain":0,"max_hp_loss":0,"event_name":"Wheel of Change","floor":11,"gold_loss":0,"cards_obtained":["Decay"]},{"damage_healed":0,"gold_gain":0,"player_choice":"Lose Max HP","damage_taken":0,"relics_obtained":["Golden Idol"],"max_hp_gain":0,"max_hp_loss":7,"event_name":"Golden Idol","floor":14,"gold_loss":0},{"damage_healed":0,"gold_gain":0,"player_choice":"Fought Bandits","damage_taken":0,"max_hp_gain":0,"max_hp_loss":0,"event_name":"Masked Bandits","floor":21,"gold_loss":0},{"cards_removed":["Decay"],"damage_healed":0,"gold_gain":0,"player_choice":"Gave Gold","damage_taken":0,"max_hp_gain":0,"max_hp_loss":0,"event_name":"Beggar","floor":22,"gold_loss":75},{"damage_healed":0,"gold_gain":0,"player_choice":"Became a vampire","damage_taken":0,"max_hp_gain":0,"max_hp_loss":28,"event_name":"Vampires","floor":30,"gold_loss":0,"cards_obtained":["Bite","Bite","Bite","Bite","Bite"]},{"damage_healed":0,"gold_gain":0,"player_choice":"Embrace Madness","damage_taken":9,"max_hp_gain":0,"max_hp_loss":0,"event_name":"Winding Halls","floor":38,"gold_loss":0,"cards_obtained":["Madness","Madness"]},{"cards_removed":["Shockwave"],"damage_healed":0,"gold_gain":0,"player_choice":"Removed Skill","damage_taken":0,"max_hp_gain":0,"max_hp_loss":0,"event_name":"Falling","floor":39,"gold_loss":0},{"damage_healed":0,"gold_gain":0,"player_choice":"Fight","damage_taken":0,"max_hp_gain":0,"max_hp_loss":0,"event_name":"MindBloom","floor":47,"gold_loss":0},{"damage_healed":0,"gold_gain":333,"player_choice":"Gave Idol","damage_taken":0,"max_hp_gain":0,"max_hp_loss":0,"event_name":"The Moai Head","floor":48,"relics_lost":["Golden Idol"],"gold_loss":0}],"is_beta":false,"boss_relics":[{"not_picked":["Empty Cage","Black Blood"],"picked":"Velvet Choker"},{"not_picked":["SacredBark","Cursed Key"],"picked":"Runic Cube"}],"items_purged_floors":[19,37,44],"is_endless":false,"potions_floor_spawned":[3,13,16,20,21,24,36,45,54],"ascension_level":3}}