{"host":"8jwif9mna8ud19ho","time":1612096231,"event":{"mods":["BaseMod","Better Vampires","Downfall","Marisa£¨ìFÓê¡¡Ä§ÀíÉ³£©","Minty Spire (QoL Compilation)","Reimu£¨²©ÀöÁéÃÎ£©","RumiaBox-Â¶Ã×æ«µÄÉñÃØºÐ×Ó","StSLib","¡¾ÒÅÎï¿¨ÅÆ¡¿REMEMod"],"gold_per_floor":[118,135,135,60,78,78,105,135,213,288,316,93,93,107,107,183,183,194,45,95,20,40,72,72,82,106,106,16,27,27,42,42,42,42],"floor_reached":33,"language":"ZHS","playtime":787,"items_purged":["Strike_R","Strike_R","Strike_R","Strike_R","Strike_R"],"score":526,"play_id":"f6910a6f-bd6f-4be1-941d-bb5977f60ae8","local_time":"20210131203031","is_ascension_mode":true,"campfire_choices":[{"data":"REME_HeartOfCthun","floor":6.0,"key":"SMITH"},{"data":"Rupture","floor":15.0,"key":"SMITH"},{"floor":24.0,"key":"REST"},{"data":"Burning Pact","floor":27,"key":"SMITH"},{"data":"Rampage","floor":32,"key":"SMITH"}],"circlet_count":0,"master_deck":["AscendersBane","Defend_R","Defend_R+1","Defend_R","Defend_R+1","Bash","REME_HeartOfCthun+1","Battle Trance","Bloodletting","REME_FearOfPain","Burning Pact+1","Rampage+1","Rupture+1","Feed","Sentinel","Feel No Pain","Acrobatics","Rupture+1","hexamod:NightmareGuise"],"relics":["Burning Blood","REME_ComplimentaryCards","NeowsBlessing","RuthlessExorcism:ReiMu","WingedGreaves","GodSword3","Odd Mushroom","Membership Card","Philosopher\u0027s Stone","PrismaticShard","Smiling Mask"],"acts_visited":["Exordium","TheCity"],"potions_floor_usage":[33],"damage_taken":[{"damage":0.0,"enemies":"Cultist","floor":1.0,"turns":1.0},{"damage":0.0,"enemies":"2 Louse","floor":2.0,"turns":1.0},{"damage":0.0,"enemies":"Jaw Worm","floor":5.0,"turns":1.0},{"damage":28.0,"enemies":"Lagavulin","floor":7.0,"turns":8.0},{"damage":0.0,"enemies":"The Mushroom Lair","floor":11.0,"turns":2.0},{"damage":9.0,"enemies":"3 Louse","floor":14.0,"turns":2.0},{"damage":29.0,"enemies":"Hexaghost","floor":16.0,"turns":7.0},{"damage":22.0,"enemies":"Chosen","floor":18.0,"turns":5.0},{"damage":30.0,"enemies":"Spheric Guardian","floor":22.0,"turns":5.0},{"damage":23.0,"enemies":"REME_1_Revenger","floor":23.0,"turns":3.0},{"damage":0,"enemies":"Cultist and Chosen","floor":25,"turns":3},{"damage":0,"enemies":"3 Cultists","floor":29,"turns":3},{"damage":46,"enemies":"Snake Plant","floor":31,"turns":5},{"damage":15,"enemies":"Collector","floor":33,"turns":3}],"seed_played":"-6896041059208820370","potions_obtained":[{"floor":1.0,"key":"LiquidMemories"},{"floor":2.0,"key":"DistilledChaos"},{"floor":16.0,"key":"LiquidBronze"},{"floor":22.0,"key":"champ:CounterPotion"},{"floor":23.0,"key":"Swift Potion"},{"floor":31,"key":"champ:CounterPotion"}],"is_trial":false,"path_per_floor":["M","M","?","$","M","R","E","?","T","?","?","$","?","M","R","B",null,"M","$","?","$","M","E","R","M","T","R","$","M","?","M","R","B"],"character_chosen":"IRONCLAD","items_purchased":["Membership Card","PrismaticShard","Feel No Pain"],"campfire_rested":1,"item_purchase_floors":[12,19,28],"current_hp_per_floor":[74,75,52,52,58,58,36,36,36,25,31,31,36,33,33,10,63,47,47,47,47,26,9,33,42,42,42,42,51,51,14,14,0,0],"gold":42,"neow_bonus":"THREE_ENEMY_KILL","is_daily":false,"chose_seed":false,"campfire_upgraded":4,"win_rate":0.0,"timestamp":1612096231,"path_taken":["M","?","?","$","M","R","E","?","T","?","?","$","?","M","R","BOSS","M","$","?","$","M","E","R","M","T","R","$","M","?","M","R","BOSS"],"items_purchased_type":["Relic","Relic","Card"],"build_version":"2020-12-22","purchased_purges":5,"victory":false,"max_hp_per_floor":[75,75,75,75,75,75,75,75,75,75,75,75,80,80,80,80,80,80,80,80,80,83,83,83,86,86,86,86,89,89,92,92,92,92],"card_choices":[{"not_picked":["REME_SingleHolding","REME_Cut"],"picked":"Battle Trance","floor":1.0},{"not_picked":["Clash","Dropkick"],"picked":"Bloodletting","floor":2.0},{"not_picked":["Sword Boomerang","Warcry"],"picked":"REME_FearOfPain","floor":5.0},{"not_picked":["Perfected Strike","Bloodletting"],"picked":"Burning Pact","floor":7.0},{"not_picked":["REME_FearOfPain","Perfected Strike"],"picked":"Rampage","floor":11.0},{"not_picked":["Disarm","Body Slam"],"picked":"Rupture","floor":14.0},{"not_picked":["Berserk","Exhume"],"picked":"Feed","floor":16.0},{"not_picked":["Body Slam","Flex","Clothesline"],"picked":"SKIP","floor":18.0},{"not_picked":["sneckomod:IronFang","Heavy Blade","Guardian:PrismaticBeam"],"picked":"SKIP","floor":22.0},{"not_picked":["champ:Shatter","Slimebound:FinishingTackle"],"picked":"Sentinel","floor":23.0},{"not_picked":["WitchOfGreed","REME_EmptyShield","Slimebound:FinishingTackle"],"picked":"SKIP","floor":25},{"not_picked":["ClearTheMind","bronze:Overheat"],"picked":"Acrobatics","floor":29},{"not_picked":["Beam Cell","sneckomod:UnknownCommonSkill"],"picked":"hexamod:NightmareGuise","floor":31}],"player_experience":1139052,"relics_obtained":[{"floor":7.0,"key":"RuthlessExorcism:ReiMu"},{"floor":9.0,"key":"GodSword3"},{"floor":11.0,"key":"Odd Mushroom"},{"floor":23.0,"key":"Smiling Mask"}],"event_choices":[{"damage_healed":0.0,"max_hp_gain":0.0,"max_hp_loss":0.0,"gold_gain":0.0,"event_name":"Shining Light","player_choice":"Entered Light","floor":3.0,"gold_loss":0.0,"damage_taken":23.0,"cards_upgraded":["Defend_R","Defend_R"]},{"damage_healed":0.0,"max_hp_gain":0.0,"max_hp_loss":0.0,"gold_gain":30.0,"event_name":"Dead Adventurer","player_choice":"Searched \u00272\u0027 times","floor":8.0,"gold_loss":0.0,"damage_taken":0.0,"relics_obtained":["WingedGreaves"]},{"damage_healed":0.0,"max_hp_gain":0.0,"max_hp_loss":0.0,"gold_gain":75.0,"event_name":"World of Goop","player_choice":"Gather Gold","floor":10.0,"gold_loss":0.0,"damage_taken":11.0},{"damage_healed":0.0,"max_hp_gain":0.0,"max_hp_loss":0.0,"gold_gain":0.0,"event_name":"Mushrooms","player_choice":"Fought Mushrooms","floor":11.0,"gold_loss":0.0,"damage_taken":0.0},{"damage_healed":0.0,"max_hp_gain":5.0,"max_hp_loss":0.0,"gold_gain":0.0,"event_name":"Big Fish","player_choice":"Donut","floor":13.0,"gold_loss":0.0,"damage_taken":0.0},{"damage_healed":0.0,"max_hp_gain":0.0,"max_hp_loss":0.0,"gold_gain":50.0,"event_name":"Nest","player_choice":"Stole From Cult","floor":20.0,"gold_loss":0.0,"damage_taken":0.0},{"damage_healed":0,"gold_gain":0,"player_choice":"Copied","damage_taken":0,"max_hp_gain":0,"max_hp_loss":0,"event_name":"Duplicator","floor":30,"gold_loss":0,"cards_obtained":["Rupture"]}],"is_beta":false,"boss_relics":[{"not_picked":["bronze:MakeshiftBattery","Ectoplasm"],"picked":"Philosopher\u0027s Stone"}],"items_purged_floors":[4,12,19,21,28],"is_endless":false,"potions_floor_spawned":[1,2,16,22,23,31],"killed_by":"Collector","ascension_level":20}}