{"host":"hka8b3f4pkvnp4ei","time":1612071625,"event":{"mods":["BaseMod","Minty Spire (QoL Compilation)","Quick Restart","Replay The Spire","StSLib"],"gold_per_floor":[115,128,38,38,38,38,77,102,152,185,215,140,154,154,154],"floor_reached":14,"language":"ZHS","playtime":281,"items_purged":["Strike_B"],"score":135,"play_id":"5957be7c-4522-4e13-9214-e1d5c168ab3c","local_time":"20210131134025","is_ascension_mode":true,"campfire_choices":[{"data":"Dualcast","floor":6.0,"key":"SMITH"}],"circlet_count":0,"master_deck":["Strike_B+1","Strike_B+1","Strike_B","Defend_B","Defend_B","Defend_B","Defend_B","Zap","Dualcast+1","Defragment","Ball Lightning","ReplayTheSpireMod:Calculation Training","Defragment"],"relics":["Cracked Core","NeowsBlessing","Golden Idol","Dream Catcher","ReplayTheSpireMod:Lightbulb","Juzu Bracelet","Whetstone","Girya"],"acts_visited":["Exordium"],"potions_floor_usage":[],"damage_taken":[{"damage":0.0,"enemies":"Jaw Worm","floor":1.0,"turns":1.0},{"damage":0.0,"enemies":"Small Slimes","floor":2.0,"turns":1.0},{"damage":0.0,"enemies":"Gremlin Nob","floor":7.0,"turns":1.0},{"damage":0.0,"enemies":"Cultist","floor":8.0,"turns":2.0},{"damage":34.0,"enemies":"3 Sentries","floor":10.0,"turns":6.0},{"damage":27,"enemies":"Exordium Thugs","floor":13,"turns":4},{"damage":11,"enemies":"Gremlin Nob","floor":14,"turns":2}],"seed_played":"-7765365931209408501","potions_obtained":[{"floor":1.0,"key":"Dexterity Potion"},{"floor":8.0,"key":"Fruit Juice"},{"floor":10.0,"key":"FairyPotion"}],"is_trial":false,"path_per_floor":["M","M","$","?","?","R","E","M","T","E","?","$","M","E"],"character_chosen":"DEFECT","items_purchased":["Defragment","Ball Lightning"],"campfire_rested":0,"item_purchase_floors":[3,3],"current_hp_per_floor":[75,75,75,57,57,57,57,62,62,28,8,8,11,0,0],"gold":154,"neow_bonus":"THREE_ENEMY_KILL","is_daily":false,"chose_seed":false,"campfire_upgraded":1,"win_rate":0.0,"timestamp":1612071625,"path_taken":["M","M","$","?","?","R","E","M","T","E","?","$","M","E"],"items_purchased_type":["Card","Card"],"build_version":"2020-12-22","purchased_purges":1,"victory":false,"max_hp_per_floor":[75,75,75,75,75,75,75,80,80,80,80,80,80,80,80],"card_choices":[{"not_picked":["Doom and Gloom","Conserve Battery","Leap"],"picked":"SKIP","floor":1.0},{"not_picked":["Auto Shields","Rebound","Storm"],"picked":"SKIP","floor":2.0},{"not_picked":["Steam","Sweeping Beam"],"picked":"ReplayTheSpireMod:Calculation Training","floor":7.0},{"not_picked":["Conserve Battery","Beam Cell","Rebound"],"picked":"SKIP","floor":8.0},{"not_picked":["Conserve Battery","Beam Cell","Rebound"],"picked":"SKIP","floor":8.0},{"not_picked":["Conserve Battery","Beam Cell","Rebound"],"picked":"SKIP","floor":8.0},{"not_picked":["Compile Driver","Steam Power","FIFO Queue"],"picked":"SKIP","floor":10.0},{"not_picked":["Hologram","Sweeping Beam"],"picked":"Defragment","floor":13}],"player_experience":1066874,"relics_obtained":[{"floor":7.0,"key":"ReplayTheSpireMod:Lightbulb"},{"floor":9.0,"key":"Juzu Bracelet"},{"floor":10.0,"key":"Whetstone"},{"floor":11.0,"key":"Girya"}],"event_choices":[{"damage_healed":0.0,"max_hp_gain":0.0,"max_hp_loss":0.0,"gold_gain":0.0,"event_name":"Golden Idol","player_choice":"Take Damage","floor":4.0,"gold_loss":0.0,"damage_taken":18.0,"relics_obtained":["Golden Idol"]},{"damage_healed":0.0,"max_hp_gain":0.0,"max_hp_loss":0.0,"gold_gain":0.0,"event_name":"WeMeetAgain","player_choice":"Gave Potion","floor":5.0,"gold_loss":0.0,"damage_taken":0.0,"relics_obtained":["Dream Catcher"]}],"is_beta":false,"boss_relics":[],"items_purged_floors":[12],"is_endless":false,"potions_floor_spawned":[1,8,10],"killed_by":"Gremlin Nob","ascension_level":2}}