{"host":"15mf4mgkldnt1tds","time":1612081732,"event":{"mods":["AchievementEnabler","Act Like it!","Arknights","BaseMod","Gensokyo","Highlight Path","Lobotomy","LobotomyExtend","Marisa¡]Ãú«B¡@Å]²z¨F¡^","Minty Spire (QoL Compilation)","Quick Restart","Remilia¡]Á¢¦Ì²ú?¡^","RumiaBox-ÅS¦Ì?ªº¯«¯µ²°¤l","Shop Mod","StSLib","SuperFastMode","The Animator","The Cursed","The Jungle","The Servant 0.9.4"],"gold_per_floor":[113,127,140,155,155,155,171,171,171,171,182,107,121,131,131,236,236,256,256,156,156,189,189,204,204,227,237,237,197,207,53,53,53,53],"floor_reached":33,"language":"ZHS","playtime":1332,"items_purged":["ats:Strike C","ats:Armor Crushing Shot"],"score":264,"play_id":"7ebc0040-8b4f-445e-b525-1e4d9b99988b","local_time":"20210131162852","is_ascension_mode":false,"campfire_choices":[{"data":"ats:Part Time Job","floor":6,"key":"SMITH"},{"data":"ats:Emotion Absorption","floor":8,"key":"SMITH"},{"data":"ats:Closed Bolt Burst Fire","floor":10,"key":"SMITH"},{"data":"ats:Closed Bolt Burst Fire","floor":15,"key":"SMITH"},{"data":"ats:Chain Hook","floor":23,"key":"SMITH"},{"data":"ats:Durian","floor":32,"key":"SMITH"}],"circlet_count":0,"master_deck":["ats:Defend+1","ats:Defend","ats:Defend","ats:Defend","ats:Emotion Absorption+1","ats:Closed Bolt Burst Fire+1","ats:Chain Hook+1","ats:Part Time Job+1","ats:Thorns","ats:Closed Bolt Burst Fire+1","ats:Red Shift","ats:Sword Rain+1","ats:Echo Reverb+1","ats:Apocalypse+1","Bite","Bite","Bite","Bite+1","Bite","ats:Hammer On+1","ats:Soul Absorption","ats:Durian+1"],"relics":["Velvet Choker","LetterFromLob","MagicBullet_r","ats:Industrial Water Cannon","Philosopher\u0027s Stone","Moonlight_r","Red Mask","Tiny Chest","Gremlin Horn","Oddly Smooth Stone"],"acts_visited":["Exordium","TheCity"],"potions_floor_usage":[16,22,33,33],"damage_taken":[{"damage":6,"enemies":"Cultist","floor":1,"turns":4},{"damage":2,"enemies":"2 Louse","floor":2,"turns":2},{"damage":3,"enemies":"Jaw Worm","floor":3,"turns":3},{"damage":0,"enemies":"3 Louse","floor":4,"turns":3},{"damage":0,"enemies":"Large Slime","floor":7,"turns":4},{"damage":0,"enemies":"2 Fungi Beasts","floor":11,"turns":2},{"damage":0,"enemies":"Lots of Slimes","floor":13,"turns":11},{"damage":0,"enemies":"Blue Slaver","floor":14,"turns":1},{"damage":22,"enemies":"Hexaghost","floor":16,"turns":7},{"damage":7,"enemies":"Chosen","floor":18,"turns":3},{"damage":25,"enemies":"Masked Bandits","floor":22,"turns":3},{"damage":11,"enemies":"2 Thieves","floor":24,"turns":2},{"damage":0,"enemies":"Centurion and Healer","floor":27,"turns":3},{"damage":0,"enemies":"Cultist and Chosen","floor":30,"turns":3},{"damage":119,"enemies":"Champ","floor":33,"turns":9}],"seed_played":"3249393814802056527","potions_obtained":[{"floor":3,"key":"ColorlessPotion"},{"floor":4,"key":"CultistPotion"},{"floor":13,"key":"Block Potion"},{"floor":16,"key":"Dexterity Potion"},{"floor":22,"key":"Regen Potion"},{"floor":27,"key":"AttackPotion"}],"is_trial":false,"path_per_floor":["M","M","M","M","M","R","M","R","T","R","M","$","M","M","R","B",null,"M","?","$","?","?","R","M","?","T","M","T","?","M","$","R","B"],"character_chosen":"DOCTOR_CLASS","items_purchased":["Oddly Smooth Stone"],"campfire_rested":0,"item_purchase_floors":[31],"current_hp_per_floor":[66,64,61,66,22,22,24,24,24,24,26,26,47,47,47,33,72,68,50,50,21,14,14,15,15,15,29,29,29,46,46,46,0,0],"gold":53,"neow_bonus":"BOSS_RELIC","is_daily":false,"chose_seed":false,"campfire_upgraded":6,"win_rate":0.0,"timestamp":1612081732,"path_taken":["M","M","?","M","M","R","M","R","T","R","M","$","M","M","R","BOSS","M","?","$","?","?","R","M","?","T","M","?","?","M","$","R","BOSS"],"items_purchased_type":["Relic"],"build_version":"2020-12-22","purchased_purges":2,"victory":false,"max_hp_per_floor":[72,72,72,72,72,72,72,72,72,72,72,72,72,72,72,72,72,72,50,50,51,51,51,51,51,51,51,51,51,51,51,51,51,51],"card_choices":[{"not_picked":["ats:Apocalypse","ats:Red Shift"],"picked":"ats:Closed Bolt Burst Fire","floor":1},{"not_picked":["ats:Assault Order","ats:Rapid Magazine"],"picked":"ats:Chain Hook","floor":2},{"not_picked":["ats:Steam Pump","ats:Encircling Forest"],"picked":"ats:Part Time Job","floor":3},{"not_picked":["ats:Shadow Raid","ats:Blood Oath"],"picked":"ats:Thorns","floor":4},{"not_picked":["ats:Blood Oath","ats:Thermite Blade"],"picked":"ats:Closed Bolt Burst Fire","floor":7},{"not_picked":["ats:Hammer On","ats:Shadow Raid"],"picked":"ats:Red Shift","floor":11},{"not_picked":["ats:Flexible Camouflage","ats:Defend Order"],"picked":"ats:Sword Rain","floor":13},{"not_picked":["ats:Steam Pump","ats:Sunburst","ats:Ignite"],"picked":"SKIP","floor":14},{"not_picked":["ats:True Silver Slash","ats:Volcano"],"picked":"ats:Echo Reverb","floor":16},{"not_picked":["ats:Thorns","ats:Curse Doll+1"],"picked":"ats:Apocalypse+1","floor":18},{"not_picked":["ats:Apocalypse","ats:Overload"],"picked":"ats:Hammer On+1","floor":22},{"not_picked":["ats:Rat Pack","ats:Shadow Raid"],"picked":"ats:Soul Absorption","floor":24},{"not_picked":["ats:Ignite+1","ats:Rapid Magazine","ats:Apocalypse"],"picked":"SKIP","floor":27},{"not_picked":["ats:Consecutive Shot Auto+1","ats:Ignite"],"picked":"ats:Durian","floor":30}],"player_experience":691776,"relics_obtained":[{"floor":1,"key":"LetterFromLob"},{"floor":9,"key":"ats:Industrial Water Cannon"},{"floor":22,"key":"Red Mask"},{"floor":26,"key":"Tiny Chest"},{"floor":28,"key":"Gremlin Horn"}],"event_choices":[{"damage_healed":0,"gold_gain":0,"player_choice":"Became a vampire","damage_taken":0,"max_hp_gain":0,"max_hp_loss":22,"event_name":"Vampires","floor":19,"gold_loss":0,"cards_obtained":["Bite","Bite","Bite","Bite","Bite"]},{"damage_healed":0,"gold_gain":0,"player_choice":"Fought Bandits","damage_taken":0,"max_hp_gain":0,"max_hp_loss":0,"event_name":"Masked Bandits","floor":22,"gold_loss":0},{"damage_healed":0,"gold_gain":0,"player_choice":"Ignored","damage_taken":0,"max_hp_gain":0,"max_hp_loss":0,"event_name":"Ghosts","floor":25,"gold_loss":0},{"damage_healed":0,"gold_gain":0,"player_choice":"Upgraded Two","damage_taken":0,"max_hp_gain":0,"max_hp_loss":0,"event_name":"Designer","floor":29,"gold_loss":40,"cards_upgraded":["Bite","ats:Defend"]}],"is_beta":false,"boss_relics":[{"not_picked":["SoulBox","AddBug"],"picked":"Philosopher\u0027s Stone"}],"items_purged_floors":[12,20],"is_endless":false,"potions_floor_spawned":[3,4,13,16,22,24,27],"killed_by":"Champ","ascension_level":0}}