{"host":"56d873i5r3uhle0q","time":1612066961,"event":{"mods":["100% Spire Juice","Act Like it!","Aspiration","BaseMod","Block Reminder","Conspire","Dota2Spire","Downfall","Gensokyo","Hermit","Hubris","Infinite Spire","Jedi Mod","Lobotomy","LobotomyExtend","Marisa????????","Marked Mod","Minty Spire (QoL Compilation)","Reliquary","Replay The Spire","StSLib","The Animator","The Bug Knight","The Cursed","The Marked","The Servant 0.9.4","everything is the same but u backflip on backflip","??????REMEMod"],"gold_per_floor":[109,120,85,85,85,98,112,112,146,146,146,146,158,176,194,37,37,37,37],"floor_reached":18,"language":"ENG","playtime":786,"items_purged":[],"score":114,"play_id":"883ea11c-d4f2-4eb3-a07f-d0c9e764340c","local_time":"20210130212241","is_ascension_mode":false,"campfire_choices":[{"floor":8,"key":"REST"},{"floor":10,"key":"REST"},{"floor":12,"key":"REST"},{"floor":17,"key":"REST"}],"circlet_count":0,"master_deck":["Moonworks:Strike","Moonworks:Strike","Moonworks:Strike","Moonworks:Strike","Moonworks:Defend","Moonworks:Defend","Moonworks:Defend","Moonworks:Defend","Moonworks:Ambush","Moonworks:LongDistanceShot","Core Surge","Moonworks:ExtendedPhotonRifle","Moonworks:RagingMadness","Moonworks:WindyEnchantment","Moonworks:BackdoorTrade","Moonworks:CloudOfSeagulls","Moonworks:JonathanRush","Moonworks:CloudOfSeagulls","Moonworks:NicePresent"],"relics":["Moonworks:BrokenBomb","Moonworks:Homemark","REME_ComplimentaryCards","jedi:shrinkray","LetterFromLob","reliquary:PorcupineQuills","Dota2Spire:Butterfly","Moonworks:GoldenDie"],"acts_visited":["Exordium"],"potions_floor_usage":[15,18],"damage_taken":[{"damage":0.0,"enemies":"Cultist","floor":1.0,"turns":3.0},{"damage":11.0,"enemies":"Jaw Worm","floor":2.0,"turns":3.0},{"damage":6.0,"enemies":"2 Louse","floor":6.0,"turns":3.0},{"damage":36.0,"enemies":"Gremlin Gang","floor":7.0,"turns":6.0},{"damage":22,"enemies":"Gremlin Nob","floor":9,"turns":5},{"damage":0,"enemies":"3 Louse","floor":13,"turns":2},{"damage":18,"enemies":"Exordium Thugs","floor":14,"turns":5},{"damage":4,"enemies":"2 Fungi Beasts","floor":15,"turns":3},{"damage":38,"enemies":"Slime Boss","floor":18,"turns":7}],"seed_played":"1138954850623978642","potions_obtained":[{"floor":1.0,"key":"BlessingOfTheForge"},{"floor":2.0,"key":"Milkshake"},{"floor":14,"key":"BlessingOfTheForge"},{"floor":15,"key":"REME_GoldPotion"}],"is_trial":false,"path_per_floor":["M","M","$","PTL","PTL","M","M","R","E","R","T","R","M","M","M","$","R","B"],"character_chosen":"THE_STARBREAKER","items_purchased":["Moonworks:RagingMadness","Moonworks:GoldenDie"],"campfire_rested":4,"item_purchase_floors":[3,16],"current_hp_per_floor":[60,49,49,49,49,43,7,25,3,21,21,39,39,21,17,17,35,0,0],"gold":37,"neow_bonus":"RANDOM_COMMON_RELIC","is_daily":false,"chose_seed":false,"campfire_upgraded":0,"win_rate":0.0,"timestamp":1612066961,"path_taken":["M","M","$","PTL","PTL","M","M","R","E","R","T","R","?","M","M","?","R","BOSS"],"items_purchased_type":["Card","Relic"],"build_version":"2020-12-22","purchased_purges":0,"victory":false,"max_hp_per_floor":[60,60,60,60,60,60,60,60,60,60,60,60,60,60,60,60,60,60,60],"card_choices":[{"not_picked":["Moonworks:CastOff","Moonworks:BigMagnum","Moonworks:Assault"],"picked":"SKIP","floor":1.0},{"not_picked":["Moonworks:SakisCookie","Moonworks:BackdoorTrade"],"picked":"Moonworks:ExtendedPhotonRifle","floor":2.0},{"not_picked":["Moonworks:BigBangBell","Moonworks:BigMagnum"],"picked":"Moonworks:WindyEnchantment","floor":6.0},{"not_picked":["Moonworks:IndiscriminateFireSupport","Moonworks:ScrambledEve"],"picked":"Moonworks:BackdoorTrade","floor":7},{"not_picked":["Moonworks:LulusLuckyEgg","Moonworks:DeployBits"],"picked":"Moonworks:CloudOfSeagulls","floor":9},{"not_picked":["Moonworks:Heat300Percent","Moonworks:HolyNight"],"picked":"Moonworks:JonathanRush","floor":13},{"not_picked":["Moonworks:EvilSpyWorkPreparation","Moonworks:DeployBits"],"picked":"Moonworks:CloudOfSeagulls","floor":14},{"not_picked":["Moonworks:AngelHand","Moonworks:IndiscriminateFireSupport"],"picked":"Moonworks:NicePresent","floor":15}],"player_experience":692767,"relics_obtained":[{"floor":1.0,"key":"LetterFromLob"},{"floor":9,"key":"reliquary:PorcupineQuills"},{"floor":11,"key":"Dota2Spire:Butterfly"}],"event_choices":[],"is_beta":false,"boss_relics":[],"items_purged_floors":[],"is_endless":false,"potions_floor_spawned":[1,2,14,15],"killed_by":"Slime Boss","ascension_level":0}}