{"host":"c52z9ixzgdjttcmx","time":1612057867,"event":{"mods":["BaseMod","Colored Powertips","Downfall","Filter the Spire","Minty Spire (QoL Compilation)","Rare Cards Sparkle","Relic Stats","StSLib"],"gold_per_floor":[114,124,143,293,293,331,331,346,346,346,346,311,311,18,18,117,117,141,66,79,79,79],"floor_reached":21,"language":"ENG","playtime":839,"items_purged":["Injury"],"score":310,"play_id":"1b186bcc-abe1-4f69-90ab-71bf432dfec9","local_time":"20210130195107","is_ascension_mode":true,"campfire_choices":[{"floor":7,"key":"REST"},{"floor":11,"key":"REST"},{"data":"Armaments","floor":13,"key":"SMITH"},{"data":"Anger","floor":15,"key":"SMITH"}],"circlet_count":0,"master_deck":["AscendersBane","Strike_R","Strike_R","Strike_R+1","Strike_R","Strike_R","Defend_R","Defend_R","Defend_R+1","Defend_R","Bash","Reaper","Anger+1","Armaments+1","Sword Boomerang","Doubt","Clothesline","Headbutt","Immolate+1","CurseOfTheBell","Shrug It Off","Disarm"],"relics":["Burning Blood","Golden Idol","Pen Nib","Molten Egg 2","Torii","Calling Bell","Anchor","Matryoshka","Ginger"],"acts_visited":["Exordium","TheCity"],"potions_floor_usage":[],"damage_taken":[{"damage":4,"enemies":"Small Slimes","floor":1,"turns":4},{"damage":8,"enemies":"2 Louse","floor":2,"turns":3},{"damage":1,"enemies":"Cultist","floor":3,"turns":4},{"damage":80,"enemies":"3 Sentries","floor":6,"turns":12},{"damage":17,"enemies":"Looter","floor":8,"turns":4},{"damage":44,"enemies":"Hexaghost","floor":16,"turns":14},{"damage":7,"enemies":"Chosen","floor":18,"turns":5},{"damage":30,"enemies":"Shell Parasite","floor":20,"turns":10},{"damage":48,"enemies":"Snecko","floor":21,"turns":5}],"seed_played":"6593073003928850451","potions_obtained":[{"floor":1,"key":"CultistPotion"},{"floor":3,"key":"Energy Potion"}],"is_trial":false,"path_per_floor":["M","M","M","?","?","E","R","M","T","?","R","?","R","$","R","B",null,"M","$","M","M"],"character_chosen":"IRONCLAD","items_purchased":["Torii"],"campfire_rested":2,"item_purchase_floors":[14],"current_hp_per_floor":[75,75,75,75,75,16,38,31,31,8,30,48,48,48,48,13,60,59,59,39,0,0],"gold":79,"neow_bonus":"ONE_RANDOM_RARE_CARD","is_daily":false,"chose_seed":false,"campfire_upgraded":2,"win_rate":0.0,"timestamp":1612057867,"path_taken":["M","M","M","?","?","E","R","M","T","?","R","?","R","?","R","BOSS","M","$","M","M"],"items_purchased_type":["Relic"],"build_version":"2020-12-22","purchased_purges":1,"victory":false,"max_hp_per_floor":[75,75,75,75,75,75,75,75,75,75,75,75,75,75,75,75,75,75,75,75,75,75],"relic_stats":{"Torii":41,"counters":[9,61],"Golden Idol":39,"Pen Nib":[7],"Ginger":[7],"obtain_stats":[{"Calling Bell":17,"Anchor":17,"Matryoshka":17,"Torii":14,"Golden Idol":5,"Molten Egg 2":9,"Pen Nib":6,"Ginger":17,"Burning Blood":0},{"Calling Bell":6,"Anchor":6,"Matryoshka":6,"Torii":5,"Golden Idol":3,"Molten Egg 2":5,"Pen Nib":4,"Ginger":6,"Burning Blood":0},{"Calling Bell":41,"Anchor":41,"Matryoshka":41,"Torii":27,"Golden Idol":11,"Molten Egg 2":27,"Pen Nib":23,"Ginger":41,"Burning Blood":0}],"Burning Blood":39},"card_choices":[{"not_picked":["Carnage","Warcry"],"picked":"Anger","floor":1},{"not_picked":["Thunderclap","Headbutt"],"picked":"Armaments","floor":2},{"not_picked":["Brutality","Wild Strike"],"picked":"Sword Boomerang","floor":3},{"not_picked":["Dark Embrace","Thunderclap"],"picked":"Clothesline","floor":6},{"not_picked":["Armaments","Second Wind"],"picked":"Headbutt","floor":8},{"not_picked":["Corruption","Brutality"],"picked":"Immolate+1","floor":16},{"not_picked":["Inflame","Whirlwind+1"],"picked":"Shrug It Off","floor":18},{"not_picked":["Armaments+1","Warcry"],"picked":"Disarm","floor":20}],"player_experience":3402980,"relics_obtained":[{"floor":6,"key":"Pen Nib"},{"floor":9,"key":"Molten Egg 2"},{"floor":17,"key":"Anchor"},{"floor":17,"key":"Matryoshka"},{"floor":17,"key":"Ginger"}],"event_choices":[{"damage_healed":0,"gold_gain":150,"player_choice":"AGREE","damage_taken":0,"max_hp_gain":0,"max_hp_loss":0,"event_name":"Liars Game","floor":4,"gold_loss":0,"cards_obtained":["Doubt"]},{"damage_healed":0,"gold_gain":0,"player_choice":"Take Wound","damage_taken":0,"relics_obtained":["Golden Idol"],"max_hp_gain":0,"max_hp_loss":0,"event_name":"Golden Idol","floor":5,"gold_loss":0,"cards_obtained":["Injury"]},{"damage_healed":0,"gold_gain":0,"player_choice":"Entered Light","damage_taken":23,"max_hp_gain":0,"max_hp_loss":0,"event_name":"Shining Light","floor":10,"gold_loss":0,"cards_upgraded":["Defend_R","Strike_R"]},{"damage_healed":18,"gold_gain":0,"player_choice":"Healed","damage_taken":0,"max_hp_gain":0,"max_hp_loss":0,"event_name":"The Cleric","floor":12,"gold_loss":35}],"is_beta":false,"boss_relics":[{"not_picked":["bronze:MakeshiftBattery","Runic Pyramid"],"picked":"Calling Bell"}],"items_purged_floors":[19],"is_endless":false,"potions_floor_spawned":[1,3],"killed_by":"Snecko","ascension_level":15}}