{"host":"oigynbtg272c19pw","time":1612103395,"event":{"mods":["BaseMod","Colored Map","Minty Spire (QoL Compilation)","Relic Stats","Slay the Relics Exporter","StSLib"],"gold_per_floor":[361,375,395,395,31,31,361,361,361,380,400,400,400],"floor_reached":12,"playtime":369,"items_purged":["Strike_R"],"score":160,"play_id":"74fc4ed5-62d9-499a-94b5-a6eaf5f1d5d9","local_time":"20210131152955","is_ascension_mode":true,"campfire_choices":[{"data":"Hemokinesis","floor":6,"key":"SMITH"},{"data":"Spot Weakness","floor":8,"key":"SMITH"}],"circlet_count":0,"master_deck":["AscendersBane","Strike_R","Strike_R","Strike_R","Defend_R","Defend_R","Defend_R","Defend_R","Bash","Spot Weakness+1","Hemokinesis+1","Iron Wave","Dark Embrace","Master of Strategy","Cleave","Spot Weakness","Shrug It Off","Limit Break","True Grit"],"relics":["Burning Blood","Old Coin","Mercury Hourglass"],"acts_visited":["Exordium"],"potions_floor_usage":[11,12],"damage_taken":[{"damage":7,"enemies":"Small Slimes","floor":1,"turns":4},{"damage":14,"enemies":"Jaw Worm","floor":2,"turns":4},{"damage":9,"enemies":"2 Louse","floor":3,"turns":3},{"damage":29,"enemies":"3 Sentries","floor":7,"turns":4},{"damage":1,"enemies":"Exordium Wildlife","floor":10,"turns":2},{"damage":2,"enemies":"Large Slime","floor":11,"turns":3},{"damage":81,"enemies":"Gremlin Nob","floor":12,"turns":4}],"seed_played":"-3267454277769851711","potions_obtained":[{"floor":7,"key":"LiquidMemories"},{"floor":10,"key":"BloodPotion"}],"is_trial":false,"path_per_floor":["M","M","M","?","$","R","E","R","T","M","M","E"],"character_chosen":"IRONCLAD","items_purchased":["Master of Strategy","Cleave","Spot Weakness"],"campfire_rested":0,"item_purchase_floors":[5,5,5],"current_hp_per_floor":[67,59,56,56,56,56,33,33,33,38,42,0,0],"gold":400,"neow_bonus":"TWO_FIFTY_GOLD","is_daily":false,"chose_seed":false,"campfire_upgraded":2,"win_rate":0.0,"timestamp":1612103395,"path_taken":["M","M","M","?","$","R","E","R","T","M","M","E"],"items_purchased_type":["Card","Card","Card"],"build_version":"2020-12-13","purchased_purges":1,"victory":false,"max_hp_per_floor":[68,68,68,68,68,68,68,68,68,68,68,68,68],"relic_stats":{"counters":[7,24],"obtain_stats":[{"Burning Blood":0,"Old Coin":7,"Mercury Hourglass":9},{"Burning Blood":0,"Old Coin":4,"Mercury Hourglass":4},{"Burning Blood":0,"Old Coin":15,"Mercury Hourglass":15}],"Burning Blood":36,"Mercury Hourglass":[36]},"card_choices":[{"not_picked":["Shrug It Off","Pommel Strike"],"picked":"Spot Weakness","floor":1},{"not_picked":["Spot Weakness","Thunderclap"],"picked":"Hemokinesis","floor":2},{"not_picked":["Heavy Blade","Havoc"],"picked":"Iron Wave","floor":3},{"not_picked":["Warcry","Sever Soul"],"picked":"Shrug It Off","floor":7},{"not_picked":["Bloodletting","Body Slam"],"picked":"Limit Break","floor":10},{"not_picked":["Sever Soul","Entrench"],"picked":"True Grit","floor":11}],"player_experience":1519711,"relics_obtained":[{"floor":7,"key":"Old Coin"},{"floor":9,"key":"Mercury Hourglass"}],"event_choices":[{"damage_healed":0,"gold_gain":0,"cards_transformed":["Strike_R"],"player_choice":"Change","damage_taken":0,"max_hp_gain":0,"max_hp_loss":0,"event_name":"Living Wall","floor":4,"gold_loss":0,"cards_obtained":["Dark Embrace"]}],"is_beta":false,"boss_relics":[],"items_purged_floors":[5],"is_endless":false,"potions_floor_spawned":[7,10],"killed_by":"Gremlin Nob","ascension_level":20}}