{"host":"y76clbnovzmw9ubx","time":1612067298,"event":{"mods":["AchievementEnabler","BaseMod","Minty Spire (QoL Compilation)","Permanent Neow","Relic Stats"],"gold_per_floor":[10,27,27,27,43,43,83,83,110,110,133,169,98,9,9,99,99,114,114,153,68,89,120,120,160,160,160,193,193,221,221,221,323,395,410,419,419,419],"floor_reached":37,"language":"ENG","playtime":2132,"items_purged":[],"score":862,"play_id":"8ad4de70-e319-4ee8-a1b0-f07c3584b9ee","local_time":"20210130232818","is_ascension_mode":true,"campfire_choices":[{"data":"Sadistic Nature","floor":6,"key":"SMITH"},{"data":"Footwork","floor":8,"key":"SMITH"},{"data":"Poisoned Stab","floor":10,"key":"SMITH"},{"floor":15,"key":"REST"},{"floor":24,"key":"REST"},{"floor":27,"key":"REST"},{"floor":32,"key":"REST"}],"circlet_count":0,"master_deck":["AscendersBane","Strike_G","Strike_G","Strike_G","Strike_G","Strike_G","Defend_G","Defend_G","Defend_G","Defend_G","Defend_G","Survivor","Neutralize","Sadistic Nature+1","Footwork+1","Crippling Poison","Poisoned Stab+1","Crippling Poison","Adrenaline+1","Backflip","Caltrops","Adrenaline","Well Laid Plans","Dagger Spray","PiercingWail","Leg Sweep","Footwork+1","After Image+1","Dodge and Roll","Finesse"],"relics":["Ring of the Snake","Golden Idol","Orichalcum","Incense Burner","Fusion Hammer","Red Mask","The Courier","Frozen Egg 2","CeramicFish","Singing Bowl","MealTicket","Tiny House"],"acts_visited":["Exordium","TheCity","TheBeyond"],"potions_floor_usage":[7,18,22,23,28,30,33,35],"damage_taken":[{"damage":8,"enemies":"Cultist","floor":1,"turns":4},{"damage":5,"enemies":"2 Louse","floor":2,"turns":3},{"damage":0,"enemies":"Jaw Worm","floor":5,"turns":5},{"damage":16,"enemies":"Lagavulin","floor":7,"turns":8},{"damage":9,"enemies":"Exordium Wildlife","floor":11,"turns":3},{"damage":5,"enemies":"3 Sentries","floor":12,"turns":7},{"damage":18,"enemies":"Hexaghost","floor":16,"turns":10},{"damage":2,"enemies":"3 Byrds","floor":18,"turns":3},{"damage":0,"enemies":"Masked Bandits","floor":20,"turns":2},{"damage":6,"enemies":"Spheric Guardian","floor":22,"turns":3},{"damage":22,"enemies":"Gremlin Leader","floor":23,"turns":6},{"damage":24,"enemies":"Book of Stabbing","floor":25,"turns":5},{"damage":4,"enemies":"Gremlin Leader","floor":28,"turns":7},{"damage":8,"enemies":"Centurion and Healer","floor":30,"turns":3},{"damage":46,"enemies":"Collector","floor":33,"turns":17},{"damage":12,"enemies":"3 Darklings","floor":35,"turns":5},{"damage":68,"enemies":"2 Orb Walkers","floor":37,"turns":4}],"seed_played":"-401937500929905034","potions_obtained":[{"floor":5,"key":"CultistPotion"},{"floor":7,"key":"LiquidBronze"},{"floor":12,"key":"GamblersBrew"},{"floor":16,"key":"AttackPotion"},{"floor":20,"key":"Poison Potion"},{"floor":23,"key":"Block Potion"},{"floor":25,"key":"SneckoOil"},{"floor":30,"key":"Block Potion"},{"floor":34,"key":"GhostInAJar"}],"is_trial":false,"path_per_floor":["M","M","$","?","M","R","E","R","T","R","M","E","?","$","R","B",null,"M","?","?","?","M","E","R","E","T","R","E","?","M","?","R","B",null,"M","?","?"],"character_chosen":"THE_SILENT","items_purchased":["Caltrops"],"campfire_rested":4,"item_purchase_floors":[14],"current_hp_per_floor":[51,46,46,46,46,46,30,30,30,30,21,16,16,16,34,16,49,47,59,59,59,53,31,49,25,25,43,41,41,33,33,51,5,53,43,43,0,0],"gold":419,"neow_bonus":"RANDOM_COLORLESS_2","is_daily":false,"chose_seed":false,"campfire_upgraded":3,"win_rate":0.0,"timestamp":1612067298,"path_taken":["M","M","$","?","M","R","E","R","T","R","M","E","?","?","R","BOSS","M","?","?","?","M","E","R","E","T","R","E","?","?","?","R","BOSS","M","?","?"],"items_purchased_type":["Card"],"build_version":"2020-12-22","purchased_purges":0,"victory":false,"max_hp_per_floor":[66,66,66,60,60,60,60,60,60,60,60,60,60,60,60,60,60,60,60,60,60,60,60,60,60,60,60,62,62,62,62,62,62,67,69,69,69,69],"relic_stats":{"Singing Bowl":4,"counters":[17,95],"Golden Idol":127,"CeramicFish":36,"MealTicket":0,"Orichalcum":[84],"obtain_stats":[{"Tiny House":34,"Singing Bowl":26,"Golden Idol":4,"CeramicFish":25,"MealTicket":28,"Fusion Hammer":17,"The Courier":21,"Incense Burner":12,"Red Mask":20,"Orichalcum":7,"Frozen Egg 2":23,"Ring of the Snake":0},{"Tiny House":15,"Singing Bowl":12,"Golden Idol":2,"CeramicFish":12,"MealTicket":13,"Fusion Hammer":7,"The Courier":9,"Incense Burner":6,"Red Mask":9,"Orichalcum":4,"Frozen Egg 2":11,"Ring of the Snake":0},{"Tiny House":86,"Singing Bowl":59,"Golden Idol":7,"CeramicFish":59,"MealTicket":66,"Fusion Hammer":40,"The Courier":45,"Incense Burner":30,"Red Mask":45,"Orichalcum":20,"Frozen Egg 2":54,"Ring of the Snake":0}],"Ring of the Snake":[34]},"card_choices":[{"not_picked":["Secret Technique","Chrysalis"],"picked":"Sadistic Nature","floor":0},{"not_picked":["Concentrate","Deadly Poison"],"picked":"Footwork","floor":1},{"not_picked":["Prepared","Deflect"],"picked":"Crippling Poison","floor":2},{"not_picked":["Deadly Poison","Setup"],"picked":"Poisoned Stab","floor":5},{"not_picked":["Quick Slash","Reflex"],"picked":"Crippling Poison","floor":7},{"not_picked":["Outmaneuver","Blade Dance"],"picked":"Adrenaline","floor":11},{"not_picked":["Eviscerate","Tactician"],"picked":"Backflip","floor":12},{"not_picked":["Bullet Time","After Image"],"picked":"Adrenaline","floor":16},{"not_picked":["Flying Knee","Blade Dance"],"picked":"Well Laid Plans","floor":18},{"not_picked":["Underhanded Strike","Flying Knee+1"],"picked":"Dagger Spray","floor":20},{"not_picked":["Sucker Punch","Predator"],"picked":"PiercingWail","floor":22},{"not_picked":["Setup","Flechettes"],"picked":"Leg Sweep","floor":23},{"not_picked":["Slice","Blade Dance","Underhanded Strike"],"picked":"SKIP","floor":25},{"not_picked":["Flying Knee","Leg Sweep","Bouncing Flask"],"picked":"Singing Bowl","floor":28},{"not_picked":["Underhanded Strike+1","Flechettes"],"picked":"Footwork+1","floor":30},{"not_picked":["Venomology","Unload"],"picked":"After Image+1","floor":33},{"not_picked":["Underhanded Strike","Distraction"],"picked":"Dodge and Roll","floor":34},{"not_picked":["Dodge and Roll","Tactician+1","Accuracy+1"],"picked":"Singing Bowl","floor":35},{"not_picked":["Flash of Steel","Swift Strike"],"picked":"Finesse","floor":36}],"player_experience":3161715,"relics_obtained":[{"floor":7,"key":"Orichalcum"},{"floor":12,"key":"Incense Burner"},{"floor":20,"key":"Red Mask"},{"floor":23,"key":"Frozen Egg 2"},{"floor":25,"key":"CeramicFish"},{"floor":26,"key":"Singing Bowl"},{"floor":28,"key":"MealTicket"}],"event_choices":[{"damage_healed":0,"gold_gain":0,"player_choice":"Lose Max HP","damage_taken":0,"relics_obtained":["Golden Idol"],"max_hp_gain":0,"max_hp_loss":6,"event_name":"Golden Idol","floor":4,"gold_loss":0},{"damage_healed":0,"gold_gain":0,"player_choice":"Left Gold","damage_taken":0,"max_hp_gain":0,"max_hp_loss":0,"event_name":"World of Goop","floor":13,"gold_loss":71},{"damage_healed":12,"gold_gain":0,"player_choice":"Heal","damage_taken":0,"max_hp_gain":0,"max_hp_loss":0,"event_name":"The Library","floor":19,"gold_loss":0},{"damage_healed":0,"gold_gain":0,"player_choice":"Fought Bandits","damage_taken":0,"max_hp_gain":0,"max_hp_loss":0,"event_name":"Masked Bandits","floor":20,"gold_loss":0},{"damage_healed":0,"gold_gain":0,"player_choice":"Obtained Relic","damage_taken":0,"relics_obtained":["The Courier"],"max_hp_gain":0,"max_hp_loss":0,"event_name":"Addict","floor":21,"gold_loss":85},{"damage_healed":0,"gold_gain":0,"player_choice":"Ignored","damage_taken":0,"max_hp_gain":0,"max_hp_loss":0,"event_name":"N\u0027loth","floor":29,"gold_loss":0},{"damage_healed":0,"gold_gain":0,"player_choice":"Ignored","damage_taken":0,"max_hp_gain":0,"max_hp_loss":0,"event_name":"The Mausoleum","floor":31,"gold_loss":0},{"damage_healed":0,"gold_gain":0,"player_choice":"Memory 1","damage_taken":0,"max_hp_gain":0,"max_hp_loss":0,"event_name":"SensoryStone","floor":36,"gold_loss":0},{"damage_healed":0,"gold_gain":0,"player_choice":"Fight","damage_taken":0,"max_hp_gain":0,"max_hp_loss":0,"event_name":"Mysterious Sphere","floor":37,"gold_loss":0}],"is_beta":false,"boss_relics":[{"not_picked":["Ring of the Serpent","Astrolabe"],"picked":"Fusion Hammer"},{"not_picked":["Runic Dome","SacredBark"],"picked":"Tiny House"}],"items_purged_floors":[],"is_endless":false,"potions_floor_spawned":[5,7,12,16,20,23,25,30],"killed_by":"2 Orb Walkers","ascension_level":20}}