{"host":"gttgmv2wah99hzdm","time":1612130334,"event":{"mods":["AchievementEnabler","BaseMod","Bestiary","Block Reminder","Filter the Spire","Minty Spire (QoL Compilation)","Relic Stats","Weighted Paths","ojb\u0027s Info Mod"],"gold_per_floor":[109,109,109,120,137,137,157,184,184,200,235,235,266,284,284,357,357,367,367,383,383,397,432,432,432,432],"floor_reached":25,"language":"ENG","playtime":1760,"items_purged":[],"score":536,"play_id":"7246f626-6111-4768-b98b-f36b5a2822c1","local_time":"20210131155854","is_ascension_mode":true,"campfire_choices":[{"data":"Eruption","floor":6.0,"key":"SMITH"},{"floor":12.0,"key":"REST"},{"data":"TalkToTheHand","floor":15,"key":"SMITH"},{"floor":24,"key":"REST"}],"circlet_count":0,"master_deck":["AscendersBane","Strike_P","Strike_P","Strike_P+1","Strike_P+1","Defend_P","Defend_P","Defend_P","Defend_P","Eruption+1","Vigilance+1","FlurryOfBlows","Adaptation","Meditate","InnerPeace","WindmillStrike","EmptyBody","FollowUp+1","CutThroughFate","Vengeance","TalkToTheHand+1","Vault","EmptyMind","TalkToTheHand+1","RitualDagger","Wireheading"],"relics":["Cursed Key","Akabeko","Whetstone","Kunai","Runic Pyramid","Omamori"],"acts_visited":["Exordium","TheCity"],"potions_floor_usage":[16,18,23,25],"damage_taken":[{"damage":7.0,"enemies":"Jaw Worm","floor":1.0,"turns":4.0},{"damage":0.0,"enemies":"2 Louse","floor":4.0,"turns":2.0},{"damage":0.0,"enemies":"Cultist","floor":5.0,"turns":2.0},{"damage":0.0,"enemies":"2 Fungi Beasts","floor":7.0,"turns":2.0},{"damage":20.0,"enemies":"3 Sentries","floor":8.0,"turns":5.0},{"damage":0.0,"enemies":"Gremlin Gang","floor":10.0,"turns":3.0},{"damage":0.0,"enemies":"Lagavulin","floor":11.0,"turns":4.0},{"damage":8,"enemies":"3 Sentries","floor":13,"turns":4},{"damage":0,"enemies":"Looter","floor":14,"turns":2},{"damage":13,"enemies":"The Guardian","floor":16,"turns":6},{"damage":13,"enemies":"3 Byrds","floor":18,"turns":7},{"damage":17,"enemies":"2 Thieves","floor":20,"turns":3},{"damage":1,"enemies":"Snake Plant","floor":22,"turns":4},{"damage":28,"enemies":"Slavers","floor":23,"turns":5},{"damage":64,"enemies":"Gremlin Leader","floor":25,"turns":6}],"seed_played":"-7135367195820278402","potions_obtained":[{"floor":5.0,"key":"AttackPotion"},{"floor":7.0,"key":"LiquidBronze"},{"floor":8.0,"key":"LiquidMemories"},{"floor":13,"key":"LiquidMemories"},{"floor":16,"key":"LiquidMemories"},{"floor":20,"key":"Strength Potion"},{"floor":22,"key":"PowerPotion"}],"is_trial":false,"path_per_floor":["M","?","?","M","M","R","M","E","T","M","E","R","E","M","R","B",null,"M","?","M","?","M","E","R","E"],"character_chosen":"WATCHER","items_purchased":[],"campfire_rested":2,"item_purchase_floors":[],"current_hp_per_floor":[54,34,34,34,34,34,34,14,14,14,14,34,26,26,26,13,54,41,68,51,45,44,16,36,0,0],"gold":432,"neow_bonus":"BOSS_RELIC","is_daily":false,"chose_seed":false,"campfire_upgraded":2,"win_rate":0.0,"timestamp":1612130334,"path_taken":["M","?","?","M","M","R","M","E","T","M","E","R","E","?","R","BOSS","M","?","?","?","M","E","R","E"],"items_purchased_type":[],"build_version":"2020-12-22","purchased_purges":0,"victory":false,"max_hp_per_floor":[68,68,68,68,68,68,68,68,68,68,68,68,68,68,68,68,68,68,68,68,68,68,68,68,68,68],"relic_stats":{"counters":[15,59],"Whetstone":["Strike_P","FollowUp"],"Kunai":[20],"Cursed Key":0,"obtain_stats":[{"Omamori":23,"Whetstone":11,"Kunai":13,"PureWater":0,"Cursed Key":0,"Akabeko":8,"Runic Pyramid":17},{"Omamori":14,"Whetstone":7,"Kunai":8,"PureWater":0,"Cursed Key":0,"Akabeko":5,"Runic Pyramid":10},{"Omamori":53,"Whetstone":22,"Kunai":26,"PureWater":0,"Cursed Key":0,"Akabeko":15,"Runic Pyramid":34}]},"card_choices":[{"not_picked":["Crescendo","FlyingSleeves"],"picked":"FlurryOfBlows","floor":1.0},{"not_picked":["Crescendo","ForeignInfluence"],"picked":"Meditate","floor":4.0},{"not_picked":["ClearTheMind","Evaluate"],"picked":"InnerPeace","floor":5.0},{"not_picked":["PathToVictory","FlyingSleeves"],"picked":"WindmillStrike","floor":7.0},{"not_picked":["SashWhip","ReachHeaven"],"picked":"EmptyBody","floor":8.0},{"not_picked":["Devotion","Prostrate"],"picked":"FollowUp","floor":10.0},{"not_picked":["FlyingSleeves","Judgement"],"picked":"CutThroughFate","floor":11.0},{"not_picked":["Indignation","EmptyFist"],"picked":"Vengeance","floor":13},{"not_picked":["Fasting2","FlurryOfBlows"],"picked":"TalkToTheHand","floor":14},{"not_picked":["Blasphemy","Judgement"],"picked":"Vault","floor":16},{"not_picked":["PathToVictory","Nirvana"],"picked":"EmptyMind","floor":18},{"not_picked":["FollowUp+1","FlyingSleeves"],"picked":"TalkToTheHand+1","floor":20},{"not_picked":["FollowUp","EmptyBody","Conclude"],"picked":"SKIP","floor":22},{"not_picked":["FollowUp","EmptyBody","Conclude"],"picked":"SKIP","floor":22},{"not_picked":["Devotion","ReachHeaven+1"],"picked":"Wireheading","floor":23}],"player_experience":1092243,"relics_obtained":[{"floor":8.0,"key":"Akabeko"},{"floor":11.0,"key":"Whetstone"},{"floor":13,"key":"Kunai"},{"floor":23,"key":"Omamori"}],"event_choices":[{"damage_healed":0.0,"max_hp_gain":0.0,"max_hp_loss":0.0,"gold_gain":0.0,"event_name":"Shining Light","player_choice":"Entered Light","floor":2.0,"gold_loss":0.0,"damage_taken":20.0,"cards_upgraded":["Vigilance","Strike_P"]},{"damage_healed":0.0,"max_hp_gain":0.0,"max_hp_loss":0.0,"gold_gain":0.0,"event_name":"Match and Keep!","player_choice":"1 cards matched","floor":3.0,"gold_loss":0.0,"damage_taken":0.0,"cards_obtained":["Adaptation"]},{"damage_healed":27,"gold_gain":0,"player_choice":"Full Heal","damage_taken":0,"max_hp_gain":0,"max_hp_loss":0,"event_name":"Wheel of Change","floor":19,"gold_loss":0},{"damage_healed":0,"gold_gain":0,"player_choice":"Joined the Cult","damage_taken":6,"max_hp_gain":0,"max_hp_loss":0,"event_name":"Nest","floor":21,"gold_loss":0,"cards_obtained":["RitualDagger"]}],"is_beta":false,"boss_relics":[{"not_picked":["Runic Dome","Philosopher\u0027s Stone"],"picked":"Runic Pyramid"}],"items_purged_floors":[],"is_endless":false,"potions_floor_spawned":[5,7,8,11,13,16,20,22],"killed_by":"Gremlin Leader","ascension_level":20}}