{"host":"roto7j7840a50pxh","time":1612075827,"event":{"mods":["Act Like it!","BaseMod","Better Altar","Better Note","Better Sensory Stone","Better Skull","Better Third Choice","BetterRewards","Colored Map","Colored Powertips","Downfall","Hermit","Highlight Path","Hubris","Infinite Spire","Minty Spire (QoL Compilation)","Replay The Spire","Robot Space Explorer","Shade Mod","Spicy Shops","StSLib","The Construct","The Cursed","The Dragon Tamer","The Hierophant","The Necromancer","The Runesmith","The Servant 0.9.4","TheVacant"],"gold_per_floor":[99,99,99,99,110,121,121,138,166,166,177,191,191,204,224,322,322,322,337,537,105,105,105,105,122,149,159,159,177,177,206,225,225,225,225],"floor_reached":33,"language":"ENG","playtime":4743,"items_purged":[],"score":328,"play_id":"a157ca0c-b8f2-41c5-a107-bb0c1ecd9ee9","local_time":"20210131015027","is_ascension_mode":true,"campfire_choices":[{"floor":1,"key":"DIG"},{"data":"bronze:Repair","floor":13,"key":"SMITH"},{"data":"bronze:Optimize","floor":18,"key":"SMITH"},{"data":"bronze:RecursiveStrike","floor":23,"key":"SMITH"},{"floor":28,"key":"REST"},{"data":"bronze:Separator","floor":30,"key":"SMITH"}],"circlet_count":0,"master_deck":["bronze:Strike","bronze:Strike","bronze:Strike","bronze:Strike","bronze:Defend","bronze:Defend","bronze:Defend","bronze:Defend","bronze:Replicate","bronze:Goto","bronze:Shield","bronze:Repair+1","bronze:Separator+1","bronze:ForLoop","bronze:Deprecate","bronze:Iterate","bronze:Frontload","bronze:ChosenStrike","bronze:FollowUp+1","bronze:Optimize+1","bronze:Overheat","bronze:RecursiveStrike+1","hubris:Despair","RobotSpaceExplorer:MiniLasers","bronze:AlphaBuild","Dramatic Entrance","infinitespire:Collect+1","bronze:Shell+1","bronze:Constructor","bronze:Repair","bronze:Constructor","bronze:OilSpill","Looming Evil","bronze:BronzeOrb","bronze:BitShift","bronze:Deprecate+1","bronze:WhirlingStrike+1","bronze:DelayedGuard"],"relics":["bronze:BronzeCore","downfall:HeartsMalice","ReplayTheSpireMod:Ninjato","hubris:BottledRain","infinitespire:Beetle Shell","ReplayTheSpireMod:SealedPack","Eternal Feather","White Beast Statue","Matryoshka","StoneCalendar"],"acts_visited":["Exordium","TheCity"],"potions_floor_usage":[16,16,16,26,29,33],"damage_taken":[{"damage":0,"enemies":"Cultist","floor":2,"turns":1},{"damage":0,"enemies":"2 Louse","floor":3,"turns":1},{"damage":0,"enemies":"Small Slimes","floor":4,"turns":1},{"damage":0,"enemies":"Exordium Wildlife","floor":5,"turns":3},{"damage":2,"enemies":"Large Slime","floor":6,"turns":5},{"damage":19,"enemies":"Exordium Thugs","floor":8,"turns":9},{"damage":27,"enemies":"Gremlin Nob","floor":9,"turns":5},{"damage":2,"enemies":"Blue Slaver","floor":11,"turns":7},{"damage":0,"enemies":"Red Slaver","floor":12,"turns":4},{"damage":0,"enemies":"Large Slime","floor":14,"turns":4},{"damage":0,"enemies":"Blue Slaver","floor":15,"turns":4},{"damage":64,"enemies":"SI_SHIV_ARCHETYPE","floor":16,"turns":15},{"damage":5,"enemies":"Spheric Guardian","floor":19,"turns":4},{"damage":0,"enemies":"downfall:FleeingMerchant","floor":21,"turns":4},{"damage":64,"enemies":"3 Cultists","floor":25,"turns":11},{"damage":14,"enemies":"Slavers","floor":26,"turns":8},{"damage":7,"enemies":"Shelled Parasite and Fungi","floor":27,"turns":4},{"damage":32,"enemies":"Sentry and Sphere","floor":29,"turns":8},{"damage":13,"enemies":"Replay:Snechameleon","floor":31,"turns":10},{"damage":20,"enemies":"Snecko","floor":32,"turns":5},{"damage":52,"enemies":"IC_MUSHROOM_ARCHETYPE","floor":33,"turns":11}],"seed_played":"-6163850074542442960","potions_obtained":[{"floor":6,"key":"bronze:BurnAndBuffPotion"},{"floor":8,"key":"SteroidPotion"},{"floor":12,"key":"AttackPotion"},{"floor":19,"key":"Venom Potion"},{"floor":25,"key":"Block Potion"},{"floor":26,"key":"FearPotion"},{"floor":27,"key":"Block Potion"},{"floor":29,"key":"BlessingOfTheForge"},{"floor":31,"key":"SpeedPotion"}],"is_trial":false,"path_per_floor":["R_BF","M","M","M","M","M","T","M","E","?","M","M","R","M","M","B",null,"R","M","?","$","?","R","T","M","E","M","R","M","R","E","M","B"],"character_chosen":"THE_AUTOMATON","items_purchased":["bronze:Repair","Eternal Feather","bronze:Constructor","bronze:OilSpill"],"campfire_rested":1,"item_purchase_floors":[21,21,21,21],"current_hp_per_floor":[70,70,70,70,70,68,68,56,29,29,34,41,41,51,61,6,70,70,65,65,65,65,70,70,6,12,5,47,32,53,57,37,0,0,0],"gold":225,"neow_bonus":"THREE_ENEMY_KILL","is_daily":false,"chose_seed":false,"campfire_upgraded":4,"win_rate":0.0,"timestamp":1612075827,"path_taken":["R_BF","M","M","M","M","?","T","M","E","?","M","M","R","M","M","BOSS","R","M","?","$","?","R","T","?","E","M","R","M","R","E","M","BOSS"],"items_purchased_type":["Card","Relic","Card","Card"],"build_version":"2020-12-22","purchased_purges":0,"victory":false,"max_hp_per_floor":[70,70,70,70,70,70,70,70,70,70,70,70,70,70,70,70,70,70,70,70,70,70,70,70,70,70,70,70,70,70,70,70,70,70,70],"card_choices":[{"not_picked":["bronze:FineTuning","bronze:Frontload"],"picked":"bronze:Shield","floor":2},{"not_picked":["bronze:Invalidate","bronze:Frontload"],"picked":"bronze:Repair","floor":3},{"not_picked":["bronze:BronzeOrb","bronze:Constructor"],"picked":"bronze:Separator","floor":4},{"not_picked":["bronze:MaxOutput","bronze:ClassDefault"],"picked":"bronze:ForLoop","floor":5},{"not_picked":["bronze:Separator","bronze:DelayedGuard"],"picked":"bronze:Deprecate","floor":6},{"not_picked":["bronze:WhirlingStrike","bronze:Separator"],"picked":"bronze:Iterate","floor":8},{"not_picked":["bronze:Shield","bronze:CutThrough"],"picked":"bronze:Frontload","floor":9},{"not_picked":["bronze:Iterate","bronze:BugBarrage"],"picked":"bronze:ChosenStrike","floor":11},{"not_picked":["bronze:Philosophize","bronze:NullPointer"],"picked":"bronze:FollowUp","floor":12},{"not_picked":["bronze:Allocate","bronze:BugBarrage"],"picked":"bronze:Optimize","floor":14},{"not_picked":["bronze:ForLoop","bronze:CutThrough"],"picked":"bronze:Overheat","floor":15},{"not_picked":["bronze:Virus","bronze:AlphaBuild"],"picked":"bronze:RecursiveStrike","floor":16},{"not_picked":["hexamod:Sear","hexamod:Float"],"picked":"RobotSpaceExplorer:MiniLasers","floor":17},{"not_picked":["bronze:CleanCode","bronze:RecursiveStrike"],"picked":"bronze:AlphaBuild","floor":17},{"not_picked":["Mind Blast","Replay:BasicMightCard"],"picked":"Dramatic Entrance","floor":17},{"not_picked":["infinitespire:FinalStrike","infinitespire:NeuralNetwork"],"picked":"infinitespire:Collect","floor":17},{"not_picked":["bronze:DigitalCarnage+1","bronze:Separator+1"],"picked":"bronze:Shell+1","floor":19},{"not_picked":["bronze:DarkDash","bronze:Safeguard"],"picked":"bronze:Constructor","floor":21},{"not_picked":["bronze:Constructor","bronze:Overheat"],"picked":"bronze:BronzeOrb","floor":25},{"not_picked":["bronze:Shield+1","bronze:Branch"],"picked":"bronze:BitShift","floor":26},{"not_picked":["bronze:FineTuning","bronze:WhirlingStrike"],"picked":"bronze:Deprecate+1","floor":27},{"not_picked":["bronze:Shield","bronze:WildBeam","bronze:Iterate"],"picked":"SKIP","floor":29},{"not_picked":["bronze:MaxOutput","bronze:BronzeArmor"],"picked":"bronze:WhirlingStrike+1","floor":31},{"not_picked":["bronze:ForLoop","bronze:Philosophize+1"],"picked":"bronze:DelayedGuard","floor":32}],"player_experience":1759037,"relics_obtained":[{"floor":1,"key":"ReplayTheSpireMod:Ninjato"},{"floor":7,"key":"hubris:BottledRain"},{"floor":9,"key":"infinitespire:Beetle Shell"},{"floor":24,"key":"White Beast Statue"},{"floor":26,"key":"Matryoshka"},{"floor":31,"key":"StoneCalendar"}],"event_choices":[{"damage_healed":0,"gold_gain":200,"player_choice":"Gold","damage_taken":0,"max_hp_gain":0,"max_hp_loss":0,"event_name":"Wheel of Change","floor":20,"gold_loss":0}],"is_beta":false,"boss_relics":[{"not_picked":["Tiny House","infinitespire:Cupcake"],"picked":"ReplayTheSpireMod:SealedPack"}],"items_purged_floors":[],"is_endless":false,"potions_floor_spawned":[6,8,12,14,15,19,25,26,27,29,31,32],"killed_by":"IC_MUSHROOM_ARCHETYPE","ascension_level":1}}