{"host":"pesfwaef25r60kxm","time":1612076032,"event":{"mods":["ATMod(阿瑾Mod)","Act Like it!","Arknights","Ascension Reborn","BaseMod","Colored Powertips","Downfall","Gensokyo","Minty Spire (QoL Compilation)","Pale of the Ancients","Replay The Spire","RumiaBox-露米娅的神秘盒子","Spicy Shops","StSLib","Waifu the Spire","WarShipGirlsR/战舰少女R mod","[IsaacMod]以撒尖塔","noobMod","【功能Mod】聪明的最终Boss","【遗物卡牌】REMEMod"],"gold_per_floor":[99,113,125,223,223,239,239,271,281,291,322,371,42,62,382,484,484,484,702,712,728,728,728,728,747,579,593,593,610,637,622,704,825,825,825,982,1125,1480,1573,1573,1623,1623,1623,1630,1630,1630,1684,1684,1734,1784],"floor_reached":51,"language":"ZHS","playtime":2626,"items_purged":["Slimebound:Defend_Slimebound","Slimebound:Defend_Slimebound","Doubt","CurseOfTheBell","Slimebound:Grow","Slimebound:Defend_Slimebound"],"score":1061,"play_id":"6b79e6e1-11ea-4d14-9a42-28b4229be108","local_time":"20210131145352","is_ascension_mode":true,"campfire_choices":[{"data":"Slimebound:Strike_Slimebound","floor":1,"key":"PURGE"},{"data":"Slimebound:Strike_Slimebound","floor":18,"key":"PURGE"},{"floor":23,"key":"RECALL"},{"floor":35,"key":"DIG"},{"data":"Slimebound:Teamwork","floor":40,"key":"SMITH"},{"data":"Slimebound:Overexert","floor":40,"key":"SMITH"},{"data":"expansioncontent:StudyTheSpire","floor":43,"key":"SMITH"},{"data":"expansioncontent:StudyTheSpire","floor":43,"key":"SMITH"},{"data":"Slimebound:MinionMaster","floor":45,"key":"SMITH"},{"data":"AT_KneejerkReflex","floor":45,"key":"SMITH"}],"circlet_count":0,"master_deck":["Slimebound:Tackle+1","Slimebound:Defend_Slimebound","Slimebound:Split","Slimebound:CorrosiveSpit","AT_KneejerkReflex+1","Slimebound:SplotGuerilla","Slimebound:RejuvenatingLick","Slimebound:GoopSpray","Slimebound:Equalize+1","Slimebound:Teamwork+1","Slimebound:Repurpose","Slimebound:MinionMaster+1","Slimebound:SplitBruiser","Slimebound:SplitLeeching","Slimebound:RejuvenatingLick","Slimebound:Schlurp+1","Slimebound:Repurpose+1","expansioncontent:StudyTheSpire+1","Slimebound:Overexert+1","Slimebound:SplitAcid+1","Slimebound:LevelUp+1","expansioncontent:StudyTheSpire+1","expansioncontent:QuickStudy+1","Slimebound:SpikyOuterGoop","Slimebound:SpikyOuterGoop","AT_FalsePromise","Chrysalis+1","Slimebound:SplitMire+1","Slimebound:DuplicatedForm","Languid"],"relics":["Slimebound:AbsorbEndCombat","HushsDoor","ice","REME_ComplimentaryCards","AT_ATBox","NeowsBlessing","SteamSale","BookOfRevelations","Singing Bowl","Mummified Hand","MagicDraw1","BFFS","Bag of Preparation","Empty Cage","GuppysHairball","Calipers","Toxic Egg 2","Membership Card","Orichalcum","Dream Catcher","Strange Spoon","Replay:Arrowhead","BookofShadows","Gensokyo:ConquerorOfFear","AT_MibuBalloonWealth","SalivaCoin","Blood Vial","ClockworkSouvenir","PreservedInsect","Blue Doll","REME_CardOfGreed","Calling Bell","Replay:Wax Seal","AT_BellowingDragoncrestRing","MoreBug","Slimebound:MaxSlimesRelic","Ancient Tea Set","Pocketwatch","Frozen Eye","DollysMirror","Whetstone","ReplayFunnel","Art of War","Juzu Bracelet","Cauldron","Thread and Needle","REME_PuzzleBoxRelic","BelialBook","ReplayTheSpireMod:ShopPack","Boot","Replay:WaspNest","ReplayTheSpireMod:Ring of Challenge","ReplayTheSpireMod:Ring of Collecting"],"acts_visited":["Exordium","Gensokyo:Gensokyo","TheBeyond"],"potions_floor_usage":[16,38,38],"damage_taken":[{"damage":3,"enemies":"Gensokyo:3_Fairies","floor":2,"turns":2},{"damage":3,"enemies":"Gensokyo:Gryphon","floor":3,"turns":1},{"damage":0,"enemies":"Gensokyo:2_Kodama","floor":6,"turns":2},{"damage":11,"enemies":"Gensokyo:Aya","floor":8,"turns":7},{"damage":24,"enemies":"Gensokyo:5_Fairies","floor":9,"turns":5},{"damage":19,"enemies":"Gensokyo:CorruptedTreant","floor":10,"turns":5},{"damage":13,"enemies":"Gensokyo:Mamizou","floor":11,"turns":7},{"damage":35,"enemies":"Gensokyo:LivingMonolith","floor":14,"turns":4},{"damage":7,"enemies":"Gensokyo:2_Rabbits","floor":15,"turns":7},{"damage":2,"enemies":"SI_SHIV_ARCHETYPE","floor":16,"turns":7},{"damage":11,"enemies":"Gensokyo:2_Gloops","floor":19,"turns":4},{"damage":7,"enemies":"Gensokyo:AngelMirror","floor":20,"turns":2},{"damage":29,"enemies":"Gensokyo:Wraith","floor":21,"turns":4},{"damage":8,"enemies":"Gensokyo:Chomper_and_Gloop","floor":25,"turns":5},{"damage":0,"enemies":"downfall:FleeingMerchant","floor":26,"turns":4},{"damage":15,"enemies":"Gensokyo:3_Gloops","floor":27,"turns":4},{"damage":17,"enemies":"Gensokyo:Slime_Group","floor":29,"turns":3},{"damage":0,"enemies":"Gensokyo:Reisen","floor":30,"turns":4},{"damage":3,"enemies":"downfall:FleeingMerchant","floor":31,"turns":4},{"damage":5,"enemies":"Gensokyo:Monolith_and_Dog","floor":32,"turns":3},{"damage":0,"enemies":"WA_ARCHETYPE_CALM","floor":33,"turns":7},{"damage":27,"enemies":"3 Shapes","floor":36,"turns":2},{"damage":1,"enemies":"3 Darklings","floor":37,"turns":3},{"damage":0,"enemies":"downfall:FleeingMerchant","floor":38,"turns":1},{"damage":0,"enemies":"Sphere and 2 Shapes","floor":39,"turns":3},{"damage":0,"enemies":"Giant Head","floor":47,"turns":2},{"damage":1,"enemies":"Writhing Mass","floor":49,"turns":2},{"damage":0,"enemies":"IC_BLOCK_ARCHETYPE","floor":50,"turns":3}],"seed_played":"-9143740612154469062","potions_obtained":[{"floor":8,"key":"Death Potion"},{"floor":10,"key":"Swift Potion"},{"floor":19,"key":"Weak Potion"},{"floor":27,"key":"DuplicationPotion"},{"floor":33,"key":"PowerPotion"},{"floor":49,"key":"PowerPotion"}],"is_trial":false,"path_per_floor":["R","M","M","?","?","M","T","E","M","M","E","T","COS","M","M","B",null,"R","M","M","M","?","R","T","M","$","M","?","M","E","$","M","B",null,"R","M","M","$","M","R","T","$","R","?","R","?","E","?","M","B",null],"character_chosen":"SLIMEBOUND","items_purchased":["GuppysHairball","Membership Card","Orichalcum","Dream Catcher","Strange Spoon","Replay:Arrowhead","BookofShadows","SalivaCoin","Blood Vial","ClockworkSouvenir","PreservedInsect","Blue Doll","expansioncontent:StudyTheSpire","REME_CardOfGreed","Ancient Tea Set","Pocketwatch","Frozen Eye","DollysMirror","Whetstone","ReplayFunnel","expansioncontent:QuickStudy","REME_GoldPotion","BlessingOfTheForge","Juzu Bracelet","Cauldron","Thread and Needle","REME_PuzzleBoxRelic","BelialBook","ReplayTheSpireMod:ShopPack","Slimebound:SpikyOuterGoop","Chrysalis+1","Slimebound:SplitMire+1"],"campfire_rested":0,"item_purchase_floors":[17,26,26,26,26,26,26,31,31,31,31,31,31,31,38,38,38,38,38,38,38,38,38,42,42,42,42,42,42,42,42,42],"current_hp_per_floor":[65,62,59,44,44,44,44,41,29,22,27,27,27,4,71,76,69,69,65,66,49,49,49,49,49,67,64,64,53,71,84,97,115,124,124,109,139,141,145,145,145,147,147,132,132,132,140,140,148,157],"gold":1784,"neow_bonus":"THREE_ENEMY_KILL","is_daily":false,"chose_seed":false,"campfire_upgraded":6,"win_rate":0.0,"timestamp":1612076032,"path_taken":["R","M","M","?","?","M","T","E","M","M","E","?","COS","M","M","BOSS","R","M","M","M","?","R","T","M","$","M","?","?","E","?","M","BOSS","R","M","M","$","M","R","T","$","R","?","R","?","E","?","M","BOSS"],"items_purchased_type":["Relic","Relic","Relic","Relic","Relic","Relic","Relic","Relic","Relic","Relic","Relic","Relic","Card","Relic","Relic","Relic","Relic","Relic","Relic","Relic","Card","Potion","Potion","Relic","Relic","Relic","Relic","Relic","Relic","Card","Card","Card"],"build_version":"2020-12-22","purchased_purges":6,"victory":true,"max_hp_per_floor":[65,65,65,65,65,65,65,65,67,67,69,69,69,71,71,84,69,69,69,73,81,81,81,81,89,96,100,100,104,112,117,125,131,124,124,136,142,142,146,146,146,148,148,148,148,148,150,150,155,159],"card_choices":[{"not_picked":["Slimebound:MegaLick","Slimebound:SplitMire"],"picked":"Slimebound:RejuvenatingLick","floor":2},{"not_picked":["Slimebound:SplitLeeching","Slimebound:SlimeTap"],"picked":"Slimebound:GoopSpray","floor":3},{"not_picked":["Slimebound:ItLooksTasty","Slimebound:Replication"],"picked":"Slimebound:Grow","floor":6},{"not_picked":["Slimebound:ItLooksTasty","Slimebound:BestDefense"],"picked":"Slimebound:Equalize","floor":8},{"not_picked":["Slimebound:FinishingTackle","Slimebound:MegaLick","Slimebound:Chomp"],"picked":"Singing Bowl","floor":9},{"not_picked":["Slimebound:Schlurp","Slimebound:PressTheAttack"],"picked":"Slimebound:Teamwork","floor":10},{"not_picked":["Slimebound:Chomp","Slimebound:SelfFormingGoo","Slimebound:Equalize"],"picked":"Singing Bowl","floor":11},{"not_picked":["Slimebound:SplitAcid","Slimebound:ItLooksTasty","Slimebound:Grow"],"picked":"Singing Bowl","floor":14},{"not_picked":["Slimebound:MegaLick","Slimebound:SplitBruiser"],"picked":"Slimebound:Repurpose","floor":15},{"not_picked":["Slimebound:SelfFormingGoo","Slimebound:RallyTheTroops"],"picked":"Slimebound:MinionMaster","floor":16},{"not_picked":["Slimebound:SlimeBarrage+1","Slimebound:GrowthPunch"],"picked":"Slimebound:SplitBruiser","floor":19},{"not_picked":["Slimebound:Nibble","Slimebound:ProtectTheBoss+1","Slimebound:SamplingLick"],"picked":"Singing Bowl","floor":20},{"not_picked":["Slimebound:Schlurp","Slimebound:LeechingTouch"],"picked":"Slimebound:SplitLeeching","floor":21},{"not_picked":["Slimebound:ComboTackle","Slimebound:Grow"],"picked":"Slimebound:Schlurp+1","floor":25},{"not_picked":["Slimebound:HauntingLick+1","Slimebound:Schlurp+1","Slimebound:GoopTackle"],"picked":"Singing Bowl","floor":26},{"not_picked":["Slimebound:LeechingTouch","Slimebound:SplitBruiser+1","Slimebound:MinionMaster"],"picked":"Singing Bowl","floor":27},{"not_picked":["Slimebound:HauntingLick+1","Slimebound:RollThrough","Slimebound:GoopTackle+1"],"picked":"Singing Bowl","floor":29},{"not_picked":["Slimebound:RainOfGoop+1","Slimebound:GoopTackle+1","Slimebound:TongueLash+1"],"picked":"Singing Bowl","floor":30},{"not_picked":["Slimebound:LivingWall+1","Slimebound:Equalize"],"picked":"Slimebound:Repurpose+1","floor":31},{"not_picked":["Slimebound:HauntingLick+1","Slimebound:Schlurp+1","Slimebound:ItLooksTasty+1"],"picked":"Singing Bowl","floor":32},{"not_picked":["Slimebound:OneTwoCombo","Slimebound:SelfFormingGoo"],"picked":"Slimebound:Overexert","floor":33},{"not_picked":["Slimebound:LivingWall+1","Slimebound:ViciousTackle","Slimebound:Replication+1"],"picked":"Singing Bowl","floor":36},{"not_picked":["Slimebound:Prepare+1","Slimebound:ItLooksTasty+1"],"picked":"Slimebound:SplitAcid+1","floor":37},{"not_picked":["Slimebound:TongueLash","Slimebound:SplitLeeching+1"],"picked":"Slimebound:LevelUp+1","floor":38},{"not_picked":["Slimebound:SlimeTap+1","Slimebound:TongueLash+1","Slimebound:GoopTackle"],"picked":"Singing Bowl","floor":39},{"not_picked":["REME_BattleFury","REME_WheelOfFate"],"picked":"ChaosCard","floor":42},{"not_picked":["ReplayTheSpireMod:Trickstab","Purity","Transmutation"],"picked":"Singing Bowl","floor":42},{"not_picked":["Good Instincts","PanicButton"],"picked":"AT_FalsePromise","floor":42},{"not_picked":["Slimebound:RejuvenatingLick+1","Slimebound:SamplingLick+1","Slimebound:ComboTackle+1"],"picked":"Singing Bowl","floor":47},{"not_picked":["Slimebound:GoopTackle+1","Slimebound:FormOfPuddle+1","Slimebound:Prepare+1"],"picked":"Singing Bowl","floor":49}],"player_experience":111187,"relics_obtained":[{"floor":7,"key":"Singing Bowl"},{"floor":8,"key":"Mummified Hand"},{"floor":11,"key":"MagicDraw1"},{"floor":24,"key":"Toxic Egg 2"},{"floor":29,"key":"Gensokyo:ConquerorOfFear"},{"floor":30,"key":"AT_MibuBalloonWealth"},{"floor":34,"key":"Replay:Wax Seal"},{"floor":34,"key":"AT_BellowingDragoncrestRing"},{"floor":34,"key":"MoreBug"},{"floor":35,"key":"Slimebound:MaxSlimesRelic"},{"floor":41,"key":"Art of War"},{"floor":47,"key":"Replay:WaspNest"},{"floor":48,"key":"ReplayTheSpireMod:Ring of Challenge"},{"floor":48,"key":"ReplayTheSpireMod:Ring of Collecting"}],"event_choices":[],"is_beta":false,"boss_relics":[{"not_picked":["Snecko Eye","Sozu"],"picked":"Empty Cage"},{"not_picked":[]},{"not_picked":["Velvet Choker","Cursed Key"],"picked":"Calling Bell"},{"not_picked":[]}],"items_purged_floors":[17,26,31,34,38,42],"is_endless":false,"potions_floor_spawned":[8,10,11,14,19,27,29,30,33,39,49],"ascension_level":0}}