{"host":"AO","time":1612083382,"event":{"mods":["ATMod(阿瑾Mod)","Act Like it!","Arknights","Ascension Reborn","BaseMod","Gensokyo","HumanHunterMod(怪物杀人mod)","Minty Spire (QoL Compilation)","Pale of the Ancients","Quick Restart","Reimu（博丽灵梦）","Replay The Spire","RumiaBox-露米娅的神秘盒子","StSLib","TestMod","Uncapped","UnlockEverythingMod","Yuyuko","[IsaacMod]以撒尖塔","【功能Mod】聪明的最终Boss","【遗物卡牌】REMEMod"],"gold_per_floor":[114,134,134,134,162,196,214,228,228,240,2,2,27,54,54,157,157,172,172,172,182,227,258,258,287,312,412,412,425,29,47,47,148,148,161,109,126,526,526,526,539,335,409,423,423,735,735,735,735,705,260,270,283,133,133,133,133,133,133,133,133],"floor_reached":60,"language":"ZHS","playtime":3052,"items_purged":["ats:Strike S","Poor:ReiMu","ats:Strike G","Delirium","ats:Defend"],"score":1105,"play_id":"c96fa48a-8bf5-42bc-9b02-c81805ad0c55","local_time":"20210131165622","is_ascension_mode":true,"campfire_choices":[{"data":"ats:Sunburst","floor":12.0,"key":"SMITH"},{"data":"ats:Childhood Dance","floor":15.0,"key":"SMITH"},{"data":"ats:Flame Of Heaven","floor":24.0,"key":"SMITH"},{"data":"ats:Fractured Body","floor":28.0,"key":"SMITH"},{"data":"REME_HeartOfCthun","floor":32.0,"key":"SMITH"},{"data":"ats:Sunburst","floor":40.0,"key":"SMITH"},{"data":"ats:Sunburst","floor":47,"key":"SMITH"},{"floor":55,"key":"RECALL"},{"data":"ats:Nebulous Foxfire","floor":57,"key":"SMITH"}],"circlet_count":1,"master_deck":["ats:Strike C","ats:Armor Crushing Shot","ats:Defend+1","ats:Defend","DoctorFetus+1","AT_EmpoweredMortalDraw+1","Immolate","ats:Flame Of Heaven+1","ats:Sunburst+1","ats:Leaping Hammer+1","REME_HeartOfCthun+1","Madness+1","ats:Nebulous Foxfire+1","Shame","Dash","ats:Assault Order+1","ats:Fractured Body+1","Clumsy","ats:Durian","ats:Sword Rain","ats:Sunburst+1","ats:Automatic Cover+1","Gensokyo:RainbowDanmaku+1","ats:Sunburst","ats:Apocalypse+1","ats:Sunburst+1","ats:Mental Burst","Spreading Infection","ats:Flame Of Heaven"],"relics":["ats:Sanity","REME_ComplimentaryCards","AT_ATBox","HushsDoor","SatanicBible","testmod-EnergyCheck","NeowsBlessing","Baka2","Gensokyo:Justice","ats:Originium","PokeGo","Pocketwatch","AT_Manta","Happy Flower","Ccalipers","REME_DuelDisc","AT_ChloranthyRing","TuHaoJin","testmod-Laevatain","SatanicBible","Circlet","NeowsBlessing","ats:Arts","Strawberry","Replay:Bronze Core","MomsKnife","GuppysCollar","ats:Military Tradition","Ring of Hypnosis","ReplayTheSpireMod:Ring of Challenge","paleoftheancients:Timepiece","paleoftheancients:KeyRelic","CultistMask","paleoftheancients:SoulOfTheWatcher","paleoftheancients:SoulOfTheThorton","ChaoDraw"],"acts_visited":["Gensokyo:Gensokyo","Gensokyo:Gensokyoer","Gensokyo:Gensokyoest","paleoftheancients:PaleOfTheAncients"],"potions_floor_usage":[46,56],"damage_taken":[{"damage":0.0,"enemies":"Gensokyo:2_Kodama","floor":1.0,"turns":1.0},{"damage":0.0,"enemies":"Gensokyo:3_Fairies","floor":2.0,"turns":2.0},{"damage":0.0,"enemies":"Gensokyo:Cirno","floor":5.0,"turns":2.0},{"damage":0.0,"enemies":"Gensokyo:Cirno","floor":6.0,"turns":4.0},{"damage":0.0,"enemies":"Gensokyo:Python","floor":7.0,"turns":2.0},{"damage":5.0,"enemies":"Gensokyo:5_Fairies","floor":8.0,"turns":3.0},{"damage":6.0,"enemies":"Gensokyo:Gryphon_and_Rabbit","floor":10.0,"turns":2.0},{"damage":0.0,"enemies":"Gensokyo:Aya","floor":13.0,"turns":2.0},{"damage":29.0,"enemies":"Gensokyo:Reimu","floor":16.0,"turns":4.0},{"damage":0.0,"enemies":"Gensokyo:Chomper","floor":18.0,"turns":3.0},{"damage":0.0,"enemies":"Gensokyo:3_Dogs","floor":21.0,"turns":2.0},{"damage":0.0,"enemies":"Gensokyo:3_Gloops","floor":22.0,"turns":2.0},{"damage":9.0,"enemies":"Gensokyo:Koishi","floor":23.0,"turns":4.0},{"damage":0.0,"enemies":"Gensokyo:Reisen","floor":25.0,"turns":3.0},{"damage":0.0,"enemies":"Gensokyo:Reisen","floor":27.0,"turns":4.0},{"damage":0.0,"enemies":"Gensokyo:Mirror_and_Dog","floor":29.0,"turns":1.0},{"damage":0.0,"enemies":"Gensokyo:Swordslinger","floor":31.0,"turns":1.0},{"damage":0.0,"enemies":"Gensokyo:Eternal_Rivals","floor":33.0,"turns":1.0},{"damage":0.0,"enemies":"Gensokyo:3_Bats","floor":35.0,"turns":1.0},{"damage":26.0,"enemies":"Gensokyo:AncientGuardian","floor":37.0,"turns":5.0},{"damage":0.0,"enemies":"Gensokyo:AncientGuardian","floor":39.0,"turns":5.0},{"damage":0,"enemies":"Gensokyo:AtlasGolem","floor":41,"turns":2},{"damage":0,"enemies":"Gensokyo:Rafflesia","floor":44,"turns":5},{"damage":0,"enemies":"Gensokyo:SeedOfUnknown","floor":45,"turns":2},{"damage":16,"enemies":"Gensokyo:AtlasGolem","floor":46,"turns":5},{"damage":25,"enemies":"Gensokyo:Scarlet_Devils","floor":50,"turns":7},{"damage":27,"enemies":"Gensokyo:Scarlet_Devils","floor":51,"turns":7},{"damage":48,"enemies":"Gensokyo:Scarlet_Devils","floor":52,"turns":6},{"damage":0,"enemies":"paleoftheancients:Thorton1","floor":53,"turns":1},{"damage":54,"enemies":"paleoftheancients:Thorton1","floor":56,"turns":8},{"damage":44,"enemies":"Delirium","floor":60,"turns":7}],"seed_played":"-2846401762688854069","potions_obtained":[{"floor":1.0,"key":"Fire Potion"},{"floor":5.0,"key":"Block Potion"},{"floor":6.0,"key":"SkillPotion"},{"floor":16.0,"key":"LiquidMemories"},{"floor":22.0,"key":"Elixir"},{"floor":23.0,"key":"ats:Emergency Sanity Potion"},{"floor":31.0,"key":"GrandPatriotsElixir:ReiMu"},{"floor":52,"key":"DistilledChaos"}],"is_trial":false,"path_per_floor":["M","M","?","?","?","E","M","M","T","M","$","R","E","T","R","B",null,"M","?","?","M","M","E","R","E","T","?","R","M","$","M","R","B",null,"M","COS","M","?","?","R","M","$","T","M","M","M","R","?","R","B","M","M","M","$","R","M","R","T","?","B"],"character_chosen":"DOCTOR_CLASS","items_purchased":["REME_HeartOfCthun","ats:Arts","Strawberry","MomsKnife","GuppysCollar","ats:Sword Rain","ats:Sunburst"],"campfire_rested":0,"item_purchase_floors":[11,30,30,34,34,34,42],"current_hp_per_floor":[72,72,58,58,58,58,58,58,58,52,52,52,52,52,52,23,72,72,72,72,72,72,63,63,63,63,63,63,63,70,70,70,70,26,26,26,1,1,1,1,1,1,1,1,10,1,1,1,8,25,15,16,21,21,21,28,28,28,28,0,0],"gold":133,"neow_bonus":"THREE_ENEMY_KILL","is_daily":false,"chose_seed":false,"campfire_upgraded":8,"win_rate":0.0,"timestamp":1612083382,"path_taken":["M","M","?","?","?","E","?","M","T","M","$","R","E","?","R","BOSS","M","?","?","M","M","E","R","E","T","?","R","?","$","M","R","BOSS","M","COS","M","?","?","R","M","$","T","M","?","M","R","?","R","BOSS","M","M","?","$","R","M","R","T","?","BOSS"],"items_purchased_type":["Card","Relic","Relic","Relic","Relic","Card","Card"],"build_version":"2020-12-18","purchased_purges":5,"victory":false,"max_hp_per_floor":[72,72,72,72,72,72,72,72,72,72,72,72,72,72,72,72,72,72,72,72,72,72,72,72,72,72,72,72,72,79,79,79,79,26,26,26,26,26,26,26,26,26,26,26,26,26,26,26,26,25,25,25,25,25,25,28,28,28,28,28,28],"card_choices":[{"not_picked":[],"picked":"DoctorFetus","floor":0.0},{"not_picked":["ats:Overload","ats:Shell Defense"],"picked":"ats:Flame Of Heaven","floor":1.0},{"not_picked":["ats:Cat Scratch","ats:Consecutive Shot Auto"],"picked":"ats:Sunburst","floor":2.0},{"not_picked":["ats:Shell Defense","ats:Composite Medical Shells","ats:Neurotoxin"],"picked":"SKIP","floor":5.0},{"not_picked":["ats:Thermite Blade","ats:Cat Scratch","ats:Consecutive Shot Auto"],"picked":"SKIP","floor":6.0},{"not_picked":["ats:Apocalypse","ats:Curse Doll","ats:Hammer On"],"picked":"SKIP","floor":7.0},{"not_picked":["ats:Hook Shot","ats:Hammer On","ats:Leaping Hammer"],"picked":"SKIP","floor":8.0},{"not_picked":["ats:Hook Shot","ats:Hammer On"],"picked":"ats:Leaping Hammer","floor":8.0},{"not_picked":["ats:Neurotoxin","ats:Apocalypse","ats:Shell Defense"],"picked":"SKIP","floor":10.0},{"not_picked":["ats:Closed Bolt Burst Fire","ats:Neurotoxin"],"picked":"ats:Childhood Dance","floor":13.0},{"not_picked":["ats:Calcification","ats:Dogmatic Field"],"picked":"ats:Nebulous Foxfire","floor":16.0},{"not_picked":["ats:Support Order","ats:Curse Doll+1","ats:Consecutive Shot Auto+1"],"picked":"SKIP","floor":18.0},{"not_picked":["ats:Leaping Hammer+1","ats:Defend Order","ats:Hammer On"],"picked":"SKIP","floor":21.0},{"not_picked":["ats:Spore Proliferation","ats:Cat Scratch+1","ats:Shell Defense"],"picked":"SKIP","floor":22.0},{"not_picked":["ats:Explosion Area Strengthen","ats:LN2 Cannon+1"],"picked":"ats:Assault Order+1","floor":23.0},{"not_picked":["ats:Hammer On","ats:Neurotoxin"],"picked":"ats:Fractured Body","floor":25.0},{"not_picked":["ats:Overload","ats:Thorns","ats:Shell Defense"],"picked":"SKIP","floor":29.0},{"not_picked":["ats:Thorns","ats:Leaping Hammer","ats:Poison Spread"],"picked":"SKIP","floor":31.0},{"not_picked":["ats:Soul Rend","ats:Shadow Assault"],"picked":"ats:Durian","floor":33.0},{"not_picked":["ats:Ignite","ats:Revitalization+1"],"picked":"ats:Sunburst","floor":35.0},{"not_picked":["ats:Explosion Area Strengthen+1","ats:Childhood Dance+1"],"picked":"ats:Automatic Cover+1","floor":37.0},{"not_picked":["ats:Cat Scratch+1","ats:Childhood Dance","ats:Beaten Up"],"picked":"SKIP","floor":37.0},{"not_picked":["Gensokyo:DreamlikeParadise+1","Gensokyo:HouraiInAPot+1"],"picked":"Gensokyo:RainbowDanmaku+1","floor":39.0},{"not_picked":["ats:Calcification","ats:Guard Mode+1","ats:Blood Oath+1"],"picked":"SKIP","floor":41},{"not_picked":["ats:Chain Hook","ats:Literary Storm"],"picked":"ats:Apocalypse+1","floor":44},{"not_picked":["ats:Revitalization","ats:Powerful Strike"],"picked":"ats:Sunburst","floor":44},{"not_picked":["ats:Flexible Camouflage+1","ats:Collapsing Strike","ats:Shell Defense+1"],"picked":"SKIP","floor":44},{"not_picked":["ats:Chain Hook+1","ats:Spore Proliferation","ats:Thorns"],"picked":"SKIP","floor":44},{"not_picked":["ats:Apocalypse","ats:Shell Defense"],"picked":"ats:Mental Burst","floor":45},{"not_picked":["ats:Powerful Strike+1","ats:Automatic Cover","ats:Cat Scratch+1"],"picked":"SKIP","floor":46},{"not_picked":["ats:Dogmatic Field","ats:Shell Defense+1","ats:Blood Oath"],"picked":"SKIP","floor":51},{"not_picked":["ats:Shell Defense+1","ats:Explosion Area Strengthen"],"picked":"ats:Flame Of Heaven","floor":52},{"not_picked":["ats:Guard Mode","ats:Calcification","ats:Apocalypse"],"picked":"SKIP","floor":53},{"not_picked":[],"picked":"DoctorFetus","floor":0}],"player_experience":1694465,"relics_obtained":[{"floor":1.0,"key":"Baka"},{"floor":2.0,"key":"Baka2"},{"floor":5.0,"key":"ats:Originium"},{"floor":5.0,"key":"PokeGo"},{"floor":6.0,"key":"ats:Originium"},{"floor":6.0,"key":"Pocketwatch"},{"floor":9.0,"key":"AT_Manta"},{"floor":13.0,"key":"ats:Originium"},{"floor":13.0,"key":"Happy Flower"},{"floor":14.0,"key":"Ccalipers"},{"floor":23.0,"key":"AT_ChloranthyRing"},{"floor":25.0,"key":"Dead Branch"},{"floor":27.0,"key":"TuHaoJin"},{"floor":27.0,"key":"testmod-Laevatain"},{"floor":27.0,"key":"SatanicBible"},{"floor":29.0,"key":"NeowsBlessing"},{"floor":43,"key":"ats:Military Tradition"},{"floor":48,"key":"Ring of Hypnosis"},{"floor":48,"key":"ReplayTheSpireMod:Ring of Challenge"},{"floor":51,"key":"paleoftheancients:SoulOfTheWatcher"},{"floor":52,"key":"paleoftheancients:SoulOfTheCollector"},{"floor":53,"key":"paleoftheancients:SoulOfTheThorton"},{"floor":58,"key":"ChaoDraw"}],"event_choices":[{"damage_healed":0.0,"max_hp_gain":0.0,"max_hp_loss":0.0,"gold_gain":400.0,"event_name":"恩洛斯的盘子","player_choice":"Sell","floor":38.0,"relics_lost":["testmod-TestBox"],"gold_loss":0.0,"damage_taken":0.0}],"is_beta":true,"boss_relics":[{"not_picked":["Ring of Chaos","ReplayTheSpireMod:DimensionalGlitch"],"picked":"REME_DuelDisc"},{"not_picked":[]},{"not_picked":["SoulBox","Painkiller Herb"],"picked":"Replay:Bronze Core"},{"not_picked":[]}],"items_purged_floors":[11,30,34,42,54],"is_endless":false,"potions_floor_spawned":[1,5,6,16,22,23,31,33,41,45,52,56],"killed_by":"Delirium","ascension_level":0}}