{"host":"x5w9zppki4gdwvc7","time":1612107550,"event":{"mods":["AchievementEnabler","BaseMod","Colored Powertips","DeckTracker","Minty Spire (QoL Compilation)","Relic Sorter","SuperFastMode"],"gold_per_floor":[114,124,4,4,24,24,55,3,71,71,71,89,89,103,103,198,198,214,234,234,234],"floor_reached":20,"language":"ENG","playtime":985,"items_purged":["Strike_G"],"score":191,"play_id":"9c461c4b-2868-474a-b71a-67c6f3682262","local_time":"20210131163910","is_ascension_mode":true,"campfire_choices":[{"data":"Neutralize","floor":6,"key":"SMITH"},{"floor":11,"key":"REST"},{"data":"Cloak And Dagger","floor":13,"key":"SMITH"},{"floor":15,"key":"REST"}],"circlet_count":0,"master_deck":["Strike_G","Strike_G","Strike_G","Defend_G","Defend_G","Defend_G","Defend_G","Defend_G","Survivor","Neutralize+1","Well Laid Plans","Accuracy","Acrobatics","Cloak And Dagger+1","Accuracy","Infinite Blades+1","Backflip","Underhanded Strike","Blade Dance"],"relics":["Ring of the Snake","Regal Pillow","Matryoshka","WristBlade"],"acts_visited":["Exordium","TheCity"],"potions_floor_usage":[16],"damage_taken":[{"damage":9,"enemies":"2 Louse","floor":1,"turns":2},{"damage":7,"enemies":"Jaw Worm","floor":2,"turns":5},{"damage":0,"enemies":"Cultist","floor":5,"turns":5},{"damage":41,"enemies":"Gremlin Nob","floor":7,"turns":6},{"damage":20,"enemies":"Large Slime","floor":12,"turns":5},{"damage":0,"enemies":"Exordium Wildlife","floor":14,"turns":3},{"damage":2,"enemies":"Slime Boss","floor":16,"turns":7},{"damage":32,"enemies":"2 Thieves","floor":18,"turns":4},{"damage":26,"enemies":"3 Byrds","floor":19,"turns":4},{"damage":15,"enemies":"Snake Plant","floor":20,"turns":2}],"seed_played":"-8263450779594148638","potions_obtained":[{"floor":1,"key":"PowerPotion"},{"floor":2,"key":"Explosive Potion"},{"floor":12,"key":"GamblersBrew"},{"floor":14,"key":"Strength Potion"},{"floor":18,"key":"AttackPotion"}],"is_trial":false,"path_per_floor":["M","M","$","?","M","R","E","$","T","?","R","M","R","M","R","B",null,"M","M","M"],"character_chosen":"THE_SILENT","items_purchased":["Cloak And Dagger","Backflip"],"campfire_rested":2,"item_purchase_floors":[3,8],"current_hp_per_floor":[61,54,54,54,54,54,13,13,13,13,49,29,29,29,65,63,70,38,12,0,0],"gold":234,"neow_bonus":"THREE_CARDS","is_daily":false,"chose_seed":false,"campfire_upgraded":2,"win_rate":0.0,"timestamp":1612107550,"path_taken":["M","M","$","?","M","R","E","$","T","?","R","M","R","M","R","BOSS","M","M","M"],"items_purchased_type":["Card","Card"],"build_version":"2020-12-22","purchased_purges":1,"victory":false,"max_hp_per_floor":[70,70,70,70,70,70,70,70,70,70,70,70,70,70,70,70,70,70,70,70,70],"card_choices":[{"not_picked":["Finisher","Sucker Punch"],"picked":"Well Laid Plans","floor":0},{"not_picked":["Skewer","Dagger Spray"],"picked":"Accuracy","floor":1},{"not_picked":["Sucker Punch","Prepared"],"picked":"Acrobatics","floor":2},{"not_picked":["Bouncing Flask","Underhanded Strike"],"picked":"Accuracy","floor":5},{"not_picked":["Finisher","Setup"],"picked":"Infinite Blades","floor":7},{"not_picked":["PiercingWail","Skewer"],"picked":"Underhanded Strike","floor":12},{"not_picked":["Sucker Punch","Predator","Riddle With Holes"],"picked":"SKIP","floor":14},{"not_picked":["Backflip+1","Reflex"],"picked":"Blade Dance","floor":18},{"not_picked":["Setup","Dagger Spray+1","Dodge and Roll"],"picked":"SKIP","floor":19}],"player_experience":323954,"relics_obtained":[{"floor":7,"key":"Regal Pillow"},{"floor":9,"key":"Matryoshka"}],"event_choices":[{"cards_removed":["Strike_G"],"damage_healed":0,"gold_gain":0,"player_choice":"Forget","damage_taken":0,"max_hp_gain":0,"max_hp_loss":0,"event_name":"Living Wall","floor":4,"gold_loss":0},{"damage_healed":0,"gold_gain":0,"player_choice":"Upgraded","damage_taken":0,"max_hp_gain":0,"max_hp_loss":0,"event_name":"Upgrade Shrine","floor":10,"gold_loss":0,"cards_upgraded":["Infinite Blades"]}],"is_beta":false,"boss_relics":[{"not_picked":["SacredBark","Pandora\u0027s Box"],"picked":"WristBlade"}],"items_purged_floors":[3],"is_endless":false,"potions_floor_spawned":[1,2,12,14,18,19],"killed_by":"Snake Plant","ascension_level":2}}