{"host":"e8rlfedn69rz2s07","time":1612107948,"event":{"mods":["AchievementEnabler","BaseMod","Minty Spire (QoL Compilation)","Permanent Neow","Relic Stats"],"gold_per_floor":[116,131,142,142,160,193,193,61,86,120,135,167,167,194,194,267,267,278,298,298,298,312,312,345,355,381,393,412,423,423,207,207,284,284,301,311,97,110,129,156,166,201,201,211,228,255,255,305,305,305,305,305,51,80,80,80],"floor_reached":55,"language":"ENG","playtime":3239,"items_purged":["Strike_R","Decay","Strike_R"],"score":1448,"play_id":"be4c51da-a618-464c-9b32-8195e44f90e3","local_time":"20210131174547","is_ascension_mode":true,"campfire_choices":[{"floor":7.0,"key":"REST"},{"data":"Rampage","floor":13.0,"key":"SMITH"},{"floor":15.0,"key":"REST"},{"floor":23.0,"key":"REST"},{"floor":30.0,"key":"REST"},{"data":"Shockwave","floor":32.0,"key":"SMITH"},{"floor":47.0,"key":"RECALL"},{"data":"Demon Form","floor":49.0,"key":"SMITH"},{"data":"Disarm","floor":52.0,"key":"SMITH"}],"circlet_count":0,"master_deck":["AscendersBane","Defend_R","Defend_R","Defend_R","Defend_R","Bash","Feed","Uppercut","Headbutt","Shrug It Off","Combust","Rampage+1","Shrug It Off","True Grit","Feed","Evolve+1","Reaper+1","Perfected Strike+1","Feel No Pain","Shockwave+1","Twin Strike+1","Anger+1","Reaper","Battle Trance","Limit Break","Blood for Blood+1","Inflame","Pommel Strike+1","Metallicize","Double Tap","Ghostly Armor","Disarm+1","Spot Weakness+1","Demon Form+1","Shockwave+1","Metallicize"],"relics":["Burning Blood","Regal Pillow","Akabeko","Happy Flower","Shuriken","Gambling Chip","Paper Frog","Astrolabe","Anchor","Lantern","Velvet Choker","Prayer Wheel","Magic Flower","CaptainsWheel","Vajra","Mercury Hourglass"],"acts_visited":["Exordium","TheCity","TheBeyond","TheEnding"],"potions_floor_usage":[],"damage_taken":[{"damage":7.0,"enemies":"Small Slimes","floor":1.0,"turns":6.0},{"damage":9.0,"enemies":"2 Louse","floor":2.0,"turns":6.0},{"damage":8.0,"enemies":"Jaw Worm","floor":3.0,"turns":4.0},{"damage":22.0,"enemies":"Lots of Slimes","floor":5.0,"turns":6.0},{"damage":17.0,"enemies":"Lagavulin","floor":6.0,"turns":6.0},{"damage":20.0,"enemies":"Gremlin Nob","floor":10.0,"turns":4.0},{"damage":6.0,"enemies":"3 Louse","floor":11.0,"turns":3.0},{"damage":30.0,"enemies":"Lagavulin","floor":12.0,"turns":6.0},{"damage":29.0,"enemies":"Gremlin Nob","floor":14.0,"turns":4.0},{"damage":34.0,"enemies":"Slime Boss","floor":16.0,"turns":10.0},{"damage":20.0,"enemies":"Shell Parasite","floor":18.0,"turns":6.0},{"damage":37.0,"enemies":"Spheric Guardian","floor":19.0,"turns":7.0},{"damage":53.0,"enemies":"Snake Plant","floor":22.0,"turns":8.0},{"damage":47.0,"enemies":"Book of Stabbing","floor":24.0,"turns":6.0},{"damage":28.0,"enemies":"Snecko","floor":25.0,"turns":6.0},{"damage":10.0,"enemies":"Shelled Parasite and Fungi","floor":27.0,"turns":4.0},{"damage":16.0,"enemies":"Centurion and Healer","floor":28.0,"turns":10.0},{"damage":32.0,"enemies":"Snecko","floor":29.0,"turns":4.0},{"damage":114.0,"enemies":"Champ","floor":33.0,"turns":14.0},{"damage":24.0,"enemies":"3 Darklings","floor":35.0,"turns":6.0},{"damage":0.0,"enemies":"3 Shapes","floor":36.0,"turns":3.0},{"damage":24.0,"enemies":"3 Darklings","floor":38.0,"turns":6.0},{"damage":20.0,"enemies":"Jaw Worm Horde","floor":39.0,"turns":7.0},{"damage":62.0,"enemies":"Nemesis","floor":40.0,"turns":7.0},{"damage":33.0,"enemies":"4 Shapes","floor":41.0,"turns":6.0},{"damage":80.0,"enemies":"Reptomancer","floor":42.0,"turns":9.0},{"damage":37.0,"enemies":"Maw","floor":44.0,"turns":7.0},{"damage":16.0,"enemies":"3 Darklings","floor":45.0,"turns":4.0},{"damage":113.0,"enemies":"Giant Head","floor":46.0,"turns":10.0},{"damage":134.0,"enemies":"Awakened One","floor":50.0,"turns":12.0},{"damage":114.0,"enemies":"Shield and Spear","floor":54.0,"turns":8.0},{"damage":178,"enemies":"The Heart","floor":55,"turns":8}],"seed_played":"-290721684897379870","potions_obtained":[{"floor":1.0,"key":"Strength Potion"},{"floor":3.0,"key":"Weak Potion"},{"floor":10.0,"key":"DuplicationPotion"},{"floor":11.0,"key":"Explosive Potion"},{"floor":12.0,"key":"DuplicationPotion"},{"floor":16.0,"key":"LiquidBronze"},{"floor":18.0,"key":"Block Potion"},{"floor":22.0,"key":"SkillPotion"},{"floor":25.0,"key":"EssenceOfSteel"},{"floor":27.0,"key":"Dexterity Potion"},{"floor":33.0,"key":"BloodPotion"},{"floor":40.0,"key":"Block Potion"},{"floor":44.0,"key":"Weak Potion"},{"floor":45.0,"key":"GamblersBrew"}],"is_trial":false,"path_per_floor":["M","M","M","?","M","E","R","$","T","E","M","E","R","E","R","B",null,"M","M","?","?","M","R","E","M","T","M","M","M","R","$","R","B",null,"M","M","$","M","M","E","M","E","T","M","M","E","R","?","R","B",null,"R","$","E","B"],"character_chosen":"IRONCLAD","items_purchased":["Shrug It Off","FairyPotion","Inflame","Vajra","Metallicize"],"campfire_rested":4,"item_purchase_floors":[8,31,37,53,53],"current_hp_per_floor":[70,70,71,53,40,32,74,74,74,63,66,45,45,25,70,45,90,79,54,54,54,13,62,26,17,17,46,52,38,89,89,89,42,103,126,129,129,132,135,129,108,63,63,62,92,101,101,101,101,108,146,146,146,162,0,0],"gold":80,"neow_bonus":"ONE_RANDOM_RARE_CARD","is_daily":false,"chose_seed":false,"campfire_upgraded":4,"win_rate":0.0,"timestamp":1612107947,"path_taken":["M","M","M","?","M","E","R","$","T","E","M","E","R","E","R","BOSS","M","M","?","?","M","R","E","M","T","M","M","M","R","?","R","BOSS","M","?","$","M","M","E","M","E","T","M","M","E","R","?","R","BOSS","R","$","E","BOSS"],"items_purchased_type":["Card","Potion","Card","Relic","Card"],"build_version":"2020-12-22","purchased_purges":3,"victory":false,"max_hp_per_floor":[78,81,84,84,87,90,90,90,90,93,96,99,99,102,102,105,105,108,111,111,111,114,114,114,114,114,117,120,123,123,123,123,123,123,126,129,129,132,138,138,144,144,144,147,150,153,153,153,153,159,159,159,159,162,162,162],"relic_stats":{"Regal Pillow":60,"Happy Flower":[61],"counters":[32,213],"Shuriken":[34],"Gambling Chip":[54],"Astrolabe":["Evolve","Reaper","Perfected Strike"],"Magic Flower":[144],"Prayer Wheel":3,"obtain_stats":[{"Regal Pillow":4,"Lantern":26,"Happy Flower":9,"Astrolabe":17,"Velvet Choker":34,"Magic Flower":42,"Vajra":53,"Burning Blood":0,"Akabeko":6,"Mercury Hourglass":54,"Anchor":24,"CaptainsWheel":46,"Shuriken":10,"Gambling Chip":12,"Prayer Wheel":40,"Paper Frog":14},{"Regal Pillow":3,"Lantern":15,"Happy Flower":5,"Astrolabe":10,"Velvet Choker":19,"Magic Flower":26,"Vajra":30,"Burning Blood":0,"Akabeko":5,"Mercury Hourglass":31,"Anchor":14,"CaptainsWheel":29,"Shuriken":6,"Gambling Chip":8,"Prayer Wheel":24,"Paper Frog":9},{"Regal Pillow":16,"Lantern":88,"Happy Flower":28,"Astrolabe":55,"Velvet Choker":120,"Magic Flower":164,"Vajra":197,"Burning Blood":0,"Akabeko":28,"Mercury Hourglass":205,"Anchor":82,"CaptainsWheel":185,"Shuriken":32,"Gambling Chip":41,"Prayer Wheel":149,"Paper Frog":45}],"Burning Blood":174,"Mercury Hourglass":[24]},"card_choices":[{"not_picked":["Body Slam","Clash"],"picked":"Uppercut","floor":1.0},{"not_picked":["Wild Strike","Iron Wave"],"picked":"Headbutt","floor":2.0},{"not_picked":["Pummel","Clash"],"picked":"Shrug It Off","floor":3.0},{"not_picked":["Cleave","Havoc"],"picked":"Combust","floor":5.0},{"not_picked":["Feel No Pain","Twin Strike"],"picked":"Rampage","floor":6.0},{"not_picked":["Bludgeon","Body Slam","Hemokinesis"],"picked":"SKIP","floor":10.0},{"not_picked":["Perfected Strike","Havoc"],"picked":"True Grit","floor":11.0},{"not_picked":["Dark Embrace","Body Slam","Feel No Pain"],"picked":"SKIP","floor":12.0},{"not_picked":["Sentinel","Wild Strike","Brutality"],"picked":"SKIP","floor":14.0},{"not_picked":["Berserk","Juggernaut"],"picked":"Feed","floor":16.0},{"not_picked":["Wild Strike","Clash+1","Pommel Strike"],"picked":"SKIP","floor":18.0},{"not_picked":["Sword Boomerang","Heavy Blade"],"picked":"Feel No Pain","floor":19.0},{"not_picked":["Cleave","Pommel Strike"],"picked":"Twin Strike+1","floor":22.0},{"not_picked":["Anger+1","Rupture","Shockwave"],"picked":"SKIP","floor":24.0},{"not_picked":["Rupture","Shockwave"],"picked":"Anger+1","floor":24.0},{"not_picked":["Havoc","Entrench"],"picked":"Reaper","floor":25.0},{"not_picked":["True Grit","Combust"],"picked":"Battle Trance","floor":27.0},{"not_picked":["Cleave","Carnage","Dark Embrace"],"picked":"SKIP","floor":28.0},{"not_picked":["Clash","Headbutt","Cleave"],"picked":"SKIP","floor":29.0},{"not_picked":["Feed","Exhume"],"picked":"Limit Break","floor":33.0},{"not_picked":["Headbutt","Blood for Blood+1","Cleave"],"picked":"SKIP","floor":35.0},{"not_picked":["Headbutt","Cleave"],"picked":"Blood for Blood+1","floor":35.0},{"not_picked":["Wild Strike","Pommel Strike","Flex"],"picked":"SKIP","floor":36.0},{"not_picked":["Seeing Red","Iron Wave+1"],"picked":"Pommel Strike+1","floor":38.0},{"not_picked":["Bloodletting","Clash+1"],"picked":"Metallicize","floor":39.0},{"not_picked":["Clothesline","Thunderclap+1"],"picked":"Double Tap","floor":40.0},{"not_picked":["Battle Trance","Power Through"],"picked":"Ghostly Armor","floor":41.0},{"not_picked":["Thunderclap","Pommel Strike","Clash+1"],"picked":"SKIP","floor":41.0},{"not_picked":["Ghostly Armor+1","Shrug It Off"],"picked":"Disarm","floor":42.0},{"not_picked":["Iron Wave","Ghostly Armor"],"picked":"Spot Weakness+1","floor":44.0},{"not_picked":["Pommel Strike","Rampage","Clothesline+1"],"picked":"SKIP","floor":44.0},{"not_picked":["Pommel Strike","Rampage","Clothesline+1"],"picked":"SKIP","floor":44.0},{"not_picked":["Spot Weakness","Warcry"],"picked":"Demon Form","floor":45.0},{"not_picked":["Rage","True Grit"],"picked":"Shockwave+1","floor":45.0},{"not_picked":["Clash+1","Armaments","Clothesline"],"picked":"SKIP","floor":46.0},{"not_picked":["Flex+1","Juggernaut","Clothesline"],"picked":"SKIP","floor":54.0}],"player_experience":1005532,"relics_obtained":[{"floor":6.0,"key":"Akabeko"},{"floor":9.0,"key":"Happy Flower"},{"floor":10.0,"key":"Shuriken"},{"floor":12.0,"key":"Gambling Chip"},{"floor":14.0,"key":"Paper Frog"},{"floor":24.0,"key":"Anchor"},{"floor":26.0,"key":"Lantern"},{"floor":40.0,"key":"Prayer Wheel"},{"floor":42.0,"key":"Magic Flower"},{"floor":46.0,"key":"CaptainsWheel"},{"floor":54.0,"key":"Mercury Hourglass"}],"event_choices":[{"damage_healed":0.0,"max_hp_gain":0.0,"max_hp_loss":0.0,"gold_gain":0.0,"event_name":"Scrap Ooze","player_choice":"Success","floor":4.0,"gold_loss":0.0,"damage_taken":18.0,"relics_obtained":["Regal Pillow"]},{"damage_healed":0.0,"max_hp_gain":0.0,"max_hp_loss":0.0,"gold_gain":0.0,"event_name":"Forgotten Altar","player_choice":"Smashed Altar","floor":20.0,"gold_loss":0.0,"damage_taken":0.0,"cards_obtained":["Decay"]},{"damage_healed":0.0,"max_hp_gain":0.0,"max_hp_loss":0.0,"gold_gain":0.0,"event_name":"The Library","player_choice":"Read","floor":21.0,"gold_loss":0.0,"damage_taken":0.0,"cards_obtained":["Shockwave"]},{"damage_healed":0.0,"max_hp_gain":0.0,"max_hp_loss":0.0,"gold_gain":50.0,"event_name":"Golden Shrine","player_choice":"Pray","floor":48.0,"gold_loss":0.0,"damage_taken":0.0}],"is_beta":false,"boss_relics":[{"not_picked":["SacredBark","Black Blood"],"picked":"Astrolabe"},{"not_picked":["Tiny House","Empty Cage"],"picked":"Velvet Choker"}],"items_purged_floors":[8,31,37],"is_endless":false,"potions_floor_spawned":[1,3,10,11,12,16,18,22,25,27,33,38,40,44,45,46],"killed_by":"The Heart","ascension_level":16}}