{"host":"tetk82fuf8thwxol","time":1612063343,"event":{"mods":["AchievementEnabler","BaseMod","BetterRewards","GifTheSpireLib","Hermit","Minty Spire (QoL Compilation)","Permanent Neow","Quick Restart","Shop Mod","Spicy Shops","StSLib","The Bug Knight","The Cursed","The Runesmith"],"gold_per_floor":[112,132,132,132,9553,9553,9581,9581,9581,9541,9572,8506,8506,8526,8526,8626,8626,8644,7543,7559,7559,7609,7634,7934,7969,7969,7558,7148,7163,7163,7172,7172,7274,7274,7295,7347,7404,6668,6718,6753,6420,6446,6455,6455,5823,5848,5860,5173,5173,5173],"floor_reached":51,"language":"ENG","playtime":2065,"items_purged":["Normality","hermit:Adapt","Pain","hermit:Strike_Hermit","hermit:Strike_Hermit","hermit:Defend_Hermit","Decay","Normality","Decay","hermit:TrackingShot","Parasite","hermit:GoldenBullet"],"score":1320,"play_id":"c7b405c8-ff41-44a3-b887-4d3cf91c46ca","local_time":"20210130212223","is_ascension_mode":true,"campfire_choices":[{"data":"hermit:BigShot","floor":6,"key":"SMITH"},{"floor":8,"key":"DIG"},{"floor":15,"key":"REST"},{"floor":24,"key":"DIG"},{"floor":30,"key":"DIG"},{"floor":32,"key":"DIG"},{"floor":44,"key":"DIG"},{"floor":49,"key":"DIG"}],"circlet_count":0,"master_deck":["hermit:Strike_Hermit","hermit:Strike_Hermit","hermit:Defend_Hermit","hermit:Defend_Hermit","hermit:Defend_Hermit+1","hermit:Snapshot","hermit:Covet+1","hermit:Ricochet","hermit:BigShot+1","hermit:GhostlyPresence","hermit:Roughhouse","hermit:Headshot","hermit:Enervate","hermit:Deadeye","hermit:Combo+1","hermit:Dive+1","hermit:BigShot+1","hermit:CalledShot+1","hermit:TakeAim+1","hermit:EyeOfTheStorm+1"],"relics":["hermit:Momento","Bottled Flame","WarpedTongs","HandDrill","hermit:Horseshoe","Tiny Chest","Juzu Bracelet","Shovel","Potion Belt","WingedGreaves","Toxic Egg 2","Strawberry","Vajra","Frozen Egg 2","Sundial","Bird Faced Urn","Coffee Dripper","FossilizedHelix","Runesmith:Nanobots","HornCleat","War Paint","Akabeko","MealTicket","Old Coin","Toy Ornithopter","StoneCalendar","Membership Card","CeramicFish","Matryoshka","Bag of Marbles","Blood Vial","ClockworkSouvenir","Pen Nib","StrikeDummy","Centennial Puzzle","Cursed Key","TungstenRod","Regal Pillow","Anchor","Pantograph","Bottled Lightning","Sling","Meat on the Bone","Unceasing Top","Art of War","Ancient Tea Set","TheAbacus","Runesmith:AutoHammer","Bag of Preparation","PreservedInsect","Eternal Feather","White Beast Statue","hermit:PetGhost","Prayer Wheel","Peace Pipe","Happy Flower","MawBank","Lantern","hermit:Spyglass","Omamori","Pear","InkBottle","Nunchaku"],"acts_visited":["Exordium","TheCity","TheBeyond"],"potions_floor_usage":[7,11,11,16,16,33,33,42],"damage_taken":[{"damage":0,"enemies":"Cultist","floor":1,"turns":4},{"damage":7,"enemies":"Small Slimes","floor":2,"turns":3},{"damage":0,"enemies":"HollowMod:MossKnight","floor":7,"turns":4},{"damage":27,"enemies":"3 Sentries","floor":11,"turns":7},{"damage":0,"enemies":"2 Louse","floor":14,"turns":1},{"damage":38,"enemies":"The Guardian","floor":16,"turns":6},{"damage":11,"enemies":"Spheric Guardian","floor":18,"turns":3},{"damage":4,"enemies":"3 Byrds","floor":20,"turns":4},{"damage":0,"enemies":"Slavers","floor":23,"turns":4},{"damage":1,"enemies":"Book of Stabbing","floor":25,"turns":4},{"damage":0,"enemies":"Centurion and Healer","floor":29,"turns":3},{"damage":0,"enemies":"Collector","floor":33,"turns":5},{"damage":0,"enemies":"3 Darklings","floor":35,"turns":5},{"damage":0,"enemies":"2 Orb Walkers","floor":36,"turns":2},{"damage":2,"enemies":"Mind Bloom Boss Battle","floor":39,"turns":3},{"damage":12,"enemies":"Giant Head","floor":40,"turns":6},{"damage":0,"enemies":"Nemesis","floor":42,"turns":3},{"damage":0,"enemies":"HollowMod:StalkingDevout","floor":46,"turns":1},{"damage":0,"enemies":"Donu and Deca","floor":50,"turns":5}],"seed_played":"1245384388094261416","potions_obtained":[{"floor":2,"key":"DuplicationPotion"},{"floor":7,"key":"Block Potion"},{"floor":10,"key":"GamblersBrew"},{"floor":10,"key":"Strength Potion"},{"floor":10,"key":"CultistPotion"},{"floor":20,"key":"Dexterity Potion"},{"floor":23,"key":"GamblersBrew"},{"floor":25,"key":"hermit:Tonic"},{"floor":29,"key":"BlessingOfTheForge"},{"floor":35,"key":"DuplicationPotion"},{"floor":42,"key":"LiquidBronze"},{"floor":46,"key":"SneckoOil"}],"is_trial":false,"path_per_floor":["M","M","T","?","$","R","E","R","T","?","E","$","?","M","R","B",null,"M","$","M","?","T","E","R","E","T","$","$","M","R","?","R","B",null,"M","?","T","$","?","E","$","E","T","R","$","E","?","$","R","B",null],"character_chosen":"HERMIT","items_purchased":["HandDrill","hermit:Horseshoe","Tiny Chest","Juzu Bracelet","Shovel","hermit:BigShot","hermit:GhostlyPresence","hermit:Roughhouse","Vajra","Frozen Egg 2","Sundial","Bird Faced Urn","FossilizedHelix","Runesmith:Nanobots","HornCleat","War Paint","hermit:Deadeye","hermit:Combo+1","Membership Card","CeramicFish","Matryoshka","Bag of Marbles","Blood Vial","ClockworkSouvenir","Pen Nib","hermit:BigShot+1","Pantograph","Bottled Lightning","Sling","Meat on the Bone","hermit:TakeAim+1","Ancient Tea Set","TheAbacus","Runesmith:AutoHammer","hermit:PetGhost","Prayer Wheel","Peace Pipe","Happy Flower","hermit:EyeOfTheStorm+1","Lantern","hermit:Spyglass","Omamori","Pear","InkBottle"],"campfire_rested":1,"item_purchase_floors":[5,5,5,5,5,5,5,5,12,12,12,12,19,19,19,19,19,19,27,27,27,28,28,28,28,28,38,38,38,38,38,41,41,41,45,45,45,45,45,48,48,48,48,48],"current_hp_per_floor":[68,61,61,61,61,61,61,61,61,61,41,41,41,43,67,31,69,58,58,58,58,58,62,62,65,65,80,82,82,82,82,82,82,82,82,82,82,82,80,70,82,82,82,82,79,79,75,85,85,85],"gold":5173,"neow_bonus":"ONE_RANDOM_RARE_CARD","is_daily":false,"chose_seed":false,"campfire_upgraded":1,"win_rate":0.0,"timestamp":1612063343,"path_taken":["M","M","?","?","$","R","E","R","T","?","E","$","?","M","R","BOSS","M","$","M","?","?","E","R","E","T","?","$","M","R","?","R","BOSS","M","?","?","$","?","E","$","E","T","R","?","E","?","$","R","BOSS"],"items_purchased_type":["Relic","Relic","Relic","Relic","Relic","Card","Card","Card","Relic","Relic","Relic","Relic","Relic","Relic","Relic","Relic","Card","Card","Relic","Relic","Relic","Relic","Relic","Relic","Relic","Card","Relic","Relic","Relic","Relic","Card","Relic","Relic","Relic","Relic","Relic","Relic","Relic","Card","Relic","Relic","Relic","Relic","Relic"],"build_version":"2020-12-22","purchased_purges":12,"victory":true,"max_hp_per_floor":[75,75,75,75,75,75,75,75,75,75,82,82,82,82,82,82,82,82,82,82,82,82,82,82,82,82,82,82,82,82,82,82,82,82,82,82,82,82,82,82,82,82,82,82,79,79,75,85,85,85],"card_choices":[{"not_picked":["hermit:WideOpen","hermit:ItchyTrigger"],"picked":"hermit:TrackingShot","floor":1},{"not_picked":["hermit:HoleUp","hermit:Cheat"],"picked":"hermit:Ricochet","floor":2},{"not_picked":["hermit:Virtue","hermit:Dive"],"picked":"hermit:Headshot","floor":7},{"not_picked":["hermit:TrackingShot","hermit:LoneWolf+1"],"picked":"hermit:Enervate","floor":11},{"not_picked":["hermit:WideOpen","hermit:SprayPray","hermit:Determination+1"],"picked":"SKIP","floor":14},{"not_picked":["hermit:HighCaliber","hermit:Quickdraw","hermit:HoleUp+1"],"picked":"SKIP","floor":18},{"not_picked":["hermit:LoneWolf+1","hermit:Desperado"],"picked":"hermit:Dive+1","floor":20},{"not_picked":["hermit:Coalescence+1","hermit:ShadowCloak+1","hermit:HoleUp+1"],"picked":"SKIP","floor":23},{"not_picked":["hermit:HighCaliber","hermit:LowProfile+1"],"picked":"hermit:GoldenBullet","floor":25},{"not_picked":["hermit:ItchyTrigger","hermit:TrackingShot+1","hermit:TakeCover+1"],"picked":"SKIP","floor":29},{"not_picked":["hermit:Snipe+1","hermit:Combo+1"],"picked":"hermit:CalledShot+1","floor":35},{"not_picked":["hermit:Snipe+1","hermit:GoldenBullet","hermit:TrackingShot+1"],"picked":"SKIP","floor":40},{"not_picked":["hermit:Deadeye+1","hermit:EternalForm+1","hermit:LowProfile+1"],"picked":"SKIP","floor":42},{"not_picked":["hermit:Feint+1","hermit:PistolWhip","hermit:Misfire"],"picked":"SKIP","floor":46}],"player_experience":272099,"relics_obtained":[{"floor":3,"key":"Bottled Flame"},{"floor":7,"key":"Potion Belt"},{"floor":8,"key":"WingedGreaves"},{"floor":9,"key":"Toxic Egg 2"},{"floor":11,"key":"Strawberry"},{"floor":22,"key":"Akabeko"},{"floor":23,"key":"MealTicket"},{"floor":24,"key":"Old Coin"},{"floor":25,"key":"Toy Ornithopter"},{"floor":26,"key":"StoneCalendar"},{"floor":30,"key":"StrikeDummy"},{"floor":32,"key":"Centennial Puzzle"},{"floor":36,"key":"TungstenRod"},{"floor":37,"key":"Regal Pillow"},{"floor":37,"key":"Anchor"},{"floor":39,"key":"Unceasing Top"},{"floor":40,"key":"Art of War"},{"floor":42,"key":"Bag of Preparation"},{"floor":43,"key":"PreservedInsect"},{"floor":43,"key":"Eternal Feather"},{"floor":44,"key":"White Beast Statue"},{"floor":46,"key":"MawBank"},{"floor":49,"key":"Nunchaku"}],"event_choices":[{"damage_healed":0,"gold_gain":0,"player_choice":"Rummage","damage_taken":0,"relics_obtained":["WarpedTongs"],"max_hp_gain":0,"max_hp_loss":0,"event_name":"Accursed Blacksmith","floor":4,"gold_loss":0,"cards_obtained":["Pain"]},{"damage_healed":0,"gold_gain":0,"player_choice":"Bought 3 Potions","damage_taken":0,"max_hp_gain":0,"max_hp_loss":0,"event_name":"The Woman in Blue","floor":10,"gold_loss":0},{"damage_healed":0,"gold_gain":0,"player_choice":"Cursed","damage_taken":0,"max_hp_gain":0,"max_hp_loss":0,"event_name":"Wheel of Change","floor":13,"gold_loss":0,"cards_obtained":["Decay"]},{"damage_healed":0,"gold_gain":0,"player_choice":"Ignored","damage_taken":0,"max_hp_gain":0,"max_hp_loss":0,"event_name":"Ghosts","floor":21,"gold_loss":0},{"damage_healed":0,"gold_gain":0,"player_choice":"Smashed Altar","damage_taken":0,"max_hp_gain":0,"max_hp_loss":0,"event_name":"Forgotten Altar","floor":31,"gold_loss":0,"cards_obtained":["Decay"]},{"damage_healed":0,"gold_gain":0,"player_choice":"Fight","damage_taken":0,"max_hp_gain":0,"max_hp_loss":0,"event_name":"Mysterious Sphere","floor":36,"gold_loss":0},{"damage_healed":0,"gold_gain":0,"player_choice":"Fight","damage_taken":0,"max_hp_gain":0,"max_hp_loss":0,"event_name":"MindBloom","floor":39,"gold_loss":0},{"damage_healed":0,"gold_gain":0,"player_choice":"Max HP","damage_taken":0,"max_hp_gain":0,"max_hp_loss":4,"event_name":"Winding Halls","floor":47,"gold_loss":0}],"is_beta":false,"boss_relics":[{"not_picked":["Busted Crown","Snecko Eye"],"picked":"Coffee Dripper"},{"not_picked":["Black Star","Calling Bell"],"picked":"Cursed Key"}],"items_purged_floors":[5,5,12,19,19,27,28,38,38,41,45,48],"is_endless":false,"potions_floor_spawned":[2,7,20,23,25,29,35,42,46],"ascension_level":6}}