{"host":"nwd160me4iqdtr8u","time":1612075263,"event":{"mods":["AchievementEnabler","Act Like it!","BaseMod","Colored Map","DeckTracker","Keyboard Shortcuts","Minty Spire (QoL Compilation)","Quick Restart","Rare Cards Sparkle","StSLib","SuperFastMode","everything is the same but u backflip on backflip"],"gold_per_floor":[15,34,46,58,68,68,98,153,153,171,171,186,206,131,131,131,131],"floor_reached":16,"language":"KOR","playtime":501,"items_purged":[],"score":186,"play_id":"caffce74-96a4-46f6-b4d6-bb422a7dd094","local_time":"20210131154103","is_ascension_mode":true,"campfire_choices":[{"data":"Phantasmal Killer","floor":6,"key":"SMITH"},{"floor":15,"key":"REST"}],"circlet_count":0,"master_deck":["AscendersBane","Strike_G","Strike_G","Defend_G","Defend_G","Defend_G","Defend_G","Defend_G","Survivor","Neutralize","All Out Attack","Backstab","PiercingWail","Phantasmal Killer+1","Flying Knee","Crippling Poison","Poisoned Stab","Acrobatics"],"relics":["Ring of the Snake","Paper Crane","InkBottle"],"acts_visited":["Exordium"],"potions_floor_usage":[7,7,8],"damage_taken":[{"damage":12,"enemies":"Cultist","floor":1,"turns":7},{"damage":1,"enemies":"Small Slimes","floor":2,"turns":4},{"damage":0,"enemies":"2 Louse","floor":3,"turns":1},{"damage":3,"enemies":"Looter","floor":4,"turns":3},{"damage":6,"enemies":"Exordium Wildlife","floor":5,"turns":4},{"damage":10,"enemies":"Gremlin Nob","floor":7,"turns":4},{"damage":21,"enemies":"Lagavulin Event","floor":8,"turns":6},{"damage":2,"enemies":"Blue Slaver","floor":10,"turns":2},{"damage":0,"enemies":"Large Slime","floor":12,"turns":6},{"damage":0,"enemies":"3 Louse","floor":13,"turns":3},{"damage":24,"enemies":"The Guardian","floor":16,"turns":5}],"seed_played":"1058710818197130323","potions_obtained":[{"floor":1,"key":"FairyPotion"},{"floor":2,"key":"Poison Potion"},{"floor":4,"key":"SkillPotion"},{"floor":7,"key":"Fire Potion"},{"floor":13,"key":"Explosive Potion"}],"is_trial":false,"path_per_floor":["M","M","M","M","M","R","E","?","T","M","?","M","M","?","R","B"],"character_chosen":"THE_SILENT","items_purchased":[],"campfire_rested":1,"item_purchase_floors":[],"current_hp_per_floor":[47,46,46,43,37,37,27,6,6,4,4,4,4,4,23,0,0],"gold":131,"neow_bonus":"REMOVE_TWO","is_daily":false,"chose_seed":false,"campfire_upgraded":1,"win_rate":0.0,"timestamp":1612075263,"path_taken":["M","M","?","M","M","R","E","?","T","M","?","M","M","?","R","BOSS"],"items_purchased_type":[],"build_version":"2020-12-22","purchased_purges":0,"victory":false,"max_hp_per_floor":[66,66,66,66,66,66,66,66,66,66,66,66,66,66,66,66,66],"card_choices":[{"not_picked":["Acrobatics","Deadly Poison"],"picked":"All Out Attack","floor":1},{"not_picked":["Predator","Flying Knee"],"picked":"Backstab","floor":2},{"not_picked":["Catalyst","Quick Slash"],"picked":"PiercingWail","floor":3},{"not_picked":["PiercingWail","All Out Attack","Sucker Punch"],"picked":"SKIP","floor":4},{"not_picked":["Prepared","Expertise"],"picked":"Phantasmal Killer","floor":5},{"not_picked":["Doppelganger","Bane"],"picked":"Flying Knee","floor":7},{"not_picked":["Bane","Outmaneuver"],"picked":"Crippling Poison","floor":8},{"not_picked":["Deflect","Eviscerate"],"picked":"Poisoned Stab","floor":10},{"not_picked":["Flying Knee","Deflect","Cloak And Dagger"],"picked":"SKIP","floor":12},{"not_picked":["Storm of Steel","Dagger Spray"],"picked":"Acrobatics","floor":13}],"player_experience":335976,"relics_obtained":[{"floor":7,"key":"Paper Crane"},{"floor":8,"key":"InkBottle"}],"event_choices":[{"damage_healed":0,"gold_gain":0,"player_choice":"Searched \u00271\u0027 times","damage_taken":0,"max_hp_gain":0,"max_hp_loss":0,"event_name":"Dead Adventurer","floor":8,"gold_loss":0},{"damage_healed":0,"gold_gain":0,"player_choice":"Ignored","damage_taken":0,"max_hp_gain":0,"max_hp_loss":0,"event_name":"Shining Light","floor":11,"gold_loss":0},{"cards_removed":["Strike_G"],"damage_healed":0,"gold_gain":0,"player_choice":"Card Removal","damage_taken":0,"max_hp_gain":0,"max_hp_loss":0,"event_name":"The Cleric","floor":14,"gold_loss":75}],"is_beta":false,"boss_relics":[],"items_purged_floors":[],"is_endless":false,"potions_floor_spawned":[1,2,4,7,13],"killed_by":"The Guardian","ascension_level":15}}