{"host":"mdjg9uv47r2q55hg","time":1612090434,"event":{"mods":["BaseMod","Minty Spire (QoL Compilation)","Quick Restart","StSLib"],"gold_per_floor":[116,134,147,72,83,83,100,120,147,47,66,84,100,100,100,196,196,210,85,96,21,38,38,58,58,58,58,36,55,73,91,91,191,191,207,217,139,0,50,50,67,67,67,67,67,79,92,43,43,43],"floor_reached":51,"language":"ENG","playtime":2924,"items_purged":["Strike_P","Strike_P","Strike_P"],"score":672,"play_id":"e31a682a-7ec9-47be-9f67-6e419027f46e","local_time":"20210131035354","is_ascension_mode":false,"campfire_choices":[{"data":"PathToVictory","floor":6.0,"key":"SMITH"},{"data":"PathToVictory","floor":15,"key":"SMITH"},{"data":"PathToVictory","floor":23,"key":"SMITH"},{"data":"DevaForm","floor":25,"key":"SMITH"},{"floor":32,"key":"REST"},{"data":"Scrawl","floor":40,"key":"SMITH"},{"floor":42,"key":"REST"},{"data":"Perseverance","floor":44,"key":"SMITH"},{"floor":49,"key":"REST"}],"circlet_count":0,"master_deck":["Defend_P","Eruption","Vigilance","PathToVictory+1","PathToVictory+1","EmptyBody","PathToVictory+1","SandsOfTime","CutThroughFate","Perseverance+1","DevaForm+1","Scrawl+1","Evaluate","JustLucky","Evaluate","SandsOfTime","Sanctity+1","DeusExMachina","WaveOfTheHand","CrushJoints+1","Fasting2","Study+1","EmptyFist+1","PathToVictory+1","WindmillStrike+1"],"relics":["PureWater","Oddly Smooth Stone","Empty Cage","Nloth\u0027s Gift","Busted Crown","Red Mask","Ginger","Pear"],"acts_visited":["Exordium","TheCity","TheBeyond"],"potions_floor_usage":[29,33,33,33,36,47,50,50],"damage_taken":[{"damage":0.0,"enemies":"Cultist","floor":1.0,"turns":3.0},{"damage":0.0,"enemies":"Small Slimes","floor":2.0,"turns":4.0},{"damage":0.0,"enemies":"Jaw Worm","floor":3.0,"turns":3.0},{"damage":6.0,"enemies":"Blue Slaver","floor":5.0,"turns":3.0},{"damage":0.0,"enemies":"Exordium Thugs","floor":7.0,"turns":3.0},{"damage":18.0,"enemies":"Lots of Slimes","floor":8.0,"turns":4.0},{"damage":0.0,"enemies":"Red Slaver","floor":11.0,"turns":1.0},{"damage":0,"enemies":"2 Fungi Beasts","floor":12,"turns":3},{"damage":3,"enemies":"Looter","floor":13,"turns":3},{"damage":23,"enemies":"Slime Boss","floor":16,"turns":7},{"damage":1,"enemies":"3 Byrds","floor":18,"turns":5},{"damage":4,"enemies":"Chosen","floor":20,"turns":3},{"damage":0,"enemies":"Snecko","floor":22,"turns":4},{"damage":10,"enemies":"Chosen and Byrds","floor":24,"turns":4},{"damage":26,"enemies":"Sentry and Sphere","floor":29,"turns":7},{"damage":0,"enemies":"Snecko","floor":30,"turns":4},{"damage":1,"enemies":"Snake Plant","floor":31,"turns":3},{"damage":49,"enemies":"Automaton","floor":33,"turns":7},{"damage":16,"enemies":"3 Shapes","floor":35,"turns":5},{"damage":1,"enemies":"Orb Walker","floor":36,"turns":5},{"damage":0,"enemies":"Mind Bloom Boss Battle","floor":39,"turns":3},{"damage":31,"enemies":"4 Shapes","floor":41,"turns":4},{"damage":10,"enemies":"Jaw Worm Horde","floor":46,"turns":3},{"damage":10,"enemies":"Transient","floor":47,"turns":5},{"damage":42,"enemies":"Donu and Deca","floor":50,"turns":6}],"seed_played":"-1729760629319179091","potions_obtained":[{"floor":1.0,"key":"StancePotion"},{"floor":3.0,"key":"BlessingOfTheForge"},{"floor":8.0,"key":"Fire Potion"},{"floor":12,"key":"SteroidPotion"},{"floor":13,"key":"Regen Potion"},{"floor":16,"key":"Strength Potion"},{"floor":29,"key":"SteroidPotion"},{"floor":35,"key":"Weak Potion"},{"floor":39,"key":"SteroidPotion"},{"floor":46,"key":"BottledMiracle"}],"is_trial":false,"path_per_floor":["M","M","M","$","M","R","M","M","T","$","M","M","M","?","R","B",null,"M","$","M","?","M","R","M","R","T","?","$","M","M","M","R","B",null,"M","M","$","?","?","R","M","R","T","R","?","M","M","$","R","B",null],"character_chosen":"WATCHER","items_purchased":["Evaluate","Fasting2","Dexterity Potion"],"campfire_rested":3,"item_purchase_floors":[28,37,48],"current_hp_per_floor":[65,65,65,65,59,59,59,41,41,41,41,41,38,38,38,15,86,85,85,81,81,81,81,71,71,71,71,71,59,59,58,83,34,86,70,69,69,69,69,69,38,63,73,73,73,63,53,53,81,39],"gold":43,"neow_bonus":"TWENTY_PERCENT_HP_BONUS","is_daily":false,"chose_seed":false,"campfire_upgraded":6,"win_rate":0.0,"timestamp":1612090434,"path_taken":["M","?","M","$","M","R","M","?","T","$","M","M","M","?","R","BOSS","M","$","M","?","M","R","M","R","T","?","$","?","M","M","R","BOSS","M","?","?","?","?","R","M","R","T","R","?","M","M","$","R","BOSS"],"items_purchased_type":["Card","Card","Potion"],"build_version":"2020-12-22","purchased_purges":3,"victory":true,"max_hp_per_floor":[86,86,86,86,86,86,86,86,86,86,86,86,86,86,86,86,86,86,86,86,86,86,86,86,86,86,86,86,86,86,86,86,86,86,86,86,86,86,86,86,86,86,96,96,96,96,96,96,96,96],"card_choices":[{"not_picked":["Sanctity","ThirdEye"],"picked":"PathToVictory","floor":1.0},{"not_picked":["EmptyMind","SandsOfTime"],"picked":"PathToVictory","floor":2.0},{"not_picked":["JustLucky","Collect"],"picked":"EmptyBody","floor":3.0},{"not_picked":["Crescendo","Evaluate"],"picked":"PathToVictory","floor":5.0},{"not_picked":["Crescendo","SashWhip"],"picked":"SandsOfTime","floor":7.0},{"not_picked":["JustLucky","DeusExMachina","Nirvana"],"picked":"SKIP","floor":8.0},{"not_picked":["InnerPeace","BattleHymn"],"picked":"CutThroughFate","floor":11.0},{"not_picked":["WindmillStrike","WreathOfFlame"],"picked":"Perseverance","floor":12},{"not_picked":["SandsOfTime","Consecrate","EmptyMind"],"picked":"SKIP","floor":13},{"not_picked":["DeusExMachina","Judgement"],"picked":"DevaForm","floor":16},{"not_picked":["WreathOfFlame","FollowUp+1","CutThroughFate"],"picked":"SKIP","floor":18},{"not_picked":["EmptyBody","Pray"],"picked":"Scrawl","floor":20},{"not_picked":["ClearTheMind+1","EmptyFist"],"picked":"Evaluate","floor":22},{"not_picked":["SashWhip","EmptyFist"],"picked":"JustLucky","floor":24},{"not_picked":["SashWhip","ThirdEye"],"picked":"SandsOfTime","floor":29},{"not_picked":["LikeWater+1","FlurryOfBlows"],"picked":"Sanctity+1","floor":30},{"not_picked":["JustLucky","Vault","CutThroughFate"],"picked":"SKIP","floor":31},{"not_picked":["Ragnarok","Scrawl"],"picked":"DeusExMachina","floor":33},{"not_picked":[],"picked":"WaveOfTheHand","floor":35},{"not_picked":[],"picked":"CrushJoints+1","floor":36},{"not_picked":[],"picked":"Study+1","floor":39},{"not_picked":[],"picked":"EmptyFist+1","floor":41},{"not_picked":["SandsOfTime"],"picked":"SKIP","floor":46},{"not_picked":[],"picked":"WindmillStrike+1","floor":47}],"player_experience":223557,"relics_obtained":[{"floor":9.0,"key":"Oddly Smooth Stone"},{"floor":26,"key":"Prayer Wheel"},{"floor":39,"key":"Ginger"},{"floor":43,"key":"Pear"}],"event_choices":[{"cards_removed":["Defend_P"],"damage_healed":0,"gold_gain":0,"player_choice":"Forget","damage_taken":0,"max_hp_gain":0,"max_hp_loss":0,"event_name":"Living Wall","floor":14,"gold_loss":0},{"cards_removed":["Defend_P"],"damage_healed":0,"gold_gain":0,"player_choice":"Gave Gold","damage_taken":0,"max_hp_gain":0,"max_hp_loss":0,"event_name":"Beggar","floor":21,"gold_loss":75},{"damage_healed":0,"gold_gain":0,"player_choice":"Traded Relic","damage_taken":0,"relics_obtained":["Nloth\u0027s Gift"],"max_hp_gain":0,"max_hp_loss":0,"event_name":"N\u0027loth","floor":27,"relics_lost":["Prayer Wheel"],"gold_loss":0},{"damage_healed":0,"gold_gain":0,"player_choice":"Paid","damage_taken":0,"relics_obtained":["Red Mask"],"max_hp_gain":0,"max_hp_loss":0,"event_name":"Tomb of Lord Red Mask","floor":38,"gold_loss":139},{"damage_healed":0,"gold_gain":0,"player_choice":"Fight","damage_taken":0,"max_hp_gain":0,"max_hp_loss":0,"event_name":"MindBloom","floor":39,"gold_loss":0},{"damage_healed":0,"gold_gain":0,"player_choice":"Copied","damage_taken":0,"max_hp_gain":0,"max_hp_loss":0,"event_name":"Duplicator","floor":45,"gold_loss":0,"cards_obtained":["PathToVictory"]}],"is_beta":false,"boss_relics":[{"not_picked":["Snecko Eye","Coffee Dripper"],"picked":"Empty Cage"},{"not_picked":["Velvet Choker","Philosopher\u0027s Stone"],"picked":"Busted Crown"}],"items_purged_floors":[4,10,19],"is_endless":false,"potions_floor_spawned":[1,3,8,12,13,16,20,29,30,35,39,46],"ascension_level":0}}