{"host":"w0r0bzsul0vy4upc","time":1612072393,"event":{"mods":["AchievementEnabler","AlwaysNeverKeys","Arknights","Aspiration","BaseMod","Better Altar","Better Sensory Stone","Better Third Choice","BetterRewards","Card Forge","Colored Map","Colored Powertips","Conspire","Downfall","Evolution","Fiend Mod","Gold Saver","Hubris","Infinite Spire","Lobotomy","Minty Spire (QoL Compilation)","Permanent Neow","Quick Restart","Rare Cards Sparkle","Relic Stats","Reliquary","Replay The Spire","Reworked Bosses","Shop Mod","Spicy Shops","Spikes Relics","Spire Arcade","StSLib","The Blackbeard","The Blue Laboratory","The Mystic","The Necromancer","The Poker Player","Wandering Minibosses","Yuri Mod"],"gold_per_floor":[710,726,278,242,242,274,294,294,294,310,328,340,367,380,380,480,480,493,528,545,545,460,489,489,505,505,505,524,535,551,604,604,705,705,725,725,725],"floor_reached":36,"language":"FRA","playtime":5585,"items_purged":[],"score":473,"play_id":"78d4b2f8-f709-43a8-a736-6410d5ccc4c5","local_time":"20210131005313","is_ascension_mode":false,"campfire_choices":[{"floor":8,"key":"REST"},{"floor":15,"key":"REST"},{"floor":24,"key":"REST"},{"floor":27,"key":"REST"},{"floor":32,"key":"REST"}],"circlet_count":0,"master_deck":["yuri:yuriStrike","yuri:yuriStrike","yuri:yuriStrike","yuri:yuriStrike","yuri:yuriDefend","yuri:yuriDefend","yuri:yuriDefend","yuri:yuriDefend","yuri:yuriDefend","yuri:Oolong","yuri:yuriStab","yuri:Stalk","yuri:MPose","Pain","yuri:MirrorInsanity","yuri:MagneticKnives","yuri:CorruptHitbox","yuri:Skip","yuri:Parry","yuri:ReactiveMadness","yuri:TeaSet","yuri:NerfBat","yuri:CalmingAura","yuri:ExploitStrike","yuri:TPose","yuri:GreenTea","yuri:yuriQuickStrike","yuri:UntestedCode+1","yuri:BookRed","yuri:SturdyUniform","yuri:BookBlue","yuri:ReloadGame","yuri:DragonForm","yuri:GreenTea"],"relics":["yuri:yuriKnife","Hammer of Thor","Seething Fire","Anvil of the Gods","EVO:Axolotl","Bird Faced Urn","Lee\u0027s Waffle","TheAbacus","SpikesRelics:DaevaFist","hubris:PeanutButter","betterThird:SlimedRelic","reliquary:TuningFork","BicycleWheel","infinitespire:BottledMercury","Philosopher\u0027s Stone","Red Mask","reliquary:Boomerang","hubris:Spice","reliquary:Aerogel","reliquary:WeakTea","Black Star"],"acts_visited":["Exordium","TheCity","TheBeyond"],"potions_floor_usage":[10,12,13,13,23],"damage_taken":[{"damage":0,"enemies":"Cultist","floor":1,"turns":3},{"damage":1,"enemies":"Small Slimes","floor":2,"turns":2},{"damage":26,"enemies":"Gremlin Nob","floor":6,"turns":4},{"damage":3,"enemies":"Jaw Worm","floor":7,"turns":5},{"damage":11,"enemies":"Gremlin Gang","floor":10,"turns":7},{"damage":9,"enemies":"2 Fungi Beasts","floor":11,"turns":3},{"damage":44,"enemies":"Large Slime","floor":12,"turns":7},{"damage":20,"enemies":"Lagavulin","floor":13,"turns":7},{"damage":0,"enemies":"Exordium Thugs","floor":14,"turns":3},{"damage":49,"enemies":"Slime Boss","floor":16,"turns":12},{"damage":16,"enemies":"Spheric Guardian","floor":18,"turns":5},{"damage":34,"enemies":"Masked Bandits","floor":19,"turns":7},{"damage":20,"enemies":"3 Byrds","floor":20,"turns":6},{"damage":27,"enemies":"conspire:Head Lice","floor":23,"turns":9},{"damage":54,"enemies":"Centurion and Healer","floor":25,"turns":6},{"damage":4,"enemies":"Snecko","floor":28,"turns":6},{"damage":11,"enemies":"Shelled Parasite and Fungi","floor":29,"turns":4},{"damage":21,"enemies":"Sentry and Sphere","floor":30,"turns":6},{"damage":49,"enemies":"hubris:MusketHawk","floor":33,"turns":8},{"damage":15,"enemies":"3 Darklings","floor":35,"turns":7},{"damage":126,"enemies":"2 Orb Walkers","floor":36,"turns":4}],"seed_played":"1187132975660687459","potions_obtained":[{"floor":2,"key":"blueLaboratory:LouseDecoction"},{"floor":6,"key":"Fruit Juice"},{"floor":10,"key":"FearPotion"},{"floor":12,"key":"LiquidBronze"},{"floor":25,"key":"Strength Potion"},{"floor":28,"key":"blueLaboratory:NullPotion"},{"floor":29,"key":"blueLaboratory:BottledHope"}],"is_trial":false,"path_per_floor":["M","M","$","?","?","E","M","R","T","M","M","M","E","M","R_BF","B",null,"M","?","M","AVR","?","E","R","M","T","R","M","M","M","T","R","B",null,"M","?"],"character_chosen":"YURI","items_purchased":["Bird Faced Urn","Lee\u0027s Waffle","TheAbacus","SpikesRelics:DaevaFist","SpeedPotion","yuri:MirrorInsanity","hubris:PeanutButter"],"campfire_rested":5,"item_purchase_floors":[3,3,3,3,3,3,3],"current_hp_per_floor":[88,87,95,84,84,62,63,91,91,89,86,48,34,40,70,25,100,84,54,44,44,44,37,69,27,27,59,61,54,52,52,84,56,108,105,0,0],"gold":725,"neow_bonus":"TEN_PERCENT_HP_BONUS","is_daily":false,"chose_seed":false,"campfire_upgraded":0,"win_rate":0.0,"timestamp":1612072393,"path_taken":["M","?","$","?","?","E","M","R","T","M","?","M","E","M","R_BF","BOSS","M","?","M","AVR","?","E","R","?","T","R","M","M","M","?","R","BOSS","M","?"],"items_purchased_type":["Relic","Relic","Relic","Relic","Potion","Card","Relic"],"build_version":"2020-12-22","purchased_purges":0,"victory":false,"max_hp_per_floor":[88,88,95,95,95,95,95,95,95,100,100,100,100,100,100,100,100,100,100,100,100,100,108,108,108,108,108,108,108,108,108,108,108,108,108,108,108],"relic_stats":{"Lee\u0027s Waffle":8,"TheAbacus":[126],"counters":[21,121],"Bird Faced Urn":[38],"Black Star":0,"obtain_stats":[{"infinitespire:BottledMercury":13,"Lee\u0027s Waffle":3,"reliquary:Boomerang":22,"reliquary:Aerogel":26,"yuri:yuriKnife":0,"Hammer of Thor":0,"EVO:Axolotl":0,"Seething Fire":0,"reliquary:WeakTea":31,"TheAbacus":3,"Anvil of the Gods":0,"hubris:Spice":23,"Bird Faced Urn":3,"betterThird:SlimedRelic":4,"hubris:PeanutButter":3,"Philosopher\u0027s Stone":17,"SpikesRelics:DaevaFist":3,"reliquary:TuningFork":6,"Red Mask":19,"Black Star":34,"BicycleWheel":9},{"infinitespire:BottledMercury":8,"Lee\u0027s Waffle":2,"reliquary:Boomerang":13,"reliquary:Aerogel":15,"yuri:yuriKnife":0,"Hammer of Thor":0,"EVO:Axolotl":0,"Seething Fire":0,"reliquary:WeakTea":18,"TheAbacus":2,"Anvil of the Gods":0,"hubris:Spice":14,"Bird Faced Urn":2,"betterThird:SlimedRelic":2,"hubris:PeanutButter":2,"Philosopher\u0027s Stone":10,"SpikesRelics:DaevaFist":2,"reliquary:TuningFork":3,"Red Mask":12,"Black Star":19,"BicycleWheel":4},{"infinitespire:BottledMercury":38,"Lee\u0027s Waffle":5,"reliquary:Boomerang":71,"reliquary:Aerogel":86,"yuri:yuriKnife":0,"Hammer of Thor":0,"EVO:Axolotl":0,"Seething Fire":0,"reliquary:WeakTea":102,"TheAbacus":5,"Anvil of the Gods":0,"hubris:Spice":80,"Bird Faced Urn":5,"betterThird:SlimedRelic":5,"hubris:PeanutButter":5,"Philosopher\u0027s Stone":53,"SpikesRelics:DaevaFist":5,"reliquary:TuningFork":9,"Red Mask":65,"Black Star":110,"BicycleWheel":14}]},"card_choices":[{"not_picked":["yuri:HoldBack","yuri:ThrowingKnives"],"picked":"yuri:Stalk","floor":1},{"not_picked":["yuri:WickedSlash","yuri:ThrowingKnives"],"picked":"yuri:MPose","floor":2},{"not_picked":["yuri:InduceGlitch","yuri:ThrowingKnives"],"picked":"yuri:CorruptHitbox","floor":6},{"not_picked":["yuri:Stare","yuri:HeavierStrike"],"picked":"yuri:Skip","floor":7},{"not_picked":["yuri:Skip","yuri:RecklessStrike"],"picked":"yuri:Parry","floor":10},{"not_picked":["yuri:Stalk","yuri:GlitchRemove"],"picked":"yuri:ReactiveMadness","floor":11},{"not_picked":["yuri:AdaptiveAI","yuri:HeavierStrike"],"picked":"yuri:TeaSet","floor":12},{"not_picked":["yuri:ThrowBook","yuri:RecklessStrike"],"picked":"yuri:NerfBat","floor":13},{"not_picked":["yuri:ArmBrace","yuri:GlitchedStrike"],"picked":"yuri:CalmingAura","floor":14},{"not_picked":["yuri:JumpScare","yuri:ConsumeGlitch"],"picked":"yuri:ExploitStrike","floor":16},{"not_picked":["yuri:GlitchedStrike","yuri:CorruptHitbox"],"picked":"yuri:TPose","floor":18},{"not_picked":["yuri:MPose","yuri:StealPen+1"],"picked":"yuri:GreenTea","floor":19},{"not_picked":["yuri:WickedSlash","yuri:ThornRemove"],"picked":"yuri:yuriQuickStrike","floor":20},{"not_picked":["yuri:Spin","yuri:TPose"],"picked":"yuri:UntestedCode+1","floor":23},{"not_picked":["yuri:MirrorInsanity","yuri:yuriHeavyStrike"],"picked":"yuri:BookRed","floor":25},{"not_picked":["yuri:Stalk","yuri:WickedSlash"],"picked":"yuri:SturdyUniform","floor":28},{"not_picked":["yuri:Parry","yuri:JumpScare"],"picked":"yuri:BookBlue","floor":29},{"not_picked":["yuri:DebugCard","yuri:Skip"],"picked":"yuri:ReloadGame","floor":30},{"not_picked":["yuri:DisableStrike","yuri:ExploitStrike"],"picked":"yuri:DragonForm","floor":33},{"not_picked":["yuri:DebugCard+1","yuri:yuriQuickStrike+1"],"picked":"yuri:GreenTea","floor":35}],"player_experience":163746,"relics_obtained":[{"floor":6,"key":"reliquary:TuningFork"},{"floor":9,"key":"BicycleWheel"},{"floor":13,"key":"infinitespire:BottledMercury"},{"floor":19,"key":"Red Mask"},{"floor":23,"key":"hubris:Spice"},{"floor":26,"key":"reliquary:Aerogel"},{"floor":31,"key":"reliquary:WeakTea"}],"event_choices":[{"damage_healed":0,"gold_gain":0,"player_choice":"Slimed","damage_taken":11,"max_hp_gain":0,"max_hp_loss":0,"event_name":"betterThird:BetterGoop","floor":4,"gold_loss":36},{"damage_healed":0,"gold_gain":0,"cards_transformed":["yuri:yuriStrike"],"player_choice":"Transformed","damage_taken":0,"max_hp_gain":0,"max_hp_loss":0,"event_name":"Transmorgrifier","floor":5,"gold_loss":0,"cards_obtained":["yuri:MagneticKnives"]},{"damage_healed":0,"gold_gain":0,"player_choice":"Fought Bandits","damage_taken":0,"max_hp_gain":0,"max_hp_loss":0,"event_name":"Masked Bandits","floor":19,"gold_loss":0},{"damage_healed":0,"gold_gain":0,"player_choice":"Obtained Relic","damage_taken":0,"relics_obtained":["reliquary:Boomerang"],"max_hp_gain":0,"max_hp_loss":0,"event_name":"Addict","floor":22,"gold_loss":85},{"damage_healed":0,"gold_gain":0,"player_choice":"Fight","damage_taken":0,"max_hp_gain":0,"max_hp_loss":0,"event_name":"Mysterious Sphere","floor":36,"gold_loss":0}],"is_beta":false,"boss_relics":[{"not_picked":["ReplayTheSpireMod:DimensionalGlitch","yuri:PortraitOfMarkov"],"picked":"Philosopher\u0027s Stone"},{"not_picked":["hubris:ScarierMask","reliquary:Ember"],"picked":"Black Star"}],"items_purged_floors":[],"is_endless":false,"potions_floor_spawned":[2,6,10,12,25,28,29],"killed_by":"2 Orb Walkers","ascension_level":0}}