{"host":"pigfart","time":1612077858,"event":{"mods":["BaseMod","Colored Map","Minty Spire (QoL Compilation)","Relic Stats","StSLib"],"gold_per_floor":[109,121,396,22,40,40,40],"floor_reached":6,"language":"ENG","playtime":206,"items_purged":["Regret"],"score":72,"play_id":"cef6b197-35d6-4478-825c-bbd6ed871411","local_time":"20210131012418","is_ascension_mode":true,"campfire_choices":[],"circlet_count":0,"master_deck":["AscendersBane","Strike_G","Strike_G","Strike_G","Strike_G","Strike_G","Defend_G","Defend_G","Defend_G","Defend_G","Defend_G","Survivor","Neutralize","Masterful Stab","Dagger Spray","Cloak And Dagger","Backstab"],"relics":["Black Star","Letter Opener"],"acts_visited":["Exordium"],"potions_floor_usage":[],"damage_taken":[{"damage":7,"enemies":"Small Slimes","floor":1,"turns":6},{"damage":0,"enemies":"Cultist","floor":2,"turns":4},{"damage":2,"enemies":"Jaw Worm","floor":5,"turns":5},{"damage":60,"enemies":"Lagavulin","floor":6,"turns":10}],"seed_played":"-4697979292408293458","potions_obtained":[],"is_trial":false,"path_per_floor":["M","M","?","$","M","E"],"character_chosen":"THE_SILENT","items_purchased":["Letter Opener","Cloak And Dagger"],"campfire_rested":0,"item_purchase_floors":[4,4],"current_hp_per_floor":[52,52,52,52,50,0,0],"gold":40,"neow_bonus":"BOSS_RELIC","is_daily":false,"chose_seed":false,"campfire_upgraded":0,"win_rate":0.0,"timestamp":1612077858,"path_taken":["M","M","?","$","?","E"],"items_purchased_type":["Relic","Card"],"build_version":"2020-12-18","purchased_purges":1,"victory":false,"max_hp_per_floor":[66,66,66,66,66,66,66],"relic_stats":{"counters":[4,25],"Black Star":0,"Letter Opener":[20],"obtain_stats":[{"Black Star":0,"Letter Opener":4,"Ring of the Snake":0},{"Black Star":0,"Letter Opener":2,"Ring of the Snake":0},{"Black Star":0,"Letter Opener":10,"Ring of the Snake":0}]},"card_choices":[{"not_picked":["PiercingWail","Flying Knee"],"picked":"Masterful Stab","floor":1},{"not_picked":["Acrobatics","Well Laid Plans"],"picked":"Dagger Spray","floor":2},{"not_picked":["Riddle With Holes","Finisher"],"picked":"Backstab","floor":5}],"player_experience":2359889,"relics_obtained":[],"event_choices":[{"damage_healed":0,"gold_gain":275,"player_choice":"Desecrate","damage_taken":0,"max_hp_gain":0,"max_hp_loss":0,"event_name":"Golden Shrine","floor":3,"gold_loss":0,"cards_obtained":["Regret"]}],"is_beta":true,"boss_relics":[],"items_purged_floors":[4],"is_endless":false,"potions_floor_spawned":[],"killed_by":"Lagavulin","ascension_level":20}}